2029 3052
247 180 308 211 208

282 246 325 274 Tu
347 244 429 274 enim
451 244 564 273 moestis
584 232 798 274 exultationem
820 242 952 271 infundis
971 251 980 270 z
1001 243 1031 270 et

245 291 440 321 moerentibus
453 291 584 320 laetitiam
597 292 627 320 et
639 290 805 319 dulcorem.

282 338 409 368 Laetifica
421 347 478 367 nos
488 338 633 367 dulcifluo
647 345 723 366 sono
731 337 792 366 oris
805 336 848 366 tui
859 338 902 365 :et
911 335 1030 374 liquore

245 387 299 415 tuo
313 393 401 415 roseo
415 385 562 422 perfunde
576 384 670 417 corda
683 385 794 412 nostra.

282 434 403 468 Tonate,
415 432 481 461 eoeli
490 431 541 468 (a),
554 431 693 468 desuper,
705 433 733 460 et
747 431 817 459 date
827 429 870 459 illi
884 430 1007 459 laudem
1020 439 1027 458 :

245 480 383 517 glorifica
396 480 490 515 illam,
506 482 584 508 terra
603 487 673 508 cum
694 480 836 509 omnibus
855 479 1031 509 habitatori-

245 527 304 557 bus
317 527 384 557 tuis.
399 527 500 557 Gloria
512 526 600 563 Patri,
615 528 670 556 ete.

541 610 668 638 Psmus
688 610 733 638 60.

281 669 406 705 Exaudi,
416 669 552 704 Domina,
561 669 728 698 orationem
740 677 839 698 meam
853 677 860 697 ;
872 676 963 705 super
975 667 1028 696 fir-

245 724 329 746 mam
342 718 459 754 petram
473 716 606 746 stabilias
620 719 747 745 mentem
763 723 873 745 meam.

282 767 350 795 Esto
363 764 438 793 mihi
451 764 539 793 turris
553 764 733 794 fortitudinis
751 773 757 792 2
773 771 822 792 me
836 763 946 792 tuearis
958 770 976 792 a
990 762 1032 792 fa-

247 812 291 842 cie
303 811 432 841 crudelis
444 812 610 841 vastatoris.

283 861 316 888 Ut
331 861 496 888 castrorum
511 858 600 894 acies,
617 859 657 887 sis
670 858 711 886 ilti
724 857 864 887 terribilis
880 867 887 886 :
906 860 935 886 et
946 858 1032 886 vivus

248 909 367 936 corruat
380 906 412 934 in
425 905 611 942 profundum
627 905 744 934 interni.

283 956 324 982 Tu
338 953 456 982 enimes
470 953 594 981 rutilans
605 955 632 981 et
646 953 755 982 decora
767 962 773 980 :
790 952 886 981 nubes
896 952 1030 987 rorifera,

248 1003 277 1030 et
291 1008 474 1036 consurgens
487 1008 607 1028 aurora.

282 1048 409 1077 Pulchra
423 1056 454 1076 es
468 1050 495 1076 et
507 1047 598 1082 clara,
611 1049 643 1075 ut
658 1047 729 1075 luna
750 1047 922 1083 plenissima
938 1056 945 1075 :
966 1050 1031 1075 tan-

249 1103 341 1132 quam
355 1095 401 1123 sol
415 1094 555 1131 refulget,
571 1103 654 1123 sacer
669 1096 805 1131 aspectus
821 1097 896 1122 tuus.

285 1142 384 1171 Gloria
394 1142 479 1176 Patri,
495 1144 548 1170 etc.

545 1224 670 1251 PSAmus
689 1224 734 1250 61.

286 1287 400 1320 Nonne,
410 1285 543 1320 Domina,
558 1284 609 1312 tibi
625 1284 759 1320 subjecta
770 1284 934 1312 eritanima
945 1293 952 1312 ;
965 1292 1032 1321 quie

249 1333 433 1362 salvatorem
448 1332 583 1360 omnium
594 1331 742 1367 genuisti?

286 1381 429 1408 Memento
440 1379 542 1413 nostri,
554 1378 739 1414 perditorum
750 1378 894 1406 Salvatrix
906 1388 912 1406 2
924 1378 1034 1407 exaudi

249 1428 385 1464 planctus
400 1425 499 1454 cordis
511 1425 613 1453 nostri.

287 1473 411 1502 infunde
423 1473 548 1509 gratiam
563 1471 601 1500 de
617 1472 759 1500 thesauris
771 1472 845 1500 tuis:
860 1475 887 1500 et
899 1480 1034 1508 unguen·

251 1521 286 1549 tis
301 1520 357 1549 tuis
372 1520 460 1557 placa
475 1519 612 1548 dolorem
627 1522 772 1547 nostrum.

288 1569 328 1596 Da
342 1567 430 1596 nobis
445 1566 591 1602 gaudium
608 1569 635 1595 et
649 1567 778 1595 laetitiam
800 1577 805 1594 :
824 1569 855 1595 ut
870 1567 1035 1595 confundas

250 1615 402 1644 bonorum
416 1614 562 1642 inimicos.

287 1661 381 1690 Ablue
407 1661 509 1689 omnia
535 1663 656 1696 peccata
680 1663 780 1689 nostru
803 1670 809 1688 :
833 1670 906 1689 sana
931 1670 1036 1690 omnes

251 1709 435 1737 infirmitates
445 1711 569 1736 nostras.
586 1708 685 1736 Gloria
699 1708 784 1743 Patri,
799 1710 854 1736 etc.

548 1792 673 1819 Psumus
692 1791 737 1818 69..

288 1854 376 1887 Deus,
401 1854 476 1880 Deus
503 1860 587 1880 meus
613 1862 620 1880 :

251 1899 338 1928 cabo.

288 1947 473 1983 Virginaliter
487 1948 567 1975 enim
583 1950 608 1975 te
624 1947 759 1982 concepit
782 1956 788 1974 :
815 1949 841 1975 et
861 1946 923 1974 sine
939 1954 1035 1982 angu-

252 1994 307 2022 stia
321 1997 345 2022 te
361 1995 525 2030 parturivit.

288 2041 444 2068 Benedicta
459 2041 508 2075 sis,
524 2049 541 2069 0
558 2041 682 2069 Domina
698 2044 797 2069 nostra
813 2044 858 2069 :et
873 2049 927 2077 pro
948 2041 1035 2069 nobis

252 2089 353 2116 assiste
370 2091 435 2116 ante
452 2088 590 2116 thronum
607 2089 665 2116 Dei.

288 2136 404 2171 Species
420 2138 447 2163 et
462 2135 578 2163 claritas
592 2135 639 2163 :in
655 2139 813 2172 conspectu
831 2139 890 2164 tuo.

288 2183 406 2210 Custodi
418 2183 550 2210 animam
560 2191 669 2217 meam,
682 2183 820 2211 Domina:
837 2186 867 2211 ut
878 2191 1035 2219 nunquam

253 2232 371 2257 corruat
386 2230 416 2257 iu
432 2233 562 2266 peccatu.
579 2230 678 2257 Gloria
693 2230 778 2264 Patri,
796 2233 849 2258 etc.

646 1860 699 1888 per
726 1854 846 1881 Matrem
871 1855 897 1880 te
922 1852 1035 1888 glorifi-

550 2314 674 2340 l’siuiurs
693 2314 738 2340 63.

293 2373 422 2407 Exaudi,
453 2373 592 2407 Domina,
623 2374 788 2401 orationem
819 2381 938 2407 meam,
968 2382 1036 2401 cum

255 2423 400 2458 deprecor
426 2430 431 2447 :
458 2428 475 2448 a
499 2427 611 2456 pavore
635 2420 763 2448 crudelis
787 2420 880 2448 libera
905 2420 1036 2449 animam

254 2477 362 2498 meatu.

292 2518 418 2551 impetra
433 2514 520 2543 nobis
534 2522 638 2550 pacem
654 2517 681 2542 et
696 2514 822 2543 sulutem
841 2524 847 2543 :
865 2515 895 2543 in
918 2515 965 2543 die
981 2523 1036 2544 no-

254 2570 386 2591 vissimo.

289 2659 321 2688 (α)
340 2658 401 2682 cat.
417 2657 479 2681 mm.
496 2657 538 2682 itti.

585 175 841 209 PSALTERlUM
863 173 990 207 MAJUS
1012 173 1157 207 BEATAE
1179 175 1320 208 MARtAE
1341 174 1529 209 vtRGtNtS.

1119 242 1277 272 Benedicta
1297 243 1338 272 sis
1354 251 1446 281 super
1459 243 1601 273 mulieres
1613 253 1624 272 .·
1644 246 1674 274 et
1691 244 1868 275 benedictus

1082 289 1120 318 sit
1132 289 1246 319 fructus
1259 290 1371 319 ventris
1382 290 1436 319 tui.

1119 336 1268 373 illumina,
1283 337 1425 374 Domina,
1449 337 1554 367 oculos
1574 345 1683 368 meos:
1706 338 1736 368 et
1754 338 1868 368 illustra

1083 383 1244 413 caecitatem
1260 392 1370 413 meam.

1120 432 1161 460 Da
1178 431 1252 460 mihi
1266 432 1298 460 iu
1311 434 1339 460 te
1353 431 1567 461 confidentiam
1587 432 1702 462 bonam
1726 441 1734 460 t
1756 432 1788 461 in
1808 432 1870 461 vita

1084 480 1113 508 et
1125 478 1157 507 in
1171 478 1231 508 fine
1245 487 1325 508 meo.
1342 479 1442 509 Gloria
1455 479 1544 516 Patri,
1557 482 1613 509 etc.

1383 562 1510 591 Psms
1527 562 1572 590 64.

1119 622 1157 650 Te
1171 620 1258 650 decet
1278 621 1421 659 hymnus,
1441 622 1568 651 Domina
1589 624 1703 658 nostra,
1723 622 1755 651 in
1774 622 1868 652 Sion:

1083 668 1150 697 laus
1164 670 1193 697 et
1203 668 1342 705 jubilatio
1358 669 1387 698 in
1403 669 1594 699 Hierusalem.

1120 716 1358 745 Benedictionem
1381 716 1518 745 omnium
1551 717 1686 754 gentium
1711 716 1795 745 dedit
1815 715 1871 745 tibi

1085 762 1243 792 Dominus:
1258 763 1381 792 laudem
1400 766 1429 793 et
1450 763 1580 800 gloriam
1595 766 1663 793 ante
1678 765 1871 801 conspectum

1084 809 1278 847 populorum.

1122 857 1274 886 Benedixit
1288 860 1315 886 te
1341 858 1482 887 Dominus
1506 858 1538 886 in
1559 858 1766 887 misericordia
1790 865 1868 886 sua:

1085 908 1114 934 et
1129 906 1269 935 thronum
1280 907 1369 934 tuum
1380 906 1529 935 constituit
1542 913 1634 943 super
1647 905 1768 934 ordines
1782 913 1870 942 ange-

1084 953 1193 982 lorum.

1120 1000 1249 1029 Gratiam
1264 1002 1291 1028 et
1310 1000 1451 1028 decorem
1470 999 1571 1036 posuit
1585 999 1616 1028 in
1638 999 1728 1028 labiis
1746 999 1803 1028 tuis
1819 1007 1827 1027 ε
1843 1001 1872 1028 et

1084 1047 1178 1084 pallio
1193 1047 1296 1082 gloriae
1310 1047 1406 1075 induit
1420 1055 1529 1084 corpus
1545 1049 1639 1076 tuum.

1120 1096 1268 1123 Coronam
1283 1094 1448 1122 radiantem
1473 1094 1572 1130 posuit
1594 1095 1624 1122 in
1640 1094 1736 1131 capite
1753 1096 1804 1122 tuo
1819 1102 1826 1121 ε
1843 1095 1872 1122 et

1087 1141 1227 1170 virtutum
1238 1141 1402 1170 monilibus
1417 1144 1443 1170 te
1460 1141 1597 1170 decenter
1611 1141 1737 1170 ornavit.

1122 1188 1221 1217 Gloria
1235 1189 1319 1224 Patri,
1332 1190 1386 1217 etc.

1386 1273 1511 1300 Pssrnus
1531 1272 1574 1298 65.

1122 1332 1250 1360 iubilate
1267 1332 1397 1360 Dominae
1419 1335 1536 1367 nostrae,
1555 1331 1654 1360 omnis
1669 1333 1747 1359 terra
1763 1339 1769 1358 :
1794 1329 1874 1367 psal-

1087 1378 1137 1407 lite
1150 1378 1297 1415 hymnum
1310 1379 1424 1407 nomini
1440 1380 1515 1415 ejuS‚
1531 1379 1598 1407 date
1614 1377 1874 1407 honorificentiam

1089 1426 1234 1461 m³Jestati
1250 1426 1323 1461 ejus.

1126 1472 1316 1500 Benedictum
1331 1473 1368 1501 sit
1382 1481 1433 1501 cor
1448 1475 1543 1508 tuum,
1562 1473 1686 1501 Domina
1702 1481 1708 1500 ε
1729 1479 1797 1499 cum
1814 1478 1875 1507 quo

1089 1520 1227 1548 ardenter
1242 1522 1269 1548 et
1284 1520 1435 1548 sinceriter
1451 1520 1556 1548 Filium
1573 1519 1621 1547 Dei
1637 1518 1775 1547 dilexisti.

1128 1567 1247 1603 Respice
1263 1570 1467 1604 paupertatem
1484 1575 1594 1601 meam,
1615 1566 1748 1603 gloriosa
1763 1565 1850 1601 Virgo
1867 1574 1874 1593 :

1091 1614 1241 1642 miseriam
1256 1617 1283 1642 et
1297 1615 1465 1650 angustiam
1486 1622 1585 1642 meam
1605 1622 1641 1642 ne
1658 1613 1755 1642 tardes
1777 1620 1876 1641 remo-

1090 1669 1170 1690 vere.

1127 1708 1215 1737 Auser
1231 1709 1452 1737 tribulationem
1468 1717 1566 1737 meam
1579 1718 1585 1736 :
1600 1707 1738 1736 dulcifica
1753 1706 1877 1742 languo-

1091 1764 1154 1784 rem
1170 1764 1280 1784 meum.

1128 1803 1284 1831 Benedicat
1302 1805 1329 1831 te
1347 1803 1445 1831 omnis
1461 1811 1530 1832 caro
1548 1812 1553 1830 :
1576 1802 1721 1839 glorificet
1737 1803 1764 1829 te
1779 1801 1877 1829 omnis

1092 1850 1204 1887 lingua.
1224 1850 1321 1879 Gloria
1337 1850 1423 1886 Patri,
1439 1853 1494 1878 etc.

1390 1933 1516 1960 Psimrs
1535 1934 1580 1959 ῦϋ.

1129 1994 1204 2021 Deus
1219 1993 1392 2020 misereatur
1408 1993 1510 2027 nostri,
1533 1994 1561 2021 et.
1585 1991 1743 2020 benedicat
1765 1992 1853 2021 nobis
1871 2001 1877 2020 :

1092 2048 1145 2076 per
1162 2040 1242 2068 illan]
1259 2048 1325 2076 quae
1339 2048 1407 2067 eum
1425 2040 1534 2075 genuit.

1129 2087 1262 2115 Miserere
1282 2087 1385 2121 nostri,
1410 2087 1545 2120 Domina,
1568 2089 1595 2114 et
1619 2093 1671 2114 ora
1688 2093 1743 2122 pro
1766 2085 1877 2114 nobis:

1093 2134 1122 2161 iu
1151 2133 1281 2162 laetitiam
1316 2134 1427 2161 bonam
1459 2136 1596 2161 converte
1627 2133 1794 2161 moestitiam
1825 2141 1879 2161 no-

1092 2183 1192 2209 stram.

1128 2228 1264 2257 illumina
1281 2236 1338 2262 me,
1349 2227 1439 2256 Stella
1453 2228 1544 2255 maris
1556 2237 1561 2255 :
1575 2227 1705 2256 clarifica
1716 2235 1774 2263 me,
1791 2228 1878 2263 Virgo

1093 2276 1265 2304 clarissima.

1130 2323 1270 2358 Extingue
1286 2323 1425 2351 ardorem
1451 2323 1549 2351 cordis
1564 2324 1622 2352 mei
1644 2334 1650 2351 :
1674 2323 1814 2359 refrigera
1829 2330 1876 2350 me

1093 2371 1187 2406 gratia
1202 2372 1262 2398 tua.

1129 2419 1263 2453 Protegat
1280 2426 1325 2445 me
1342 2426 1460 2454 semper
1474 2418 1567 2453 gratia
1578 2420 1628 2445 tua
1641 2426 1647 2444 ε
1660 2416 1815 2453 praesentia
1827 2418 1877 2444 tua

1093 2464 1217 2493 illustret
1232 2465 1322 2492 tinem
1339 2473 1449 2492 meum.
1466 2464 1565 2493 Gloria
1579 2464 1666 2499 Patri,
1683 2466 1736 2492 etc.

1390 2547 1516 2574 Psnucs
1535 2547 1580 2573 67.

1131 2608 1259 2643 Exurgat
1280 2608 1378 2642 Maria,
1401 2609 1429 2635 et
1453 2607 1631 2643 dissipentur
1653 2606 1766 2635 inimici
1788 2607 1874 2642 ejus:

1094 2656 1283 2683 conterantur
1298 2662 1401 2683 omnes
1416 2654 1471 2682 sub
1487 2654 1614 2690 pedibus
1629 2655 1703 2690 ejus.
