2029 3052
591 237 875 270 RESPONSIONIS
897 238 1070 277 QUARTAE
1092 238 1222 272 CAPUT
1246 239 1298 271 111.

138 306 381 348 praesentatione
395 306 493 347 Regis
514 315 633 346 regum
647 306 681 337 in
702 305 832 347 templo,
857 315 916 338 nec

138 369 244 392 unum
253 359 382 393 valuisti
397 360 584 400 agniculum
599 360 724 400 offerre,
741 360 812 392 ideo
828 369 917 392 more

139 423 319 456 pauperum
332 414 473 446 obtulisti
489 424 546 455 par
561 415 737 454 turturum,
761 416 818 446 aut
836 414 917 445 duos

140 468 244 510 pullos
267 468 503 500 columbarum.
532 469 592 508 Qui
617 469 716 509 igitur
738 469 915 507 desiderio,

140 523 345 563 professione,
362 523 531 563 signaculo
545 523 685 562 habitus,
704 524 736 554 et
750 524 919 555 observan-

139 576 193 608 tiae
216 577 350 608 veritate
375 577 415 617 (α)
439 577 473 608 111
493 577 553 608 hac
576 577 633 608 tibi
648 577 800 618 pauperie
818 577 917 609 confi-

141 631 255 670 gurari
280 630 453 662 studiosius
479 632 642 671 satagunt,
672 640 748 662 vere
777 633 853 662 sunt
881 631 919 662 de

140 686 270 727 tuorum
298 694 434 716 numero
460 685 675 725 spiritualium
712 685 917 724 Judaeorum,

141 747 280 779 quorum
295 738 491 770 circumcisio
507 747 572 770 non
586 740 632 770 est
648 738 681 769 in
696 747 802 777 carne,
819 739 872 769 sed
887 739 920 769 in

141 792 267 832 spiritu,
290 801 347 832 per
369 791 506 822 hilarem
520 792 783 832 supportationem
810 792 919 823 multi-

141 844 294 876 formium
312 844 533 885 penuriarum,
550 847 581 876 et
600 845 814 877 universalem
836 845 922 876 abdi-

141 899 300 930 cationem
313 898 462 930 omnium
476 898 701 939 temporalium
721 899 920 930 facultatum.

141 953 206 984 Hos
226 953 328 993 igitur
349 962 424 984 vere
439 962 475 984 ac
497 953 699 993 peculiariter
718 955 790 984 tuos
804 953 857 993 pio
874 953 922 983 di-

141 1007 262 1046 gneris,
286 1006 513 1038 miserieordiae
533 1007 665 1046 Regina,
691 1007 799 1038 favore
814 1007 853 1038 ab
869 1007 924 1038 bo-

142 1061 205 1092 stili
230 1061 362 1093 incursu
387 1064 534 1102 potenter
554 1062 688 1102 eripere,
713 1063 744 1093 et
768 1062 924 1093 adversus

141 1115 228 1145 hunc
243 1115 367 1146 hostem
382 1115 526 1155 ipsorum
543 1115 717 1156 pessimum
742 1116 922 1156 triumpha-

141 1168 215 1199 liter
229 1168 393 1207 dimicare,
409 1179 474 1200 non
490 1172 525 1200 ut
542 1179 616 1200 cum
631 1169 736 1200 Aman
751 1179 925 1210 suspensus

143 1223 288 1261 intereat,
309 1223 363 1254 sed
387 1226 423 1254 ut
445 1224 515 1263 ejus
537 1223 728 1255 humilietur
757 1225 923 1264 superbia,

144 1277 314 1309 damnetur
336 1278 515 1318 protervia,
539 1278 716 1309 illustretur
740 1278 925 1317 intelligen-

143 1331 199 1370 tia,
215 1331 410 1363 rectilicetur
431 1331 592 1370 voluntas,
617 1333 652 1362 ut
669 1331 800 1372 spiritus
818 1332 926 1364 salvus

145 1386 212 1417 fiat.

423 1470 566 1504 CAPUT
591 1471 636 1503 ΙΙΙ

146 1551 180 1577 111
209 1557 260 1584 quo
291 1548 535 1582 evangelizantium
571 1555 722 1583 pauperum
752 1549 928 1583 fructificatio

182 1594 359 1627 multiformis
378 1593 544 1627 ostenditur,
566 1600 707 1628 eorumque
725 1594 812 1620 status
827 1601 844 1619 α
858 1594 928 1620 mul-

184 1639 321 1673 tiplicibus
340 1639 547 1665 cavillationum
569 1639 696 1665 versutiis
717 1638 884 1672 defensatur.

188 1709 389 1741 Multiformis
414 1708 594 1740 calliditatis
624 1709 767 1749 nequitia
796 1718 926 1750 serpens

148 1764 324 1804 antiquus,
353 1765 470 1794 sanctae
497 1763 610 1794 matris
642 1763 789 1794 Ecclesiae
822 1764 929 1803 partui

149 1827 275 1858 semper
289 1818 420 1849 insidias
435 1826 561 1858 parans,
580 1819 740 1848 vetustam
753 1817 930 1849 Pharaonis

149 1872 345 1912 impietatem
366 1871 548 1903 novissimis
572 1872 624 1902 bis
644 1872 757 1902 diebus
773 1881 931 1904 renovare

151 1928 294 1964 conatur,
309 1926 386 1956 dum
399 1935 454 1966 per
469 1925 636 1956 hominem
652 1926 825 1965 quemdam
843 1935 933 1966 aegy-

149 1980 262 2020 ptiacae
278 1980 398 2010 fraudis
414 1979 618 2019 malignitate
633 1979 802 2019 repletum,
819 1981 931 2011 advor-

150 2043 204 2065 sus
219 2033 460 2065 ecclesiasticam
471 2033 594 2073 prolem
605 2042 785 2072 suggerere
803 2035 929 2073 satagit⁷

152 2088 307 2130 quidquid
328 2088 495 2119 masculini
519 2097 615 2119 sexus
638 2091 750 2119 natum
769 2089 881 2128 suerit,
900 2090 933 2120 in

152 2143 275 2174 flumen
290 2142 413 2182 projici,
424 2142 581 2182 quidquid
593 2143 745 2182 foeminei,
761 2145 930 2176 reservari.

155 2196 235 2234 Quid
258 2196 344 2227 enim
373 2199 419 2227 est
449 2196 537 2227 aliud
571 2197 711 2227 rationes
738 2197 777 2228 ad
806 2198 933 2229 virilem

154 2252 271 2281 sanctae
287 2249 483 2290 paupertatis
505 2250 652 2289 spiritum
673 2250 858 2282 inducentes
878 2261 932 2282 ca-

154 2303 343 2335 lumniando
358 2303 522 2342 revellere,
540 2313 639 2343 quam
660 2304 933 2337 effoeminatorum

155 2358 302 2390 cordium
326 2358 509 2398 phantasias
525 2382 533 2395 ‚
557 2359 675 2398 quibus
701 2359 736 2399 (b)
767 2360 932 2391 emollien-

155 2413 237 2444 tium
263 2412 449 2443 divitiarum
477 2412 641 2442 affluentia
670 2414 933 2454 commendatur,

157 2465 362 2506 approbando
384 2465 554 2496 roborare?
577 2465 625 2496 Ad
641 2475 714 2505 quae
733 2467 796 2498 duo
811 2468 932 2498 calum-

157 2520 261 2550 niator
282 2519 334 2550 hic
356 2528 533 2558 pauperum
549 2518 582 2548 in
597 2518 657 2548 hac
673 2521 815 2550 extrema
831 2522 936 2560 operis

158 2573 209 2604 sui
232 2574 322 2613 parte
339 2581 449 2603 01111105
473 2571 523 2602 5111
544 2572 629 2603 vires
654 2573 770 2603 conflat
798 2574 932 2614 ingenii,

159 2626 313 2667 quosdam
328 2625 564 2657 cavillationum
580 2626 700 2664 11101105,
714 2627 782 2665 jam
797 2637 854 2667 pro
867 2638 934 2659 ma-

193 2710 197 2722 ¹
213 2708 345 2738 Bernard„
364 2708 390 2732 in
409 2707 510 2739 Epiph„
528 2713 605 2730 serm.
625 2712 669 2737 111,
686 2713 711 2730 11.
728 2708 749 2731 3.
766 2720 795 2725 —
815 2709 824 2724 2
839 2709 846 2733 l
866 2710 936 2741 Cor„

160 2750 204 2776 111,
221 2745 257 2768 16.

1694 242 1754 272 505

973 307 1062 339 xima
1085 309 1174 349 parte
1206 308 1240 340 in
1276 307 1530 348 praecedentibus
1562 308 1750 347 dissolutos,

973 361 1172 402 frequentius
1187 362 1346 403 replicans
1365 361 1405 393 ad
1420 362 1659 402 oppressionem
1674 371 1753 402 pau-

974 424 1089 455 perum
1117 415 1254 454 Christi,
1283 417 1458 456 quatenus,
1478 415 1592 456 spiritu
1616 424 1752 455 pauper-

974 469 1047 500 tatis
1077 469 1234 508 extincto,
1266 469 1448 510 spirituales
1472 469 1619 500 israelitae
1643 468 1754 499 multi-

976 522 1087 563 plicari
1104 532 1168 554 11011
1184 522 1317 563 possint,
1335 523 1451 554 trustra
1470 525 1578 554 tamen
1589 546 1597 560 ‚
1614 522 1690 562 quia
1705 521 1753 553 di-

976 577 1052 609 vina
1078 576 1253 617 opitulante
1285 577 1464 615 clementia,
1484 578 1519 608 ut
1544 577 1661 608 veritas
1683 586 1702 607 a
1723 577 1760 607 fi-

978 638 1062 669 gura
1079 638 1143 660 11011
1161 629 1325 669 discrepet,
1350 630 1470 670 quanto
1492 629 1595 669 magis
1616 629 1759 670 oppressi

976 684 1096 715 fuerint
1111 708 1119 721 ,
1139 685 1225 715 tanto
1240 683 1346 723 magis
1360 685 1549 714 accrescent.
1576 683 1614 714 Et
1633 693 1673 714 110
1689 684 1760 724 quis

977 738 1047 769 haec
1071 738 1160 770 velut
1189 739 1331 768 nostram
1361 737 1646 768 adinventionnem
1668 737 1761 777 parvi

979 793 1106 833 pendat,
1116 792 1224 824 audiat
1235 791 1435 823 Bernardum
1449 791 1482 821 in
1492 799 1639 822 sermone
1650 791 1758 821 tertio¹

979 846 1024 877 sic
1033 846 1189 877 dicentem
1203 856 1232 877 z«
1245 845 1277 876 Si
1295 845 1372 885 quid
1385 845 1425 876 ad
1437 844 1572 875 salutem
1587 844 1760 884 pertinens,

979 900 1006 931 si
1017 900 1093 940 quid
1108 900 1276 939 religionis
1288 899 1403 938 oritur,
1419 899 1616 939 quicumque
1630 898 1759 937 resistit,

979 954 1175 994 quicumque
1194 954 1374 993 repugnat,
1390 954 1484 993 plane
1506 962 1581 984 cum
1602 952 1763 993 AEgyptiis

980 1008 1132 1049 parvulos
1161 1006 1326 1038 Israelitici
1357 1007 1484 1046 generis
1511 1006 1545 1046 (0)
1571 1015 1685 1036 necare
1710 1014 1762 1037 co-

980 1066 1075 1095 natur
1089 1086 1096 1100 ,
1114 1063 1179 1094 11110
1194 1071 1269 1093 011111
1289 1061 1431 1099 Herode,
1451 1062 1632 1091 nascentem
1654 1068 1760 1100 perse-

981 1117 1093 1158 quitur
1104 1117 1314 1148 Salvatorem.
1327 1126 1341 1144 1)
1358 1115 1567 1155 Nequaquam
1579 1122 1659 1153 ergo
1672 1123 1760 1153 casu,

982 1172 1035 1202 sed
1057 1170 1256 1211 providentia
1272 1170 1324 1200 Dei
1340 1171 1468 1209 gestum
1484 1177 1552 1199 esse
1569 1167 1763 1199 credendum

982 1227 1038 1263 est,
1053 1225 1138 1265 quod
1150 1225 1249 1255 instar
1260 1223 1276 1255 J
1279 1223 1378 1262 oseph
1389 1222 1610 1253 descendentis
1619 1222 1653 1252 in
1663 1220 1766 1261 AEgy-

982 1282 1075 1318 ptum
1097 1279 1137 1310 ad
1161 1277 1382 1309 custodiendas
1397 1278 1429 1307 et
1443 1276 1678 1308 distribuendas
1703 1275 1765 1306 ali-

983 1334 1107 1365 monias
1140 1340 1312 1372 corporum
1324 1355 1333 1369 ,
1364 1339 1461 1370 quem
1490 1332 1527 1360 ut
1556 1339 1631 1361 vere
1659 1329 1765 1360 filium

983 1388 1213 1418 accrescentem
1247 1393 1387 1415 crescere
1412 1383 1484 1414 fecit
1510 1382 1590 1413 Deus
1616 1383 1650 1413 in
1679 1388 1765 1414 terra

982 1440 1179 1480 paupertatis
1212 1447 1279 1469 suae
1300 1462 1308 1476 ,
1337 1439 1437 1468 status
1469 1436 1765 1476 evangelizantium

983 1503 1162 1535 pauperum
1188 1493 1366 1523 mitteretur
1387 1492 1421 1522 in
1444 1491 1617 1528 mundum,
1635 1490 1675 1521 ad
1690 1499 1765 1521 con-

984 1548 1140 1580 servanda
1152 1549 1184 1578 et
1198 1545 1410 1586 dispensanda
1421 1545 1611 1576 documenta
1627 1544 1765 1584 Scriptu-

984 1612 1094 1634 rarum
1106 1627 1114 1642 ‚
1141 1604 1296 1641 tanquam
1311 1600 1462 1630 alimenta
1476 1598 1648 1638 spirituum
1665 1622 1674 1636 ‚
1707 1597 1765 1638 qui

985 1657 1081 1688 etiam
1098 1659 1129 1687 01
1144 1655 1343 1686 sacerdotum
1364 1653 1480 1684 Christi
1496 1676 1503 1690 ‚
1520 1661 1631 1683 curam
1652 1653 1765 1692 gregis

985 1710 1193 1748 habentium,
1215 1710 1434 1748 cooperatores
1455 1706 1628 1737 existerent
1651 1706 1685 1736 in
1702 1706 1762 1746 his,

985 1774 1059 1806 quae
1073 1766 1215 1805 spectant
1230 1763 1269 1793 ad
1282 1762 1417 1792 salutem
1432 1761 1626 1791 animarum.
1645 1760 1697 1791 Est
1712 1770 1767 1791 au-

986 1822 1050 1850 tem
1067 1817 1269 1849 sacerdotalis
1285 1816 1380 1847 oflicii
1395 1824 1476 1855 opus
1495 1814 1697 1854 praecipuum
1713 1823 1768 1844 re—

987 1873 1094 1905 ductio
1114 1872 1255 1912 plebium
1280 1870 1496 1909 subjectarum
1519 1868 1551 1897 in
1575 1867 1694 1905 Deum,
1710 1877 1767 1907 per

987 1927 1204 1967 septiformem
1214 1925 1377 1955 inssuxum
1388 1921 1635 1959 hierarchicum,
1650 1921 1768 1952 scilicet

987 1991 1044 2022 per
1054 1980 1268 2011 eruditionem
1277 1977 1490 2013 credibilium,
1502 1984 1558 2015 per
1568 1974 1769 2005 instauratio-

987 2046 1061 2067 nem
1080 2035 1257 2070 virtutum,
1274 2041 1330 2073 per
1353 2030 1585 2062 exhibitionem
1602 2029 1765 2069 exemplo-

987 2100 1078 2128 rum,
1095 2088 1362 2120 interventionem
1386 2094 1516 2125 precum
1531 2108 1539 2122 ‚
1570 2084 1768 2114 curationem

988 2146 1158 2185 plagarum
1173 2142 1352 2179 hostilium,
1371 2138 1674 2180 praenuntiationem
1694 2137 1769 2168 insi-

988 2199 1134 2234 diarum,
1160 2199 1190 2228 et
1210 2194 1458 2235 repulsationem
1480 2192 1706 2223 hostilitatum.
1729 2191 1768 2221 Et

988 2253 1049 2283 hoc
1078 2251 1208 2291 quidem
1239 2249 1421 2288 septiforme
1457 2255 1538 2286 opus
1576 2244 1769 2276 sacerdotale

990 2306 1153 2346 Scriptura
1168 2313 1256 2334 sacra
1266 2302 1404 2333 declarat
1419 2301 1478 2331 sub
1489 2299 1684 2340 septemplici
1699 2307 1769 2329 me-

989 2361 1135 2400 taphora,
1157 2358 1274 2389 scilicet
1290 2355 1462 2393 architecti,
1482 2353 1646 2393 agricolae,
1664 2355 1769 2392 pasto-

989 2416 1044 2453 ris,
1064 2412 1270 2453 fidejussoris,
1288 2410 1412 2447 medici,
1430 2407 1644 2447 speculatoris,
1663 2408 1693 2436 et
1709 2405 1768 2436 du-

990 2470 1045 2500 015.
1063 2467 1254 2499 Describitur
1269 2465 1371 2504 igitur
1386 2463 1490 2504 primo
1504 2461 1564 2492 sub
1579 2459 1769 2499 metaphora

991 2521 1153 2554 architecti
1165 2519 1342 2561 pontificale
1360 2517 1500 2549 osticium
1514 2517 1643 2555 propter
1658 2513 1769 2544 erudi—

990 2578 1111 2608 tionem
1126 2574 1324 2606 credibilium
1335 2597 1344 2610 ,
1361 2570 1536 2602 secundum
1559 2568 1634 2598 illud
1655 2567 1695 2597 ad
1711 2565 1784 2615 Cos

991 2630 1126 2661 rinthios
1139 2630 1170 2660 ²:
1187 2628 1223 2660 Ul
1232 2628 1362 2668 sapiens
1371 2625 1565 2658 architectus
1577 2621 1771 2661 fundamen-

1025 2711 1056 2741 (α)
1074 2711 1134 2735 Caet.
1152 2709 1212 2734 edit.
1232 2708 1374 2732 veritatem.
1391 2719 1420 2724 ——
1443 2705 1476 2736 (b)
1493 2706 1558 2729 Item
1574 2702 1626 2735 qui.
1642 2715 1672 2720 —
1694 2700 1724 2731 (c)
1744 2700 1772 2724 In

992 2747 1116 2779 oriqmact
1131 2746 1263 2778 germinis.
