2029 3052
648 236 935 269 RESPONSIONIS
959 237 1133 275 QUARTAE
1155 238 1283 271 CAPUT
1307 240 1345 271 11.

187 316 224 339 eo
246 308 332 348 quod
347 309 422 348 ,iure
446 309 576 339 cautum
593 308 653 345 est,
672 315 769 338 usum
793 314 860 337 non
875 314 967 346 posse

185 363 340 403 perpetuo
352 371 371 392 a
381 361 522 393 dominio
532 360 682 402 separari,
699 353 965 400 respondebimus

185 416 270 457 quod
291 416 344 447 lex
362 416 422 446 ista
443 415 545 447 civilis
565 423 632 446 non
650 414 746 445 habet
765 413 818 445 hic
836 413 962 453 locum,

185 468 261 508 quia
274 468 334 499 hoc
355 467 424 498 ideo
443 468 498 508 jus
512 466 604 498 civile
625 466 776 504 decrevit,
801 475 841 496 ne
859 465 962 497 domi-

183 522 277 553 nium
296 521 409 552 inutile
423 521 586 559 videatur,
607 530 643 552 ac
658 530 715 561 per
730 520 791 551 hoc
807 520 902 551 inane
924 520 965 552 sit

183 577 325 609 omnino.
348 576 429 608 Nam
457 577 592 608 retentio
619 577 753 608 dominii
777 576 963 617 hujusmodi

183 641 389 670 rerum,cun1
405 631 610 663 concessione
624 640 704 662 usus
719 631 798 662 sacta
812 631 962 672 pauperi-

181 686 254 725 buS,
266 695 332 717 non
342 687 389 717 est
399 685 606 724 infructuosa,
619 694 693 716 cum
702 685 744 716 sit
757 685 839 725 patri
848 695 964 725 paupe-

181 749 256 771 rum
267 739 441 778 meritoria,
453 741 484 771 et
492 739 679 780 professioni
689 739 829 770 filiorum
839 739 962 770 Christo

180 794 407 826 famulantium
436 795 627 834 opportuna.
655 793 719 825 Nec
745 794 848 824 obstat
876 794 961 834 quod

179 848 382 879 adversarius
397 848 507 888 objicit
522 848 560 879 de
576 848 672 879 rebus
687 856 760 888 quae
777 856 840 878 usu
850 856 962 878 consu-

178 905 324 940 muntur,
337 902 423 943 quod
434 903 467 933 in
475 902 522 933 eis
534 902 710 942 proprietas
720 910 786 932 non
794 904 961 942 separatur

177 956 217 987 ab
232 966 305 987 usu.
329 956 396 988 Hoc
410 956 496 988 enim
511 955 591 987 fallit
605 956 638 986 in
662 955 787 996 peculio
807 955 958 995 profecti—

176 1011 220 1043 tio
234 1012 291 1042 filii
305 1011 453 1050 familias,
470 1011 527 1043 ubi
543 1011 629 1042 filius
642 1011 781 1042 familias
796 1020 893 1041 usum
906 1011 961 1042 ha-

175 1066 239 1104 bet,
257 1068 289 1097 et
302 1068 409 1097 tamen
426 1067 602 1107 proprietas
616 1055 674 1097 nec
696 1066 735 1097 ad
756 1068 958 1097 momentum

175 1117 291 1148 residet
305 1127 402 1157 penes
416 1118 534 1158 ipsum.
552 1118 603 1149 Sic
617 1120 648 1149 et
662 1118 700 1149 de
716 1118 827 1149 ordine
842 1118 958 1158 hujus-

174 1171 261 1203 modi
270 1181 461 1212 pauperum,
471 1175 616 1213 respectu
628 1171 782 1203 Romanae
795 1172 956 1210 Ecclesiae,

173 1226 309 1266 intelligi
338 1227 442 1258 debet.
469 1227 550 1258 Sunt
568 1227 687 1267 quippe
709 1227 747 1257 de
770 1227 841 1266 jure
867 1236 956 1257 com-

173 1282 263 1312 muni
274 1291 385 1313 omnes
402 1282 516 1314 Christi
532 1282 641 1314 fideles
656 1282 774 1313 summi
793 1281 956 1312 Pontificis

172 1335 247 1374 filii;
270 1336 423 1377 peculiari
446 1339 554 1368 tamen
568 1336 709 1377 quodam
729 1337 804 1376 jure
824 1335 859 1365 hi
880 1337 956 1366 sunt

172 1391 241 1430 ejus
260 1390 448 1421 obedientiae
468 1391 585 1421 subditi
607 1392 637 1421 et
664 1399 750 1421 curae
775 1389 952 1427 commissi;

172 1446 203 1474 et
216 1444 286 1475 ideo
305 1453 380 1475 cum
403 1444 455 1475 alii
475 1445 537 1475 sint
556 1446 711 1484 tanquam
732 1443 788 1474 filii
811 1443 953 1474 emanci-

173 1498 248 1538 pati,
257 1498 465 1538 quibuslicet,
478 1498 663 1529 auctoritate
673 1497 755 1538 juris
765 1498 809 1528 eis
818 1497 951 1536 indulta,

172 1552 210 1583 de
230 1552 322 1583 honis
340 1552 545 1583 ecclesiarum
563 1561 697 1582 suarum
716 1552 785 1582 sine
800 1552 952 1591 dilapida-

170 1605 256 1637 tione
274 1606 455 1646 disponere,
472 1606 505 1636 hi
522 1607 597 1637 sunt
611 1608 764 1646 tanquam
780 1605 907 1646 parvuli
922 1608 954 1636 et

170 1659 229 1691 filii
244 1660 381 1691 familias
397 1660 534 1691 totaliter
553 1660 655 1700 ipsius
677 1660 832 1699 regimini
855 1660 953 1700 depu-

170 1714 239 1745 tati.
256 1713 429 1754 Propterea
444 1715 524 1746 sicut
537 1714 610 1755 lege
621 1716 752 1746 cavetur
767 1714 853 1754 quod
867 1715 952 1745 filius

169 1768 305 1799 familias
326 1777 384 1799 nec
402 1768 556 1807 retinere,
588 1778 646 1799 1166
663 1778 854 1808 recuperare
877 1778 950 1808 pos-

171 1822 342 1852 sessionem
360 1822 406 1852 rei
422 1822 590 1862 peculiaris
606 1824 717 1862 potest,
730 1823 784 1853 sed
800 1823 881 1862 patri
895 1832 952 1862 per

170 1885 244 1906 eum
266 1876 441 1915 quaeritur,
463 1876 507 1906 sic
521 1878 551 1907 et
571 1876 604 1907 in
624 1876 673 1906 his
688 1877 882 1917 pauperibus
905 1876 951 1906 in-

169 1928 379 1968 telligendum
401 1931 458 1968 est,
480 1930 555 1970 quia
571 1939 692 1969 rerum,
719 1930 837 1961 eisdem
857 1930 951 1961 colla-

167 1983 275 2013 tarum
299 1982 339 2013 ad
363 1985 651 2015 sustentamentum
673 1985 839 2024 ipsorum,
867 1984 949 2024 patri

167 2045 346 2076 pauperum
370 2038 541 2078 deputetur
563 2038 760 2076 dominium,
788 2039 849 2069 illis
872 2047 949 2069 vero

168 2099 257 2121 115115.
274 2090 355 2122 Sane
369 2092 642 2132 quemadmodum
658 2093 824 2124 essentiale
839 2094 948 2133 cujus-

166 2144 243 2175 libet
258 2145 422 2185 religionis
437 2147 534 2178 statui
549 2156 616 2178 esse
632 2148 844 2187 dignoscitur,
861 2147 947 2188 quod

167 2198 257 2229 nulla
271 2208 406 2239 persona
422 2201 546 2240 privata
558 2202 715 2242 possideat
734 2202 851 2242 aliquid
870 2211 946 2242 pro-

167 2251 285 2290 prium,
304 2251 348 2282 sic
361 2261 420 2283 nec
434 2253 620 2293 hujusmodi
637 2264 816 2295 pauperum
831 2254 946 2294 religio

165 2306 242 2343 tota,
259 2314 331 2345 quae
347 2306 476 2346 quidem
497 2308 536 2338 ad
555 2308 784 2339 abdicationem
806 2309 947 2349 proprie-

166 2359 238 2390 tatis
257 2362 404 2391 eensetur
431 2361 511 2392 sicut
533 2371 598 2392 una
618 2372 764 2402 persona.
787 2362 945 2400 Quemad-

167 2414 299 2444 modum
314 2414 416 2454 igitur
429 2415 618 2454 monachus,
635 2416 686 2447 vel
701 2417 804 2456 quivis
816 2417 947 2456 religio-

166 2476 221 2498 sus
243 2468 343 2499 utitur
364 2469 514 2507 vestibus,
541 2469 774 2509 calceamentis,
792 2471 886 2509 cibis,
910 2481 946 2502 ac

167 2522 289 2552 caeteris
315 2531 388 2562 quae
410 2531 472 2553 usu
495 2526 748 2562 consumuntur,
772 2524 815 2554 ita
838 2527 946 2556 tamen

167 2575 252 2614 quod
271 2575 350 2606 nihil
369 2576 429 2606 sibi
449 2578 632 2617 appropriat
655 2579 759 2618 quoad
782 2579 945 2618 privatum

166 2628 358 2668 dominium,
376 2639 434 2661 nec
449 2634 577 2672 propter
591 2632 687 2663 talem
700 2642 794 2663 usum
809 2634 947 2664 efficitur

167 2683 406 2723 proprietarius,
422 2685 499 2726 quia
513 2687 690 2726 proprietas
709 2696 835 2727 semper
849 2688 944 2720 colle·

168 2737 223 2778 gio
239 2741 431 2777 reservatur,
450 2740 494 2771 sic
510 2743 540 2772 et
554 2741 593 2772 de
606 2741 742 2782 collegio
765 2743 945 2775 istiusmodi

1750 243 1802 273 501

1021 315 1212 348 pauperum,
1236 316 1429 350 summoque
1451 308 1606 340 Pontifice
1628 308 1808 349 intelligere

1020 360 1131 400 debet,
1158 362 1355 404 quicumque
1378 363 1416 394 de
1440 362 1635 403 professione
1662 362 1806 403 ipsorum

1018 414 1135 445 sentire
1150 415 1218 446 vult
1232 417 1298 446 tam
1314 425 1399 455 vere,
1417 426 1516 457 quam
1535 417 1598 457 pie.
1615 416 1654 448 Et
1673 418 1804 457 propte-

1018 476 1086 505 rea,
1103 469 1185 499 sicut
1206 469 1285 500 illud
1301 471 1387 510 quod
1413 470 1508 501 datur
1531 470 1703 508 monacho,
1722 480 1803 511 qua-

1017 521 1197 563 liscumque
1215 524 1256 554 sit
1280 524 1414 556 intentio
1435 525 1551 564 dantis,
1574 534 1639 556 non
1654 524 1688 555 in
1702 524 1803 565 ipsius

1018 576 1131 606 transit
1145 576 1336 616 dominium,
1350 578 1403 609 sed
1418 579 1518 610 totius
1528 578 1666 618 collegii,
1685 580 1716 609 et
1728 578 1804 609 sub-

1013 630 1099 669 jacet
1115 630 1315 670 dispositioni
1336 632 1471 671 abbam,
1488 633 1612 663 etiamsi
1629 632 1708 663 dans
1722 632 1804 663 nihil

1017 683 1056 714 de
1066 683 1202 723 collegio
1212 685 1343 724 cogitet,
1351 686 1396 716 sic
1402 686 1559 726 quidquid
1568 686 1663 718 datur
1670 695 1804 726 congre-

1016 738 1140 777 gationi
1157 738 1317 770 Minorum
1331 739 1479 777 fratrum,
1492 741 1525 771 in
1535 741 1603 781 JUS,
1619 740 1806 772 dominium

1016 794 1047 822 et
1062 792 1289 833 proprietatem
1306 794 1426 824 summi
1449 793 1612 825 Pontificis
1631 795 1663 825 et
1684 793 1802 825 Roma-

1015 855 1066 877 nae
1078 846 1225 879 Ecclesiae
1238 848 1371 879 transit:
1390 848 1550 888 praecipue
1569 857 1643 879 cum
1659 848 1719 888 ipsi
1736 848 1802 879 fra-

1014 902 1078 932 tres
1098 903 1164 942 Jus,
1183 911 1238 933 seu
1258 903 1485 943 proprietatem
1509 903 1647 944 alicujus
1671 903 1718 934 rei
1741 903 1806 934 sihi

1014 955 1179 995 acquirere
1203 956 1293 987 nulla
1314 957 1436 988 ratione
1456 958 1635 989 intendant.
1660 957 1717 988 His
1743 967 1807 988 au-

1013 1010 1090 1047 tem,
1109 1018 1183 1049 quae
1198 1010 1282 1041 dicta
1297 1012 1383 1050 sunt,
1408 1011 1609 1051 suffragatur
1633 1011 1718 1051 legis
1738 1020 1797 1042 na-

1012 1064 1126 1095 turalis
1145 1064 1322 1104 dictamen,
1345 1065 1509 1097 evidenter
1530 1065 1726 1106 explicatum
1742 1075 1800 1106 per

1009 1119 1084 1157 jura
1107 1118 1225 1150 civilia.
1253 1119 1334 1150 Nam
1357 1119 1431 1159 lege
1456 1122 1599 1159 cavetur,
1623 1119 1709 1160 quod
1734 1128 1804 1151 non

1013 1175 1116 1212 potest
1130 1173 1260 1205 libertas
1275 1174 1395 1205 nolenti
1419 1174 1554 1214 acquiri,
1578 1176 1609 1205 et
1631 1174 1717 1214 quod
1744 1174 1800 1205 be-

1012 1227 1162 1257 neficium
1192 1227 1293 1259 invito
1317 1237 1382 1259 non
1402 1229 1508 1267 datur,
1533 1230 1563 1259 et
1589 1228 1676 1269 quod
1703 1237 1801 1260 nemo

1011 1281 1166 1311 donatum
1192 1282 1338 1322 assequi,
1365 1285 1396 1313 et
1411 1283 1599 1313 damnosam
1619 1292 1677 1314 seu
1695 1283 1801 1314 lucro-

1011 1343 1080 1365 sam
1102 1335 1323 1366 haereditatem
1347 1345 1443 1367 nemo
1467 1337 1555 1367 adire
1577 1337 1798 1377 compellitur.

1012 1389 1155 1429 Insuper,
1173 1389 1256 1420 sicut
1275 1399 1385 1421 rerum
1400 1390 1605 1428 universitas,
1632 1393 1709 1431 puta
1725 1392 1794 1423 hae-

1010 1443 1138 1481 reditas,
1156 1443 1223 1474 solo
1248 1443 1356 1475 animo
1374 1444 1564 1484 acquiritur,
1586 1445 1631 1476 ita
1643 1445 1711 1476 solo
1726 1445 1796 1476 ani-

1011 1506 1063 1528 mo
1079 1498 1238 1529 contrario
1255 1499 1444 1539 repudiatur
1459 1511 1466 1538 ;
1493 1502 1523 1530 et
1540 1500 1620 1531 sicut
1637 1501 1723 1532 nuda
1738 1510 1798 1532 vo-

1010 1552 1132 1583 luntate
1148 1554 1322 1584 extraneus
1336 1553 1442 1584 haeres
1459 1554 1505 1592 fit,
1526 1553 1569 1584 ita
1585 1564 1625 1585 ex
1638 1555 1799 1586 contraria

1009 1607 1219 1637 destinatione
1235 1607 1341 1637 statim
1359 1608 1400 1638 ab
1415 1607 1603 1639 haereditate
1618 1608 1797 1648 repellitur.

1009 1659 1144 1700 Propter
1159 1660 1244 1698 quod
1260 1662 1291 1691 et
1304 1660 1319 1691 J
1323 1661 1561 1692 urisconsultus
1571 1661 1719 1693 Julianus
1734 1664 1797 1696 ait:

1012 1727 1025 1744 α
1041 1715 1103 1746 Pro
1118 1715 1246 1746 haerede
1262 1725 1387 1755 gerere,
1405 1725 1471 1747 non
1493 1718 1560 1747 tam
1587 1717 1671 1756 facti,
1696 1727 1798 1758 quam

1008 1769 1108 1800 animi
1124 1771 1181 1800 est.
1199 1780 1214 1798 »
1235 1769 1291 1800 Cui
1301 1772 1331 1800 et
1341 1770 1436 1808 alius,
1448 1770 1799 1804 scilicetJurisconsul-

1007 1825 1071 1861 tus,
1085 1826 1239 1855 consonat
1251 1824 1359 1855 dicens
1379 1834 1386 1855 :
1406 1836 1420 1853 «
1436 1824 1589 1856 Furiosus
1605 1829 1635 1857 et
1651 1827 1796 1867 pupillus

1007 1877 1075 1908 sine
1092 1878 1206 1908 tutoris
1220 1878 1410 1908 auctoritate
1426 1887 1491 1909 non
1503 1881 1640 1919 possunt
1654 1880 1796 1921 incipere

1006 1931 1177 1970 possidere,
1192 1931 1268 1971 quia
1289 1931 1492 1963 affectionem
1508 1934 1635 1964 tenendi
1652 1943 1719 1965 non
1733 1935 1794 1966 ha-

1005 1984 1092 2023 hent,
1107 1985 1178 2015 licet
1192 1994 1241 2016 res
1257 1994 1316 2016 suo
1333 1995 1465 2026 corpore
1480 1987 1684 2027 contingant,
1712 1989 1796 2020 sicut

1006 2039 1033 2069 si
1049 2040 1220 2071 dormienti
1235 2040 1355 2080 aliquid
1372 2041 1406 2071 in
1419 2047 1519 2072 manu
1534 2044 1684 2082 ponatur.
1704 2054 1719 2072 »
1738 2043 1795 2075 Pa-

1004 2095 1048 2124 tet
1062 2094 1163 2133 igitur
1179 2103 1235 2133 per
1250 2094 1320 2125 haec
1336 2095 1434 2125 verba
1455 2095 1539 2135 legis
1555 2106 1722 2136 expressa,
1741 2107 1794 2129 ne-

1005 2148 1125 2179 minem
1143 2158 1235 2188 posse
1252 2148 1493 2188 proprietatem,
1511 2149 1579 2181 sive
1596 2151 1789 2191 dominium,

1004 2202 1069 2233 imo
1089 2211 1148 2233 nec
1169 2202 1401 2242 possessionem
1427 2203 1605 2243 acquirere,
1631 2205 1694 2235 nisi
1716 2215 1792 2237 vere

1004 2256 1055 2287 vel
1067 2256 1307 2296 interpretative
1322 2256 1468 2287 animum
1482 2257 1596 2289 habeat
1619 2258 1661 2298 (ct)
1679 2260 1790 2299 acqui—

1003 2310 1105 2340 rendi.
1128 2310 1207 2340 Cum
1224 2310 1327 2349 igitur
1348 2310 1462 2341 fratres
1482 2310 1620 2343 Minores
1644 2313 1791 2343 animum

1004 2364 1187 2404 acquirendi
1203 2373 1266 2394 non
1283 2364 1421 2395 habeant
1434 2389 1442 2403 ,
1459 2365 1537 2405 quin
1555 2366 1661 2405 potius
1678 2367 1791 2398 volun-

1003 2420 1099 2449 tatem
1126 2419 1332 2456 contrariam,
1356 2418 1413 2449 etsi
1434 2428 1485 2449 res
1506 2428 1640 2459 corpore
1664 2420 1788 2451 contin-

1004 2474 1094 2511 gant,
1112 2481 1170 2502 nec
1187 2472 1383 2510 dominium,
1408 2481 1466 2502 nec
1489 2473 1725 2512 possessionem
1741 2483 1791 2505 ac-

1003 2527 1148 2567 quirunt,
1174 2535 1231 2557 nec
1246 2536 1356 2557 rerum
1372 2526 1561 2565 hujusmodi
1577 2536 1787 2567 possessores,

1003 2581 1054 2611 vel
1070 2580 1208 2618 domini,
1226 2580 1285 2611 dici
1311 2582 1452 2620 possunt.
1479 2580 1535 2610 His
1553 2583 1664 2611 autem
1691 2582 1787 2613 robur
1812 2571 1814 2573 ¹

1003 2634 1124 2675 praebet
1138 2633 1325 2674 pontificalis
1340 2634 1522 2673 auctoritas,
1541 2644 1615 2675 quae
1633 2638 1699 2666 tam
1712 2637 1789 2667 emi-

1003 2698 1082 2720 nens
1098 2690 1156 2725 est,
1174 2690 1210 2718 ut
1232 2688 1341 2718 omnia
1362 2688 1438 2728 jura
1463 2688 1604 2720 humana
1623 2691 1788 2721 transcen-

1038 2752 1070 2782 (α)
1089 2752 1149 2776 Caet.
1165 2751 1226 2774 edil.
1244 2751 1328 2775 habet.
