2029 3052
642 264 680 297 [Ν
704 262 894 296 REGULAM
915 261 1109 295 FRATRUM
1132 259 1330 292 MlNORUM.

177 345 218 367 ne
233 335 384 367 maneant
406 334 548 374 desolati,
572 336 602 367 et
621 333 700 366 aliis
725 331 882 372 tratribus
901 331 955 363 in-

178 388 331 426 duendis,
347 389 380 420 in
395 388 515 430 quibus
540 387 611 419 aliae
627 386 829 419 necessitates
852 386 956 426 111330-

177 451 230 475 res
243 442 450 482 intelligunt:
465 443 626 481 Ministri‚
643 449 784 482 quorum
797 441 844 471 est
858 438 954 471 mini-

177 498 291 536 strare,
307 498 338 528 et
355 505 422 528 non
442 496 630 536 ministrari,
655 495 802 536 exemplo
822 493 954 532 Christi3

177 552 225 583 Et
233 550 397 590 Custodes,
409 559 550 591 quorum
560 552 609 582 est
620 559 732 582 curam
746 557 859 590 gerere
867 548 957 579 infir-

176 612 318 636 morum.
334 603 415 636 Nam
432 604 660 638 Samaritanus
681 605 787 635 custos
800 603 957 643 interpre-

177 659 275 696 tatur,
291 658 349 699 qui
363 667 475 690 curam
489 659 632 693 habuit&
657 659 718 690 etc.
742 657 881 689 Nomina
897 665 957 687 au-

177 715 242 745 tem
259 713 435 745 Custodum
450 715 482 745 et
495 713 730 752 Ministrorum,
746 712 806 744 etsi
821 711 958 743 diversis

177 767 438 809 appropriantur,
465 768 574 798 tamen
596 767 680 799 circa
698 766 826 798 easdem
848 774 957 806 perso-

176 831 235 853 nas
249 821 361 853 dicunt
375 821 509 853 modum
524 821 622 853 officii
634 821 668 852 in
679 821 740 852 hoc
754 820 865 851 ordine
876 819 958 851 Prae-

177 875 328 907 latorum.
344 874 555 906 Ministerium
567 874 642 906 dicit
650 874 879 911 humilitatem,
889 881 958 904 cus-

177 930 265 962 todia
288 930 398 961 autem
419 929 625 970 vigilantiam
651 928 793 959 insinuat
814 929 958 968 pastora—

176 983 253 1023 lem,
269 992 311 1015 ne
330 985 461 1024 propter
484 983 700 1014 humilitatem
715 983 760 1013 sic
777 981 958 1013 dimittatur

177 1038 360 1076 auctoritas,
377 1039 408 1068 et
422 1037 646 1077 evigilantiam
659 1037 699 1077 (a)
712 1045 753 1067 ne
763 1035 957 1076 periclitetur

178 1092 299 1124 ordinis
314 1091 491 1132 disciplina.
508 1091 598 1122 Unde
612 1090 748 1121 Isaias':
768 1089 868 1130 Super
888 1097 959 1121 cus-

178 1146 302 1179 todiam
316 1153 418 1177 meam
432 1152 486 1186 eqo
509 1153 592 1183 sum,
604 1146 695 1177 stans
710 1144 787 1177 totis
800 1143 956 1175 noctibus.

181 1200 316 1240 Propter
330 1199 416 1240 quod
429 1199 498 1239 ipse
513 1197 672 1238 generalis
687 1197 829 1228 Minister
852 1200 959 1229 custos

180 1253 314 1285 inferius
326 1253 362 1284 in
375 1252 493 1292 regula
507 1252 694 1293 appellatur.
707 1251 766 1282 Hic
781 1253 889 1282 autem
900 1260 959 1283 no-

177 1307 266 1339 mine
281 1305 456 1338 Custodum
468 1306 564 1337 etiam
581 1305 754 1337 Guardiani
769 1305 958 1345 intelligun‘

178 1363 244 1400 tur,
260 1360 316 1401 qui
330 1360 450 1391 habent
463 1359 648 1391 immediate
671 1359 842 1398 custodire,
860 1361 891 1390 et
906 1360 957 1390 in-

177 1416 309 1447 tendere
329 1415 479 1456 pastorali
501 1423 600 1446 curae.
627 1414 698 1445 Istis
721 1423 802 1454 ergo
826 1423 903 1445 cura
927 1416 957 1445 et

179 1469 358 1502 sollicitudo
375 1470 504 1500 tantum
518 1469 698 1509 imponitur
712 1479 720 1507 3
737 1470 769 1499 et
789 1468 850 1499 hoc
864 1477 959 1508 prop-

178 1525 227 1555 ter
240 1524 316 1562 duo,
333 1523 454 1554 scilicet
466 1524 503 1554 ut
516 1522 627 1553 nullus
643 1522 711 1553 sine
723 1522 801 1562 ipsis
816 1522 857 1552 sit
870 1522 957 1553 solli-

179 1579 272 1616 citus,
288 1579 320 1609 et
342 1577 418 1618 quia
432 1576 626 1617 dispensatio
641 1578 688 1607 est
701 1576 890 1614 necessaria,
908 1584 958 1606 se-

179 1631 323 1663 cundum
335 1631 442 1662 varios
455 1631 567 1667 status,
584 1631 623 1661 de
638 1639 703 1670 qua
713 1629 818 1661 addit:
842 1629 960 1661 Secun-

180 1685 258 1717 dum
272 1685 351 1724 loca,
369 1687 399 1717 et
414 1686 568 1724 tempora,
586 1685 616 1715 et
630 1683 774 1724 frigidas
798 1684 957 1724 reqiones.

178 1739 275 1771 Juxta
286 1739 344 1770 has
353 1738 456 1779 igitur
467 1737 680 1775 necessitateS,
692 1746 822 1769 necesse
835 1739 882 1769 est
899 1738 959 1768 dis-

179 1793 346 1834 pensative
368 1793 549 1833 temperare
568 1792 729 1831 rigorem3
746 1794 777 1822 et
798 1793 958 1832 tempera-

179 1848 326 1878 mentum
341 1855 360 1876 a
377 1846 455 1877 solis
477 1845 631 1876 Ministris
653 1847 684 1876 et
708 1845 908 1883 Custodibus,
926 1845 959 1875 in

179 1900 298 1942 quibus
311 1899 484 1931 Guardiani
499 1898 736 1938 intelliguntur,
759 1899 875 1930 debere
889 1899 960 1930 fieri

180 1955 233 1986 hic
247 1954 390 1985 docetur.
408 1955 456 1986 Eo
469 1961 590 1993 semper
604 1953 705 1992 salvo,
727 1955 773 1991 ut,
790 1954 876 1986 sicut
892 1953 961 1985 clic-

183 2011 250 2041 tum
265 2010 320 2047 est,
337 2007 491 2040 denarios
504 2007 552 2039 vel
563 2008 745 2047 pecuniam,
758 2008 816 2038 etc.
835 2007 901 2039 Hoc
916 2008 960 2038 id-

181 2063 265 2094 circo
281 2061 423 2102 replicat,
440 2070 481 2092 ne
501 2062 632 2101 propter
656 2061 743 2092 illius
764 2062 960 2092 necessitatis

181 2115 363 2156 periculum
379 2114 534 2146 sustineat
548 2114 689 2145 labefieri
699 2115 820 2146 ordinis
836 2116 958 2156 purita-

180 2172 260 2208 tem,
290 2170 393 2200 sciens
420 2178 477 2209 per
506 2168 620 2200 talium
641 2171 867 2211 receptionem,
899 2172 959 2203 sub

182 2226 260 2257 talso
267 2227 427 2266 praetextu
442 2225 645 2264 necessitatis,
662 2226 769 2266 plures
783 2227 818 2258 in
832 2228 916 2260 clero
930 2230 961 2260 et

182 2280 333 2318 claustro,
351 2281 382 2310 et
402 2279 463 2310 Deo
488 2280 519 2309 et
543 2279 729 2310 hominibus
750 2280 894 2320 viluisse,
924 2292 961 2314 eo

182 2333 268 2374 quod
284 2333 375 2364 radix
390 2332 567 2372 iniquitatis
587 2333 774 2373 Antiochus,
791 2339 846 2374 qui
861 2335 960 2367 iuter-

182 2389 337 2430 pretatur,
368 2387 533 2419 silentium
561 2389 772 2428 paupertatis,
803 2391 962 2431 templum

183 2443 238 2474 Dei
252 2442 372 2482 legitur
383 2441 416 2471 in
426 2440 685 2472 Machabaeorum
698 2442 833 2474 historia
841 2445 850 2461 ³
860 2445 961 2484 profa-

182 2506 286 2535 nasse,
304 2497 335 2527 et
353 2495 650 2527 contenebrescente
671 2497 776 2528 studio
798 2499 962 2539 sapientiae

183 2551 274 2592 quasi
290 2550 366 2589 sole,
383 2550 461 2581 luna
475 2550 614 2582 scientiae
630 2553 660 2582 et
671 2552 766 2583 studii
782 2553 815 2584 in
831 2555 963 2594 sangui-

184 2615 259 2636 nem
274 2606 322 2636 est
337 2605 543 2635 commutata.
562 2603 637 2635 Haec
653 2607 700 2636 est
721 2606 814 2638 radix
835 2608 961 2647 sapien-

184 2660 238 2690 tiae
253 2659 289 2690 B.
306 2658 473 2690 Francisco
486 2657 641 2689 divinitus
655 2659 821 2700 inspirata,
837 2671 887 2700 ne,
906 2672 963 2694 ve-

217 2739 309 2769 1Luc„
324 2745 355 2769 x,
372 2740 410 2764 34.
426 2752 456 2757 —
472 2739 480 2753 ²
496 2739 555 2768 Iso„
574 2745 632 2771 xm,
647 2741 670 2764 8.
685 2753 715 2758 —
730 2741 872 2775 ⁸1Mach.‚
892 2749 922 2775 11,
939 2747 962 2769 8.

186 2789 215 2795 —
227 2777 238 2793 ὓ
251 2776 354 2806 Μαιτὴ.,
371 2781 416 2805 vxi,
432 2776 469 2799 16.

1731 261 1785 291 581

1011 329 1123 371 pribus
1138 330 1169 360 et
1186 328 1285 369 spinis
1299 337 1379 369 pene
1396 328 1430 360 in
1443 329 1596 360 universa
1610 330 1694 359 terra
1711 327 1791 358 exis-

1010 383 1164 422 tentibus,
1176 383 1279 414 terror
1292 382 1328 423 (b)
1346 382 1513 423 spInarum
1528 391 1565 413 ac
1579 382 1729 422 veprium
1739 390 1791 412 ve-

1011 438 1079 469 niat
1093 438 1127 469 in
1140 437 1234 468 horto
1251 445 1320 476 suo,
1338 437 1436 478 quia⁴
1460 437 1498 468 de
1513 436 1615 477 spinis
1630 445 1705 467 uvae
1727 436 1792 466 mi-

1011 492 1100 524 nime
1115 491 1324 532 colliguntur.

1293 602 1436 636 CAPUT
1461 602 1505 636 V.

1249 686 1287 712 De
1305 684 1383 712 modo
1403 684 1556 712 laborandi.

1052 765 1179 796 Fratres
1199 763 1257 803 illi,
1275 763 1392 804 quibus
1417 763 1556 804 gratiam
1578 763 1663 794 dedit
1684 762 1793 794 Domi-

1012 828 1076 851 nus
1098 818 1277 856 laborandi,
1298 817 1444 848 laborent
1464 816 1598 848 fideliter
1621 818 1652 847 et
1669 816 1794 854 devote,

1012 874 1057 905 ita
1071 873 1157 914 quod
1172 873 1300 904 excluso
1310 872 1375 903 otio
1386 871 1504 902 animae
1519 870 1662 908 inimico,
1678 871 1796 901 sanctae

1014 927 1167 959 orationis
1184 928 1215 958 et
1231 925 1410 958 devotionis
1432 925 1580 965 spiritum
1599 933 1665 955 non
1686 923 1793 955 extin-

1015 983 1129 1022 guant,
1146 980 1199 1011 cui
1214 980 1330 1011 debent
1345 981 1462 1010 caetera
1475 978 1663 1019 temporalia
1682 978 1795 1009 deser—

1013 1036 1094 1067 vire.
1112 1035 1155 1066 De
1169 1034 1314 1066 mercede
1335 1043 1412 1065 vero
1433 1033 1551 1064 laboris
1573 1041 1632 1073 pro
1657 1032 1692 1072 (c)
1718 1041 1751 1063 se
1766 1033 1798 1063 et

1014 1091 1080 1122 suis
1094 1089 1246 1121 fratribus
1271 1088 1412 1128 corporis
1432 1086 1611 1118 necessaria
1624 1086 1794 1126 recipient,

1013 1146 1131 1185 praeter
1148 1143 1305 1180 denarios,
1325 1142 1377 1173 vel
1391 1141 1574 1183 pecuniam,
1593 1142 1624 1171 et
1648 1140 1710 1171 hoc
1732 1140 1795 1171 hu-

1014 1198 1146 1235 militer,
1164 1197 1245 1228 sicut
1257 1197 1346 1228 decet
1360 1204 1470 1227 servos
1488 1195 1552 1233 Dei,
1577 1196 1607 1225 et
1623 1195 1797 1235 pauperta-

1015 1252 1055 1282 tis
1070 1250 1279 1282 sanctissimae
1295 1251 1477 1281 sectatores.

1295 1346 1516 1374 EXPOSITIO.

1056 1416 1183 1448 Fratres
1197 1414 1261 1452 illi,
1277 1413 1394 1454 quibus
1424 1412 1515 1444 dedic
1546 1411 1700 1443 Dominus
1727 1418 1800 1451 qra-

1016 1471 1096 1503 tiam
1119 1469 1302 1502 laborandi.
1329 1468 1402 1499 Post
1423 1467 1592 1498 exclusum
1620 1465 1798 1506 periculum

1015 1526 1117 1565 Judae,
1136 1526 1186 1556 hic
1201 1524 1342 1556 excludit
1357 1523 1536 1564 periculum
1553 1520 1740 1560 Religionis,
1758 1529 1799 1551 ne

1017 1580 1140 1620 Sponsa
1155 1579 1269 1610 Christi
1281 1587 1395 1618 panem
1406 1577 1551 1608 comedat
1563 1575 1674 1606 otiosa.
1691 1574 1800 1605 Primo

1016 1633 1168 1664 informat
1191 1631 1382 1663 laborabiles
1407 1631 1446 1661 ad
1470 1630 1631 1666 laborem;
1660 1627 1800 1659 secundo

1016 1688 1123 1718 subdit
1150 1686 1315 1718 laborandi
1341 1686 1498 1726 triplicem
1523 1684 1693 1721 rationem,
1724 1682 1768 1713 ibi
1791 1693 1797 1713 :

1016 1742 1067 1774 Ita
1082 1740 1168 1781 quod
1182 1741 1309 1773 excluso
1320 1741 1397 1772 otio.
1416 1739 1474 1770 Pro
1490 1738 1598 1778 primo
1611 1736 1706 1768 dicit:
1719 1737 1800 1767 Fra-

1017 1798 1079 1828 tres
1095 1796 1156 1834 illi,
1174 1795 1288 1835 quibus
1306 1794 1476 1830 Dominus,
1495 1802 1562 1823 non
1578 1791 1651 1821 dicit
1675 1799 1799 1828 omnes,

1016 1850 1087 1881 sed:
1106 1850 1168 1888 aa,
1185 1849 1300 1889 quibus
1315 1847 1407 1880 (ledit
1422 1848 1583 1879 Dominus
1603 1846 1744 1885 qratiam
1758 1844 1802 1876 la-

1018 1903 1164 1941 bow-anai,
1179 1903 1224 1940 (in
1238 1903 1296 1933 liac
1306 1902 1411 1941 gratia
1425 1900 1571 1940 intelligo
1587 1900 1671 1929 vires
1687 1907 1800 1938 corpo-

1016 1958 1074 1994 ris,
1091 1960 1122 1988 et
1136 1958 1283 1988 habitum
1305 1956 1383 1986 artis
1404 1955 1608 1995 acquisitum,
1633 1962 1669 1983 ac
1685 1951 1801 1983 habili-

1016 2014 1114 2042 tatem
1143 2011 1240 2041 etiam
1267 2012 1369 2040 artem
1402 2007 1603 2049 acquirendi)
1620 2032 1629 2045 ,
1659 2006 1802 2038 laborent

1018 2066 1170 2105 fideliter,
1187 2067 1335 2105 respectu
1348 2064 1410 2103 sui,
1424 2066 1454 2094 et
1468 2062 1618 2103 proximi,
1637 2065 1665 2094 ec
1680 2061 1799 2099 devote,

1017 2122 1165 2161 respectu
1184 2120 1248 2158 Dei,
1266 2124 1301 2149 ut
1321 2118 1439 2149 scilicet
1462 2117 1553 2147 labor
1576 2117 1642 2156 ipse
1667 2116 1701 2145 in
1729 2115 1799 2154 glo-

1017 2176 1099 2206 riam
1117 2175 1168 2205 Dei
1184 2174 1354 2213 dirigatur.
1372 2172 1414 2202 De
1430 2171 1613 2211 cujusmodi
1628 2172 1737 2201 autem
1761 2169 1802 2199 la-

1018 2230 1105 2261 boris
1119 2237 1238 2269 genere
1258 2228 1418 2267 loquatur,
1447 2228 1531 2265 patet
1557 2235 1597 2256 ex
1622 2224 1802 2255 rationibus

1018 2284 1146 2321 laboris,
1164 2291 1238 2322 quae
1250 2283 1324 2312 sunt
1336 2283 1409 2318 tres,
1428 2279 1546 2310 scilicet
1562 2278 1705 2309 exclusio
1718 2277 1799 2307 otio-

1019 2338 1131 2376 sitatis,
1144 2336 1354 2367 inssammatio
1363 2334 1551 2371 devotionis,
1567 2332 1693 2372 adeptio
1702 2333 1799 2362 etiam

1020 2391 1259 2423 sustentationis
1286 2389 1475 2420 necessariae
1491 2386 1674 2427 corporalis.
1693 2385 1800 2416 Voluit

1019 2456 1099 2486 ergo
1116 2445 1148 2476 S.
1167 2444 1351 2476 Franciscus
1364 2451 1490 2474 summe
1504 2441 1657 2472 fratribus
1678 2440 1800 2480 imponi

1020 2501 1206 2533 exercitium
1222 2525 1230 2538 ,
1270 2499 1354 2540 quod
1396 2498 1624 2537 perfectissime
1659 2496 1801 2527 excludit

1020 2556 1133 2593 otium,
1148 2554 1232 2595 quod
1249 2562 1374 2584 summe
1390 2552 1490 2582 nutrit
1506 2551 1688 2581 devotionis
1703 2549 1800 2579 affec-

1020 2612 1101 2648 tum,
1119 2609 1205 2649 quod
1218 2606 1419 2638 laudabiliori
1444 2605 1537 2635 niodo
1558 2604 1684 2644 corpori
1710 2613 1815 2634 nece-⁷

1021 2663 1157 2695 cessaria
1172 2661 1394 2693 subministrat
1408 2670 1414 2690 z
1432 2659 1521 2689 labor
1532 2660 1639 2690 autem
1652 2666 1799 2697 corpora-

1055 2747 1085 2776 (α)
1101 2745 1175 2769 Forte
1189 2744 1236 2767 rlvl.
1253 2742 1434 2773 evigilantiam.
1449 2755 1477 2759 —
1495 2741 1525 2771 (b)
1542 2741 1616 2765 Forte
1633 2741 1679 2771 legs.
1698 2741 1798 2764 horror.

1022 2795 1051 2800 —
1065 2783 1094 2812 (c)
1111 2782 1169 2805 Cret.
1187 2779 1247 2802 alet.
1264 2785 1318 2809 per.
