2029 3052
171 2349 216 2370 Cur
225 2349 267 2370 fra-

173 2384 218 2403 tres
226 2382 253 2402 de

173 2414 219 2434 loco
226 2413 253 2433 ad

180 2446 252 2465 locum

183 2477 244 2504 juste

171 2510 256 2529 muten—

298 221 358 252 528

299 296 374 319 cum
388 287 467 327 Deo;
488 286 623 326 decimo,
639 295 680 318 ex
695 288 795 327 gustu
817 287 952 319 internae
969 287 1076 319 dulce-

276 355 278 357 >
299 340 381 372 dinis
403 341 484 381 ejus,
508 343 539 372 et
562 340 783 381 experimento
801 340 917 372 'crebro
939 341 1076 372 exaudi-

296 395 405 434 tionis,
422 395 477 436 qui
493 404 618 435 semper
633 394 668 425 in
691 394 795 425 officio
815 403 883 425 esse
904 403 937 426 se
959 395 1073 433 doleat,

296 451 328 481 et
343 451 453 482 tamen
470 459 546 481 cum
564 449 604 481 ad
625 449 686 481 1100
700 449 912 490 compell1tur,
928 450 1073 490 aequani-

296 503 392 535 miter
405 504 482 536 illud
496 504 587 542 ferat,
604 513 674 543 nec,
701 505 831 544 propter
852 503 913 535 hoc
928 505 964 535 ut
982 504 1075 535 citius

297 557 483 590 absolvatur
507 558 546 589 ab
566 558 681 597 officio,
703 558 924 598 negligentius
938 558 973 589 in
989 567 1026 589 eo
1040 567 1074 590 se

298 613 410 652 gerat;
433 611 613 651 undecimo,
639 611 725 652 quod
745 611 885 652 corporis
907 611 1074 643 imbecilli-

293 667 358 697 tate
372 675 392 697 a
409 666 591 697 communis
605 666 681 698 vitae.
707 666 910 698 observantia
922 675 987 697 non
1001 675 1072 697 om-

293 719 371 751 nino
385 719 590 760 impediatur.
603 721 673 751 Istae
684 720 878 751 conditiones
891 719 988 750 simul
1002 728 1073 750 om-

292 782 350 805 nes
365 773 399 804 in
413 773 524 814 paucis
535 774 758 814 reperiuntur:
769 773 840 804 ideo
851 782 968 813 paucos
978 773 1072 804 stabi-

291 827 338 859 les
348 828 381 859 in
392 828 496 859 officio
509 837 682 869 possumus
692 827 810 859 habere
821 827 982 868 praelatos,
992 827 1072 859 dum

291 881 388 913 nimis
400 882 438 922 (a)
453 883 528 913 sunt
544 890 675 922 corpore
690 881 808 913 debiles
823 890 882 922 pro
894 881 1013 913 talibus
1027 881 1072 912 la-

290 935 424 967 boribus
432 937 463 967 et
473 935 738 967 sollicitudinibus
747 935 948 975 sufferendis,
959 938 1015 968 aut
1024 935 1072 967 ni-

290 989 352 1020 mis
360 989 569 1022 involuntarii
580 999 637 1031 pro
645 990 761 1021 timore
771 990 983 1029 conscientiae,
992 990 1070 1022 dum

289 1051 414 1084 semper
420 1044 532 1075 timent
537 1043 644 1074 miuus
651 1053 748 1084 quam
754 1043 888 1074 debeant
894 1043 1006 1082 facere,
1014 1046 1070 1075 aut

289 1096 324 1128 in
337 1097 551 1128 exterioribus
566 1097 805 1138 provisionibus
820 1097 914 1136 mitti,
930 1098 987 1128 aut
1002 1106 1069 1129 mo-

288 1159 338 1182 res
359 1160 472 1183 eorum
483 1151 516 1182 in
527 1151 635 1192 aliquo
645 1151 797 1182 fratribus
813 1150 1000 1192 displicent,
1016 1151 1069 1183 vel

290 1204 399 1236 minus
413 1205 549 1246 placent,
565 1207 620 1236 aut
634 1204 713 1236 forte
729 1205 762 1236 in
776 1205 838 1236 alio
853 1205 921 1236 loco
936 1205 987 1237 vel
997 1205 1067 1236 offi-

289 1259 337 1290 cio
352 1259 495 1291 utiliores
510 1262 586 1290 sunt
602 1259 751 1300 quidam:
769 1261 898 1299 propter
913 1260 973 1290 ista
982 1269 1067 1300 saepe

289 1315 457 1345 mutantur
471 1313 606 1354 praelati.
626 1313 752 1344 Bonum
767 1315 814 1345 est
829 1313 925 1344 etiam
938 1316 1068 1354 propter

287 1366 360 1406 hoc,
372 1377 413 1398 ne
427 1368 507 1399 fiant
521 1367 693 1408 aliquando
709 1367 893 1405 insolentes,
910 1367 937 1398 si
951 1367 1068 1398 scirent

286 1421 369 1453 sein
392 1422 535 1453 dominio
558 1430 787 1462 permansuros
806 1421 874 1459 diu,
900 1424 936 1452 ut
961 1421 1005 1452 sic
1033 1421 1066 1451 in

285 1475 468 1507 humilitate
478 1478 657 1515 serventur,
675 1478 705 1508 et
715 1476 844 1514 subditi,
858 1475 976 1516 quibus
987 1476 1066 1506 sorte

285 1531 396 1570 gravis
410 1531 627 1562 essetillorum
641 1531 775 1571 alicujus
788 1530 944 1571 praelatio,
956 1530 994 1561 de
1008 1539 1064 1570 spe

284 1585 384 1616 facilis
411 1585 620 1617 absolutionis
646 1586 717 1625 ejus
741 1585 955 1616 consolentur.
983 1584 1065 1616 Sunt

285 1639 380 1670 etiam
395 1640 526 1680 quidam
542 1640 617 1671 boni
642 1639 772 1679 subditi,
792 1639 847 1671 sed
865 1639 995 1671 inutiles
1007 1649 1065 1680 pro

285 1693 425 1733 praelatis
442 1705 449 1725 :
468 1693 538 1725 idco
553 1693 763 1734 deponentur.

562 1787 678 1821 Quaestio
697 1790 782 1815 sea-ta.

324 1857 387 1888 Cur
411 1858 519 1887 autem
544 1856 636 1887 toties
660 1856 790 1887 mutatis
811 1855 925 1886 fratres
938 1855 1063 1896 aliquos

282 1910 320 1941 de
334 1910 403 1941 loco
414 1910 453 1941 ad
468 1910 595 1941 locum?
614 1909 803 1950 Suspectum
819 1909 906 1940 enim
921 1909 1060 1947 videtur,

282 1965 373 2004 quasi
387 1964 514 2005 aliquod
529 1964 650 1995 crimen
669 1963 713 1994 ibi
730 1963 959 2002 commiserint,
975 1963 1062 1995 unde

283 2021 460 2056 mutantur,
479 2018 530 2049 vel
547 2018 640 2058 quasi
655 2028 695 2049 cx
711 2017 909 2058 impatientia
924 2026 993 2055 sua,
1010 2017 1061 2048 vel

283 2072 431 2110 aliorum,
449 2082 513 2103 non
531 2072 653 2112 possint
663 2072 706 2102 ibi
718 2081 859 2110 manere,
875 2071 977 2103 velex
988 2080 1061 2102 rau-

283 2136 354 2158 core
370 2136 435 2158 non
461 2127 621 2167 permittat
642 2135 716 2157 eum
737 2125 888 2166 praelatus
902 2126 945 2156 ibi
965 2128 1058 2174 stam,

283 2181 339 2212 ubi
355 2181 461 2220 diligit
477 2183 507 2212 et
525 2179 707 2211 consolatur
721 2187 799 2210 esse.

593 2275 744 2310 Responsio.

321 2342 383 2374 vix
407 2342 526 2382 aliquid
548 2342 583 2372 sit
606 2345 669 2372 lam
689 2350 780 2382 pure,
806 2341 885 2381 quin
906 2342 1005 2382 possit
1019 2343 1058 2373 ab

282 2397 388 2437 aliquo
410 2395 536 2426 sinistre
556 2395 767 2434 interpretari.
787 2395 878 2435 quasi
894 2396 977 2427 male
991 2397 1055 2427 fiat.

283 2450 343 2482 Sed
372 2450 493 2480 bonum
518 2458 583 2480 non
610 2448 680 2479 ideo
707 2449 828 2480 malum
849 2451 907 2488 est,
930 2450 956 2480 si
979 2450 1057 2482 illud

282 2504 371 2542 mali,
389 2513 444 2535 seu
457 2503 558 2542 stulti,
577 2502 686 2533 dicunt
701 2503 835 2534 malum.
852 2504 935 2535 Sunt
949 2507 1056 2536 autem

282 2559 390 2599 plures
405 2567 510 2589 causce
522 2566 621 2597 quare
636 2557 747 2588 fratres
762 2558 799 2588 de
812 2557 880 2589 loco
895 2559 935 2589 ad
948 2559 1055 2591 locum

280 2614 457 2643 mutantur.
486 2611 666 2651 Aliquando
693 2612 863 2643 consolatio
882 2614 968 2653 eius,
999 2615 1055 2655 qui

279 2668 434 2705 mutatur,
449 2666 524 2707 quia
547 2666 591 2697 sic
609 2665 731 2707 petivit.
747 2666 927 2707 Aliquando
940 2677 1054 2700 conso-

309 2731 343 2762 (a)
363 2731 423 2755 coet.
439 2729 498 2754 edit.
515 2730 607 2755 miuus.

763 218 955 252 LIBELLUS
977 218 1273 252 APOLOGETICUS
1296 219 1338 252 IN
1360 220 1434 254 EOS

1131 287 1207 319 latio
1219 288 1363 328 ipsorum
1377 289 1418 320 ad
1431 296 1512 329 quos
1522 287 1668 329 mittitur,
1685 290 1762 331 quia
1780 291 1843 324 hoc
1854 301 1908 335 pe-

1130 341 1273 374 tiverunt
1293 342 1463 382 diligentes
1483 351 1569 382 eum,
1595 352 1654 384 pro
1672 343 1758 376 bona
1778 354 1908 379 conver-

1130 395 1252 427 satione
1284 396 1337 428 vel
1366 396 1512 428 utilitate.
1549 396 1730 438 Aliquando
1757 399 1905 440 forsitan,

1130 449 1208 489 quia
1223 449 1299 480 alibi
1313 450 1418 490 magis
1432 450 1629 482 necessarius
1643 453 1690 482 est
1703 453 1735 483 et
1748 452 1835 484 utilis
1848 463 1908 494 pro

1129 503 1353 543 praedicatione
1376 506 1407 535 et
1431 505 1636 544 confessione,
1659 505 1712 538 vel
1728 505 1790 538 alio
1803 507 1907 540 officio

1129 556 1244 589 domus
1257 557 1354 589 illius.
1370 558 1552 599 Aliquando
1565 568 1624 600 pro
1639 560 1761 600 majore
1775 560 1907 601 spiritus

1128 611 1200 650 ejus
1214 611 1332 652 quiete,
1352 612 1429 652 quia
1449 612 1494 643 ibi
1509 612 1617 644 minus
1637 622 1657 644 a
1671 614 1857 654 parentibus
1875 617 1906 647 et

1129 665 1199 696 aliis
1210 666 1446 706 requirentibus
1457 666 1636 698 infestatur.
1652 667 1833 708 Aliquando
1847 678 1906 709 pro

1128 719 1293 750 communi
1307 720 1512 759 recreatione,
1529 720 1606 760 quia
1623 730 1678 752 aer
1689 721 1741 754 vel
1754 721 1906 754 victualia

1127 773 1200 813 plus
1215 773 1258 804 ibi
1271 776 1456 814 competunt
1470 774 1510 813 ei,
1527 774 1578 806 vel
1591 777 1766 815 suppetunt
1777 785 1835 816 pro
1851 776 1902 808 in-

1127 827 1273 867 digentia
1295 838 1365 860 sua.
1389 828 1580 869 Aliquando,
1605 829 1682 869 quia
1701 829 1735 860 in
1749 839 1815 861 uno
1835 830 1904 862 loco

1125 881 1223 914 habet
1237 883 1352 924 aliquis
1372 883 1554 915 tentationis
1574 883 1709 924 alicujus
1720 884 1901 924 materiam,

1125 945 1224 977 quam
1244 946 1310 968 non
1332 937 1428 969 habet
1442 938 1477 968 in
1495 937 1569 968 alio.
1594 937 1704 969 Posset
1725 938 1822 970 etiam
1843 939 1903 970 ali-

1125 988 1254 1028 quando
1276 989 1427 1028 accidere,
1444 989 1530 1029 quod
1543 988 1658 1030 aliquis
1673 989 1857 1030 deliquisset
1868 990 1902 1022 in

1124 1051 1190 1073 uno
1205 1042 1285 1081 loco,
1299 1042 1384 1083 quod
1397 1051 1454 1083 pro
1469 1042 1620 1083 sopiendo
1632 1043 1792 1082 scandalo,
1807 1052 1903 1084 expe-

1124 1095 1205 1127 diret
1220 1105 1295 1127 eum
1311 1098 1429 1128 mutari
1442 1097 1473 1128 in
1489 1098 1590 1129 alium
1608 1098 1727 1130 locum.
1748 1097 1903 1130 Similiter

1124 1152 1229 1190 posset
1243 1151 1358 1191 aliquis
1372 1151 1415 1183 ita
1429 1161 1497 1183 esse
1512 1152 1666 1183 distortus
1679 1152 1835 1191 moribus,
1850 1152 1902 1185 vel

1124 1214 1165 1236 ex
1177 1205 1284 1246 aliqua
1299 1207 1441 1247 corporis
1460 1207 1613 1247 qualitate
1633 1215 1799 1244 onerosuS‚
1815 1207 1902 1247 quod

1123 1268 1182 1299 pro
1197 1260 1366 1300 partitione
1378 1261 1483 1292 oneris
1495 1261 1565 1292 aliis
1582 1261 1850 1292 transmitteretur
1858 1260 1899 1292 ad

1122 1315 1260 1354 tempus,
1278 1316 1313 1346 ut
1328 1314 1382 1345 alii
1402 1315 1529 1346 interim
1552 1315 1593 1346 ab
1608 1324 1646 1346 eo
1663 1315 1897 1354 relevarentur,

1122 1367 1204 1398 sicut
1216 1377 1297 1399 onus
1312 1368 1352 1399 ab
1369 1377 1430 1399 uno
1446 1368 1581 1399 humero
1592 1368 1625 1399 in
1634 1368 1734 1399 alium
1751 1377 1901 1400 commu-

1122 1423 1219 1453 tatur.
1241 1422 1329 1454 Valet
1343 1422 1439 1454 etiam
1454 1422 1493 1453 ad
1508 1422 1568 1453 hoc
1583 1422 1723 1454 maxime
1737 1422 1810 1454 talis
1823 1431 1900 1454 mu-

1122 1477 1210 1516 tatio,
1226 1479 1263 1508 ut
1282 1478 1395 1508 fratres
1418 1477 1595 1509 secundum
1615 1477 1763 1517 regulam
1781 1485 1899 1517 agnos-

1122 1532 1193 1561 cant
1208 1540 1241 1562 se
1255 1531 1441 1571 peregrinos
1456 1533 1487 1562 et
1500 1531 1639 1562 advenas
1649 1531 1682 1562 in
1693 1531 1753 1562 hoc
1764 1531 1897 1569 mundo,

1122 1592 1187 1615 non
1209 1584 1362 1616 habentes
1385 1585 1437 1616 hic
1459 1587 1643 1616 manentem
1664 1585 1844 1624 civitatem,
1867 1586 1899 1616 et

1120 1647 1247 1679 semper
1274 1641 1429 1670 aeternam
1459 1639 1596 1679 patriam
1628 1639 1835 1679 inquirentes.
1864 1638 1898 1670 Si

1121 1693 1207 1724 enim
1222 1694 1255 1724 in
1272 1703 1336 1725 uno
1348 1693 1416 1725 loco
1428 1693 1484 1725 (110
1498 1697 1581 1724 stare
1591 1693 1752 1731 deberent,
1765 1692 1897 1733 quidam

1120 1747 1236 1778 nimias
1256 1748 1299 1778 ibi
1314 1747 1538 1779 contraherent
1549 1756 1623 1778 cum
1639 1747 1811 1785 extraneis,
1823 1756 1897 1778 cum

1120 1802 1321 1841 potentibus,
1350 1811 1425 1833 cum
1449 1802 1588 1833 1031111015
1603 1801 1769 1840 amicitias,
1785 1810 1897 1841 corpo-
1942 1791 1943 1794 Ἴ

1120 1855 1164 1886 ris
1179 1856 1346 1887 commoda
1367 1857 1588 1896 procurarent,
1612 1857 1799 1896 sumptuosa
1818 1855 1894 1886 aedi-

1119 1910 1191 1940 ficia
1206 1912 1436 1948 construerent,
1454 1912 1484 1941 et
1499 1919 1572 1940 cum
1588 1909 1630 1940 ibi
1646 1909 1737 1950 quasi
1757 1909 1896 1940 notiores

1119 1964 1226 2004 magis
1241 1964 1427 1996 viderentur
1442 1973 1511 1996 esse
1525 1963 1704 2002 necessarii,
1720 1964 1807 1994 tanto
1827 1962 1894 1995 vel·

1118 2018 1184 2049 lent
1210 2028 1279 2050 esse
1302 2028 1399 2059 super
1418 2020 1548 2050 caeteros
1570 2017 1772 2058 potentiores,
1798 2016 1841 2047 ita
1861 2018 1896 2048 ut

1117 2082 1177 2104 nec
1192 2073 1315 2114 praelati
1330 2073 1484 2104 auderent
1499 2072 1567 2103 sine
1582 2071 1657 2112 ipsis
1670 2071 1704 2101 in
1718 2070 1813 2102 domo
1834 2070 1892 2101 ali-

1117 2127 1193 2167 quid
1207 2127 1366 2166 ordinare,
1384 2128 1414 2157 et
1436 2125 1535 2158 veluti
1552 2125 1690 2166 quadam
1704 2124 1894 2156 diuturnita—

1116 2181 1156 2211 tis
1177 2181 1414 2221 praescriptione
1439 2180 1569 2211 stabiliti
1587 2179 1643 2211 vix
1668 2187 1761 2219 aequo
1786 2178 1893 2210 animo

1116 2235 1249 2273 ferrent,
1267 2235 1293 2265 si
1313 2235 1430 2267 vellent
1444 2243 1497 2266 eos
1511 2243 1569 2275 pro
1583 2234 1691 2274 aliqua
1704 2242 1800 2264 causa
1819 2242 1894 2268 mu-⁴

1116 2291 1194 2326 tare,
1214 2289 1309 2320 etiam
1323 2289 1349 2319 si
1364 2289 1452 2320 omni
1467 2289 1561 2320 modo
1574 2288 1747 2329 expediret.
1760 2287 1799 2319 Ut
1813 2295 1892 2327 ergo

1110 2343 1236 2382 puritas
1251 2344 1446 2384 paupertatis
1461 2346 1492 2374 et
1503 2342 1691 2374 obedientiae
1709 2341 1824 2373 melius
1839 2341 1891 2372 ob-

1115 2399 1261 2428 servetur
1283 2397 1315 2428 in
1327 2397 1454 2436 Ordine,
1470 2399 1500 2428 et
1515 2396 1598 2428 mala
1617 2396 1755 2437 plurIma
1769 2403 1888 2436 praeca-

1115 2454 1262 2491 veantur,
1288 2452 1416 2493 expedit
1431 2452 1580 2483 fratribus
1595 2450 1766 2491 aliquando
1781 2458 1799 2480 a
1819 2449 1889 2481 loco

1114 2507 1244 2538 mutari.

1373 2594 1490 2627 Quoeslz‘o
1508 2595 1633 2630 septima.

1153 2669 1232 2701 Cum
1249 2670 1355 2710 potius
1377 2670 1530 2701 deberetis
1552 2669 1687 2708 diligere
1706 2668 1732 2699 si
1747 2666 1886 2709 religiosi

1112 2725 1143 2755 et
1158 2724 1232 2756 boni
1248 2725 1332 2764 apud
1348 2733 1404 2756 vos
1418 2725 1522 2756 essent
1538 2723 1646 2763 vicini,
1664 2731 1762 2764 quam
1784 2731 1886 2755 saecu-
