2029 3052
211 225 271 255 334

206 290 259 322 his
273 289 422 321 omnibus
436 289 511 319 ante
525 287 638 327 Deum,
654 287 741 327 quod
754 287 903 319 videlicet
914 286 985 318 uni-

210 343 340 383 genitus
353 342 408 374 Dei
422 341 532 380 Filius,
544 341 600 382 qui
615 342 663 371 est
676 341 830 380 sapientia
843 350 981 380 summa,

208 398 337 437 propter
362 395 544 427 animarum
570 393 706 425 salutem
733 394 771 426 de
790 394 863 426 sinu
880 394 983 426 Patris

209 449 379 488 descendit,
395 451 431 480 ut
445 457 504 480 suo
521 447 677 478 mundum
693 448 868 479 informans
878 457 983 479 exem-

209 503 273 544 plo,
293 504 430 536 verbum
450 502 559 533 salutis
580 501 765 532 hominibus
785 501 981 542 loqueretur,

210 566 291 598 quos
306 556 387 588 sacri
401 555 581 595 sanguinis,
599 556 631 585 et
645 555 746 595 pretio
759 555 940 594 redimeret,
954 556 984 586 et

209 610 398 642 emundaret
423 610 562 646 lavaem,
586 610 617 639 et
638 609 751 648 poculo
778 610 981 647 sustentaret,

209 664 290 696 nihil
313 663 372 694 sibi
397 663 528 694 omnino
551 671 733 700 reservam,
757 662 842 702 quod
863 671 930 693 non
951 661 984 692 in

209 718 344 749 salutem
373 718 517 748 nostram
546 716 718 747 liberaliter
749 717 909 755 erogaret.
947 714 985 745 Et

210 773 287 812 quia
294 771 447 802 debemus
460 770 569 802 onmia
581 770 682 800 facere
692 769 868 800 secundum
880 777 986 799 exem-

209 825 279 866 plar
300 834 423 863 eorum,
440 833 514 864 quae
533 823 680 855 videmus
699 823 731 853 in
748 822 814 863 ipso
832 825 985 862 tanquam

209 879 243 910 in
263 880 371 910 monte
385 877 527 915 sublimi,
543 877 670 908 videtur
689 876 794 915 magis
810 876 871 907 Deo
888 876 985 916 placi-

209 934 290 971 tum,
302 931 400 972 quod,
414 931 596 962 intermissa
609 930 726 971 quiete,
739 930 823 961 foras
836 930 985 970 egrediar

210 986 249 1017 ad
263 985 417 1017 laborem.
434 985 577 1025 Cumque
596 993 652 1025 per
667 984 784 1015 multos
799 984 865 1015 dies
885 984 984 1015 verba

210 1039 397 1080 hujusmodi
420 1038 595 1069 ruminaret
610 1047 683 1068 cum
704 1037 867 1076 fratribus,
893 1038 985 1068 certi-

210 1093 394 1124 tudinaliter
408 1092 561 1132 nequibat
576 1091 748 1131 percipere,
766 1091 843 1131 quid
867 1091 986 1122 horum

211 1147 270 1178 sibi
286 1147 376 1185 foret,
390 1148 426 1177 ut
442 1145 566 1176 Christo
587 1154 663 1176 vere
677 1144 846 1184 acceptius,
863 1144 985 1184 eligen-

211 1201 300 1232 dum.
316 1201 394 1231 Cum
413 1200 499 1230 enim
522 1198 668 1229 miranda
693 1201 799 1229 nosset
820 1207 876 1238 per
893 1198 985 1238 spiri-

212 1256 281 1285 tum
297 1253 483 1294 prophetiae,
505 1253 588 1283 hanc
603 1261 659 1292 per
674 1252 815 1291 seipsum
835 1252 986 1292 quaestio-

212 1317 286 1339 nem
310 1307 483 1338 dissolvere
504 1315 570 1337 non
593 1305 718 1336 valebat
742 1305 781 1336 ad
810 1305 984 1345 liquidum,

212 1362 275 1392 Deo
307 1360 420 1391 melius
449 1359 636 1400 providente
649 1383 657 1395 ,
687 1361 723 1389 ut
754 1359 987 1399 praedicationis

213 1416 364 1447 meritum
379 1424 435 1455 per
449 1417 624 1454 supernum
644 1413 896 1443 manifestaretur
913 1422 984 1443 ora-

213 1470 331 1507 culum,
345 1470 376 1499 et
386 1468 468 1499 servi
485 1467 597 1498 Christi
613 1467 779 1497 humilitas
794 1469 986 1498 servaretur.

214 1523 282 1554 Non
304 1521 510 1553 erubescebat
529 1530 547 1552 a
570 1520 748 1551 minoribus
774 1530 874 1560 parva
896 1530 989 1560 quae-

213 1586 283 1608 rere
306 1585 402 1608 verus
426 1575 544 1613 Minor,
569 1575 623 1614 qui
649 1583 768 1614 magna
793 1574 944 1605 didicerat
970 1584 989 1605 a

214 1630 367 1670 Magistro
395 1638 555 1670 supremo.
582 1628 693 1659 Studio
715 1637 853 1668 namque
879 1628 989 1668 111εο01-

213 1693 276 1724 puo
291 1684 401 1714 solitus
416 1685 483 1713 erat
499 1682 677 1722 exquirere,
695 1681 781 1721 quali
801 1682 863 1719 via,
882 1682 986 1721 quali-

213 1747 275 1777 que
290 1737 384 1768 modo
400 1737 462 1767 Deo
478 1738 580 1776 posset
594 1735 768 1766 secundum
784 1735 884 1774 ipsius
897 1735 988 1765 bene-

214 1791 363 1831 placitum
387 1789 556 1830 perfectius
578 1789 746 1819 deservire.
772 1788 846 1818 11ωο
862 1798 989 1819 summa

213 1845 282 1884 ejus
298 1844 510 1884 philosophia,
527 1843 587 1873 1100
603 1851 767 1873 summum
783 1843 852 1881 eius
867 1842 988 1873 deside-

214 1898 298 1928 rium
315 1897 428 1935 extitit,
445 1896 549 1936 quoad
564 1896 656 1933 vixit,
678 1898 714 1925 ut
727 1898 886 1935 quaereret
902 1905 920 1926 a
937 1905 986 1926 sa-

214 1951 371 1990 pientibus
386 1954 416 1981 ct
435 1949 643 1989 simplicibus,
662 1949 804 1989 perfectis
821 1952 851 1979 et
870 1950 987 1990 imper-

214 2005 316 2042 fectis,
343 2003 484 2043 parvulis
507 2006 538 2033 et
562 2003 760 2042 grandaevis,
789 2003 922 2042 qualiter
949 2003 989 2034 ad

214 2058 414 2098 perfectionis
449 2057 576 2088 culmen
614 2056 788 2087 virtuosius
821 2057 988 2096 pervenire

215 2113 343 2144 valeret.
361 2113 536 2143 Assumens
552 2111 658 2151 itaque
675 2110 754 2141 duos
769 2119 808 2140 cx
826 2110 987 2148 fratribus,

216 2167 299 2197 misit
325 2167 363 2196 ad
392 2167 520 2196 fratrem
552 2165 760 2201 Silvestrum,
783 2164 839 2204 qui
863 2173 988 2194 crucem

215 2220 432 2259 egredientem
448 2219 569 2250 viderat
589 2219 626 2249 (10
646 2227 700 2249 ore
719 2218 820 2258 ipsius
838 2229 844 2248 :
862 2220 891 2248 et
914 2220 990 2248 tunc

216 2274 248 2304 in
266 2275 405 2304 montem
421 2282 517 2312 supra
532 2272 687 2303 Assisium
706 2272 833 2311 Jugitei·
855 2271 990 2302 orationi

217 2328 359 2365 vacabat,
376 2329 412 2358 ut
426 2326 570 2357 divinum
590 2335 685 2365 super
707 2325 904 2356 dubitatione
926 2325 988 2356 1111-

213 2381 355 2421 jusmodi
375 2388 564 2420 responsum
586 2379 796 2418 perquireret,
821 2378 905 2418 quod
930 2378 989 2409 sibi

217 2446 257 2467 ex
280 2438 369 2476 parte
397 2433 522 2465 Domini
551 2432 765 2463 demandaret.
796 2431 862 2463 Hoc
886 2432 990 2472 ipsum

218 2488 421 2521 demandavit
436 2496 533 2518 sacrae
549 2486 671 2525 virgini
688 2486 794 2522 Clara),
812 2488 847 2516 ut
862 2495 917 2525 per
932 2486 989 2516 ali-

219 2552 315 2583 quam
329 2542 490 2582 puriorem
506 2542 537 2571 et
551 2539 776 2579 simpliciorem
797 2539 834 2569 de
855 2539 989 2578 virgini-

219 2597 278 2627 bus
293 2596 352 2626 sub
368 2595 465 2635 ipsius
481 2593 644 2633 disciplina
661 2593 861 2631 degentibus,
879 2596 909 2624 et
923 2594 992 2633 ipsa

220 2659 294 2680 cum
311 2648 471 2679 sororibus
486 2647 555 2677 aliis
570 2656 676 2683 orans,
692 2655 787 2686 super
801 2646 860 2676 hoc
876 2647 991 2686 exqui-

222 2705 303 2733 reret
328 2701 449 2732 Domini
474 2701 680 2731 voluntatem.
712 2699 991 2731 Concordaverunt

778 218 961 251 LEGENDA
983 218 1016 251 S.
1037 217 1252 250 FRANCISCI.

1041 287 1150 317 autem
1171 285 1361 317 mirabiliter
1381 286 1416 317 in
1438 285 1589 326 idipsum,
1607 295 1746 327 superno
1768 288 1814 320 eis

1039 339 1201 371 revelante
1222 339 1363 380 Spiritu,
1387 339 1578 372 venerabilis
1600 340 1759 380 sacerdos,
1784 343 1816 373 et

1039 393 1137 433 virgo
1152 395 1216 425 Deo
1232 393 1343 440 dicata,
1357 393 1545 434 beneplaciti
1559 394 1676 425 scilicet
1690 403 1757 425 esse
1771 394 1817 425 di-

1042 447 1120 485 vini,
1144 447 1229 488 quod
1248 447 1363 478 Christi
1385 456 1490 487 praeco
1513 447 1553 478 ad
1575 447 1817 488 praedicandum

1040 500 1152 531 exiret.
1182 500 1427 532 Revertentibus
1454 501 1560 541 itaque
1587 501 1759 540 fratribus,
1786 503 1818 533 et

1041 553 1106 592 Dei,
1119 554 1214 593 juxta
1227 554 1314 594 quod
1327 556 1525 594 acceperant,
1539 554 1752 586 indicantibus
1763 565 1818 587 vo-

1040 607 1208 646 luntatem,
1231 616 1396 647 exurgens
1414 607 1565 639 continuo
1585 608 1742 639 succinxit
1765 617 1815 648 se,

1040 662 1072 691 et
1081 660 1170 692 nulla
1182 670 1312 701 prorsus
1323 662 1483 692 contracta
1492 670 1594 700 mora,
1602 661 1663 692 iter
1677 671 1817 702 aggres-

1041 723 1095 745 sus
1110 716 1165 745 est.
1191 714 1258 745 ibat
1281 716 1389 745 autem
1414 723 1488 745 cum
1511 716 1599 746 tanto
1619 715 1756 754 fervore,
1781 718 1818 748 ut

1041 767 1188 799 divinum
1218 770 1430 809 exequeretur
1465 768 1652 808 imperium,
1687 771 1818 810 tamque

1040 821 1182 852 celeriter
1198 822 1412 862 percurrebat,
1434 831 1470 852 ac
1485 822 1522 860 si,
1543 822 1625 852 facta
1648 831 1746 854 manu
1763 823 1817 854 Dei

1041 884 1137 915 super
1151 884 1239 914 eum,
1256 884 1374 906 novam
1399 875 1554 906 induisset
1577 885 1594 906 e
1614 875 1692 906 coelo
1713 875 1818 907 virtu-

1040 931 1117 960 tem.
1135 928 1214 960 Cum
1230 929 1331 968 igitur
1342 929 1612 970 appropinquaret
1626 929 1816 969 Bevanium,

1041 983 1080 1014 ad
1095 983 1268 1024 quemdam
1283 983 1390 1014 locum
1407 983 1545 1021 devenit,
1568 983 1603 1014 in
1622 992 1686 1023 quo
1701 983 1818 1015 diversi

1043 1037 1171 1076 generis
1187 1036 1298 1067 avium
1315 1037 1457 1067 maxima
1472 1036 1641 1068 multitudo
1656 1046 1818 1068 convene-

1041 1092 1101 1121 rat.
1116 1090 1201 1128 Quas
1215 1100 1290 1122 cum
1302 1093 1431 1122 sanctus
1446 1091 1501 1122 Dei
1518 1091 1656 1128 vidisset,
1673 1091 1819 1122 alacriter

1042 1145 1183 1175 cucurrit
1194 1145 1233 1176 ad
1246 1144 1363 1183 locum,
1379 1147 1410 1175 et
1425 1153 1477 1175 eas
1492 1144 1582 1176 velut
1597 1145 1729 1176 rationis
1743 1154 1819 1185 par-

1042 1198 1150 1238 ticipes
1171 1198 1332 1229 salutavit.
1356 1197 1512 1229 Omnibus
1533 1207 1609 1229 vero
1627 1198 1820 1238 expectanti-

1042 1252 1113 1289 buS,
1131 1254 1161 1282 et
1177 1252 1434 1283 convertentibus
1444 1261 1477 1282 se
1489 1251 1527 1282 ad
1542 1261 1628 1289 eum,
1645 1252 1689 1283 ita
1698 1255 1734 1283 ut
1746 1261 1819 1292 quae

1043 1305 1075 1335 in
1089 1306 1227 1336 arbustis
1251 1308 1352 1343 erant,
1373 1305 1532 1336 inclinatis
1551 1305 1720 1346 capitibus,
1744 1315 1818 1337 cum

1043 1359 1313 1400 appropinquaret
1325 1359 1363 1390 ad
1382 1369 1447 1397 eaS,
1468 1359 1595 1391 insolito
1611 1360 1704 1391 modo
1720 1361 1752 1390 in
1766 1360 1818 1400 ip-

1043 1422 1117 1443 sum
1140 1413 1348 1451 intenderent,
1373 1422 1474 1453 usque
1495 1413 1534 1444 ad
1557 1423 1609 1444 eas
1632 1413 1771 1450 accessit,
1788 1415 1818 1444 et

1043 1475 1166 1503 omnes,
1184 1469 1218 1497 ut
1239 1466 1375 1498 verbum
1402 1466 1526 1497 Domini
1547 1467 1705 1505 audirent,
1730 1466 1816 1498 solli-

1043 1520 1102 1551 cite
1125 1520 1302 1558 admonuit,
1327 1520 1434 1551 dicens
1455 1531 1461 1551 z
1490 1520 1615 1551 Fratres
1639 1521 1700 1551 mei
1722 1520 1817 1552 volu-

1044 1584 1122 1612 0105,
1135 1575 1274 1605 multum
1286 1574 1404 1605 debetis
1417 1574 1547 1605 laudare
1558 1574 1736 1605 Creatorem
1750 1583 1817 1606 ves-

1044 1631 1141 1667 trum,
1158 1629 1212 1668 qui
1234 1628 1353 1668 plumis
1368 1637 1425 1659 vos
1440 1628 1552 1666 induit,
1574 1631 1604 1658 et
1626 1637 1745 1667 pennas
1760 1628 1816 1658 tri-

1043 1682 1111 1712 buit
1125 1681 1164 1712 ad
1175 1681 1359 1719 volandum,
1373 1681 1543 1721 puritatem
1556 1682 1710 1712 concessit
1723 1682 1816 1721 aeris,

1043 1737 1074 1765 et
1099 1735 1167 1765 sine
1189 1737 1293 1766 vestra
1319 1734 1530 1766 sollicitudine
1564 1744 1620 1766 vos
1644 1735 1815 1774 gubernat.

1044 1788 1121 1819 Cum
1150 1791 1257 1819 autem
1285 1788 1329 1818 eis
1356 1788 1425 1819 haec
1440 1812 1447 1826 ,
1477 1791 1507 1818 et
1539 1788 1590 1818 his
1623 1788 1739 1819 similia
1771 1789 1819 1820 lo-

1044 1843 1207 1881 queretur,
1223 1841 1357 1872 aviculae
1378 1841 1471 1872 modo
1494 1842 1632 1872 mirabili
1648 1842 1820 1881 gestientes

1044 1898 1210 1935 coeperunt
1228 1895 1398 1926 extendere
1421 1895 1510 1933 colla,
1533 1896 1720 1936 protendere
1741 1896 1817 1935 alas,

1044 1950 1167 1989 aperire
1182 1952 1294 1987 rostra,
1311 1952 1341 1979 et
1358 1949 1389 1979 in
1410 1949 1501 1979 illum
1521 1951 1637 1980 attente
1652 1950 1817 1990 respicere.

1045 2004 1114 2044 Ipse
1129 2012 1206 2034 vero
1221 2013 1294 2033 011111
1309 2004 1442 2043 spiritus
1457 2004 1581 2035 fervore
1597 2004 1742 2034 mirando
1763 2013 1819 2043 per

1045 2057 1185 2088 medium
1198 2057 1341 2096 ipsarum
1356 2057 1521 2095 transiens,
1539 2057 1646 2088 tunica
1656 2058 1819 2097 continge-

1045 2113 1098 2144 bat
1113 2112 1252 2150 easdem,
1269 2121 1327 2142 nec
1348 2114 1456 2142 tamen
1471 2112 1509 2142 de
1524 2111 1592 2142 1000
1611 2112 1717 2151 aliqua
1732 2114 1818 2143 mota

1045 2169 1108 2204 est,
1135 2166 1233 2196 donec
1255 2166 1351 2204 signo
1375 2165 1479 2196 crucis
1504 2165 1603 2203 sacto,
1630 2167 1660 2196 et
1694 2165 1819 2196 licentia

1045 2220 1117 2250 data
1132 2228 1205 2250 cum
1216 2219 1433 2249 benedictione
1444 2219 1506 2249 viri
1521 2218 1586 2256 Dei,
1602 2227 1712 2249 omnes
1723 2219 1818 2250 simul

1045 2273 1246 2304 advolarunt.
1264 2272 1338 2303 llaec
1359 2272 1468 2303 omnia
1493 2272 1725 2303 contuebantur
1742 2271 1819 2303 socii

1045 2328 1245 2367 expectantes
1271 2326 1304 2356 in
1329 2326 1391 2357 via.
1417 2326 1464 2356 Ad
1494 2335 1575 2365 quos
1600 2335 1747 2357 reversus
1770 2325 1819 2356 vir

1046 2380 1180 2420 simplex
1196 2382 1225 2410 et
1242 2389 1351 2419 puruS,
1368 2389 1424 2420 pro
1440 2389 1476 2410 eo
1492 2380 1577 2419 quod
1590 2389 1655 2411 11011
1668 2380 1819 2410 hactenus

1046 2435 1159 2466 avibus
1173 2434 1412 2474 proedicaverat,
1430 2434 1523 2474 coepit
1545 2443 1578 2464 se
1593 2434 1631 2464 de
1646 2432 1819 2471 negligen-

1046 2489 1089 2519 tia
1107 2488 1281 2528 inculpare.
1308 2488 1430 2518 Exinde
1455 2487 1655 2527 praedicando
1678 2495 1733 2526 per
1752 2485 1819 2516 loca

1046 2542 1150 2573 vicina
1164 2542 1346 2581 procedens,
1360 2542 1448 2573 venit
1458 2541 1496 2572 ad
1509 2543 1648 2571 castrum
1659 2540 1819 2580 quoddam

1046 2595 1175 2626 nomine
1191 2595 1375 2633 Alvianum;
1391 2596 1446 2626 ubi
1469 2596 1666 2634 congregato
1689 2593 1817 2634 populo,

1047 2651 1077 2679 et
1092 2649 1207 2681 indicto
1222 2650 1357 2687 silentio,
1382 2651 1510 2688 propter
1528 2648 1715 2679 hirundines
1734 2647 1820 2679 nidi-

1048 2704 1177 2734 ficantes
1192 2704 1225 2734 iu
1239 2704 1348 2734 eodem
1374 2704 1452 2740 loco,
1479 2702 1667 2742 magnisque
1688 2702 1817 2741 garriti-
