2029 3052
93 327 173 352 Exem-

65 358 110 384 piu.

94 1136 172 1155 Exem-

66 1166 135 1193 plum.

541 255 593 289 DE
611 255 806 289 PLURlBUS
829 254 883 287 SS.
908 255 1237 289 CONFESSORIBUS.
1261 257 1394 291 SERMO
1418 260 1440 291 1.

186 332 242 354 nec
255 324 350 354 leaena
369 324 410 354 ad
427 324 556 354 leonem.
582 323 741 359 Quomodo
756 323 857 353 anima
870 331 889 352 a
903 331 966 352 car-

186 372 306 401 nalitate
320 380 382 402 non
402 372 464 401 lota
481 371 521 400 ad
536 373 627 400 Deum
642 371 783 400 accedere
800 371 854 399 erit
867 378 940 399 ausa
951 371 965 397 ἱ)

187 419 362 456 Exemplum
375 419 488 448 habere
508 419 619 455 poteris
637 419 668 447 in
687 419 788 447 Esther
810 419 924 452 orante,
939 418 963 445 si

185 466 249 501 eJus
259 460 413 495 fflsto'riam
421 466 553 495 volueris
563 465 663 502 legere
677 466 695 493 ¹.
710 465 816 500 Tertio,
831 472 963 502 purgan-

184 512 222 541 da
243 514 287 541 est
308 513 409 541 anima
427 513 467 542 ab
482 513 564 542 omni
586 512 715 541 tumultu
737 512 781 541 rei
799 512 962 540 familiaris.

185 559 266 588 Unde
282 559 389 588 dicitur
400 560 431 588 in
446 560 525 589 libro
537 560 570 589 de
583 560 692 596 Spiritu
701 563 727 588 et
734 560 838 588 Anima
845 559 868 594 ²,
879 559 965 596 quod

184 606 285 635 anima
299 606 389 635 debet
402 615 433 635 se
447 607 596 636 retrahere
610 607 648 636 ab
665 606 807 635 omnibus
827 606 965 634 sensibus

185 654 328 691 corporis,
339 656 484 692 tanquam
498 656 731 692 impingentibus
743 658 770 684 et
781 657 965 692 perstrepen-

185 701 274 736 tibus,
296 703 325 730 et
341 702 439 730 redire
463 702 502 730 ad
516 711 547 731 se
562 703 668 731 mentis
683 703 771 731 acies.
795 705 868 731 Nam
891 703 966 731 sicut

184 748 290 784 nubes,
305 748 478 786 interposita
492 749 568 778 inter
582 758 638 779 nos
653 752 680 778 et
694 750 800 785 solem,
820 758 883 778 non
897 749 966 777 sinit

185 796 297 824 solares
311 796 413 825 radios
427 797 467 825 ad
480 805 536 825 nos
550 797 730 826 descendere
737 807 745 833 ς
762 797 803 825 sic
821 797 965 825 tumultus

185 843 398 879 cogitationum
421 843 540 872 divinos
560 844 661 873 radios
684 845 830 873 subtrahit
856 844 894 872 ab
917 852 965 873 as-

185 892 273 925 pectu
301 890 423 925 animae,
444 891 507 919 sine
529 891 639 928 quibus
661 892 762 920 anima
786 899 848 920 non
869 893 967 927 potest

185 936 310 965 sollicite
324 945 420 966 orare.
435 938 518 966 Unde
534 938 640 967 dicitur
659 938 696 967 de
718 939 862 967 talibus³z
882 949 895 964 «
910 939 966 974 Op-

185 984 310 1020 posuisti
323 984 437 1013 nubem
450 984 514 1018 tibi,
524 993 562 1014 ne
577 987 707 1014 transeat
721 985 826 1014 oratio.
839 996 853 1012 1>
870 986 966 1019 Quan-

187 1032 379 1068 tumcumque
395 1032 475 1060 enim
494 1033 562 1069 quis
583 1033 686 1061 oculos
702 1033 741 1061 ad
755 1033 863 1061 coelum
877 1032 966 1066 levet,

186 1086 342 1114 nunquam
356 1079 433 1107 radii
450 1079 578 1108 visuales
599 1080 639 1108 ad
662 1080 757 1108 solem
772 1079 965 1116 pervenient,

187 1124 211 1152 si
225 1125 256 1153 in
267 1126 368 1154 medio
377 1126 472 1163 spatio
482 1126 569 1155 suerit
580 1127 752 1163 interposita
764 1127 870 1155 nubes.
883 1126 965 1154 Unde

187 1172 312 1208 quidam
324 1175 442 1201 sanctus
455 1176 538 1202 Pater
553 1174 690 1202 dicebat:
709 1184 722 1200 «
737 1174 815 1202 Sicut
830 1174 966 1210 impossi-

186 1218 246 1247 bile
261 1221 314 1254 est,
329 1222 362 1247 ut
377 1220 478 1248 videat
491 1220 522 1248 in
537 1228 617 1256 aqua
632 1220 753 1248 turbida
771 1221 838 1257 quis
859 1220 965 1249 faciem

184 1273 281 1301 suam,
295 1266 336 1293 sic
351 1267 462 1302 anima,
478 1267 535 1294 nisi
558 1266 646 1295 fuerit
668 1270 794 1303 purgata
817 1275 835 1295 a
857 1267 966 1302 cogita-

184 1312 315 1341 tionibus
328 1314 423 1349 vanis,
440 1315 532 1341 Deum
547 1314 624 1342 bene
647 1322 744 1348 orare,
763 1314 812 1342 vel
834 1316 966 1342 contem-

183 1359 259 1395 plari
274 1368 335 1388 non
357 1361 498 1397 poterit.»
516 1362 588 1389 Nam
604 1361 741 1389 videmus
759 1361 791 1388 in
810 1369 889 1397 aqua
903 1369 966 1389 non

182 1408 274 1442 mota,
291 1407 343 1435 sed
355 1407 432 1436 bene
447 1408 557 1444 quieta,
573 1408 627 1436 ubi
642 1408 717 1436 sicut
731 1408 761 1436 in
776 1407 898 1444 speculo
919 1408 965 1436 vi-

184 1453 234 1481 det
246 1453 338 1482 homo
355 1454 462 1482 faciem
477 1463 574 1490 suam,
589 1457 644 1482 etc.

232 1552 283 1589 DE
306 1552 494 1589 PLURIBUS
518 1553 571 1589 SS.
599 1552 914 1589 CONFESSORIBUS.

405 1630 533 1660 SERMO
558 1630 703 1660 PfflMUS
719 1629 740 1660 ⁴.

219 1689 252 1716 In
266 1689 390 1717 omnibus
405 1690 505 1717 divites
526 1691 596 1723 facti
610 1691 674 1717 estis
689 1691 720 1716 in
735 1689 783 1716 illo
796 1689 816 1716 ⁵.
839 1688 904 1717 Tria
920 1689 965 1716 di-

182 1735 322 1763 vitiarum
346 1744 456 1771 genera
481 1744 543 1764 esse
565 1736 674 1764 clamat
696 1736 793 1764 omnis
817 1736 965 1771 Scriptura

184 1782 285 1811 divina
301 1792 308 1810 ;
324 1791 394 1810 nam
409 1783 548 1819 quaedam
569 1785 637 1811 sunt
659 1782 768 1810 divitiae
792 1783 962 1818 aeternales,-

183 1829 321 1864 quaedam
354 1831 421 1857 sunt
456 1830 565 1858 divitiae
600 1829 766 1865 spirituales
784 1839 791 1864 3
826 1830 964 1865 quaedam

183 1878 252 1903 sunt
278 1875 386 1903 divitiae
420 1876 607 1912 temporales.
631 1878 703 1903 Nam
737 1876 846 1904 divitiae
881 1879 964 1904 aeter-

183 1922 266 1950 nales
288 1925 356 1951 sunt
374 1922 483 1951 divitiae
503 1923 640 1958 gloriosae
659 1923 669 1939 ⁶
687 1932 693 1949 ε
713 1932 726 1948 «
744 1923 843 1951 Gloria
868 1925 895 1950 et
916 1923 962 1950 di-

183 1969 260 1997 vitiae
274 1969 305 1997 in
320 1969 412 1997 domo
435 1970 508 2005 ejus.
527 1981 540 1996 »
572 1969 684 1997 Divitiae
710 1969 876 2006 spirituales
897 1972 964 1997 sunt

183 2016 291 2044 divitiae
306 2017 451 2052 gratiosae,
472 2019 500 2044 et
517 2017 554 2044 de
573 2017 620 2044 his
644 2016 751 2044 dicitur
770 2016 801 2044 in
824 2017 963 2051 themate,

182 2071 248 2099 quae
262 2071 324 2091 ncn
343 2066 410 2091 sunt
431 2063 529 2098 aliud,
553 2072 644 2099 quam
665 2063 772 2091 divinae
793 2063 914 2091 virtutes
937 2066 964 2091 et

182 2110 292 2145 gratiae,
313 2110 423 2146 quihus
444 2110 576 2146 repletur
598 2110 698 2138 anima
719 2112 903 2138 Sanctorum.
924 2112 963 2138 De

182 2156 227 2184 his
243 2157 350 2184 dicitur
363 2166 417 2194 per
432 2157 614 2185 contrarium
629 2158 638 2174 ⁷
659 2167 665 2184 ι
696 2157 765 2185 «Sic
792 2158 829 2193 (α)
844 2159 886 2185 est
901 2157 961 2193 ille,

183 2203 234 2239 qui
250 2203 434 2239 thesaurizat,
452 2207 479 2232 et
493 2213 554 2233 non
570 2209 611 2232 est
625 2204 655 2232 in
671 2206 762 2232 Deum
779 2204 897 2231 dives.»
912 2206 963 2232 Ta-

182 2250 217 2278 lis
233 2252 275 2278 est
290 2252 401 2286 omnis,
423 2252 474 2288 qui
493 2252 602 2280 divitiis
614 2252 818 2288 spiritualibus
839 2259 960 2287 carens,

181 2297 313 2333 possidet
332 2298 430 2326 solum
451 2299 568 2327 divitias
590 2299 777 2335 temporales.
799 2300 837 2326 De
859 2299 962 2334 primis

183 2344 302 2372 duobus
318 2345 477 2380 generibus
501 2346 682 2380 divitiarum,
706 2346 815 2382 quibus
834 2348 901 2373 sunt
919 2346 961 2373 di-

181 2391 254 2419 vites
276 2392 332 2419 viri
347 2392 450 2427 sancti,
465 2393 564 2420 thema
580 2395 766 2429 assumptum
782 2395 834 2427 est,
850 2393 880 2420 in
896 2393 961 2429 qui-

181 2438 237 2466 bus
253 2438 428 2467 describitur
442 2441 532 2467 status
545 2441 572 2467 et
584 2440 644 2467 vita
654 2441 838 2474 Sanctorum,
850 2440 959 2475 primo,

182 2493 217 2513 ex
233 2489 315 2522 parte
337 2486 502 2522 largientis;
529 2487 671 2521 secundo,
698 2496 733 2515 ex
757 2489 839 2523 parte
862 2487 961 2522 gratiae

182 2533 341 2561 sanctitatis
349 2543 358 2568 3
383 2534 468 2562 tertio
492 2542 580 2569 vero,
609 2542 645 2561 ex
670 2537 752 2570 parte
781 2533 961 2570 copiositatis

214 2619 221 2634 ¹
239 2618 322 2648 Esth„
343 2624 387 2643 ΧΗ
405 2621 430 2643 et
450 2625 492 2643 xv.
508 2633 539 2637 —
559 2619 569 2635 2
589 2619 622 2642 De
643 2619 712 2650 Spir.
729 2620 753 2642 et
772 2620 868 2648 Antra„
889 2626 910 2642 c.
930 2624 960 2648 ιι,

182 2654 247 2678 inter
264 2655 334 2686 Ομεν.
351 2656 427 2686 Aug„
443 2656 558 2687 Append.
581 2657 644 2679 tom.
668 2656 710 2679 Vi.
727 2668 756 2672 —
770 2655 780 2670 ³
798 2655 898 2684 Thr-en„
920 2661 959 2685 ιιι,

183 2691 222 2714 44.
246 2703 276 2707 —
300 2691 308 2706 '⁴
338 2691 409 2714 Hunc
435 2692 512 2715 habet
539 2692 598 2715 edit.
625 2692 740 2721 Hageno.
768 2698 809 2713 an.
837 2692 903 2714 14116.
931 2704 960 2707 -

182 2726 214 2748 51
236 2725 304 2757 Cor„
322 2732 339 2756 1,
357 2729 379 2750 5.
393 2740 423 2744 —
439 2728 448 2743 Β
464 2727 533 2751 Psul.
551 2734 602 2757 cxi,
619 2728 641 2752 3.
656 2740 686 2744 —
699 2727 708 2742 '¹
724 2726 792 2756 Luc„
808 2732 857 2756 xii,
874 2728 911 2750 21.
929 2739 958 2744 —

1759 267 1797 295 Τι’

1021 323 1172 354 donorum
1185 325 1422 356 innumerorum.
1439 329 1511 356 Nam
1525 329 1622 357 Sancti
1636 337 1670 358 ex
1685 330 1800 360 donan-

1021 370 1057 399 tis
1070 372 1202 408 potentia
1219 373 1287 402 facti
1307 376 1376 402 sunt
1395 374 1514 410 famosi,
1536 377 1565 404 et
1589 384 1625 405 ex
1649 377 1800 406 donorum

1021 419 1110 455 copia
1133 419 1199 448 facti
1217 423 1286 449 sunt
1303 421 1458 451 fructuosi.
1487 424 1609 451 Notatur
1627 426 1726 453 autem
1740 425 1801 462 pri-

1020 473 1072 493 mo
1087 465 1189 495 divina
1200 468 1369 504 auotoritas,
1380 469 1427 497 vel
1438 471 1578 506 potestas,
1594 478 1663 499 cum
1677 470 1800 500 dicitnr:

1021 513 1054 539 ln
1074 513 1133 547 illo,
1152 513 1183 541 id
1203 516 1246 542 est
1263 514 1294 542 in
1315 517 1385 551 Deo,
1407 516 1470 553 qui,
1492 517 1567 546 sicut
1585 518 1696 547 Sanctis
1716 521 1802 548 natu-

1019 566 1096 594 ram,
1112 559 1152 588 ita
1167 561 1290 590 contulit
1311 565 1339 590 et
1362 563 1498 598 gratiam.
1521 564 1658 593 Secundo
1683 568 1803 595 notatur

1021 606 1128 635 animae
1138 608 1286 644 sanctitas,
1300 617 1368 637 cum
1380 610 1595 647 interponitur:
1611 613 1716 641 Divites
1730 615 1804 647 facti

1021 654 1094 681 estis.
1110 654 1204 682 Tertio
1217 663 1288 683 vero
1303 655 1455 685 donorum
1472 658 1644 695 copiositas,
1658 659 1720 688 sive
1735 660 1802 688 uni-

1020 700 1183 735 versalitaS‚
1195 709 1263 729 cum
1281 703 1465 738 praemittitur
1482 714 1488 732 :
1505 706 1537 733 ln
1561 707 1694 735 omnibus.
1719 707 1802 735 Adeo

1021 747 1101 774 enim
1116 747 1222 776 divites
1235 748 1366 785 fuerunt,
1377 753 1418 784 ut,
1431 751 1507 779 sicut
1522 751 1636 781 ibidem
1644 753 1715 782 dicit
1725 756 1803 790 Apo-

1021 794 1124 830 stolus,
1141 796 1212 823 nihil
1226 796 1342 826 deesset
1357 798 1399 826 eis
1413 798 1444 826 in
1466 800 1548 827 omni
1569 800 1675 837 gloria,
1702 801 1751 829 vel
1772 803 1802 829 in

1021 842 1079 868 ulla
1102 843 1204 876 qratia.
1227 844 1356 872 Tertium
1381 853 1454 874 vero
1474 854 1569 882 genus
1597 850 1665 876 sunt
1693 848 1803 877 divitiae

1021 889 1210 925 temporales,
1227 893 1255 919 et
1273 893 1342 919 sunt
1357 892 1467 920 divitiae
1489 901 1632 922 onerosae.
1654 895 1735 923 Unde
1759 895 1803 923 di-

1022 934 1096 963 citur
1115 936 1146 963 in
1170 937 1286 966 Psalmo
1305 937 1316 954 ⁸
1336 948 1343 966 ε
1365 939 1476 968 Divitiae
1500 941 1524 968 si
1551 941 1690 975 affluant,
1712 942 1803 970 nolite

1022 990 1074 1010 cor
1100 991 1261 1019 apponere.
1290 995 1304 1011 »
1329 986 1425 1014 Sancti
1449 995 1521 1023 ergo
1546 991 1624 1023 sunt,
1647 989 1698 1025 qui
1723 997 1804 1017 nunc

1020 1029 1174 1064 possident
1200 1031 1317 1060 divitias
1337 1033 1507 1069 aeternales,
1527 1036 1556 1062 et
1576 1035 1744 1064 habuerunt
1760 1036 1805 1064 di-

1020 1076 1107 1104 vitias
1121 1077 1288 1113 spirituales
1307 1079 1338 1107 in
1353 1080 1412 1115 via,
1435 1082 1464 1108 et
1478 1083 1720 1118 contempserunt
1741 1091 1804 1111 om-

1021 1123 1093 1151 nino
1101 1123 1220 1152 divitias
1233 1127 1424 1162 temporales.
1433 1128 1465 1155 Et
1477 1127 1535 1156 hoc
1547 1128 1654 1165 triplici
1668 1129 1782 1158 ratione
1795 1139 1802 1158 :

1021 1171 1130 1206 primo,
1156 1172 1227 1207 quia
1242 1180 1326 1200 vanae
1337 1176 1364 1201 et
1376 1174 1557 1211 inefficaces,
1573 1176 1716 1212 secundo,
1733 1177 1804 1213 quia

1021 1217 1135 1245 nocivae
1150 1220 1178 1246 et
1192 1218 1326 1255 inutiles3
1342 1221 1439 1256 tertio,
1465 1222 1536 1257 quia
1551 1214 1762 1251 sunt'infirmae
1776 1226 1805 1252 et

1021 1263 1146 1299 debiles,
1162 1265 1223 1293 sive
1238 1266 1338 1302 potius
1353 1267 1540 1303 impotentes.

1058 1311 1126 1338 Dico
1154 1312 1238 1347 quod
1260 1313 1329 1341 ideo
1354 1315 1451 1342 Sancti
1476 1315 1594 1343 divitias
1623 1317 1802 1353 temporales

1021 1359 1272 1395 contempserunt,
1294 1361 1366 1396 quia
1390 1364 1457 1389 sunt
1478 1362 1595 1398 penitus
1616 1363 1705 1398 faisae,
1720 1372 1804 1392 vanae

998 1428 1004 1434 .
1021 1407 1050 1432 et
1063 1405 1241 1441 inefficaces,
1258 1407 1329 1443 quia
1343 1407 1418 1435 illud
1432 1416 1494 1436 non
1517 1409 1639 1444 faciunt,
1662 1410 1701 1438 ad
1723 1412 1804 1447 quod

1021 1453 1098 1479 sunt.
1115 1452 1312 1489 Philosophus
1325 1455 1405 1482 enim
1418 1455 1447 1482 in
1458 1456 1672 1491 Meteorologz'cis
1688 1457 1803 1492 docet⁹,

1022 1499 1106 1534 quod
1120 1507 1221 1535 omne,
1238 1501 1321 1536 quod
1341 1509 1403 1529 non
1418 1501 1496 1537 facit,
1513 1503 1552 1530 ad
1567 1504 1651 1539 quod
1672 1504 1736 1538 erit,
1752 1504 1804 1532 de-

1021 1545 1089 1573 sinit
1102 1554 1175 1580 esse,
1190 1547 1275 1582 quod
1299 1550 1350 1575 est.
1368 1549 1430 1576 Lux
1445 1549 1535 1583 enim,
1557 1550 1580 1576 si
1601 1558 1663 1577 non
1681 1550 1803 1585 luceret,

1021 1593 1092 1628 quia
1107 1593 1146 1620 ad
1169 1593 1227 1621 hoc
1250 1597 1302 1629 est,
1328 1594 1381 1622 lux
1402 1603 1464 1623 esse
1487 1596 1644 1624 desineret.
1667 1597 1805 1626 Similiter

1020 1638 1096 1673 ignis
1117 1639 1142 1666 si
1168 1648 1228 1667 non
1252 1641 1452 1676 calefaceret,
1478 1643 1555 1678 ignis
1579 1651 1642 1671 esse
1667 1647 1802 1673 cessaret.

1020 1687 1108 1721 Ergo,
1125 1686 1149 1714 si
1165 1687 1274 1715 divitiae
1291 1696 1352 1716 non
1367 1689 1454 1724 illud,
1470 1692 1592 1725 propter
1607 1691 1690 1726 quod
1704 1692 1804 1727 requi-

1020 1735 1136 1767 runtur,
1154 1733 1293 1768 efficiunt,
1320 1737 1474 1771 tamquam
1498 1744 1565 1772 quae
1587 1737 1662 1764 nihil
1687 1740 1764 1772 sunt,
1785 1746 1803 1766 a

1020 1780 1203 1816 sapientibus
1232 1782 1458 1810 contemnendae
1483 1786 1559 1811 sunt.
1590 1783 1697 1811 Stultus
1723 1785 1802 1813 enim

1021 1834 1083 1854 esse
1098 1827 1254 1863 probatur,
1272 1829 1323 1864 qui
1338 1830 1429 1857 utitur
1442 1829 1544 1866 aliquo
1559 1831 1599 1858 ad
1613 1831 1740 1867 aliquid,
1753 1840 1802 1859 cu-

1017 1873 1066 1907 jus
1081 1874 1173 1901 virtus
1187 1877 1229 1902 est
1245 1875 1283 1902 ad
1299 1875 1481 1910 oppositum.
1505 1878 1606 1904 Nonne
1622 1877 1726 1905 stultus
1741 1886 1802 1906 me·
1843 1877 1845 1879 ’

1022 1920 1107 1948 dicus
1123 1924 1208 1956 esset,
1220 1922 1272 1957 qui
1286 1923 1407 1958 patienti
1423 1923 1623 1959 dysenteriam
1635 1924 1664 1959 ¹⁰,
1674 1924 1801 1961 aliquod

1019 1967 1194 2003 laxativum,
1207 1971 1235 1996 et
1249 1977 1309 1997 non
1326 1970 1365 1997 ad
1380 1971 1630 2007 restringendum,
1645 1973 1800 2001 materiam

1020 2014 1125 2042 daret?
1151 2017 1252 2043 Nonne
1278 2016 1383 2044 stultus
1413 2019 1502 2052 esset,
1528 2018 1580 2053 qui
1608 2019 1686 2046 sitim
1715 2020 1801 2048 vellet

1019 2062 1200 2097 extinguere,
1225 2065 1253 2090 et
1275 2063 1319 2091 sal
1343 2064 1546 2100 manducaret,
1563 2067 1647 2101 cujus
1667 2069 1709 2094 est
1723 2067 1799 2095 sitim

1018 2107 1188 2143 incendere,
1211 2112 1238 2137 et
1260 2118 1322 2138 non
1345 2111 1533 2147 extinguere?
1549 2115 1624 2148 Ergo
1638 2116 1665 2141 et
1680 2122 1696 2141 a
1711 2114 1799 2142 simili

1017 2155 1121 2183 stultus
1136 2159 1187 2191 est,
1214 2157 1266 2192 qui
1280 2157 1384 2185 volens
1407 2159 1513 2186 aniinae
1537 2160 1730 2195 capacitatem
1744 2161 1799 2188 im—

1017 2201 1111 2237 plere,
1135 2206 1162 2230 et
1184 2203 1261 2230 sitim
1276 2204 1408 2232 habendi
1430 2205 1613 2241 extinguere,
1633 2207 1656 2234 si
1671 2215 1732 2235 non
1748 2208 1798 2235 de-

1017 2248 1093 2276 sinat
1111 2258 1304 2286 congregare,
1325 2260 1393 2279 cum
1413 2252 1470 2280 hoc
1494 2252 1571 2280 sitim
1589 2261 1650 2281 non
1674 2254 1796 2288 auferat,

1018 2295 1070 2322 sed
1083 2297 1178 2331 magis
1193 2300 1312 2333 augeat,
1328 2301 1355 2326 et
1370 2307 1485 2335 semper
1505 2300 1650 2335 majorem
1666 2301 1795 2329 inducat.

1017 2343 1105 2370 Poeta
1120 2345 1138 2362 ¹¹
1152 2352 1159 2370 z

1034 2412 1131 2436 Crescit
1141 2419 1214 2437 amor
1225 2415 1333 2445 nummi,
1347 2418 1468 2446 quantum
1479 2417 1534 2448 ipsa
1544 2418 1652 2449 pecunia
1665 2419 1764 2444 crescit.

1053 2484 1134 2512 Unde
1150 2485 1258 2513 dicitur
1268 2484 1289 2503 ¹²
1305 2495 1311 2514 :
1330 2491 1462 2516 «Avarus
1477 2497 1538 2516 non
1553 2490 1693 2526 impletur
1707 2498 1796 2526 pecu-

1016 2572 1026 2588 8
1045 2573 1115 2596 Psal.
1139 2579 1192 2603 LXI,
1218 2576 1255 2598 Η.
1275 2588 1306 2592 -
1327 2576 1336 2591 ⁹
1361 2576 1447 2606 Arist,
1471 2578 1610 2609 Meteorol„
1630 2586 1684 2610 cap.
1705 2579 1750 2603 ult.
1764 2579 1795 2597 ‘—

1017 2610 1037 2625 ¹⁰
1062 2610 1213 2640 Dysenteria
1238 2612 1276 2633 est
1302 2611 1482 2636 intestinorum
1510 2614 1673 2639 exulceratio.
1701 2615 1794 2645 Cicer„

1017 2645 1108 2676 Epist„
1138 2645 1182 2670 lib.
1213 2646 1272 2676 Vll,
1302 2648 1349 2678 26,
1374 2648 1462 2678 Gallo;
1488 2649 1563 2681 Plin.,
1592 2651 1636 2674 lib.
1662 2652 1739 2675 XXI}-
1766 2664 1793 2668 —

1019 2682 1036 2697 ³¹
1056 2681 1162 2712 iuven.³
1176 2681 1273 2712 satyr„
1291 2682 1334 2706 lib.
1353 2683 1382 2713 V,
1399 2689 1526 2708 xxxm—
1543 2687 1560 2702 ¹²
1575 2687 1666 2716 Βρεμι,
1683 2693 1706 2716 v,
1723 2688 1746 2711 9.

1050 2726 1084 2756 (a)
1100 2726 1162 2750 Coet.
1178 2726 1238 2750 edet.
1254 2727 1365 2751 Scilicet.
