2029 3052
261 231 322 262 634

261 298 294 330 et
315 296 404 329 nitor
417 295 685 328 conscientiarum
698 295 836 328 interius
850 295 1039 336 defoedatur,

261 350 401 384 occurrit
411 349 617 391 negotiorum
632 349 860 391 multiplicitas,
868 359 936 392 qua
946 358 1042 391 pecu-

261 405 333 445 nia,
349 404 448 436 nostri
472 403 600 437 Ordinis
619 404 799 446 paupertati
818 413 917 445 super
931 403 1042 436 omnia

261 457 402 498 inimica,
417 458 511 491 avide
527 458 657 499 petitur,
679 457 808 490 incaute
822 457 988 500 recipitur,
1010 459 1043 490 et

263 510 422 543 incautius
435 511 660 542 contrectatur.
668 510 814 542 Occurrit
823 510 1041 551 quorumdam

262 565 400 597 fratrum
414 564 555 596 otiositas
565 588 574 604 ,
591 573 666 605 quae
679 564 806 611 sentina
827 566 874 609 est
893 564 1042 610 omnium

263 619 429 658 vitiorum,
446 627 510 659 qua
527 618 657 659 plurimi
672 608 840 659 consopiti,
856 621 1043 651 monstruo-

261 683 336 706 sum
363 672 536 716 quemdam
566 674 686 705 statum
710 673 793 705 inter
819 673 1040 714 contemplati-

262 738 339 762 vam
365 730 398 761 et
423 728 560 760 activam
582 728 754 769 eligentes,
780 737 847 760 non
876 730 943 760 tam
970 736 1041 759 car-

262 783 377 816 naliter
397 791 498 825 quam
519 782 690 815 crudeliter
719 782 912 823 sanguinem
935 790 1041 814 come-

261 838 342 871 dunt
367 837 563 870 animarum.
593 836 736 870 Occurrit
765 836 915 877 evagatio
943 836 1044 878 pluri-

261 901 391 925 morum
401 915 410 932 ,
426 891 485 934 qui
500 893 630 933 propter
645 890 795 923 solatium
815 899 953 923 suorum
971 899 1041 922 cor-

262 955 396 988 porum,
412 945 580 987 gravando
605 954 660 978 eos
683 953 741 986 per
761 953 843 986 quos
863 947 1042 984 transeunt,

262 1010 328 1034 non
347 1000 495 1042 exempla
518 1002 590 1042 post
610 1009 644 1032 se
665 1000 855 1042 relinquunt
877 999 970 1039 vitae,
988 999 1043 1031 sed

262 1054 411 1088 scandala
440 1055 547 1096 potius
579 1055 773 1086 animarum.
804 1053 948 1086 Occurrit
981 1053 1042 1084 im-

263 1112 400 1152 portuna
422 1110 548 1151 petitio,
565 1119 630 1151 qua
644 1118 756 1141 omnes
770 1109 972 1140 transeuntes
987 1117 1045 1148 per

263 1167 366 1196 terras
379 1165 459 1196 adeo
473 1164 648 1196 abhorrent
660 1164 797 1195 fratrum
811 1171 995 1200 occursum,
1007 1164 1045 1193 ut

263 1219 310 1252 eis
323 1219 468 1258 timeant,
484 1219 575 1260 quasi
593 1218 811 1260 praedonibus,
827 1217 972 1249 obviare.
985 1215 1042 1248 Oc-

263 1274 363 1306 currit
377 1273 588 1306 aediticiorum
603 1272 797 1304 constructio
813 1273 1003 1312 sumptuosa
1014 1272 1045 1302 et

263 1328 398 1368 curiosa,
414 1336 487 1369 quae
501 1336 611 1368 pacem
628 1327 764 1358 fratrum
782 1326 954 1366 inquietat,
967 1325 1046 1356 ami-

262 1393 316 1416 cos
332 1385 468 1424 gravat,
488 1384 520 1414 et
543 1381 714 1413 hominum
736 1380 895 1422 perversis
915 1380 1046 1420 judiciis

263 1438 482 1480 multipliciter
496 1446 555 1469 nos
569 1437 712 1477 exponit.
729 1436 873 1468 Occurrit
887 1434 1046 1475 multipli-

263 1493 346 1525 catio
369 1491 621 1524 familiaritatum
635 1515 643 1529 ,
675 1500 773 1532 quam
801 1490 916 1530 regula
937 1492 1046 1521 nostra

262 1546 430 1589 prohibet,
452 1555 492 1578 ex
508 1555 573 1587 qua
588 1545 804 1586 suspiciones,
821 1544 1047 1576 infamationes

262 1605 294 1634 et
310 1601 459 1633 scandala
478 1601 617 1641 plurima
630 1600 790 1631 oriuntur.
815 1599 957 1631 Occurrit
984 1599 1044 1629 im-

263 1655 398 1697 provida
411 1655 594 1687 commissio
609 1654 802 1693 officiorum,
815 1663 880 1695 qua
891 1654 1045 1685 fratribus

263 1710 408 1742 nondum
434 1718 666 1750 usquequaque
691 1708 847 1749 probatis,
873 1717 931 1739 nec
951 1716 1047 1738 carne

264 1764 447 1801 maceratis,
465 1772 524 1795 nec
543 1763 657 1803 spiritu
680 1763 854 1800 roboratis,
877 1762 1048 1802 imponun-

264 1819 319 1848 tur
340 1816 442 1849 ofsscia
461 1816 517 1848 vix
539 1816 703 1857 portanda.
723 1816 866 1847 Occurrit
880 1816 978 1847 etiam
995 1825 1048 1847 se-

265 1870 470 1912 pulturarum
492 1872 523 1902 et
547 1873 812 1902 testamentorum
834 1871 927 1902 avida
956 1879 1046 1910 quae-

265 1926 339 1957 dam
367 1925 509 1962 invasio,
536 1934 601 1955 non
628 1924 697 1955 sine
722 1933 842 1963 magna
866 1925 1047 1955 turbatione

266 1980 354 2018 cleri,
375 1982 406 2011 et
427 1979 569 2011 maxime
588 1979 801 2010 sacerdotum.
815 1979 960 2010 Occurrit
978 1988 1050 2009 mu-

268 2034 345 2065 tatio
370 2033 513 2065 locorum
535 2034 685 2074 frequens
699 2036 730 2064 et
746 2035 934 2073 sumptuosa
947 2057 954 2070 ‚
973 2042 1048 2063 cum

268 2088 408 2129 quadam
430 2087 602 2125 violentia,
632 2090 664 2119 et
686 2087 924 2128 perturbatione
947 2089 1049 2118 terra-

269 2152 354 2181 rum,
371 2151 445 2174 cum
461 2144 536 2173 nota
551 2142 787 2180 inconstantiae,
805 2151 871 2173 non
886 2142 955 2172 sine.
970 2151 1051 2182 prae-

264 2196 386 2237 judicio
414 2196 619 2237 paupertatis
642 2196 785 2227 Occurrit
809 2196 938 2227 tandem
959 2205 1050 2227 sum-

268 2250 426 2291 ptuositas
456 2258 683 2290 expensarum.
712 2249 791 2280 Nam
822 2259 896 2280 cum
936 2250 1050 2281 fratres

269 2303 378 2345 paucis
393 2304 493 2335 nolint
507 2313 574 2334 esse
585 2304 738 2342 contenti,
754 2306 783 2334 et
799 2303 938 2334 charitas
948 2303 1052 2334 homi-

269 2368 349 2390 num
365 2357 568 2398 refriguerit,
587 2358 659 2388 facti
680 2367 792 2389 sumus
806 2357 956 2388 omnibus
978 2367 1051 2389 one-

269 2413 344 2451 rosi,
365 2412 535 2452 magisque
549 2412 665 2442 fiemus
681 2412 712 2442 in
728 2414 904 2452 posterum,
922 2413 982 2442 nisi
999 2421 1048 2443 rc-

270 2467 413 2498 medium
435 2465 579 2497 celeriter
604 2469 795 2506 apponatur.
828 2465 911 2497 Licet
941 2469 1049 2497 antem

269 2520 401 2561 plurimi
418 2520 636 2560 reperiantur,
653 2520 709 2560 qui
735 2529 798 2550 non
815 2523 889 2551 sunt
904 2521 1051 2562 culpabi-

270 2575 315 2606 les
344 2575 378 2606 in
401 2574 510 2614 aliquo
536 2574 782 2614 praedictorum,
809 2577 913 2605 tamen
939 2585 1052 2607 omnes

271 2629 407 2661 involvit
420 2629 490 2660 haec
505 2628 696 2666 maledictio,
715 2629 775 2659 nisi
792 2638 811 2660 a
826 2639 889 2661 non
910 2630 1051 2661 facienti-

271 2683 350 2721 bus,
374 2682 425 2713 his
447 2682 502 2723 qui
525 2683 645 2714 faciunt
670 2683 854 2721 resistatur;
882 2693 955 2714 cum
982 2685 1053 2716 luce

272 2737 389 2768 clarius
412 2737 520 2768 omnia
545 2737 727 2778 supradicta
749 2738 781 2768 in
808 2738 1004 2778 maximum,
1023 2743 1050 2771 et

610 227 663 259 AD
685 226 899 260 MlNlSTROS
922 226 1212 283 PnoleclALEs
1233 228 1286 262 ET
1307 229 1508 264 CUSTODES

1098 296 1189 330 nullo
1208 297 1306 330 modo
1325 297 1594 331 dissimulandum
1614 303 1753 342 vergant
1775 303 1878 335 nostri

1099 350 1226 385 Ordinis
1242 351 1472 386 detrimentum
1483 377 1494 394 ‚
1510 353 1585 387 ticet
1605 354 1722 397 tepidis
1744 357 1776 388 et
1791 356 1880 389 inde-

1098 406 1194 446 votis,
1209 407 1242 438 et
1253 407 1433 439 secundum
1447 416 1577 440 carnem
1585 408 1795 450 sapientibus,
1807 419 1880 442 eon-

1098 459 1314 492 siderantibus
1327 461 1603 502 consuetudinem,
1619 464 1652 494 et
1659 462 1880 504 allegantibus

1098 514 1360 555 multitudinem,
1376 516 1469 557 quasi
1491 516 1596 548 facilia
1619 519 1652 549 et
1669 517 1877 558 excusabilia,

1098 569 1196 602 etiam
1228 569 1474 609 irremediabilia
1502 570 1684 603 videantur.
1716 571 1880 604 Excitetur

1099 625 1180 664 ergo
1201 622 1306 656 cordis
1326 622 1427 656 nostri
1447 623 1592 664 devotio,
1609 627 1640 657 et
1653 625 1762 658 fervor
1774 626 1814 658 ad
1832 635 1882 658 ze-

1099 677 1180 716 lum,
1197 680 1229 710 et
1241 679 1350 720 ejectis
1358 679 1616 719 negotiatoribus
1623 679 1662 712 de
1671 679 1767 712 domo
1777 679 1882 713 Patris

1100 726 1248 771 coelestis‚
1263 733 1377 765 fratres
1389 742 1502 766 omnes
1515 733 1555 766 ad
1567 734 1720 766 orationis
1735 736 1768 767 et
1781 735 1880 768 devo-

1099 785 1196 819 tionis
1211 787 1354 819 studium
1370 788 1559 828 accendatis,
1576 789 1780 830 restringatis
1799 799 1883 822 rece-

1099 841 1243 883 ptionem
1265 842 1499 882 multitudinis,
1515 843 1593 884 quia
1608 844 1711 876 modis
1730 844 1883 878 omnibus

1100 896 1192 935 volo,
1209 897 1295 938 quod
1316 897 1502 930 constitutio
1518 897 1558 930 de
1576 899 1759 940 receptione
1775 899 1883 932 stricte

1100 953 1256 984 servetur.
1305 951 1424 984 Pravas
1466 952 1697 993 praedictorum
1728 953 1883 986 vitiorum

1100 1005 1349 1038 consuetudines
1370 1006 1534 1046 resecetis,
1559 1006 1637 1048 quia
1649 1006 1723 1039 licet
1738 1007 1884 1041 videatur

1100 1060 1253 1092 fratribus
1274 1069 1383 1101 grave,
1407 1060 1543 1102 requirit
1565 1063 1673 1093 tamen
1695 1061 1757 1093 hoc
1779 1063 1884 1104 perfe-

1101 1114 1162 1146 ctio
1177 1113 1384 1155 professionis
1399 1116 1529 1152 nostrae,
1552 1115 1689 1156 requirit
1698 1115 1884 1153 ¹tribulatio-

1101 1169 1152 1201 nis
1175 1169 1342 1206 incursus,
1358 1169 1495 1209 requirit
1514 1169 1667 1201 mundus.
1684 1169 1807 1202 Clamat
1823 1171 1885 1203 hoc

1101 1225 1214 1256 beatus
1229 1223 1428 1262 FranciscuS,
1444 1226 1475 1255 et
1493 1224 1627 1264 sanguis
1641 1224 1757 1256 Christi
1772 1235 1882 1267 asper-

1101 1288 1171 1318 sus,
1189 1280 1221 1309 et
1241 1277 1396 1309 Dominus
1415 1278 1453 1309 de
1469 1278 1613 1310 excelsis.
1631 1278 1754 1311 Otiosos
1767 1280 1883 1312 stimu-

1102 1333 1173 1364 letis
1189 1332 1229 1364 ad
1250 1332 1393 1364 laborem
1406 1357 1415 1371 ,
1433 1335 1591 1373 vagantes
1614 1334 1823 1374 compescatis
1845 1335 1885 1367 ad

1102 1387 1261 1428 quietem,
1289 1387 1473 1427 importune
1501 1388 1684 1428 petentibus
1714 1389 1886 1430 imponatis

1103 1442 1279 1479 silentium,
1303 1442 1442 1474 intentos
1463 1442 1639 1474 exaltandis
1653 1442 1803 1475 domibus
1816 1452 1887 1484 pro-

1103 1496 1234 1528 fundius
1248 1496 1446 1538 deprimatis,
1463 1496 1695 1529 familiaritates
1703 1499 1887 1538 quaerentes

1103 1551 1236 1582 arceatis
1266 1551 1306 1582 ad
1339 1551 1555 1583 solitudinem.
1588 1550 1699 1583 Officia
1731 1552 1886 1593 praedica-

1104 1605 1200 1637 tionis
1223 1608 1254 1636 et
1280 1605 1485 1637 confessionis
1511 1614 1585 1636 cum
1611 1606 1714 1637 multo
1737 1606 1888 1638 examine

1102 1659 1284 1700 imponatis.
1321 1659 1588 1691 Constitutionem
1616 1660 1655 1690 de
1690 1661 1888 1692 testamentis

1103 1714 1179 1745 olim
1195 1714 1327 1751 factam,
1348 1716 1379 1744 et
1401 1713 1439 1744 de
1459 1722 1544 1744 novo
1564 1713 1603 1744 de
1627 1713 1817 1754 sepulturis,
1839 1715 1888 1746 fa-

1107 1768 1196 1799 ciatis
1211 1768 1330 1799 arctius
1340 1767 1517 1799 observari.
1531 1767 1688 1798 Locorum
1699 1777 1777 1799 vero
1787 1770 1889 1799 muta-

1105 1821 1226 1853 tionem
1244 1821 1429 1853 nullatenus
1444 1821 1624 1852 concedatis
1638 1821 1731 1853 alicui
1748 1823 1822 1853 ante
1835 1821 1888 1854 Ca-

1104 1875 1243 1916 pitulum
1267 1875 1429 1915 generale.
1456 1875 1535 1907 Nam
1558 1876 1597 1907 de
1621 1876 1754 1907 consilio
1768 1875 1885 1908 discre-

1105 1932 1224 1967 torum,
1242 1932 1371 1971 propter
1384 1930 1533 1962 scandala
1552 1930 1683 1961 vitanda
1695 1931 1790 1970 juxta
1804 1939 1888 1971 prae-

1105 1984 1278 2015 decessoris
1293 1984 1355 2015 mei
1372 1984 1572 2021 mandatum,
1588 1984 1648 2015 hoc
1662 1984 1743 2015 mihi
1758 1993 1888 2017 reservo

1105 2038 1245 2069 districte
1259 2047 1316 2079 per
1328 2038 1540 2069 obedientiam
1559 2038 1714 2078 jubendo,
1730 2040 1766 2069 ut
1778 2038 1888 2070 nullus

1105 2093 1253 2133 deinceps
1266 2092 1371 2123 locum
1388 2094 1488 2123 mutet
1504 2092 1572 2123 sine
1585 2101 1656 2123 mea
1671 2091 1799 2124 licentia
1815 2103 1886 2134 spe-

1106 2146 1188 2177 ciali.
1207 2146 1333 2177 Discant
1347 2146 1444 2177 etiam
1458 2147 1570 2178 fratres
1586 2146 1719 2178 modicis
1735 2156 1802 2179 esse
1815 2156 1888 2180 con-

1107 2201 1201 2238 tenti,
1227 2201 1305 2241 quia
1330 2200 1537 2232 vehementer
1564 2203 1595 2232 et
1620 2201 1829 2241 sapientibus,
1859 2204 1888 2233 et

1106 2254 1335 2285 rationabiliter
1360 2254 1552 2285 formidatur
1573 2258 1595 2293 ¹,
1619 2255 1704 2295 quod
1732 2255 1891 2295 oportebit

1106 2317 1160 2339 eos
1175 2307 1308 2339 modicis
1320 2316 1389 2338 esse
1406 2310 1583 2345 contentos,
1601 2307 1712 2347 velint,
1728 2309 1840 2340 nolint.
1856 2308 1889 2340 Si

1106 2363 1210 2402 igitur
1229 2362 1411 2393 obedientes
1436 2362 1558 2394 fueritis
1581 2363 1679 2394 verbo
1699 2372 1756 2403 per
1770 2363 1887 2404 episto-

1106 2418 1186 2455 lam,
1201 2419 1231 2448 et
1246 2417 1306 2448 hoc
1321 2426 1378 2457 per
1393 2417 1574 2448 visitatores
1589 2417 1792 2456 intellexero,
1809 2427 1890 2458 quos

1108 2472 1180 2503 volo
1199 2480 1295 2512 super
1316 2471 1474 2511 praedictis
1487 2471 1696 2509 corrigendis,
1710 2473 1774 2502 tam
1792 2471 1825 2502 in
1841 2480 1890 2502 ca-

1108 2526 1242 2566 pitibus,
1263 2534 1361 2566 quam
1378 2526 1408 2556 iu
1431 2525 1584 2556 membris
1602 2525 1789 2564 diligentius
1802 2524 1887 2564 vigi—

1106 2580 1189 2618 lare,
1215 2580 1336 2619 gratias
1360 2588 1457 2619 agam
1485 2579 1632 2610 omnium
1662 2578 1840 2617 conditori,
1860 2581 1891 2610 et

1108 2634 1209 2665 vobis.
1228 2633 1318 2671 Quod
1343 2634 1370 2664 si
1390 2633 1493 2672 aliter,
1511 2633 1595 2674 quod
1611 2633 1704 2671 absit,
1719 2632 1887 2671 acciderit;

1109 2689 1327 2720 indubitanter
1341 2688 1461 2727 sciatis,
1478 2688 1563 2729 quod
1581 2687 1763 2719 nullatenus
1787 2687 1888 2728 patie-

1143 2754 1149 2768 ¹
1168 2753 1250 2777 Locus
1269 2752 1412 2782 corruptus.
