2029 3052
221 175 282 207 480

223 241 375 273 nuntiare
385 239 547 280 omnibus,
559 241 591 272 et
600 239 781 280 relinquere
793 239 914 278 omnia,
925 238 1001 280 quia

221 295 410 326 renuntiare
429 294 580 326 convenit
600 293 750 325 omnibus
761 317 769 332 ,
785 293 841 334 qui
858 293 903 324 ita
916 292 1001 323 licite

221 349 360 379 utuntur
376 347 548 379 mundanis
563 356 636 387 quae
652 347 830 387 possident,
846 349 881 377 ut
892 348 1002 377 tamen

223 403 330 432 mente
352 401 484 432 tendant
499 401 539 432 ad
556 409 711 441 superna;
728 399 910 441 relinquere
925 407 1002 430 vero

223 456 270 486 est
285 454 487 486 solummodo
502 454 731 494 perfectorum,
743 454 916 495 quiomnia
925 456 1004 485 tem-

223 508 347 549 poralia
356 510 567 549 postponunt,
579 510 611 539 et
619 507 695 539 solis
703 507 830 539 aeternis
840 507 976 538 inhiant.
984 517 999 536 ¹>

224 562 300 594 Haee
324 562 444 594 Glossa.
469 561 520 593 Ex
547 570 612 602 qua
635 561 800 593 manifeste
829 560 1003 600 colligitur,

225 616 312 657 quod
326 615 474 656 quisquis
487 615 549 647 hoe
567 615 673 655 sentit,
692 615 778 655 quod
792 615 1006 655 perfectorum

226 670 268 701 sit
281 669 392 701 omnia
408 669 599 710 relinquere,
616 671 647 700 et
668 669 743 700 solis
758 668 887 700 aeternis
901 667 1005 698 inhia-

225 734 274 764 re,
290 724 468 756 doctrinam
484 724 629 764 sequitur
640 723 715 755 Jesu
725 723 850 760 Christi,
862 731 927 754 non
938 731 1006 763 per-

227 778 337 810 fidiam
362 778 492 810 Juliani.
518 777 599 808 Nam
621 777 770 817 quamvis
793 776 876 808 dicat
897 776 1008 807 omnia

229 841 288 873 pro
303 831 504 872 perfectionis
519 840 630 862 amore
651 830 766 862 debere
780 830 929 871 relinqui,
941 839 1008 861 non

230 889 339 918 tamen
354 886 467 917 asserit
483 885 567 916 bona
581 884 727 915 Ecclesiae
743 884 840 922 dirui,
854 884 930 924 quia
943 883 1010 914 lici-

232 942 303 972 tum
324 941 372 971 est
393 939 552 970 dimittere
571 938 711 979 propria,
734 938 788 970 sed
802 937 945 970 illicitum
960 947 1009 969 ra-

233 1003 309 1034 pere
321 992 436 1024 aliena.

525 1085 669 1119 CAPUT
694 1085 738 1118 111

232 1161 265 1187 1η
293 1167 344 1195 quo
371 1160 618 1187 abrenuntiationis
642 1161 714 1187 ratio
737 1159 810 1192 falsa
833 1157 961 1191 eliditur,
988 1159 1014 1185 et

267 1206 420 1241 penuriosa>
443 1206 614 1240 paupertatis
638 1204 807 1232 duodenaria
828 1204 1014 1239 praeroqatz‘va

270 1252 447 1278 monstratur.

277 1318 344 1349 Mos
356 1327 579 1358 perversarum
597 1317 755 1348 mentium
771 1326 838 1347 esse
851 1316 1014 1356 dignosci-

235 1375 299 1411 tur,
316 1373 340 1402 si
357 1381 421 1412 qua
436 1373 601 1403 sententiae
624 1381 691 1402 suae
713 1372 872 1402 contraria
888 1373 1016 1411 propter

236 1426 371 1457 istorum
394 1426 616 1457 certitudinem
638 1425 772 1456 inm-iuri
788 1434 850 1455 non
871 1427 1014 1465 possunt,

237 1479 439 1511 fraudulenta
455 1479 624 1510 calliditate
641 1481 834 1519 pervertere,
851 1481 881 1509 et
895 1478 933 1509 ad
949 1487 1017 1508 sen-

238 1543 311 1565 sum
326 1533 452 1564 trahere
466 1536 715 1574 repugnantem,
739 1534 833 1572 juxta
855 1532 929 1563 illud
947 1531 1018 1562 Ber-

238 1589 329 1619 nardi
347 1593 353 1607 ¹
370 1587 413 1619 ad
427 1588 545 1627 fratres
563 1587 601 1619 de
622 1590 724 1619 monte
746 1587 824 1618 Det':
846 1598 859 1615 «
881 1586 1019 1616 8111110-

240 1643 344 1672 ctione
360 1641 460 1672 11011111
472 1642 585 1681 quaerit
603 1641 657 1681 qui
679 1641 767 1680 legit,
784 1640 894 1670 onmia
909 1649 1019 1679 coope-

240 1698 354 1727 rantur
368 1696 396 1726 ei
415 1695 447 1725 in
463 1696 523 1725 hoc
539 1696 665 1735 ipsum;
690 1695 715 1724 si
740 1697 847 1724 auti-m
877 1694 910 1723 in
933 1693 1019 1723 aliud

243 1749 379 1780 declinat
399 1758 513 1779 seusus
536 1748 683 1787 lvgvntis,
707 1748 815 1778 <muria
839 1747 934 1777 trahit
951 1749 1020 1787 post

243 1803 395 1843 seipsum,
412 1802 556 1842 nihilque
579 1805 641 1832 tam
657 1811 783 1839 sanum,
801 1803 865 1831 tam
882 1802 970 1840 pium
988 1801 1021 1831 in

245 1856 419 1896 Scripturis
436 1855 570 1893 invenit,
584 1855 667 1895 quod
683 1865 739 1885 seu
752 1865 807 1895 per
823 1864 938 1886 vanam
954 1854 1022 1893 glo-

244 1910 337 1947 riam,
349 1919 405 1940 seu
417 1918 473 1949 per
484 1909 652 1939 distortum
665 1918 806 1945 sensum,
820 1918 874 1939 seu
889 1918 944 1948 pcr
953 1917 1023 1948 pra-

244 1973 323 1994 vum
340 1963 534 1994 intellectum
557 1972 621 1993 non
643 1962 777 2002 0111111001
801 1972 868 1993 snae
892 1962 1021 1993 malitia}

244 2018 296 2049 vel
316 2019 459 2049 vanitati.
478 2029 490 2045 l)
520 2017 609 2054 Quod
633 2018 799 2047 manit'cste
820 2017 851 2047 in
872 2017 1024 2047 adversa-

245 2072 294 2102 rio
318 2081 495 2112 pauperum
519 2080 603 2101 1111110
626 2071 788 2101 cernimus
803 2081 871 2101 esse
886 2070 1023 2110 comple-

246 2127 328 2156 tum.
353 2125 431 2155 Cum
453 2125 539 2155 0111111
563 2127 687 2155 certum
710 2125 761 2161 sit,
782 2127 1022 2164 paupertatem,

247 2188 319 2218 qua!
334 2179 476 2208 consistit
497 2178 529 2208 iu
552 2178 749 2209 abdicatione
768 2187 877 2208 rerum
901 2181 1023 2218 tempo-

247 2231 363 2262 ralium
382 2235 508 2271 propter
524 2232 636 2269 Deum,
656 2241 723 2262 esse
743 2231 946 2269 laudabilem,
962 2241 1026 2262 ma-

248 2285 450 2324 gistrumque
464 2285 623 2316 Christum
636 2285 837 2325 perfectionis
848 2286 879 2315 in
896 2294 1027 2325 pauper—

249 2341 312 2369 tate
329 2339 444 2369 vixisse
458 2348 558 2378 usque
580 2340 617 2369 ad
644 2342 791 2377 1110110111,
814 2340 865 2369 hie
885 2340 915 2369 in
936 2349 1026 2370 eom—

249 2393 411 2432 paratione
427 2393 661 2433 possessionum
686 2396 715 2423 et
730 2393 967 2432 opulentiarum
984 2393 1027 2424 sic

250 2446 467 2485 perveniendo
479 2449 630 2483 attenuat,
649 2448 683 2476 ut
699 2447 741 2476 nil
761 2451 877 2477 sancire
897 2456 1029 2487 pauper-

250 2500 305 2529 tati
319 2499 356 2530 de
373 2499 570 2539 perfectionis
584 2499 778 2530 sublimitate
791 2500 958 2540 relinquat.
976 2501 1026 2531 ln-

252 2554 417 2591 vestigans
441 2553 527 2583 enim
548 2553 650 2592 primo
673 2562 800 2583 cansam
824 2554 1029 2585 abdicationis

252 2607 490 2647 temporalium,
505 2607 586 2637 hane
599 2607 672 2637 divit
683 2615 751 2637 csse
763 2607 906 2646 ipsorum
917 2618 1030 2649 appro-

286 2669 363 2694 ¹lmo
381 2669 498 2695 Gulielm.
519 2677 532 2694 a
553 2671 580 2695 S.
600 2669 738 2701 Theodon,
761 2677 784 2694 c.
806 2676 831 2701 1,
852 2678 877 2694 11.
899 2672 942 2702 31,
964 2671 1030 2695 inter

798 170 1010 204 APOLOGIAE
1031 169 1252 203 PAUPERUM

1055 238 1259 279 priationem,
1271 246 1328 270 seu
1340 237 1580 279 proprietatem,
1595 231 1670 279 qua}
1680 239 1833 279 quoniam

1055 301 1096 323 ex
1110 292 1215 323 radice
1229 291 1391 324 descendit
1405 291 1550 323 avaritiae
1559 315 1569 330 ,
1585 293 1623 323 ut
1636 291 1743 323 verbis
1761 293 1834 334 eJus

1055 348 1204 385 utamur,
1225 355 1292 377 non
1315 348 1377 377 stat
1397 354 1469 377 eum
1495 345 1633 386 perfecta
1661 345 1832 386 charitate,

1057 404 1152 441 quae*
1180 408 1245 432 non
1266 401 1385 441 quaeric
1410 408 1482 441 quoe
1503 408 1565 432 sua
1587 403 1675 434 sunt.
1702 399 1742 432 Et
1764 400 1836 432 ideo

1057 453 1134 484 dicit
1151 453 1330 484 consultam
1345 463 1413 486 esse
1435 454 1668 485 abdicationem
1690 454 1836 495 proprie-

1057 507 1131 538 tatis
1140 507 1180 538 ad
1197 506 1426 539 excludendam
1437 507 1652 548 cupiditatem,
1660 517 1725 549 qua
1736 507 1836 539 extir-

1059 563 1144 602 pata,
1161 561 1212 592 his
1226 561 1282 602 qui
1297 562 1455 603 eiusmodi
1474 564 1560 601 sunt,
1583 564 1669 594 recte
1690 563 1838 594 commit-

1059 615 1140 646 titur
1148 615 1340 656 dispensatio
1352 616 1512 648 bonorum
1522 616 1761 657 temporalium,
1772 619 1840 648 tan-

1061 678 1158 710 quam
1169 669 1342 701 scientibus
1352 670 1412 709 uti‚
1421 672 1452 702 et
1464 679 1528 702 non
1539 671 1758 711 quaerentibus
1764 680 1839 712 quae

1062 732 1121 754 sua
1129 725 1215 762 sunt,
1225 724 1278 756 sed
1288 724 1438 765 quaeJesu
1449 724 1577 756 Christi.
1587 725 1675 762 Quod
1682 725 1840 766 perAbra-

1061 777 1125 815 hae,
1141 777 1254 815 Jacob‘,
1273 777 1390 818 „loseph
1402 802 1410 816 ,
1430 778 1545 817 David,
1562 778 1685 818 Daniel,
1709 781 1839 820 patrum

1063 831 1182 862 scilicet
1194 830 1315 863 Veteris
1333 831 1540 871 Testamenti,
1563 832 1710 873 exempla
1722 833 1837 865 confir-

1064 887 1141 916 mat.
1156 884 1191 915 ln
1202 885 1253 916 his
1263 887 1371 916 autem
1381 886 1488 917 verbis
1497 888 1527 917 et
1539 886 1694 926 exemplis
1707 887 1842 927 superfi-

1065 938 1186 970 cialiter
1201 939 1405 970 consideratis
1418 939 1498 970 nihil
1510 942 1641 980 apparet
1651 949 1841 980 erroneum;

1065 992 1091 1023 si
1114 994 1223 1023 tamen
1245 992 1417 1032 diligenter
1435 993 1658 1032 discutiantur,
1683 1002 1844 1034 magnum

1066 1046 1230 1077 invenitur
1250 1045 1348 1078 latere
1365 1056 1527 1078 venenun.
1552 1047 1586 1078 Si
1599 1047 1687 1079 enim
1702 1047 1843 1088 proprie-

1067 1102 1116 1131 tas
1128 1100 1194 1132 sola
1211 1110 1305 1132 causa
1319 1102 1365 1132 est
1379 1101 1584 1132 abdicationis
1606 1101 1844 1143 temporalium,

1069 1156 1105 1185 ut
1119 1154 1297 1195 extirpetur
1311 1154 1478 1195 cupiditas,
1493 1157 1524 1186 et
1540 1155 1722 1195 perficiatur
1740 1155 1844 1186 chari-

1070 1210 1116 1239 tas
1131 1208 1169 1240 ad
1194 1209 1278 1239 bona
1297 1209 1483 1248 hujusmodi
1506 1209 1695 1249 temporalia
1717 1209 1843 1250 dispen-

1070 1263 1179 1300 sanda,
1203 1265 1279 1293 tunc
1302 1262 1403 1302 igitur
1430 1265 1598 1303 paupertas
1621 1271 1685 1293 non
1707 1264 1754 1293 est
1780 1262 1842 1293 nisi

1070 1316 1151 1347 sicut
1166 1316 1219 1346 via
1228 1316 1267 1346 ad
1283 1316 1523 1355 abundantiam,
1541 1318 1572 1346 et
1586 1316 1750 1356 dispositio
1762 1324 1850 1356 (11133-

1071 1370 1144 1401 dam
1160 1369 1368 1410 praeambula,
1385 1379 1421 1400 ae
1442 1379 1498 1410 per
1515 1369 1677 1400 hocssnulla
1700 1369 1849 1410 perfectio

1073 1423 1214 1454 consistit
1232 1423 1265 1454 in
1289 1433 1337 1454 ea.
1364 1423 1550 1464 Imperferta
1573 1423 1673 1463 igitur
1697 1423 1757 1454 tuit
1784 1423 1850 1455 vita

1074 1478 1199 1515 Christi,
1221 1480 1251 1508 et
1266 1478 1344 1508 falsa
1359 1477 1501 1508 doctrina
1521 1487 1585 1518 qua
1603 1478 1684 1509 dixit
1697 1479 1707 1497 ³
1724 1489 1730 1508 :
1751 1477 1787 1509 St*
1801 1477 1851 1509 vis

1072 1534 1231 1573 perlectus
1241 1540 1318 1570 esse,
1336 1532 1415 1564 rade
1430 1535 1459 1564 et
1474 1531 1571 1564 vende
1587 1532 1697 1564 omnia
1712 1540 1782 1572 quoe
1794 1531 1853 1563 Ιια-

1076 1577 1136 1624 bes,
1148 1590 1175 1618 et
1191 1585 1234 1617 ιΙα
1248 1586 1456 1626 pauperibus:
1469 1585 1628 1625 Amplius,
1644 1585 1670 1616 si
1686 1594 1788 1616 unum
1798 1584 1853 1615 ali-

1075 1641 1159 1681 quod
1172 1640 1358 1679 collegium,
1373 1650 1437 1671 non
1453 1640 1553 1671 dicam
1568 1640 1666 1671 unius
1682 1640 1785 1679 regni,
1798 1638 1854 1670 sed

1076 1695 1175 1724 totius
1198 1694 1308 1724 mundi
1333 1694 1415 1724 bona
1437 1694 1467 1724 in
1492 1694 1654 1725 communi
1682 1693 1851 1733 possideat,

1077 1747 1269 1777 altissimum
1280 1747 1357 1777 illud
1374 1748 1410 1777 de
1425 1750 1608 1787 paupertate
1622 1746 1791 1778 consilium
1806 1746 1852 1776 in-

1077 1801 1249 1840 tegerrime
1265 1803 1388 1831 servat:
1406 1801 1481 1839 imo,
1497 1801 1583 1841 quod
1597 1803 1644 1831 est
1668 1800 1854 1838 absurdius,

1079 1854 1179 1886 multo
1206 1854 1382 1894 perfectiori
1408 1854 1517 1892 modo,
1545 1863 1643 1894 quam
1673 1853 1719 1891 hi,
1740 1854 1796 1894 qui
1822 1853 1856 1884 in

1079 1911 1223 1940 extrema
1245 1917 1352 1939 rerum
1382 1908 1531 1948 penuria,
1557 1908 1590 1938 in
1616 1908 1699 1938 fame
1725 1907 1855 1946 scilicet,

1079 1962 1148 2001 siti,
1176 1962 1295 2002 frigore
1315 1965 1345 1992 vt
1374 1962 1515 1993 nuditate
1542 1961 1675 1992 Domino
1699 1961 1855 1999 serviunt,

1081 2016 1261 2055 cujusmodi
1274 2016 1403 2046 fuerunt
1414 2015 1566 2055 Apostoli,
1582 2015 1667 2053 ethi,
1681 2014 1737 2055 qui
1749 2022 1857 2045 exem-

1081 2070 1259 2111 [dacorum
1281 2072 1470 2110 sequuntur.
1493 2069 1581 2107 Quod
1602 2078 1675 2100 cum
1695 2068 1858 2100 evidenter

1082 2124 1122 2154 sit
1143 2125 1268 2161 salsum,
1292 2127 1387 2155 restat
1410 2124 1493 2164 quod
1518 2124 1587 2154 haec
1610 2132 1675 2153 non
1700 2122 1741 2153 sit
1763 2130 1859 2152 causa

1082 2178 1214 2218 praecisa
1243 2180 1273 2208 ct
1301 2177 1482 2217 principalis
1511 2176 1678 2207 abdicandi
1707 2175 1856 2214 divitias,

1083 2233 1157 2273 qnia
1173 2233 1321 2272 propriae,
1338 2232 1391 2263 sed
1403 2232 1477 2272 quia
1493 2231 1699 2268 illecebrosae,
1712 2233 1747 2262 ut
1757 2233 1860 2262 osten-

1083 2296 1154 2317 sum
1171 2289 1227 2317 est.
1249 2286 1366 2317 Verum
1387 2289 1432 2316 est
1453 2285 1594 2326 quidem,
1617 2284 1702 2325 quod
1723 2283 1860 2324 propriae

1084 2340 1203 2371 divitiae
1217 2340 1322 2379 magis
1342 2340 1443 2371 solent
1456 2349 1523 2370 esse
1544 2339 1749 2376 illecebrosae‚
1762 2347 1860 2378 quam

1085 2404 1289 2432 communem
1320 2398 1350 2424 et
1371 2394 1441 2424 ideo
1468 2393 1573 2433 magis
1595 2397 1642 2423 est
1665 2393 1703 2423 de
1727 2391 1861 2423 essentia

1086 2447 1285 2488 perfectionis
1307 2450 1505 2487 contemptus
1521 2447 1662 2487 ipsarum
1679 2457 1685 2477 ι
1706 2454 1770 2476 non
1786 2445 1862 2484 quia

1086 2501 1298 2541 appropriatio
1321 2501 1361 2531 sit
1387 2501 1500 2541 culpa,
1525 2501 1575 2531 vel
1598 2508 1722 2539 semper
1747 2497 1862 2529 habeat

1086 2555 1212 2595 culpam
1228 2564 1405 2593 annexam;
1423 2554 1477 2585 sed
1497 2554 1582 2594 quia,
1601 2556 1637 2584 ut
1653 2552 1859 2593 frequentius,

1087 2636 1173 2667 spuria
1194 2637 1281 2665 Ber11.,
1301 2636 1458 2667 Oper.,lom.
1484 2635 1557 2660 ll.—
1576 2634 1584 2648 ²
1604 2635 1611 2658 l
1629 2633 1698 2663 Cor„
1716 2639 1780 2665 xm,
1794 2635 1819 2658 5.
1832 2645 1864 2651 —

1086 2673 1096 2689 ³
1112 2672 1213 2703 Mateta,
1228 2679 1283 2703 xix,
1299 2673 1338 2696 21.
