2060 3052
632 215 682 248 DE
705 214 762 246 SS.
786 211 1016 246 APOSTOLIS.
1041 211 1173 244 SERMO
1197 210 1250 243 ΙΙΙ.
1732 210 1749 238 ’7

171 287 308 315 Dicamus
327 294 416 322 ergo,
432 283 517 322 quod
537 282 626 312 stellae
647 282 679 312 in
697 290 752 310 suo
770 290 833 310 esse
847 283 916 309 sunt

135 335 285 371 perpetuae
307 325 471 367 manentes,
491 339 527 359 eo
546 330 632 368 quod
652 331 720 358 sunt
739 329 916 365 incorrupti-

136 382 221 410 biles.
248 382 321 409 Nam
335 379 388 407 ubi
402 386 492 407 causa
507 377 705 414 corruptionis
719 384 781 404 non
804 378 857 411 est,
872 375 916 403 ibi

138 427 287 464 corruptio
302 434 364 455 esse
377 434 438 454 non
451 427 547 462 potest
559 434 565 453 ε
581 425 634 453 sed
646 432 735 453 causa
750 423 916 459 corruptio-

138 475 183 503 nis
204 473 392 502 contrarietas
408 474 466 508 est,
496 472 571 500 sicut
595 471 627 500 in
645 470 828 499 elementatis
852 477 917 497 cor-

138 521 261 558 poribus
281 522 370 557 patet,
395 528 476 556 quae,
500 519 571 556 quia
586 520 654 547 sunt
668 527 705 546 ex
720 517 872 545 elementis
890 519 918 545 et

135 568 313 597 humoribus
342 567 497 596 contrariis
525 566 683 595 constituta
693 586 701 599 ‚
733 563 917 601 corruptioni

136 615 303 644 necessario
331 617 399 643 sunt
425 614 567 650 subiecta.
593 613 651 642 Sed
675 612 828 641 stellarum
853 619 918 639 cor-

137 671 223 699 pora,
237 670 306 691 cum
320 662 377 690 sint
388 660 546 697 simplicia,
559 668 621 689 non
634 661 701 688 sunt
717 668 752 688 ex
764 658 919 687 contrariis

137 710 294 739 constituta
316 718 411 745 :ergo
430 717 492 738 non
515 711 582 736 sunt
606 706 821 744 corruptibilia.
846 707 919 734 Cum

137 758 216 786 enim
227 757 324 786 omnis
338 757 414 786 actio
429 756 465 784 sit
479 765 497 784 a
512 755 671 790 contrario,
688 756 720 783 ut
738 754 809 782 dicit
824 753 920 782 Philo-

137 805 285 842 sophus¹3
307 804 360 833 ubi
383 804 468 832 nulla
488 802 681 831 contrarietas
703 803 755 836 est,
772 801 814 829 ibi
837 800 920 828 nulla

137 854 213 881 actio
224 861 286 881 esse
305 853 402 889 potest
416 861 422 880 :
439 851 492 880 ubi
507 852 607 879 autem
622 850 699 878 actio
714 857 776 877 non
792 850 844 882 est,
865 857 920 876 nec

136 900 248 937 passio,
274 908 329 928 nec
355 899 507 935 corruptio
532 906 594 926 esse
615 899 722 934 potest,
738 896 810 933 quia
823 896 920 924 omnis

136 948 236 984 passio
250 947 288 975 ab
301 946 416 975 actione
430 945 533 982 aliqua
543 947 585 973 est
595 952 722 980 semper.
734 945 805 972 Item
819 951 920 977 causa,

137 1002 231 1030 quare
244 994 392 1022 elementa
402 993 459 1020 sint
471 991 687 1028 corruptibilia,
704 992 746 1018 est
757 990 822 1027 ipsa
833 992 921 1018 mate-

137 1042 192 1076 ria,
208 1050 275 1077 quae
290 1042 426 1069 contenta
441 1048 503 1067 non
517 1040 559 1067 est
572 1039 626 1066 sub
642 1038 754 1073 forma,
771 1038 835 1073 sed,
852 1046 921 1066 cum

139 1090 183 1117 est
196 1088 253 1116 sub
267 1088 365 1116 forma
383 1086 520 1115 elementi
539 1086 641 1120 uniuS,
658 1085 770 1122 appetit
785 1093 847 1113 esse
864 1086 920 1113 sub

138 1135 236 1163 forma
251 1134 380 1169 alterius,
394 1142 528 1170 quaerens
539 1141 657 1169 semper
668 1132 807 1167 formam,
819 1131 850 1160 in
860 1140 922 1168 qua

140 1181 272 1218 quiescat
287 1181 433 1217 appetitus
451 1181 544 1217 ipsius
561 1190 567 1208 :
586 1188 687 1216 quam,
705 1180 776 1216 quia
794 1187 856 1207 non
874 1179 921 1206 in-

140 1228 230 1263 venit,
245 1236 306 1256 non
323 1228 458 1264 quiescit,
474 1227 527 1255 sed
542 1235 660 1263 semper
675 1226 787 1261 circuit,
810 1226 832 1253 si
854 1233 922 1253 eam

139 1275 272 1303 invenire
291 1274 394 1311 possit.
414 1274 459 1303 Sic
481 1282 600 1307 avarus,
622 1274 696 1301 dum
717 1273 815 1302 satiari
831 1272 921 1308 cupit,

140 1323 257 1351 divitias
272 1322 393 1359 quaerit3
407 1322 471 1357 sed,
482 1330 550 1350 cum
561 1322 598 1350 ab
611 1322 652 1349 eis
664 1321 763 1349 satiari
778 1329 840 1348 non
851 1329 922 1357 pos-

140 1370 186 1405 sit,
209 1378 325 1406 semper
347 1369 460 1405 circuit,
482 1377 537 1397 nec
553 1377 686 1405 quaerere
710 1368 826 1396 desinit.
850 1369 922 1396 Cum

140 1417 230 1453 igitur
245 1417 276 1445 in
294 1416 385 1444 stellis
400 1416 437 1443 sit
459 1416 647 1444 nobilissima
669 1415 834 1443 formarum
856 1423 922 1443 cor-

140 1463 302 1500 poralium,
318 1463 429 1491 scilicet
443 1463 539 1491 forma
554 1463 639 1496 luciS,
654 1464 748 1490 totum
759 1462 924 1498 appetitum

141 1510 270 1538 materiae
283 1510 340 1538 sibi
355 1510 450 1544 satiat,
465 1512 497 1537 ut
507 1510 562 1538 sub
578 1510 675 1537 forma
686 1509 744 1537 alia
755 1517 817 1537 esse
829 1509 904 1537 nolit
916 1519 922 1537 :

142 1565 235 1593 quare
249 1557 301 1585 illa
316 1565 444 1593 corpora
464 1558 532 1584 sunt
548 1556 784 1592 incorruptibilia
807 1564 860 1592 per
875 1565 926 1584 na-

141 1605 249 1632 turam.
265 1604 310 1631 Sic
326 1606 354 1631 et
372 1604 465 1631 sancti
484 1603 616 1639 Apostoli
638 1603 758 1631 fuerunt
773 1604 926 1640 incorrup-

143 1650 240 1678 tibiles
254 1658 307 1686 per
318 1658 420 1678 veram
434 1650 585 1678 malorum
597 1650 798 1684 tolorantiam,
810 1650 927 1678 haben-

143 1699 185 1725 tes
197 1697 402 1725 fortitudinem
418 1699 446 1725 et
464 1697 639 1733 patientiam
655 1698 771 1724 mentis.
790 1698 927 1726 Sciebant

144 1745 224 1773 enim
249 1746 407 1772 Dominum
423 1744 531 1772 dixisse
544 1744 554 1760 2
568 1754 574 1772 :
594 1753 607 1769 «
624 1746 655 1772 In
671 1744 811 1780 patientia
831 1747 927 1773 vestra

144 1792 333 1828 possidebitis
344 1792 458 1820 animas
469 1792 691 1820 vestras.»Unde
702 1791 880 1827 potestillud
890 1792 926 1820 de

146 1839 187 1866 eis
194 1839 402 1867 convenienter
411 1839 538 1875 exponi³
552 1848 558 1867 ε
572 1850 584 1864 u
593 1839 707 1866 Videbo
717 1838 807 1866 coelos
815 1840 892 1873 tuos,
900 1841 928 1867 et

147 1893 238 1921 opera
245 1885 407 1921 digitorum
422 1887 557 1921 tuorum3
580 1886 682 1913 lunam
695 1888 723 1913 et
737 1886 846 1920 stellas,
861 1894 927 1922 qufe

146 1934 177 1960 tu
188 1932 350 1964 fundasti,»
370 1932 401 1959 id
411 1935 462 1967 est,
477 1933 593 1960 stabilia
609 1941 672 1960 esse
684 1933 814 1967 voluisti,
826 1941 863 1960 ne
875 1934 930 1960 ulli

147 1979 284 2007 cederent
305 1979 446 2015 passioni.
470 1980 547 2013 Quid
568 1979 615 2007 hic
630 1988 684 2016 per
699 1980 788 2008 coelos
803 1980 927 2013 solidos,

147 2035 208 2054 non
223 2035 359 2063 porosos‚
384 2026 441 2054 nisi
456 2028 572 2054 sanctos
595 2027 788 2062 intelligimus
801 2030 928 2063 Aposto-

147 2075 212 2104 los?
234 2074 310 2109 Quid
334 2083 386 2110 per
401 2074 500 2102 stellas
522 2074 666 2102 stabiliter
690 2075 845 2107 fundatas,
873 2075 929 2103 nisi

149 2130 253 2150 eorum
268 2122 299 2150 in
313 2121 468 2150 tormentis
484 2121 648 2149 luminosas
664 2122 858 2150 tolerantias?
873 2123 928 2150 Sed

149 2170 343 2206 interponitur
358 2170 400 2198 ibi
424 2169 461 2197 de
483 2170 568 2204 luna,
586 2177 644 2205 qua
660 2169 697 2205 (a)
726 2169 859 2204 signatur
878 2171 929 2197 Ec-

150 2218 253 2252 clesia,
269 2226 286 2245 a
306 2218 418 2246 Christo
442 2226 513 2246 vero
534 2218 596 2246 sole
617 2218 793 2245 illuminata.
813 2220 869 2245 Nec
886 2218 930 2245 in-

150 2265 296 2300 telligatur
319 2265 381 2292 ulla
400 2267 501 2293 nostra
526 2273 587 2292 esse
609 2264 760 2300 patientia,
776 2264 799 2291 si
816 2273 877 2292 non
895 2265 931 2292 sit

150 2312 180 2339 in
194 2312 254 2339 fide
269 2311 406 2339 solidata.
423 2313 551 2339 Fuerunt
566 2320 637 2347 ergo
657 2312 789 2347 Apostoli
803 2312 831 2339 in
846 2312 930 2340 nullo

150 2359 262 2395 porosi,
279 2359 332 2386 sed
347 2358 529 2392 solidissimi,
542 2359 616 2386 sicut
630 2359 695 2386 eceli
707 2359 781 2386 nulli
793 2359 930 2386 cedentes

151 2406 267 2441 penitus
288 2405 429 2441 passioni.
451 2406 497 2432 Est
517 2406 615 2433 autem
640 2405 746 2440 triplex
767 2414 859 2441 genus
875 2414 929 2442 pa-

153 2453 258 2480 tientiae
285 2451 451 2479 secundum
474 2451 656 2479 Bernardum
676 2451 685 2467 '⁴
709 2453 864 2480 :Primum
889 2455 931 2480 est

152 2502 277 2529 tolerare
296 2500 419 2536 injurias
434 2500 579 2536 patienter
596 2509 602 2527 ε
620 2502 647 2528 et
661 2501 718 2528 hoc
733 2504 775 2529 est
794 2502 929 2529 omnium

151 2548 375 2577 salvandorum.
392 2547 561 2575 Secundum
576 2548 628 2580 est,
645 2548 770 2576 tolerare
783 2548 929 2576 libenter:

184 2623 190 2638 ¹
208 2622 294 2651 Arist„
312 2620 341 2644 cle
359 2621 516 2650 Prcedicrmz„
534 2629 556 2645 c.
576 2628 597 2644 x.
619 2635 646 2638 —-
665 2622 672 2635 ²¹
690 2622 756 2651 Luc„
775 2629 829 2652 xxi,
849 2625 882 2647 19.
900 2637 929 2640 —

152 2658 162 2674 3
180 2657 246 2681 Psal.
271 2663 332 2685 vin,
351 2658 373 2680 4.
392 2671 422 2674 -
438 2657 448 2673 ⁴
465 2658 598 2687 Bernard.,
617 2659 642 2680 iu
662 2658 778 2681 Comum-s.
797 2659 824 2681 S.
845 2659 929 2687 Paul.y

154 2700 231 2719 serm.
248 2699 278 2724 11,
293 2700 319 2717 u.
335 2696 359 2724 2,
375 2694 399 2717 et
415 2694 440 2716 in
457 2693 540 2724 Cant„
551 2700 627 2717 serm.
647 2699 726 2724 mm,
737 2694 819 2718 simile
836 2695 930 2725 aliquid

972 282 1000 309 et
1013 281 1071 308 hoc
1086 288 1179 316 genus
1192 281 1235 308 est
1248 278 1339 315 gratia
1353 278 1466 312 divina,
1481 279 1510 305 et
1523 277 1554 304 in
1569 277 1674 304 virtute
1686 282 1752 303 ma-

970 335 1109 363 gnorum.
1124 328 1253 356 Tertium
1268 334 1361 362 genus
1376 327 1429 360 est,
1445 324 1505 361 pati
1522 323 1686 359 gaudenter
1701 331 1708 351 ε
1725 323 1754 350 et

970 375 1028 402 hoc
1041 382 1149 410 genere
1166 373 1299 410 patiendi
1318 372 1508 409 patiebantur
1522 370 1665 407 Apostoli,
1682 369 1754 406 quia

970 421 1038 458 plus
1052 421 1225 456 gaudebant
1238 421 1269 448 in
1284 419 1428 454 adversis,
1438 427 1530 455 quam
1543 417 1708 454 gauderent
1723 416 1752 444 in

971 467 1132 505 prosperis.
1149 468 1230 496 Unde
1244 467 1350 495 dicitur
1361 467 1371 484 ὅ
1387 476 1393 495 :
1412 478 1424 491 a
1442 466 1526 494 Ibant
1537 464 1668 501 Apostoli
1681 471 1754 500 gau-

973 515 1075 543 dentes
1090 523 1108 542 a
1122 517 1282 551 conspectu
1298 514 1426 549 concilii,
1443 513 1587 550 quoniam
1603 511 1685 547 digni
1701 501 1754 539 ha-

972 562 1025 590 biti
1041 563 1108 589 sunt
1125 570 1180 598 pro
1196 561 1317 589 nomine
1331 563 1398 590 Jesu
1416 560 1628 589 contumeliam
1648 558 1719 594 pati.
1738 568 1752 584 »

973 610 1113 638 Patientia
1125 609 1275 638 enimsola
1289 611 1331 637 est
1340 609 1476 637 omnium
1491 608 1632 636 virtutum
1643 607 1755 643 proba-

974 660 1042 695 tiva,
1057 659 1138 696 quia,
1155 658 1225 686 dicit
1239 658 1396 694 Gregorius
1408 679 1417 694 ,
1430 659 1440 676 θ
1454 668 1467 685 «
1484 657 1580 694 qualis
1597 656 1756 692 unusquis-

975 715 1033 743 que
1049 706 1130 743 apud
1145 715 1175 734 se
1190 706 1294 740 lateat,
1319 705 1400 733 illata
1415 704 1596 733 contumelia
1610 704 1728 740 probat.
1739 713 1752 730 >›

975 755 1050 788 Quia
1064 753 1148 790 quod
1160 753 1266 781 fornax
1281 761 1366 788 auro,
1382 752 1466 789 quod
1481 752 1554 779 lima
1566 751 1654 786 ferro,
1671 750 1756 787 quod

975 801 1084 830 tribula
1105 801 1272 835 frumento,
1295 800 1351 828 hoc
1372 799 1441 827 facit
1460 798 1609 827 tribulatio
1628 798 1693 825 viro
1710 797 1758 832 ju-

976 851 1030 877 sto.
1047 851 1150 876 Nonne
1165 848 1272 875 fornax
1279 855 1367 875 omne
1379 846 1581 874 adulterinum
1592 845 1719 881 separat,
1733 844 1757 871 si

976 897 1053 925 adsit
1073 896 1103 923 in
1123 896 1216 924 auro‘?
1237 897 1339 923 Nonne
1363 894 1435 922 lima
1455 893 1627 929 rubiginem
1650 891 1726 920 tollit
1741 899 1758 919 a

975 943 1073 971 ferro?
1083 945 1185 971 Nonne
1196 942 1307 970 tribula
1317 941 1420 978 paleas
1433 942 1551 977 separat
1563 948 1580 968 a
1589 939 1758 967 frumento?

976 993 1040 1019 Non
1055 991 1134 1018 enim
1148 990 1252 1018 fornax
1271 997 1389 1024 aurum,
1409 988 1432 1016 si
1448 995 1558 1024 purum
1580 987 1626 1021 sit,
1641 986 1759 1019 minuit,

976 1038 1024 1066 vel
1039 1037 1212 1073 corrumpit,
1228 1036 1276 1064 vel
1295 1035 1460 1069 consumit;
1486 1043 1540 1062 nec
1555 1034 1628 1062 lima
1646 1034 1758 1061 ferrum

976 1085 1080 1119 inficit,
1099 1084 1151 1112 sed
1174 1084 1272 1120 potius
1289 1083 1449 1120 pulchrum
1468 1082 1554 1116 facit;
1579 1089 1634 1109 nec
1649 1080 1761 1108 tribula

977 1140 1104 1168 granum
1114 1131 1230 1165 minuit,
1246 1131 1294 1158 vel
1306 1129 1478 1165 corrumpit.
1495 1129 1550 1163 Sic,
1567 1130 1595 1156 et
1608 1127 1761 1155 tribulatio

978 1180 1095 1207 sanctos
1108 1187 1170 1207 non
1187 1180 1295 1212 vastat,
1323 1177 1375 1205 sed
1390 1177 1524 1211 roborat,
1539 1178 1567 1204 et
1581 1174 1762 1209 consolidat,

978 1228 1006 1254 et
1021 1225 1175 1254 confortat.
1190 1228 1262 1253 Nam
1277 1225 1386 1258 insula,
1402 1223 1539 1260 quamvis
1552 1222 1686 1258 undique
1700 1222 1762 1249 val-

978 1273 1037 1301 lata
1052 1275 1094 1301 est
1109 1273 1147 1300 ab
1163 1272 1260 1308 aquis,
1276 1272 1410 1307 undique
1432 1270 1563 1307 perfusa,
1579 1278 1641 1297 non
1660 1271 1760 1296 tamen

979 1321 1018 1348 ab
1035 1320 1120 1356 aquis
1143 1319 1357 1355 corrumpitur3
1378 1318 1431 1346 sed
1451 1317 1579 1353 amplius
1605 1316 1760 1344 solidatur.

978 1368 1072 1401 lucus,
1088 1368 1200 1403 quanto
1211 1366 1306 1402 magis
1315 1365 1430 1393 malleis
1440 1365 1580 1400 tangitur,
1592 1365 1674 1391 tanto
1689 1362 1762 1390 soli-

981 1415 1047 1442 dior
1065 1414 1223 1442 invenitur.
1247 1415 1405 1449 Nunquam
1427 1412 1505 1440 enim
1521 1412 1655 1447 apparet,
1669 1418 1763 1446 quam

980 1462 1079 1497 gravis
1094 1462 1130 1489 sit
1144 1461 1252 1497 aliquis
1265 1462 1392 1494 sanctus,
1409 1459 1465 1487 nisi
1480 1458 1594 1494 injuriis
1609 1460 1636 1486 et
1657 1458 1763 1485 verbe-

980 1509 1063 1537 ribus
1080 1508 1168 1536 fuerit
1183 1507 1341 1543 impetitus
1358 1509 1431 1534 Nam
1446 1506 1483 1533 de
1498 1506 1585 1533 leone
1597 1505 1763 1540 invenitur,

982 1555 1066 1592 quod
1079 1555 1109 1582 in
1123 1555 1262 1591 periculis
1283 1553 1412 1581 maxime
1435 1552 1584 1580 invenitur
1606 1552 1764 1587 gloriosus

982 1605 1055 1630 Cum
1066 1603 1146 1630 enim
1157 1604 1313 1629 venatores
1323 1601 1424 1628 venire
1436 1599 1593 1636 praesentit,
1610 1607 1766 1635 nunquam

982 1658 1012 1677 se
1028 1649 1199 1684 abscondit3
1225 1649 1278 1676 sed
1301 1650 1434 1684 patenter
1459 1655 1489 1675 se
1515 1646 1660 1681 ostendit,
1686 1648 1714 1674 et
1736 1646 1766 1673 in

983 1697 1118 1725 medium
1139 1705 1278 1733 campum
1300 1695 1395 1729 vadit,
1417 1695 1447 1722 in
1468 1694 1661 1728 hominibus,
1686 1693 1766 1722 cani-

982 1745 1050 1779 bus,
1062 1744 1180 1780 jaculis,
1196 1744 1307 1779 sagittis
1321 1743 1441 1779 publice
1456 1751 1486 1770 se
1502 1741 1638 1778 opponit,
1655 1743 1682 1769 et
1695 1742 1765 1769 con-

982 1793 1027 1819 tra
1041 1799 1155 1825 omnes,
1169 1791 1243 1827 quid
1255 1790 1357 1826 possit,
1374 1789 1511 1818 ostendit.

1020 1837 1265 1872 Secundo,stellae
1277 1839 1345 1864 sunt
1355 1837 1563 1872 infatigabiles,
1581 1837 1654 1873 quia
1663 1844 1769 1872 quam-

984 1886 1029 1913 vis
1046 1885 1230 1913 velocissime
1250 1886 1445 1918 moveantur,
1466 1884 1494 1911 in
1512 1884 1576 1920 ipsa
1592 1886 1689 1911 tamen
1703 1883 1768 1910 lon-

986 1933 1107 1968 gissima
1122 1932 1182 1966 via,
1199 1933 1226 1959 et
1241 1932 1330 1966 dieta,
1348 1940 1439 1967 quam
1464 1930 1593 1962 faciunt,
1609 1930 1693 1958 nulla
1707 1930 1769 1957 fati-

986 1980 1104 2015 gatione
1122 1981 1267 2012 tenentur,
1283 1978 1459 2014 quamvisin
1468 1986 1570 2006 earum
1587 1986 1674 2005 cursu
1686 1977 1769 2004 nulla

987 2028 1110 2056 omnino
1141 2027 1224 2063 quies
1249 2029 1396 2063 ponatur,
1419 2026 1471 2054 sed
1496 2026 1558 2053 sine
1583 2025 1664 2053 omni
1688 2033 1769 2052 mur-

986 2084 1070 2103 mure
1087 2077 1114 2102 et
1129 2074 1261 2111 querela,
1277 2075 1361 2101 motu
1376 2082 1436 2101 non
1456 2073 1595 2109 proprio,
1612 2073 1663 2099 sed
1685 2073 1767 2099 motu

1779 1322 1886 1349 Exempla

987 2122 1068 2155 eceli,
1084 2122 1183 2149 sidera
1211 2124 1378 2149 moventur.
1401 2121 1446 2149 Sic
1467 2123 1495 2148 et
1521 2120 1612 2148 sancti
1636 2119 1769 2155 Apostoli
1793 2132 1798 2137 ·

986 2169 1105 2197 fuerunt
1129 2168 1328 2203 infatigabiles
1350 2176 1403 2204 per
1426 2167 1534 2195 mentis
1558 2166 1767 2200 constantiam,

987 2216 1026 2244 ita
1042 2218 1104 2243 uta
1120 2216 1168 2243 Dei
1192 2215 1311 2242 servitio
1335 2223 1397 2242 non
1420 2215 1541 2250 possent
1564 2214 1667 2241 averti.
1685 2213 1767 2241 Unde

988 2263 1106 2290 dicebat
1129 2263 1287 2298 Apostolus
1311 2263 1321 2279 '⁷
1343 2272 1349 2289 :
1378 2262 1475 2295 «Quis
1500 2269 1555 2289 nos
1579 2260 1729 2297 separabit
1752 2268 1769 2286 a

987 2310 1126 2338 charitate
1156 2310 1282 2337 Christi?
1314 2317 1352 2337 an
1378 2309 1492 2337 fames?
1517 2316 1555 2336 an
1583 2307 1724 2343 gladius?
1753 2316 1766 2331 n

988 2359 1145 2392 Propterea
1161 2356 1317 2392 exponitur
1334 2356 1370 2383 de
1384 2356 1424 2383 eis
1438 2355 1512 2383 illud
1523 2357 1532 2372 Β
1546 2365 1552 2383 ;
1572 2366 1584 2380 «
1600 2354 1694 2382 Stellae
1707 2361 1770 2381 ma-

988 2407 1090 2433 nentes
1103 2405 1133 2432 in
1149 2405 1254 2432 ordine
1267 2413 1331 2438 suo,
1349 2404 1492 2431 adversus
1507 2403 1634 2431 Sisaram
1651 2408 1768 2436 pugna-

988 2456 1120 2481 verunt»
1140 2462 1146 2480 ι
1164 2453 1235 2488 quia
1258 2453 1293 2487 (b)
1312 2452 1342 2479 in
1358 2451 1542 2487 apostolatu,
1566 2457 1656 2485 quem
1672 2456 1769 2484 coepe-

987 2503 1053 2528 rant
1067 2500 1211 2536 Apostoli,
1227 2501 1406 2532 constantes,
1419 2498 1615 2534 persistenteS,
1627 2499 1655 2524 et
1667 2498 1768 2523 contra

989 2549 1116 2575 Sisaram
1132 2549 1309 2583 pugnantes,
1327 2546 1356 2573 id
1371 2548 1422 2579 est,
1436 2545 1672 2578 diabolum,tota
1681 2551 1767 2571 cons·
1802 2562 1805 2564 -

989 2616 1074 2639 habet.
1090 2629 1118 2632 -—
1139 2616 1148 2631 ὃ
1167 2616 1231 2642 ΜΛ,
1252 2620 1276 2643 v,
1298 2615 1334 2637 lli.
1351 2627 1379 2630 »-
1397 2614 1404 2626 ⁴'
1422 2614 1540 2643 stretfor„
1560 2611 1672 2642 Dsztloffi,
1687 2611 1729 2634 lib⁴
1750 2611 1767 2639 l,

989 2659 1012 2675 c.
1029 2657 1051 2674 v.
1068 2664 1097 2667 —
1114 2652 1119 2664 's
1138 2651 1216 2679 Rom.‚
1234 2651 1343 2681 v111,:,'.'}.
1362 2663 1388 2665 w
1406 2652 1413 2661 ³
1428 2649 1519 2678 duclla,
1537 2655 1560 2678 v,
1577 2650 1616 2672 20.

1018 2694 1051 2724 (a)
1070 2696 1129 2717 t'zct.
1145 2693 1204 2717 edel.
1221 2700 1285 2724 qufc.
1302 2706 1331 2710 —
1347 2692 1382 2723 (b)
1398 2692 1458 2715 Item
1471 2691 1523 2724 qui.
