2029 3052
676 214 905 250 LAUDISMUS
927 213 977 247 DE
999 212 1156 246 SANCTA
1177 210 1315 245 CRUGE.
1745 214 1805 243 173

307 292 408 326 Quaere
422 295 541 323 manus,
556 285 650 324 pedes
664 293 765 321 cavos,

307 340 411 374 Quaere
425 337 504 366 fossa
518 334 627 364 lateris.

342 385 386 414 Ibi
400 383 522 422 plaude,
537 382 578 411 ibi
595 381 706 418 gaude,

308 433 374 469 Sine
391 431 505 466 fraude,
521 437 640 458 summa
654 428 757 463 laude,

308 481 587 515 Quantumcumque
600 475 721 514 poteris.

343 525 423 556 lstud
437 527 559 562 pactum
572 531 634 552 non
649 523 686 551 sit
703 521 845 556 fractum;

309 576 387 603 Crux
400 572 550 610 praecedat
560 578 681 600 omnem
693 571 803 603 actum,

309 624 343 651 Ut
357 621 517 650 succedant
530 627 684 657 prospera.

343 671 420 698 Crux
435 669 478 697 est
492 667 605 704 optima
618 665 748 702 medela,

309 718 416 746 Contra
429 714 588 744 Zabulonis
602 713 661 742 tela

309 763 402 792 Valde
417 761 577 791 salutifera.

344 810 388 839 Sis
398 809 430 838 in
444 810 535 838 Cruce
554 807 658 836 Christi
672 808 751 835 totus

308 858 449 893 prompto
466 856 567 885 animo
583 855 720 890 devotus,

308 904 408 933 Jubilo
425 903 602 932 dulcedinis.

345 953 470 981 Servum
485 950 535 979 Dei
551 951 626 978 Crux
642 948 786 983 defendit,

308 997 541 1035 comprehendit
553 998 581 1026 et
596 996 724 1025 ostendit

309 1047 393 1075 Viam
408 1045 447 1083 (a)
457 1044 650 1074 rectitudinis.

346 1098 420 1124 Cum
430 1094 557 1122 tentatus
573 1094 602 1120 et
615 1091 753 1126 afflictus,

309 1143 479 1178 Derelictus,
495 1141 581 1178 quasi
593 1141 699 1176 victus,

310 1192 343 1219 Et
357 1190 434 1218 inter
448 1189 601 1225 angustias
620 1198 627 1216 :
766 1213 768 1215 ,

346 1240 411 1266 Non
426 1237 465 1265 sis
479 1237 565 1272 piger
579 1243 678 1272 neque
692 1235 789 1263 lentus
798 1243 806 1269 3

311 1285 368 1314 Sed
382 1283 508 1313 sollicite
521 1283 663 1317 intentus,

311 1333 403 1361 Cruce
418 1332 547 1360 frontem
561 1329 690 1358 munias.

348 1381 422 1408 Cum
437 1378 576 1415 quiescis,
589 1378 640 1405 aut
653 1376 785 1410 laboras,

312 1426 439 1460 Quando
453 1426 545 1461 rides,
561 1424 685 1461 quando
700 1423 813 1459 ploras,

313 1473 412 1508 Doles,
428 1472 490 1500 sive
505 1472 638 1508 gaudeas
654 1480 660 1499 :

350 1519 477 1554 Quando
492 1519 589 1552 vadis,
605 1517 728 1554 quando
741 1517 836 1552 venis,

317 1569 349 1596 In
363 1566 486 1602 solatiis,
501 1566 532 1594 in
545 1566 653 1602 poenis,

314 1615 438 1643 Crucem
453 1613 544 1641 corde
559 1614 670 1641 teneas,

348 1662 423 1690 Crux
437 1660 467 1688 in
484 1659 624 1688 omnibus
635 1657 792 1695 pressuris,

314 1711 346 1738 Et
360 1709 391 1736 in
405 1707 548 1744 gravibus
563 1708 590 1735 et
606 1706 700 1741 duris,

315 1757 364 1784 Est
379 1756 474 1784 totum
489 1754 668 1783 remedium.

349 1804 426 1831 Crux
440 1803 471 1830 in
484 1802 581 1839 poenis
596 1803 623 1829 et
636 1800 800 1835 tormentis,

288 1850 292 1853 '
315 1852 362 1878 Est
377 1850 506 1878 dulcedo
520 1850 578 1885 piae
592 1848 709 1880 mentis,

316 1899 348 1925 Et
363 1904 467 1925 verum
481 1896 641 1931 refugium.

352 1945 430 1972 Crux
443 1945 485 1971 est
499 1944 586 1979 porta
599 1941 742 1976 paradisi,

315 1993 347 2020 In
361 1999 422 2028 qua
441 1990 538 2018 Sancti
553 1991 620 2017 sunt
634 1988 749 2023 confisi,

315 2039 369 2073 Qui
383 2038 519 2066 vicerunt
533 2037 644 2065 omnia.

352 2087 429 2114 Crux
449 2087 492 2113 est
502 2084 608 2112 mundi
623 2083 783 2117 medicina,

318 2135 371 2161 Per
386 2141 478 2169 quam
495 2131 614 2160 bonitas
629 2130 732 2159 divina

318 2180 398 2208 Facit
413 2179 574 2208 mirabilia.

355 2228 433 2255 Crux
447 2229 489 2255 est
503 2227 582 2254 salus
594 2226 773 2260 animarum,

318 2276 426 2302 Verum
442 2274 544 2302 lumen
560 2275 587 2301 et
601 2273 789 2310 praeclarum,

318 2322 349 2348 Et
361 2320 492 2348 dulcedo
503 2320 650 2348 cordium.

353 2371 431 2398 Crux
447 2370 489 2397 est
502 2369 562 2396 vita
576 2369 746 2403 beatorum,

318 2419 351 2445 Et
366 2417 520 2445 thesaurus
534 2415 743 2451 perfectorum.

318 2465 350 2492 Et
364 2464 455 2492 decor
470 2465 498 2491 et
511 2462 667 2498 gaudium.

354 2512 429 2539 Crux
446 2512 488 2538 est
501 2509 657 2546 speculum
670 2509 794 2544 virtutis,

318 2558 458 2587 Gloriosae
473 2557 535 2585 dux
551 2556 663 2591 salutis,

318 2607 429 2634 Cuncta
443 2612 510 2641 spes
526 2604 673 2632 fidelium.

228 2673 259 2704 (u)
289 2672 350 2697 Caet.
381 2671 440 2695 edit.
466 2670 561 2695 Vitam.
582 2683 608 2686 -
639 2668 673 2699 (b)
703 2668 764 2692 Item
789 2670 922 2694 eruuntur.

197 2709 226 2740 (c)
245 2709 305 2733 Item
321 2710 415 2732 niente.
433 2720 462 2725 —
475 2706 510 2736 (el)
525 2706 585 2729 Item
602 2704 711 2736 primum
727 2704 887 2729 matutinam.

1183 281 1261 309 Crux
1275 281 1319 309 est
1337 279 1428 308 decus
1442 277 1668 315 salvandorum,

1149 331 1181 359 Et
1195 329 1335 358 solatium
1350 337 1453 358 eorum

1148 378 1241 413 Atque
1257 376 1449 405 desiderium.

1183 425 1260 452 Crux
1273 426 1316 452 est
1328 424 1424 458 navis,
1438 425 1514 452 Crux
1527 424 1570 451 est
1583 423 1698 459 portus,

1148 472 1226 499 Crux
1239 471 1414 499 deliciarum
1427 471 1541 506 hortus,

1149 520 1182 548 In
1196 527 1256 555 quo
1271 519 1379 547 florent
1393 518 1505 547 omnia.

1185 567 1262 594 Crux
1277 568 1320 595 est
1333 566 1415 594 fortis
1429 567 1591 600 armatura,

1149 614 1182 641 Et
1195 614 1339 649 protectio
1354 621 1470 648 secura,

1149 661 1309 689 Conterens
1324 660 1482 689 daemonia.

1186 709 1263 736 Crux
1277 709 1320 736 est
1334 708 1425 736 arbor
1440 708 1591 743 decorata,

1150 755 1254 783 Christi
1268 755 1412 791 sanguine
1427 755 1552 789 sacrata,

1152 802 1269 830 Cunctis
1282 802 1374 839 plena
1388 801 1542 837 fructibus,

1186 849 1299 883 Quibus
1314 849 1421 878 animae
1436 849 1575 877 fruuntur
1588 849 1638 884 (b),

1150 897 1224 925 Cum
1238 896 1373 933 supernis
1387 896 1558 925 nutriuntur

1152 944 1232 973 Cibis
1246 944 1278 972 in
1292 944 1471 972 coelestibus.

1189 992 1210 1020 Ο
1226 999 1318 1028 quam
1333 991 1403 1020 felix
1418 991 1619 1027 permanebis,

1152 1040 1234 1067 Nunc
1249 1039 1280 1066 in
1293 1040 1385 1067 Cruce
1404 1038 1426 1066 si
1443 1038 1588 1073 studebis,

1152 1087 1251 1115 Donec
1265 1086 1381 1115 mundo
1395 1086 1520 1114 vixeris!

1190 1134 1257 1162 Sine
1272 1134 1332 1162 fine
1346 1134 1430 1162 laetus
1445 1134 1514 1169 eris,

1152 1183 1193 1210 Tu
1209 1181 1262 1218 qui
1279 1183 1412 1210 sanctam
1427 1182 1548 1210 Crucem
1566 1182 1686 1218 quaeris,

1155 1230 1183 1258 Si
1198 1229 1445 1266 perseveraveris,

1190 1279 1313 1306 Crucem
1328 1285 1437 1313 quaere,
1451 1278 1574 1306 Crucem
1588 1285 1668 1313 gere,

1155 1324 1260 1354 Christi
1276 1326 1399 1353 Crucem
1414 1325 1540 1360 intuere,

1154 1374 1187 1401 Ut
1198 1380 1301 1401 amore
1316 1372 1469 1408 langueas.

1191 1421 1312 1448 Summa
1327 1420 1386 1448 fide
1403 1420 1526 1447 Crucem
1540 1418 1620 1453 vide,

1155 1469 1187 1495 Et
1201 1467 1374 1503 plenissime
1387 1466 1505 1495 confide
1516 1488 1524 1501 ,

1155 1515 1254 1542 Donec
1270 1514 1361 1542 vitam
1374 1513 1497 1542 habeas.

1191 1561 1274 1590 Circa
1288 1562 1412 1589 Crucem
1426 1568 1563 1589 exercere

1154 1610 1280 1637 Mentem
1297 1609 1326 1644 (c)
1345 1608 1447 1643 debes,
1462 1607 1532 1636 huic
1549 1607 1679 1643 placere,

1155 1658 1187 1685 Et
1201 1657 1278 1684 hanc
1294 1656 1384 1684 corde
1400 1663 1512 1691 gerere.

1191 1705 1251 1731 Hoc
1269 1705 1312 1731 est
1328 1711 1404 1739 opus
1419 1703 1547 1731 salutare
1558 1724 1567 1737 ,

1155 1751 1238 1779 Circa
1252 1752 1376 1779 Crucem
1391 1750 1530 1778 laborare

1156 1798 1262 1833 Corde,
1280 1806 1342 1833 ore,
1359 1799 1387 1825 et
1401 1805 1502 1834 opere.

1192 1846 1370 1879 Recordare,
1385 1844 1474 1873 frater
1488 1844 1549 1881 pie,

1156 1894 1273 1929 Septem
1290 1892 1406 1920 vicibus
1421 1892 1452 1919 in
1467 1892 1527 1926 die,

1155 1940 1300 1969 Passionis
1316 1939 1443 1974 Domini,

1190 1990 1243 2016 Per
1259 1995 1349 2024 quam
1365 1995 1467 2014 sumus
1481 1986 1608 2021 liberati,

1108 2042 1115 2047 ·
1156 2037 1188 2064 Et
1203 2037 1319 2063 <eternae
1334 2035 1400 2063 vitae
1415 2034 1487 2069 dati,

1156 2085 1189 2111 Et
1200 2091 1340 2118 supremo
1357 2081 1474 2110 lumini.

1192 2132 1271 2158 Hanc
1284 2129 1307 2157 si
1323 2137 1406 2157 amas
1421 2131 1449 2156 et
1462 2128 1604 2163 honoras,

1156 2178 1239 2205 Dicas
1254 2177 1296 2204 illi
1310 2178 1404 2204 certas
1419 2176 1519 2210 horas,

1158 2223 1335 2252 Adhibendo
1346 2223 1488 2251 studium.

1192 2273 1300 2299 Horam
1312 2270 1495 2305 Matutinam,
1511 2270 1640 2298 Primam
1656 2271 1707 2306 (d),

1156 2319 1284 2353 Trinam,
1300 2319 1429 2352 Sextam,
1446 2317 1662 2353 vespertinam,

1157 2368 1282 2400 Nonam,
1297 2364 1540 2401 completorium.

1192 2412 1317 2447 Quando
1333 2412 1429 2446 sedes,
1445 2413 1513 2447 stas,
1531 2412 1660 2447 etjaccs,

1156 2460 1282 2494 Quando
1295 2459 1428 2495 loqueris
1443 2460 1471 2486 et
1485 2461 1573 2493 taces,

1158 2509 1260 2536 Fessus
1275 2515 1343 2535 cum
1358 2506 1506 2542 quieveris
1518 2514 1524 2533 z

1194 2555 1339 2583 Christum
1355 2561 1470 2590 quaeras
1483 2553 1513 2580 in
1529 2560 1591 2590 quo
1604 2561 1706 2589 speras
1715 2562 1722 2589 3

1157 2601 1338 2630 Crucifixum
1354 2600 1445 2629 corde
1459 2608 1544 2636 geras
1553 2621 1562 2636 ‚

1158 2649 1342 2684 Ubicumque
1362 2647 1461 2675 fueris.

1195 2697 1352 2732 Diligenter
1368 2702 1447 2731 pone
1462 2696 1591 2723 mentem
