2029 3052
586 220 742 258 CONTRA
762 222 996 256 MAGISTRUM
1018 224 1266 258 GUILELMUM.

122 290 203 323 lum.
219 302 234 321 1>
251 291 290 324 Et
304 292 399 332 paulo
415 293 485 333 post
500 303 507 324 :
528 303 543 322 α
558 291 627 324 Non
641 292 727 324 enim
742 291 823 323 mihi
836 299 902 330 eoS‚

123 345 178 385 qui
190 347 341 377 accusant
350 347 580 386 paupertatem,
590 345 716 384 afferas,
725 343 780 376 sed
787 352 841 376 eos
850 343 905 384 qui

124 408 180 439 per
192 409 263 432 eam
279 400 447 432 fulserunt.
467 399 547 431 Cum
563 399 623 431 hac
642 399 726 431 Elias
740 398 902 435 educatus,

124 455 235 494 raptus
245 455 292 485 est
306 453 360 485 illa
371 453 462 485 beata
469 453 582 494 rapina
589 464 597 492 3
614 462 688 485 cum
699 452 759 484 hac
769 451 904 483 Elis-teus

125 506 249 546 claruit3
267 516 340 539 cum
351 506 412 538 hac
426 507 580 546 loannes,
601 516 675 538 cum
689 506 749 537 hac
763 504 904 546 Apostoli

124 569 246 592 omnes.
264 560 342 592 Cum
367 561 505 592 avaritia
527 569 604 592 vero
626 560 752 598 Achab,
768 558 902 597 Jezabel‚

72 645 83 649 ,
125 613 222 654 Giezi,
230 613 246 646 J
249 614 339 652 udas,
349 614 443 653 Nero,
452 613 789 655 Caiphascondemnati
796 614 901 644 sunt.»

14 678 48 700 Ad
62 680 99 700 XI.

165 668 213 700 Ad
228 668 307 700 illud
322 668 407 709 quod
422 668 571 708 objicitur
585 668 624 700 de
638 668 763 700 decreto
773 666 903 706 Urbani,

125 723 306 762 dicendum,
325 723 409 764 quod
425 722 542 763 triplex
556 723 605 754 est
623 721 764 754 defectus
779 721 812 752 in
825 721 904 752 alle-

126 776 254 816 gatione
276 776 362 808 illius
388 775 516 808 decreti.
541 775 681 814 Primus,
705 774 782 815 quia
803 774 906 805 decre-

125 831 195 860 tum
210 829 290 861 illud
303 831 351 861 est
371 829 412 861 ad
431 829 615 870 EpiscopOS,
632 828 687 869 qui
710 828 828 859 debent
849 837 905 868 pa·

124 891 210 914 scere
229 883 456 922 mendicantes,
474 892 539 914 non
554 883 594 914 ad
615 883 696 921 illos,
715 882 772 922 qui
792 884 902 922 egent.

125 936 226 976 Unde,
243 937 326 968 sicut
337 937 392 968 illa
403 937 458 968 lex
470 936 744 968 Deuteronomii¹2
761 935 833 969 Non
844 936 907 968 erit

125 991 254 1023 omnino
270 991 421 1031 indiqens
432 994 460 1024 et
475 991 641 1023 mendicus
656 991 741 1023 inter
755 998 822 1028 vos,
839 997 906 1020 non

125 1046 173 1075 est
187 1044 261 1076 data
277 1047 386 1076 contra
401 1044 636 1076 mendicitatem
646 1053 836 1085 pauperum,
851 1043 905 1074 sed

126 1100 236 1130 contra
249 1098 451 1130 tenacitatem
467 1098 616 1136 divitum,
639 1098 726 1138 quod
743 1099 829 1138 patet
849 1106 906 1138 per

125 1153 186 1185 hoe
196 1153 281 1194 quod
291 1153 403 1184 eodem
413 1152 550 1194 capitulo
562 1152 775 1192 subjungitur
784 1153 795 1169 ²
808 1161 816 1183 :
831 1152 906 1184 Non

126 1204 259 1239 deerunt
268 1215 422 1248 pauperes
436 1208 474 1239 in
494 1210 582 1240 terra
600 1207 814 1240 habitationis
830 1209 904 1246 tuce,

126 1260 248 1294 idcirco
273 1262 428 1302 praecipio
461 1261 522 1294 tibi
548 1264 585 1294 ut
616 1262 744 1302 aperias
772 1269 906 1294 manum

126 1316 214 1346 tuam
229 1315 329 1355 fratri
344 1319 397 1349 tuo
411 1323 517 1356 cyeno,
535 1318 565 1348 et
578 1316 733 1356 pauperi3
751 1315 795 1346 sic
809 1317 839 1346 et
853 1315 906 1345 hic

125 1367 179 1399 lex
195 1369 290 1401 datur
310 1370 472 1411 Episcopis
493 1369 744 1408 abundantibu5‚
770 1369 810 1400 ad
832 1378 904 1400 sus-

127 1424 333 1455 tentationem
357 1432 536 1463 pauperum
558 1423 763 1461 clericorum,
798 1424 830 1453 et
853 1431 907 1453 eo-

127 1484 200 1507 rum
224 1477 405 1517 potissime,
427 1477 484 1517 qui
507 1485 574 1507 non
589 1478 687 1516 egent
702 1475 882 1507 voluntarie
894 1500 904 1514 ,

127 1530 182 1561 sed
207 1531 374 1571 compulsi,
398 1541 438 1562 ne
452 1533 582 1572 propter
604 1531 814 1570 indigentiam
838 1531 906 1562 effi-

127 1583 253 1615 ciantur
265 1585 350 1616 circa
370 1585 517 1616 divinum
541 1583 731 1625 obsequium
747 1584 904 1616 indevoti.

128 1637 293 1669 Secundus
315 1639 455 1670 defectus
478 1641 545 1677 est,
571 1638 657 1679 quod
685 1639 848 1669 decretum
867 1638 906 1669 il-

126 1691 184 1724 lud
201 1692 364 1724 inducitur
384 1693 424 1724 ad
444 1693 644 1733 probandum
659 1717 667 1731 ,
691 1692 776 1733 quod
802 1692 907 1723 clerici

127 1755 192 1778 non
207 1747 324 1778 debent
338 1747 456 1778 habere
472 1747 651 1787 proprium,
675 1747 758 1777 sicut
777 1748 908 1787 apparet

127 1801 162 1831 in
177 1801 241 1832 fine
260 1801 390 1841 capituli
407 1801 460 1841 (a),
477 1801 532 1832 ubi
547 1801 662 1832 dicitur
679 1811 686 1831 ε
709 1812 723 1829 «
739 1800 793 1831 His
809 1800 909 1831 omni-

127 1854 188 1884 bus
209 1854 318 1892 claret,
343 1854 430 1894 quod
457 1854 579 1885 clericis
603 1853 692 1884 nullo
717 1854 811 1884 modo
836 1854 909 1885 licet

127 1907 293 1947 proprium
318 1907 451 1946 habere3
475 1907 561 1947 quod
581 1907 607 1937 si
630 1907 813 1946 habuerint,
843 1917 909 1938 non

127 1963 223 1992 erunt
235 1961 350 1992 clerici.
363 1972 376 1990 »
396 1960 484 1991 Unde
499 1970 556 2001 per
570 1960 650 1991 illud
665 1961 829 1991 decretum
841 1970 908 1992 non

128 2015 337 2055 praecluditur
347 2015 400 2046 via
415 2014 622 2055 pauperibus,
640 2014 695 2054 qui
704 2015 786 2045 nihil
797 2015 909 2046 volunt

128 2069 246 2100 habere
262 2069 439 2109 proprium,
464 2069 518 2100 sed
534 2069 638 2108 potius
658 2068 810 2108 aperitur.
835 2068 908 2100 Ter-

129 2122 194 2153 tius
207 2122 346 2153 defectus
360 2124 419 2160 est,
437 2122 515 2162 quia
527 2123 608 2152 sicut
623 2122 743 2152 habere
764 2122 907 2162 proprie-

130 2177 227 2207 tatem
241 2176 274 2206 in
289 2175 457 2206 communi
480 2175 725 2216 comprobatum
740 2177 771 2206 et
794 2185 908 2216 appro-

129 2225 242 2256 batum
257 2226 303 2255 est
316 2225 501 2255 auctoritate
517 2224 636 2255 summi
661 2224 833 2263 Pontificis,
855 2225 911 2256 sci-

129 2279 201 2309 licet
216 2277 345 2316 Urbani,
364 2277 409 2308 sic
425 2277 539 2309 modus
556 2278 685 2309 vivendi
700 2277 735 2308 in
756 2278 910 2310 altissima

131 2334 314 2373 paupertate
329 2332 517 2362 auctoritate
529 2332 646 2362 summi
662 2331 826 2363 Pontificis
838 2334 848 2351 ³
859 2342 911 2373 ap-

130 2386 284 2427 probatus
301 2387 357 2423 est,
375 2385 455 2416 sicut
470 2387 566 2425 patet,
584 2384 622 2417 de
636 2386 817 2418 concessibus
830 2395 911 2427 prce-

131 2440 268 2473 latorum
279 2448 289 2471 :
301 2439 408 2471 Nimis
422 2447 525 2478 prava
539 2441 560 2477 ⁶,
576 2441 634 2469 etc.
647 2438 736 2470 Unde
748 2439 911 2471 decretum

133 2494 252 2525 Urbani
268 2493 363 2534 Papae
377 2494 587 2534 praejudicare
612 2502 677 2524 non
692 2494 794 2534 potuit
808 2497 912 2526 aucto-

133 2549 220 2580 ritati
249 2548 437 2586 Innocentii,
455 2548 588 2579 Ilonorii
616 2550 647 2579 et
675 2547 832 2588 Gregorii,
856 2550 912 2589 qui

135 2602 230 2634 istum
256 2603 389 2634 modum
413 2602 670 2642 approbaverunt
690 2604 755 2633 tam
779 2603 812 2633 in
838 2604 913 2643 jure

166 2685 173 2701 ¹
188 2685 268 2713 Deut„
281 2690 324 2714 xv,
336 2685 358 2708 4.
371 2697 400 2702 —
412 2683 506 2713 21bid.,
522 2686 558 2708 11.
570 2697 601 2701 -
611 2683 621 2700 ³
632 2683 734 2708 Scilicet
746 2684 861 2716 Gregorii
872 2686 911 2709 ix.

135 2734 165 2739 --
179 2721 190 2738 ὅ
205 2721 300 2745 Decret.
317 2720 404 2751 Gregi„
417 2719 461 2745 lib.
478 2720 509 2750 V,
522 2719 562 2744 tit.
578 2725 651 2750 xxxi,
665 2727 688 2745 6.
705 2726 768 2744 xvii.

1675 230 1733 260 387

959 293 1137 332 communi,
1153 302 1250 334 quam
1266 294 1299 325 in
1314 294 1446 335 privatis
1462 293 1652 335 privilegiis,
1664 296 1739 335 quia
1797 312 1804 318 ·

960 354 1025 376 non
1041 346 1136 378 habet
1151 347 1323 388 imperium
1340 357 1396 388 par
1416 348 1450 378 in
1463 356 1584 388 parem,
1610 351 1641 379 et
1667 358 1740 380 con-

960 399 1081 430 stitutio
1097 401 1184 440 prior
1197 410 1262 432 non
1278 401 1466 442 praeJudicat
1487 401 1666 441 posteriori,
1682 411 1740 434 nec

961 461 1133 484 commune
1146 454 1281 494 privato,
1299 464 1358 486 nec
1372 455 1425 487 lex
1445 455 1625 487 communis
1640 455 1741 496 privi-

960 506 1058 546 legio,
1075 507 1128 539 sed
1144 508 1251 548 potius
1266 518 1284 540 e
1298 518 1464 542 converso.
1481 510 1544 542 Nec
1558 519 1598 541 ex
1612 510 1672 541 hoc
1689 519 1741 551 po-

959 563 1021 593 test
1035 562 1132 601 argui
1148 562 1348 602 instabilitaS,
1370 573 1426 596 seu
1440 565 1643 596 contradictio
1658 565 1742 596 inter

961 616 1098 646 rectores
1116 615 1278 656 Ecclesiae,
1303 617 1378 658 quia
1399 619 1518 649 statuta
1532 619 1650 650 mutari
1667 628 1742 660 pos-

961 671 1036 700 sunt
1050 671 1080 700 et
1094 668 1209 700 debent
1226 678 1283 710 pro
1295 670 1364 701 loco
1379 672 1410 701 et
1425 673 1580 712 tempore,
1593 673 1675 704 sicut
1689 682 1742 713 pa-

961 724 1004 753 tet
1019 722 1053 753 iu
1068 724 1187 754 statuto
1199 723 1238 754 de
1255 724 1409 763 gradibus
1423 726 1606 765 parentelae,
1623 729 1654 757 et
1672 727 1742 758 aliis

960 776 1120 816 plurimis,
1136 786 1210 817 quae
1221 778 1308 817 juste
1328 787 1347 809 a
1361 778 1517 819 principio
1539 781 1659 811 statuta
1673 781 1741 812 fue-

960 832 1049 868 runt,
1074 832 1106 861 et
1123 830 1334 862 nihilominus
1356 831 1417 863 alia
1438 841 1505 863 non
1526 833 1636 866 minus
1657 834 1743 874 juste

961 883 1144 915 introducta
1163 887 1249 916 sunt.

1002 937 1049 969 Ad
1064 937 1142 969 illud
1159 938 1244 978 quod
1268 938 1419 979 objicitur
1442 940 1481 971 de
1504 941 1742 973 consecratione
1756 954 1787 975 Aa
1813 954 1852 973 xi:

961 992 1114 1030 ecclesiae,
1130 992 1312 1031 dicendum,
1328 993 1415 1034 quod
1431 996 1462 1025 et
1481 995 1515 1025 in
1529 995 1614 1026 illius
1627 996 1742 1028 decreti

961 1045 1153 1085 allegatione
1176 1046 1343 1087 tripliciter
1366 1047 1507 1079 defectus
1527 1051 1597 1080 est:
1618 1050 1741 1089 primo,

961 1099 1038 1140 quia
1050 1101 1206 1131 statutum
1221 1100 1301 1132 illud
1321 1101 1359 1132 de
1383 1102 1621 1134 consecratione
1642 1103 1741 1135 eccle-1

961 1154 1019 1185 siae
1035 1162 1101 1185 non
1115 1153 1243 1192 dotatae,
1263 1154 1382 1186 factum
1398 1157 1446 1186 est
1460 1156 1493 1186 in
1508 1156 1743 1188 alleviationem

961 1207 1208 1248 Episcoporum3
1226 1209 1377 1248 secundo,
1396 1209 1430 1240 in
1452 1210 1669 1242 dilatationem
1694 1211 1742 1242 di-

961 1261 1029 1292 vini
1044 1261 1163 1300 cultus;
1181 1263 1212 1293 et
1225 1262 1330 1301 tertio,
1346 1263 1381 1293 in
1404 1263 1591 1295 solationem
1609 1264 1742 1296 clerico-

961 1324 1035 1346 rum
1050 1315 1315 1354 ministrantium,
1331 1317 1385 1357 qui
1398 1317 1513 1348 nolunt
1523 1327 1556 1348 se
1566 1318 1744 1358 astringere

961 1369 1141 1401 voluntarie
1171 1370 1210 1400 ad
1238 1370 1433 1410 paupertatis
1461 1373 1588 1402 votum.
1620 1371 1744 1402 Horum

962 1426 1070 1454 autem
1100 1424 1299 1455 contrarium
1320 1424 1354 1454 in
1378 1425 1538 1464 proposito
1565 1425 1742 1457 invenitur.

962 1477 1043 1508 Nam
1062 1477 1169 1508 minus
1189 1479 1380 1517 gravantur,
1404 1480 1435 1508 et
1457 1477 1614 1518 Episcopi,
1637 1481 1667 1509 et
1690 1479 1745 1510 Ec-

961 1531 1068 1570 clesia,
1086 1531 1124 1562 de
1139 1531 1302 1571 religiosis
1317 1531 1503 1563 viventibus
1518 1532 1557 1562 de
1572 1532 1745 1573 eleemosy-

961 1585 1022 1623 nis,
1040 1594 1136 1625 quam
1152 1585 1178 1615 si
1193 1585 1238 1615 eis
1252 1585 1476 1625 provideretur
1493 1586 1526 1616 in
1539 1586 1699 1617 beneficiis
1714 1590 1745 1618 et

961 1639 1151 1680 praebendis.
1177 1638 1338 1678 Secundo,
1365 1640 1441 1679 quia
1471 1640 1578 1671 cultus
1601 1640 1655 1672 Dei
1678 1650 1744 1672 non

962 1695 1239 1733 augmentaretur,
1258 1693 1312 1724 sed
1327 1693 1431 1733 potius
1455 1693 1700 1732 diminueretur,
1717 1695 1744 1725 si

963 1747 1015 1778 hic
1029 1747 1143 1778 modus
1159 1747 1289 1778 vivendi
1302 1747 1340 1778 de
1355 1747 1460 1777 medio
1475 1747 1651 1779 tolleretur.
1667 1748 1743 1779 Ter-

962 1801 1018 1839 tio,
1034 1801 1108 1841 quia
1124 1801 1200 1831 tales
1223 1809 1379 1840 pauperes
1400 1801 1572 1832 voluntarii
1593 1802 1744 1833 libentius

964 1855 1026 1885 Deo
1043 1855 1186 1886 serviunt
1202 1855 1421 1892 mendicando,
1444 1864 1542 1894 quam
1562 1855 1658 1886 etiam
1682 1855 1743 1886 Deo

963 1908 1120 1939 servirent
1148 1917 1205 1947 pro
1233 1917 1353 1947 magno
1381 1907 1555 1947 beneficio,
1583 1911 1613 1939 et
1637 1909 1744 1948 magis

963 1964 1037 1992 sunt
1057 1961 1196 1992 contenti
1222 1961 1366 2001 parvulis
1391 1961 1620 2002 eleemosynis,
1645 1973 1743 2003 quam

964 2016 1093 2055 magnis
1108 2015 1267 2046 beneficiis
1283 2018 1314 2046 et
1328 2016 1520 2055 praebendis.

1003 2069 1051 2100 Ad
1066 2069 1144 2100 illud
1165 2069 1249 2109 quod
1271 2069 1420 2109 objicitur
1435 2070 1473 2100 de
1497 2070 1569 2110 lege
1595 2072 1627 2101 et
1653 2071 1688 2111 (b)
1705 2071 1743 2103 de
1757 2080 1788 2101 A,
1803 2081 1862 2100 xm.

963 2123 1223 2156 vizendiccmtibus
1243 2123 1374 2163 validis,
1396 2124 1578 2162 dicendum,
1598 2126 1683 2165 quod
1698 2127 1743 2156 si-

964 2178 1081 2209 militer
1096 2178 1212 2217 triplex
1223 2178 1362 2209 desectus
1377 2180 1423 2209 est
1436 2178 1468 2209 in
1482 2178 1567 2209 illius
1578 2179 1658 2219 legis
1672 2180 1743 2212 alle-

964 2232 1103 2272 gatione.
1122 2231 1261 2270 Primus,
1277 2232 1352 2272 quia
1367 2232 1419 2262 lex
1428 2232 1482 2263 illa
1492 2232 1673 2265 introducta
1683 2235 1741 2266 fuit

964 2288 1073 2316 contra
1088 2285 1255 2325 quosdam,
1276 2286 1332 2325 qui
1349 2287 1492 2326 tempore
1512 2286 1604 2317 famis
1620 2297 1742 2327 paupe-

964 2348 1038 2370 rum
1064 2338 1281 2378 eleemosynas
1315 2339 1531 2379 usurpabant,
1555 2341 1743 2372 simulantes

964 2393 1124 2424 inertiam.
1151 2392 1330 2431 Secundus,
1357 2393 1433 2433 quia
1453 2394 1593 2425 illitales
1617 2396 1743 2426 onerosi

965 2449 1067 2484 erant,
1083 2448 1114 2477 et
1134 2446 1255 2477 nullam
1274 2446 1443 2477 utilitatem
1463 2447 1647 2487 reipublicae
1662 2448 1755 2484 affer

965 2500 1089 2531 rebant.
1105 2499 1242 2538 Tertius,
1258 2500 1334 2540 quia
1348 2500 1438 2539 tales,
1456 2501 1510 2540 qui
1527 2501 1670 2532 laborare
1684 2511 1743 2542 po-

967 2555 1085 2590 terant,
1110 2555 1141 2584 et
1162 2555 1237 2584 tunc
1256 2553 1289 2583 in
1314 2554 1394 2584 nihil
1418 2554 1561 2594 occupati
1583 2558 1687 2594 erant,
1714 2558 1746 2587 et

967 2607 1131 2638 abundare
1146 2608 1307 2646 volebant,
1324 2608 1415 2648 proni
1429 2610 1519 2639 erant
1534 2608 1573 2639 ad
1590 2609 1747 2641 maleficia

967 2663 998 2691 et
1012 2660 1150 2700 rapinas.
1170 2661 1207 2691 Et
1225 2661 1305 2700 ideo,
1318 2663 1406 2700 justo
1425 2662 1545 2699 jndicio
1563 2665 1665 2693 rector
1681 2664 1747 2694 rei-

1001 2725 1031 2753 (a)
1052 2724 1102 2747 luzo
1118 2725 1175 2754 pust
1190 2730 1211 2747 c.
1231 2730 1293 2747 xm.
1310 2737 1339 2741 —
1356 2725 1387 2754 (b)
1409 2724 1462 2747 Del.
1481 2727 1514 2748 ct.
