2029 3052
582 244 867 279 RESPONSIONIS
889 241 1083 279 SECUNDAE
1106 246 1235 280 CAPUT
1259 246 1297 278 11.

130 315 220 346 teret.
246 314 329 353 Quid
353 315 455 356 igitur
475 314 575 347 sancti
595 322 686 346 senes
710 315 741 344 et
763 312 905 354 perfecti,

130 368 250 400 Paulus
265 369 408 409 emmim,
425 369 595 408 AntoniuS,
620 367 772 406 Ililarion,
789 371 820 399 et
843 367 908 398 cla-

130 423 251 454 rissimi
265 423 311 454 illi
327 423 545 455 coenobiorum
561 425 665 464 patres
680 421 908 453 abstinuerunt

130 486 231 517 usque
247 477 286 508 ad
307 477 500 518 decrepitam
516 476 736 509 senectutem?
759 474 840 513 Quid
862 474 907 505 illi

129 530 253 562 nobiles
271 531 451 570 coenobitae,
470 531 507 563 de
522 531 641 572 quibus
655 530 732 562 dicit
747 530 908 571 Hierony-

128 592 200 614 mus
213 584 252 615 ad
277 583 488 616 Eustochium
508 585 517 602 ²
544 595 551 616 :
580 596 594 614 (<
614 584 658 616 De
680 583 757 615 cibis
777 592 854 615 vero
877 584 908 614 et

127 639 206 678 potu
222 639 320 677 taceo,
338 647 413 669 cum
428 639 523 670 etiam
544 638 737 678 languentes
759 636 907 669 monachi

127 701 212 733 aqua
227 692 345 732 frigida
358 693 416 725 vix
430 695 574 733 utantur,
598 695 629 724 et
642 695 767 724 coctum
787 692 907 732 aliquid

127 746 283 786 accepisse
314 746 448 779 luxuria
481 747 543 778 sit?
577 759 591 776 »
616 747 695 786 Quid
726 747 780 778 illa
802 756 906 778 sacra-

125 799 247 831 tissima
262 799 373 839 Paula,
396 800 434 831 de
454 809 518 840 qua
536 800 622 831 idem
644 800 882 841 Hieronymus²
898 811 905 832 ε

129 863 143 882 (ι
158 851 253 884 Nulla
263 854 425 893 juvenum
441 853 635 894 puellarum,
652 863 729 885 sano
746 856 777 885 et
790 856 907 894 vegeto

124 915 266 948 corpore,
284 909 382 939 tantae
397 917 429 939 se
446 908 530 940 dedit
545 909 758 947 abstinentiae,
775 910 906 949 quantae

123 962 192 1003 ipsa
216 963 316 995 tracto
344 965 375 995 et
398 963 489 995 senili
519 964 747 1005 debilitatoque
773 972 906 1004 corpus-

125 1016 223 1048 culo?
238 1028 253 1046 n
273 1017 356 1055 Quid
372 1017 469 1049 etiam
484 1018 677 1049 venerabilis
690 1018 746 1049 illa
760 1017 904 1057 'l'arsilla,

124 1070 163 1102 de
188 1080 253 1111 qua
281 1070 475 1111 Gregorius,
504 1073 619 1112 quarto
648 1072 852 1112 Dialoqorum
868 1072 878 1088 ⁵
895 1081 906 1103 .·

127 1135 142 1154 «
158 1123 305 1164 Tarsilla,
329 1125 453 1166 inquit,
479 1126 579 1156 amita
602 1135 694 1164 mea,
719 1125 803 1156 inter
825 1126 906 1157 duas

124 1177 202 1209 alias
217 1187 341 1210 sorores
359 1188 444 1219 suaS,
464 1180 585 1212 virtute
605 1181 768 1212 continuae
791 1180 906 1211 oratio-

123 1232 183 1271 nis,
210 1233 368 1272 gravitate
389 1234 476 1273 vitae,
501 1234 725 1273 singularitate
747 1235 906 1266 abstinen-

122 1288 196 1327 tiae,
221 1289 261 1320 ad
284 1289 413 1321 culmen
438 1290 639 1330 perfectionis
662 1291 871 1322 excreverat?
886 1301 900 1318 »

123 1341 205 1380 Quid
218 1343 346 1374 tandem
361 1343 543 1384 Apostolus,
556 1345 595 1375 de
607 1353 670 1384 quo
685 1344 903 1384 Hieronymus

123 1397 233 1427 contra
251 1396 458 1428 Jovinianum
479 1400 489 1417 Β
519 1409 525 1429 ;
554 1409 569 1427 ε(
593 1398 712 1429 Paulus
735 1398 906 1438 Apostolus

122 1451 194 1488 post
207 1449 325 1480 famem
337 1452 367 1481 et
382 1451 481 1490 sitim,
495 1453 525 1482 et
538 1454 669 1483 caeteros
682 1452 807 1483 labores
817 1461 904 1490 suos,

123 1504 154 1533 et
168 1503 309 1543 pericula
331 1504 511 1544 latronum,
529 1508 559 1536 et
577 1506 767 1544 solitudinis,
794 1506 906 1537 crebra

121 1557 248 1597 jejunia
271 1561 460 1597 enumerat,
498 1562 529 1590 et
557 1560 713 1600 discipulo
738 1559 905 1591 Timotheo

123 1610 243 1642 dolenti
273 1612 477 1643 stomachum
508 1615 539 1644 et
568 1613 795 1651 infirmitates,
833 1613 904 1653 plu-

122 1664 222 1695 rimas
263 1666 455 1705 sustinenti,
492 1667 603 1698 suadet
643 1667 711 1698 vini
747 1667 903 1698 modicam

122 1718 303 1758 potionem,
328 1720 414 1760 quod
443 1729 507 1751 non
532 1721 728 1759 concederet,
754 1721 816 1751 nisi
836 1730 904 1752 cre-

121 1772 178 1803 bre
209 1772 432 1812 infirmitates,
462 1777 493 1805 et
518 1774 608 1806 dolor
640 1775 796 1806 stomachi
829 1784 901 1815 pos-

123 1825 302 1857 tulassent?
337 1838 351 1855 »
383 1827 556 1858 lnnumera
591 1838 720 1868 quoque
758 1829 798 1859 ad
835 1829 904 1860 haee

123 1879 270 1920 exempla
308 1883 483 1920 suppetunt
523 1881 668 1912 virorum
708 1882 902 1921 illustrium,

122 1942 188 1964 non
213 1933 318 1965 solum
348 1935 382 1964 in
409 1934 570 1965 Christum
602 1935 810 1974 credentium,
847 1945 902 1966 ve-

121 1996 195 2018 rum
218 1989 314 2019 etiam
329 1989 499 2028 gentilium
516 1989 802 2029 philosophorum,
822 1988 904 2019 sicut

121 2050 162 2072 ex
184 2042 283 2073 variis
304 2042 445 2073 historiis
466 2043 573 2082 colligi
603 2045 705 2082 potest
721 2067 728 2081 ,
765 2045 796 2073 et
826 2051 905 2082 prae-

120 2095 213 2135 cipue
235 2096 273 2127 de
298 2096 379 2127 libro
408 2096 598 2137 Hieronymi
619 2100 732 2128 contra
758 2097 904 2128 Jovinia-

121 2156 210 2188 num,
228 2151 259 2180 et
273 2159 314 2180 ex
328 2159 365 2180 eo
381 2159 478 2190 quem
500 2150 689 2190 conscripsit
711 2150 903 2181 Ambrosius

120 2202 167 2234 De
190 2203 261 2235 vita
286 2204 572 2236 Braclunanormn.
603 2204 666 2235 Nec
690 2205 808 2235 horum
833 2213 904 2235 con-

120 2257 292 2287 temnenda
315 2258 483 2297 exempla,
513 2267 587 2288 cum
616 2257 832 2298 Hieronymus
861 2257 904 2289 ad

121 2310 240 2342 Loetam
263 2311 345 2342 dicat
368 2314 401 2342 ⁵:
423 2322 437 2340 (ι
462 2312 551 2348 Quod
575 2311 704 2342 Judaica
719 2311 904 2351 superstitio

121 2373 161 2394 ex
175 2366 264 2404 parte
277 2365 349 2395 facit
362 2365 396 2395 in
410 2365 581 2405 rejectione
597 2366 813 2406 quorumdam
833 2365 902 2396 ani-

121 2418 255 2449 malium
292 2422 387 2459 atque
420 2428 566 2450 escarum
582 2443 591 2458 ,
627 2420 712 2460 quod
749 2419 903 2450 Indorum

121 2471 339 2513 Brachmanae,
351 2473 616 2514 etAEgyptiorum
626 2474 903 2514 Gymnosophistae

122 2525 156 2556 in
171 2527 319 2566 polentae,
336 2530 368 2559 et
381 2528 487 2567 orizae,
509 2530 540 2559 et
563 2537 733 2568 pomorum
753 2528 820 2559 solo
844 2529 901 2559 ob-

122 2584 252 2612 servant
264 2582 346 2620 cibo,
363 2592 419 2613 cur
434 2582 529 2621 virgo
554 2581 668 2613 Christi
692 2591 757 2612 non
772 2582 846 2612 facit
870 2582 903 2612 in

156 2645 161 2656 ¹
178 2643 338 2676 Hieronym.,
356 2645 390 2669 acl
410 2645 537 2676 Eas-loch„
558 2645 631 2676 epist.
652 2651 718 2669 xx11.
740 2658 768 2662 -
789 2645 903 2675 21d.,in

123 2678 235 2709 epitaph.
258 2681 356 2711 Paulae,
377 2681 450 2712 epist.
470 2687 553 2705 xxvn.
572 2695 603 2699 —-
621 2682 629 2695 ³
648 2682 766 2712 Gregor..
788 2680 903 2711 Dmloy„

121 2713 165 2739 lib.
184 2716 225 2746 IV,
242 2723 264 2740 c.
281 2722 338 2748 xvi,
355 2719 380 2741 et
395 2718 421 2741 in
436 2718 544 2749 Evanq„
559 2718 630 2742 hom.
646 2723 758 2747 xxxvm,
776 2723 800 2741 n.
820 2718 858 2741 15.
874 2730 899 2733 --

123 2750 131 2763 ⁴
147 2750 263 2782 Hieron.,
284 2752 340 2776 mlv.
359 2753 497 2785 lovinium,
515 2754 559 2778 lib.
585 2754 616 2777 ΙΙ.
634 2767 663 2771 -
685 2754 694 2770 ⁵
717 2753 762 2781 id.,
782 2752 815 2775 ml
833 2753 902 2782 Laet.‚

1688 252 1747 281 445

965 316 1050 346 toto?
1067 315 1100 347 Si
1115 315 1196 346 tanti
1210 315 1344 354 vitrum,
1359 322 1460 355 quare
1480 315 1511 345 et
1533 323 1597 346 non
1616 316 1748 356 maJoris

964 369 1057 408 pretii
1080 369 1121 400 sit
1146 369 1383 409 margaritum?
1408 379 1421 397 »
1451 367 1528 400 Haec
1553 370 1661 400 autem
1682 379 1747 401 non

965 422 1082 454 idcirco
1110 423 1270 462 diximus,
1297 425 1332 454 ut
1357 422 1557 454 abstinentiae
1578 422 1747 455 laudemus

964 484 1143 515 excessum,
1161 477 1214 508 sed
1240 477 1340 508 nostri
1362 476 1515 517 temporis
1536 476 1685 508 homines
1710 477 1749 509 de

964 528 1202 569 imperfectione
1226 532 1386 562 notemus.
1411 530 1493 562 Fieri
1515 531 1602 562 enim
1627 533 1747 571 potest,

964 585 1000 614 ut
1024 593 1082 624 pro
1097 584 1258 616 debilitate
1272 594 1446 625 corporum
1460 587 1656 616 excusentur
1671 595 1747 617 non-

963 637 1056 677 nulli,
1068 639 1163 678 juxta
1179 638 1265 678 quod
1280 638 1482 670 distinctione
1491 648 1570 671 xxw
1585 640 1702 671 dicitur
1714 640 1745 671 ⁰:

968 704 982 722 «
997 692 1141 723 Defectus
1151 692 1323 723 hominum
1336 693 1435 724 nostri
1447 693 1613 734 temporis,
1628 694 1748 734 quibus

963 754 1028 776 non
1045 745 1149 777 solum
1168 746 1323 785 membra,
1344 746 1397 777 sed
1415 746 1512 777 etiam
1528 755 1661 787 corpora
1680 747 1748 788 ipsa

963 799 1165 839 defecerunt,
1196 809 1261 831 non
1288 800 1408 841 patitur
1429 800 1635 832 districtionis
1661 801 1747 833 illius

964 862 1094 885 manere
1109 863 1288 885 censuram.
1306 854 1390 885 Fieri
1410 855 1497 886 enim
1514 856 1627 895 potest,
1648 857 1684 886 ut
1707 855 1748 886 ad

963 906 1071 948 aliqua
1088 908 1211 948 pietatis
1224 909 1328 940 officia
1343 909 1465 949 seipsos
1479 911 1660 948 exerceant,
1673 918 1746 950 quae

962 960 1192 992 districtionem
1208 962 1297 992 illam
1314 962 1364 993 vel
1387 962 1422 993 in
1442 964 1519 1002 toto,
1541 963 1593 994 vel
1608 962 1642 993 in
1658 966 1747 1004 parte

961 1018 1216 1055 recompensent.
1247 1015 1313 1047 Hoc
1341 1017 1450 1047 tamen
1479 1017 1644 1057 praecipua
1670 1027 1748 1049 cura

962 1070 1170 1109 servandum,
1187 1070 1292 1111 utqui
1308 1072 1436 1102 tantum
1448 1071 1526 1103 fvitae
1542 1072 1686 1112 rigorem
1701 1081 1748 1104 se-

962 1125 1017 1164 qui
1035 1134 1098 1155 non
1110 1125 1227 1163 valent,
1244 1125 1294 1156 vel
1306 1125 1437 1156 forsitan
1453 1126 1577 1165 nolunt,
1590 1136 1656 1158 non
1668 1136 1748 1167 prae-

962 1181 1151 1218 sumptuose
1169 1179 1382 1219 vilipendant,
1407 1180 1462 1211 sed
1481 1180 1634 1220 religiose
1653 1190 1747 1213 vene-

961 1234 1085 1271 rentur,
1106 1235 1264 1273 quatenus
1286 1234 1311 1263 si
1336 1233 1413 1273 quid
1438 1234 1469 1264 in
1493 1234 1539 1265 cis
1561 1244 1619 1275 pro
1643 1235 1747 1266 carnis

961 1285 1121 1317 debilitate
1136 1287 1349 1325 subtrahitur,
1366 1297 1406 1319 ex
1424 1289 1542 1320 mentis
1563 1289 1747 1321 humilitate

961 1340 1159 1380 suppleatur.
1176 1351 1190 1369 n
1207 1340 1295 1371 Hanc
1309 1341 1396 1381 piam
1404 1342 1595 1373 reverentiae
1610 1343 1746 1374 formam

961 1394 1039 1432 siis,
1060 1395 1111 1425 cui
1134 1395 1357 1434 respondetur,
1383 1396 1554 1428 observare
1580 1397 1744 1437 voluisset,

960 1456 1165 1488 nequaquam
1180 1448 1334 1480 humanae
1350 1450 1545 1482 carnalitatis
1561 1451 1677 1483 vitium
1687 1461 1747 1492 per

961 1510 1089 1540 earneS,
1113 1512 1194 1542 quas
1216 1502 1291 1533 dicit
1313 1513 1331 1534 a
1354 1503 1557 1536 Praecursore
1577 1508 1743 1545 comestas,

962 1555 1131 1586 temeraria
1146 1557 1401 1596 praesumptione
1417 1557 1548 1589 foveret.
1565 1558 1621 1589 Cui
1637 1562 1745 1599 aperte

961 1609 1174 1640 contrariatur
1198 1610 1405 1650 evangelicus
1431 1613 1552 1650 textus,
1578 1617 1608 1643 et
1637 1613 1746 1653 Augu-

961 1663 1063 1693 stinus
1079 1667 1190 1696 contra
1207 1664 1374 1703 Faustum,
1389 1665 1445 1696 ubi
1460 1665 1504 1696 sic
1518 1665 1562 1696 ait
1577 1669 1587 1685 ⁷
1605 1676 1640 1697 :a
1656 1666 1745 1698 Unde

962 1717 1065 1747 dictus
1088 1720 1135 1749 est
1156 1718 1295 1749 Joannes
1316 1728 1381 1750 non
1406 1720 1614 1759 manducans,
1639 1731 1745 1762 neque

960 1771 1084 1810 bibens,
1102 1773 1163 1803 nisi
1180 1773 1255 1813 quia
1270 1773 1324 1804 illo
1340 1774 1442 1812 victu,
1467 1784 1530 1814 quo
1552 1775 1655 1807 Judaei
1676 1778 1740 1808 ute-

959 1825 1090 1864 bantur,
1107 1826 1173 1866 ipse
1192 1836 1256 1857 non
1271 1828 1439 1858 utebatur?
1457 1840 1470 1856 »
1491 1828 1620 1860 Constat
1634 1833 1742 1862 autem

959 1880 1045 1918 quod
1059 1880 1074 1911 J
1079 1880 1161 1910 udaei
1177 1881 1328 1911 carnibus
1342 1882 1567 1921 vescebantur,
1585 1884 1646 1914 nisi
1661 1885 1742 1915 forte

958 1933 1031 1973 quis
1055 1934 1099 1964 ita
1121 1934 1267 1974 desipiat,
1296 1936 1332 1965 ut
1355 1935 1437 1966 dicat
1452 1935 1608 1968 „loannem
1631 1947 1742 1970 carnes

959 1987 1165 2018 manducasse
1188 1988 1219 2018 in
1236 1988 1308 2028 lege
1322 1989 1508 2028 prohibitas.
1526 1990 1742 2032 Hieronymus

958 2040 1065 2079 etiam,
1090 2044 1204 2073 contra
1226 2043 1443 2075 Jovtrzz'anzcm
1458 2046 1468 2062 ⁸
1488 2052 1495 2073 :
1517 2056 1531 2074 «
1556 2044 1742 2077 Praecursor

958 2094 1084 2124 Domini
1101 2097 1131 2126 et
1146 2105 1250 2135 praeco
1269 2096 1396 2127 locustis
1413 2098 1521 2137 alitur,
1547 2101 1578 2129 et
1604 2099 1741 2131 silvestri

958 2148 1062 2187 melle,
1079 2158 1144 2180 non
1159 2150 1319 2180 carnibus.
1349 2162 1363 2179 »
1390 2150 1428 2181 Et
1453 2151 1618 2191 Rabanus,
1644 2163 1742 2194 super

957 2202 1033 2233 illud
1052 2203 1192 2235 [tlatthaei
1204 2204 1214 2220 ⁹
1229 2215 1234 2235 :
1249 2205 1330 2236 Esca
1345 2205 1560 2245 effuslocustoe,
1576 2209 1635 2238 etc.
1653 2219 1667 2237 z<
1682 2207 1742 2239 Ha-

958 2256 1084 2287 bitalori
1107 2258 1288 2289 solitudinis
1303 2268 1487 2299 congruum
1507 2262 1592 2300 erat,
1618 2263 1653 2292 ut
1676 2271 1741 2293 non

957 2311 1084 2341 delicias
1100 2312 1259 2350 ciborum,
1275 2313 1329 2344 sed
1348 2314 1569 2346 necessitatem
1584 2315 1739 2347 humanae

957 2364 1061 2394 carnis
1081 2367 1253 2404 expeteret.
1272 2377 1286 2394 »
1311 2365 1401 2397 Unde
1423 2368 1518 2398 refert
1538 2368 1736 2408 Arnulphus,

958 2418 1131 2449 Galliarum
1154 2419 1338 2460 Episcopus,
1351 2421 1523 2452 minimum
1540 2432 1645 2462 genus
1657 2422 1739 2453 locu-

957 2475 1080 2504 starum
1093 2473 1191 2505 fuisse
1206 2474 1240 2504 in
1256 2474 1379 2506 deserto
1394 2475 1410 2506 J
1414 2475 1526 2514 udaeae,
1544 2485 1608 2516 quo
1629 2478 1738 2516 pastus

957 2528 1004 2557 est
1018 2526 1155 2557 Joannes
1172 2527 1323 2568 Baptista,
1342 2531 1373 2559 et
1388 2538 1489 2569 usque
1510 2529 1605 2560 hodie
1624 2530 1667 2560 ibi
1682 2539 1736 2570 ap-

957 2589 1079 2620 parere,
1107 2590 1181 2621 quae
1209 2582 1404 2622 corpusculis
1428 2583 1460 2613 in
1484 2583 1616 2615 modum
1643 2584 1738 2624 digiti

957 2680 1031 2711 epist.
1052 2686 1097 2712 vn,
1119 2681 1168 2705 col.
1184 2690 1220 2707 m.
1237 2684 1276 2708 59.
1289 2696 1319 2700 —
1335 2684 1343 2698 ¹³
1358 2683 1421 2707 Dist.
1437 2689 1509 2708 mv.
1522 2697 1549 2701 -
1564 2685 1574 2702 ‘¹
1585 2686 1660 2717 Aug„
1671 2687 1737 2710 cont.

957 2716 1055 2745 Faust„
1071 2717 1113 2742 lib.
1129 2719 1196 2749 XVl,
1211 2726 1233 2743 c.
1251 2725 1324 2744 xxm.
1334 2732 1365 2736 —-
1378 2720 1386 2733 ⁸
1399 2719 1516 2751 Hieron„
1528 2720 1584 2745 adv.
1599 2722 1736 2751 Jovim‘an„

959 2752 1001 2775 lib.
1021 2753 1050 2783 ll,
1066 2753 1114 2777 col.
1132 2761 1156 2777 n]
1187 2757 1237 2780 202.
1251 2769 1280 2773 —-
1294 2756 1304 2772 ⁰
1319 2756 1426 2786 nabau„
1442 2763 1496 2786 sup.
1512 2757 1603 2782 Matth.
