2029 3052
180 752 213 773 Ad
222 753 259 773 lv.

187 1295 219 1316 Aa
240 1296 266 1321 v,

190 1328 217 1347 vi
247 1327 269 1347 ει

204 1359 253 1379 νιι.

285 246 345 276 406

285 311 328 344 cit
341 311 616 344 conservationem
630 308 756 351 speciei,
772 308 855 340 sicut
869 310 917 340 est
931 307 1062 339 manda-

285 367 356 398 tum
370 365 409 397 de
424 363 658 402 manducando,
673 364 705 396 et
714 362 903 395 mandatum
916 362 955 394 de
969 370 1064 402 gene-

286 419 398 451 rando.
414 419 494 451 {llud
509 427 591 459 ergo
605 417 692 459 quod
705 416 834 458 respicit
847 415 1064 448 conservatio·

286 482 362 505 netn
378 472 515 514 speciei,
532 481 599 504 non
613 471 738 512 obligat
751 470 814 502 nisi
827 471 862 501 in
878 469 1044 502 communi
1053 480 1062 508 ;

286 527 373 569 quia,
384 536 451 559 uno
461 526 626 568 implente,
637 526 719 558 alius
732 524 921 563 absolvitur,
936 524 1018 555 sicut
1027 523 1066 555 de

288 582 495 622 generatione
505 593 513 613 ι
523 583 554 613 et
563 582 640 623 quia
647 589 728 622 opus
737 579 887 612 manuale
897 580 944 610 est
953 579 1010 619 huj
1015 587 1066 610 us-

287 636 392 675 modi,
410 636 474 668 nisi
493 636 529 668 in
543 644 581 668 eo
595 635 652 677 qui
666 635 858 667 constitutus
871 633 968 665 estin
982 633 1068 664 statu

288 690 421 731 periculi
432 714 441 728 ‚
459 690 531 722 ideo
553 698 620 721 non
644 689 742 720 habet
752 688 814 720 nisi
827 687 901 719 talis
918 687 1065 727 astringi.

328 744 378 776 Ad
398 744 478 776 illud
493 743 580 785 quod
594 743 754 784 objicitur,
773 742 860 783 quod
874 742 957 772 sicut
971 750 1006 772 os
1022 742 1069 772 est

289 799 328 830 ad
344 797 624 836 manducandum,
640 797 685 828 ita
707 798 740 828 et
762 805 896 833 manus,
919 796 977 826 etc.
989 819 997 833 ‚
1017 795 1067 826 di-

289 852 442 890 cendum,
460 851 545 892 quod
560 860 626 882 non
640 852 688 883 est
704 850 820 889 simile,
838 849 915 890 quia
930 849 958 880 si
971 849 1070 881 homo

291 907 396 947 posset
419 905 530 937 vivere
552 905 621 936 sine
642 904 856 943 comestione,
872 903 953 935 sicut
967 905 1070 944 potest

290 959 400 991 vivere
420 959 489 990 sIne
514 958 656 990 manuali
680 967 787 999 opere,
815 967 882 989 non
906 959 1071 988 teneretur

291 1014 494 1045 manducare.
527 1013 685 1044 Praeterea
718 1021 805 1044 unus
843 1012 941 1043 homo
969 1013 1072 1052 potest

291 1068 416 1109 operari
440 1076 497 1108 pro
523 1067 605 1107 alio,
633 1066 686 1098 sed
711 1075 776 1097 non
802 1065 996 1097 manducare
1013 1074 1072 1106 pro

291 1122 354 1153 alio
372 1133 378 1152 :
396 1121 468 1153 ideo
492 1130 557 1152 non
581 1122 706 1161 oportet
728 1120 773 1151 sic
801 1128 913 1150 omnes
935 1119 1073 1159 astringi

292 1175 520 1207 universaliter
547 1175 587 1206 ad
616 1173 800 1205 manualem
829 1173 1048 1214 operationem
1061 1197 1071 1212 ,

294 1229 376 1260 sicut
390 1229 430 1260 ad
444 1228 738 1260 manducationem.

335 1283 383 1314 Ad
394 1283 472 1315 illud
482 1282 567 1323 quod
578 1282 728 1323 objicitur
738 1281 777 1313 de
787 1283 958 1322 praecepto,
969 1290 1075 1313 exem-

295 1338 364 1378 plo,
388 1340 443 1369 aut
459 1337 559 1376 dicto,
587 1338 618 1367 et
639 1335 736 1368 verbo
756 1335 944 1376 apostolico;
962 1337 1075 1366 notan-

295 1392 394 1431 dum,
423 1391 509 1432 quod
534 1390 618 1421 circa
641 1388 850 1430 apostolicum
878 1391 1076 1430 praeceptum

295 1445 526 1477 consideranda
550 1446 597 1476 est
617 1452 753 1484 persona
783 1443 833 1474 cui
864 1443 1051 1483 praecipitur
1068 1467 1076 1481 ,

296 1509 392 1531 causa
405 1509 541 1541 proqua
556 1498 756 1539 praecipitur,
774 1500 804 1528 et
819 1498 923 1528 forma
938 1498 997 1528 sub
1013 1507 1077 1538 qua

297 1554 496 1594 praecipitur.
525 1553 557 1584 Si
576 1552 794 1584 consideretur
829 1561 965 1592 persona
977 1575 985 1589 ,
1015 1561 1079 1583 non

297 1609 447 1640 omnihus
463 1608 607 1649 praecipit
623 1607 836 1647 generaliter,
855 1606 908 1637 sed
925 1606 1079 1637 determi-

299 1665 372 1694 nate
387 1662 589 1703 quibusdam.
608 1662 660 1692 Ait
673 1661 759 1691 enim
776 1664 783 1680 ¹
803 1671 809 1690 :
829 1661 872 1692 Et
892 1660 1080 1692 audirimus

300 1717 455 1758 quosdam
470 1717 552 1748 inter
566 1723 620 1747 vos
636 1715 834 1746 ambutantes
855 1714 1010 1753 inquiete,
1027 1715 1080 1746 m·—

302 1772 349 1803 hit
363 1774 540 1811 operantes,
563 1770 619 1802 secl
640 1771 762 1801 curiose
783 1772 924 1808 ccqcntcs.
943 1769 1002 1800 llis
1019 1777 1080 1800 (ιιι-

303 1830 363 1858 tem
377 1826 436 1866 qui
452 1824 640 1865 lntjizsmodt
660 1826 736 1856 sunt
749 1848 756 1862 ,
776 1823 1024 1860 denuntiamus,
1049 1825 1084 1854 ut

303 1888 375 1911 cnm
397 1880 526 1911 silentio
551 1881 715 1919 operantes
728 1903 735 1915 ,
753 1885 846 1909 sumn
862 1885 978 1916 ponem
994 1885 1085 1908 man-

304 1936 434 1968 ducent.
452 1935 597 1975 Praecipit
621 1943 699 1974 ergo
722 1933 881 1974 inquietis5
900 1933 1036 1964 curiosis
1055 1936 1085 1964 et

306 1991 424 2021 otiosis.
449 1989 481 2020 Si
505 1991 611 2020 autem
633 1987 851 2019 consideretur
878 1996 992 2025 rausa,
1021 1996 1085 2017 non

307 2046 354 2075 est
367 2044 516 2081 dubium,
534 2043 611 2083 quin
627 2042 666 2073 sit
683 2042 721 2072 arl
739 2041 950 2072 remotionem
967 2041 1086 2071 horum

245 2117 265 2128 ι,
308 2097 406 2129 trium
431 2098 594 2128 vitiorum.
613 2096 693 2134 Quia
709 2095 795 2126 enim
811 2095 898 2125 labor
914 2095 1088 2135 corporalis

270 2153 276 2156 “
309 2153 393 2183 valet
404 2152 442 2183 ad
457 2161 572 2192 corpus
583 2150 790 2188 domandum,
807 2149 845 2180 ml
860 2150 962 2180 otium
978 2150 1087 2181 tollen-

263 2211 286 2254 ‘u‘
309 2206 403 2244 ilum,
421 2206 459 2236 ad
476 2206 596 2236 victum
614 2205 745 2236 honeste
763 2204 986 2244 quaerendum,
1005 2204 1089 2235 idon]

267 2273 287 2286 a-
311 2260 471 2300 apostolus
495 2259 677 2299 imponebat
700 2258 745 2289 eis
769 2258 930 2296 laborem,
950 2259 1041 2298 quasi
1057 2259 1089 2289 in

277 2335 296 2348 a,
312 2314 465 2346 vitiorum
486 2314 619 2344 istorum
641 2313 922 2343 medicamentum.
941 2312 1019 2343 Nam
1041 2313 1088 2343 iu-

311 2367 413 2408 quieti
434 2367 540 2398 labore
566 2368 733 2405 ‹lmnantc‚
756 2367 848 2397 otiosi
873 2366 980 2397 laboro
1006 2367 1090 2397 exci-

314 2424 415 2459 tante,
430 2421 544 2452 curiosi
571 2421 679 2451 sellula
703 2429 780 2450 cura
805 2420 924 2450 virtum
942 2430 1091 2460 quwrcn-

317 2478 380 2513 tos,
399 2478 433 2507 ut
447 2475 522 2506 dicit
537 2474 659 2512 Glossa,
680 2474 827 2513 indigent
841 2474 949 2505 laboro
972 2475 1091 2505 victum

316 2531 529 2570 promerente.
559 2528 631 2559 Ideo
661 2528 831 2568 Apostolus
860 2529 949 2568 qnasi
980 2538 1034 2568 per
1061 2539 1093 2559 se

317 2583 470 2623 loquitur,
494 2585 524 2612 et
551 2581 675 2622 proprio¹
702 2584 732 2611 ct
757 2581 1094 2621 sut'ficientissi1ne,i11

319 2637 468 2677 praedicto
491 2636 659 2673 mandato,
683 2635 708 2665 si
733 2636 916 2666 attendatur
930 2646 1035 2667 causa.
1061 2636 1094 2667 Si

354 2721 357 2732 ¹
385 2720 401 2742 ΙΙ
428 2718 517 2747 Thess„
540 2724 582 2748 ιιι,
608 2719 685 2741 11-12.
706 2731 736 2734 —
756 2718 766 2733 ²
789 2718 805 2740 ΙΙ
831 2718 897 2747 Cor.y

923 2725 985 2744 λιιι,
1012 2722 1045 2743 lo.
1065 2733 1093 2737 —

321 2759 329 2773 ³
343 2756 416 2785 Aug.y
431 2754 460 2778 cle
474 2761 544 2785 opere
559 2753 681 2784 Monacla„
698 2761 719 2778 c.
737 2759 772 2783 ιν,
786 2760 810 2777 n.
828 2756 850 2777 3.
979 2745 984 2749 ¹

833 240 886 273 DE
910 237 1173 272 PAUPERTATE
1194 238 1351 272 CHRISTI

1116 316 1194 340 vero
1218 306 1402 339 attendatur
1430 306 1534 338 forma
1561 306 1622 338 sub
1647 314 1713 347 qua
1739 307 1895 348 praecipit‚

1116 363 1264 394 constans
1296 363 1362 401 est,
1390 361 1477 402 quod
1505 360 1598 392 debet
1621 359 1794 392 convenire
1818 356 1895 393 cnm

1117 425 1224 448 causa.
1253 415 1473 457 Apostolicum
1498 414 1586 447 enim
1615 414 1678 446 hoc
1701 415 1898 455 praeceptum

1118 471 1184 508 est,
1211 471 1243 501 et
1265 469 1306 501 ad
1333 469 1396 501 tria
1418 468 1572 510 praedicta
1599 468 1654 499 ille
1685 467 1896 508 astringitur,

1119 524 1176 564 qui
1199 532 1265 555 non
1289 525 1393 564 potest
1413 523 1533 555 hahere
1556 522 1612 554 illa
1633 522 1696 553 tria
1721 530 1780 563 per
1803 521 1900 554 aliam

1119 578 1208 610 viam
1235 577 1355 609 licitam
1382 579 1414 609 et
1436 576 1706 615 convenientem;
1735 576 1794 618 qui
1822 585 1901 609 vero

1119 633 1233 672 potest,
1249 640 1315 663 non
1326 631 1519 671 astringitur
1537 630 1746 662 determinate
1764 630 1804 662 ad
1812 620 1903 662 'hanc

1120 686 1224 725 viam,
1241 687 1406 726 quantum
1424 687 1472 716 est
1488 684 1528 716 de
1547 684 1650 725 ipsius
1663 683 1815 725 praecepti
1829 683 1903 715 effi-

1121 740 1219 780 cacia,
1234 739 1322 781 quod
1340 739 1426 772 dedit
1441 738 1613 779 Apostolus
1627 738 1668 769 ad
1680 737 1857 769 ornandam
1872 739 1905 770 et

1122 793 1345 826 aedificandam
1364 793 1546 832 Ecclesiam,
1561 801 1628 824 non
1647 793 1695 823 est
1713 791 1753 832 (a)
1778 791 1818 823 ad
1832 791 1902 823 des-

1122 848 1292 880 truendam
1300 847 1399 887 illam,
1410 847 1588 879 secundum
1594 848 1793 887 potestatem,
1804 854 1903 887 quam

1124 902 1162 934 ad
1178 902 1421 934 aedificationem
1435 901 1511 932 dicit
1519 901 1531 918 ¹
1539 900 1601 931 sibi
1615 899 1771 931 divinitus
1782 899 1901 931 datam.

1165 956 1339 988 Dicendum
1364 964 1457 995 ergo,
1480 954 1567 995 quod
1588 952 1798 993 apostolicum
1818 961 1905 993 prae-

1124 1013 1252 1051 ceptum
1265 1035 1273 1050 ,
1298 1009 1504 1050 exemplum,
1522 1008 1643 1039 dictum
1665 1009 1697 1038 et
1718 1006 1878 1048 Judicium
1896 1031 1905 1045 ‚

1125 1064 1197 1096 illos
1220 1064 1342 1104 obligat
1364 1063 1549 1104 potissime,
1575 1061 1630 1102 qui
1657 1063 1733 1092 sunt
1761 1060 1907 1101 inquieti,

1126 1118 1218 1150 otiosi
1240 1120 1271 1150 et
1290 1117 1424 1156 curiosi,
1448 1119 1483 1148 ut
1505 1116 1545 1147 ab
1565 1115 1616 1146 his
1629 1114 1761 1146 redeant
1772 1114 1808 1155 (b)
1832 1125 1839 1145 :
1857 1113 1909 1146 vel

1127 1182 1182 1205 eos
1207 1173 1263 1214 qui
1286 1182 1352 1204 non
1379 1173 1512 1213 possunt
1541 1170 1632 1202 aliter
1668 1169 1906 1209 convenienter,
1955 1164 1957 1167 ’

1128 1236 1227 1269 quam
1240 1236 1298 1268 per
1319 1227 1462 1258 laborem
1480 1224 1697 1266 corporalem,
1715 1223 1818 1256 vitare
1831 1223 1912 1256 vitia

1129 1282 1323 1323 supradicta,
1339 1282 1421 1313 sicut
1435 1280 1602 1312 manifeste
1616 1281 1782 1311 ostensum
1797 1279 1855 1310 est.

1171 1337 1219 1369 Ad
1242 1336 1320 1368 illud
1337 1335 1424 1377 quod
1443 1334 1594 1375 objicitur
1617 1334 1657 1365 de
1681 1332 1807 1371 Glossa,
1824 1332 1912 1373 quod

1132 1391 1203 1423 vult
1224 1390 1395 1431 Apostolus
1409 1397 1518 1421 servos
1533 1388 1589 1420 Dei
1603 1386 1810 1428 corporaliter
1833 1395 1913 1428 ope-

1132 1444 1213 1482 rari;
1237 1444 1424 1481 dicendum,
1451 1442 1537 1483 quod
1565 1442 1591 1473 si
1617 1440 1697 1473 illud
1725 1442 1808 1472 esset
1833 1440 1914 1473 velle

1133 1498 1304 1540 praecepti,
1334 1496 1583 1536 intelligendum
1612 1497 1658 1526 est
1686 1494 1848 1526 indefinite
1874 1494 1914 1526 de

1135 1552 1235 1584 servis
1251 1551 1314 1590 Dei,
1339 1551 1370 1582 id
1393 1553 1458 1589 est,
1480 1550 1518 1581 de
1533 1549 1585 1581 his
1599 1549 1654 1589 qui
1669 1550 1744 1580 sunt
1757 1547 1798 1579 ad
1812 1548 1914 1580 servi-

1136 1607 1217 1638 tium
1233 1605 1430 1637 dominicum
1456 1603 1619 1641 conversi,
1637 1603 1693 1643 qui
1712 1611 1769 1642 per
1791 1603 1915 1642 maj0ra

1136 1663 1167 1692 et
1183 1660 1311 1691 utiliora
1333 1668 1430 1699 opera
1456 1667 1519 1689 non
1536 1659 1612 1688 sunt
1627 1666 1645 1687 a
1660 1656 1802 1687 manuali
1820 1665 1914 1697 opere

1125 1714 1294 1752 -cxcusati,
1317 1713 1397 1743 sicut
1417 1711 1630 1751 exemplificat
1649 1709 1854 1749 Augustinus
1877 1710 1916 1742 de

1138 1768 1200 1806 his,
1217 1768 1271 1808 qui
1287 1767 1385 1798 vitam
1403 1767 1435 1797 in
1451 1765 1568 1797 saeculo
1585 1765 1621 1796 [le
1634 1764 1743 1795 labore
1757 1763 1915 1804 corporali

1140 1821 1361 1861 transigebant
1378 1831 1384 1851 z
1402 1822 1433 1851 ct
1456 1820 1500 1850 sic
1528 1818 1607 1850 illud
1634 1817 1797 1849 indefinite
1822 1817 1915 1848 dehet

1140 1875 1275 1915 intelligi
1289 1899 1297 1914 ,
1315 1878 1343 1906 et
1366 1883 1430 1905 non
1455 1873 1690 1910 universaliter,
1707 1871 1782 1912 quia
1803 1871 1917 1902 absur-

1141 1931 1219 1962 dum
1234 1932 1314 1961 esset
1328 1929 1448 1966 (licere,
1465 1927 1550 1968 quod
1570 1935 1682 1957 omues
1706 1925 1789 1956 servi
1811 1925 1863 1956 Dei
1879 1924 1919 1955 ad

1143 1986 1201 2016 hoc
1223 1984 1285 2015 sint
1300 1983 1429 2014 astricti.
1448 1982 1536 2013 Patet
1557 1981 1653 2012 etiam
1668 1980 1739 2017 hoc,
1757 1978 1833 2019 quia
1849 1979 1919 2009 Au-

1145 2039 1293 2080 gustinus
1304 2062 1312 2076 ,
1329 2047 1348 2068 a
1363 2046 1426 2077 quo
1441 2036 1538 2067 verba
1553 2035 1637 2066 illius
1652 2034 1768 2065 Glossae
1792 2035 1919 2073 accepta

1145 2096 1236 2131 sunt,
1263 2093 1315 2124 sed
1334 2093 1475 2129 mutata⁷
1498 2089 1613 2130 excipit
1634 2090 1774 2129 quatuor
1798 2095 1918 2126 genera

1146 2148 1332 2185 hominum,
1349 2154 1428 2186 quos
1452 2144 1528 2175 dicit
1549 2152 1613 2174 non
1638 2141 1739 2173 teneri
1764 2144 1801 2172 ut
1815 2140 1921 2172 labore

1144 2200 1274 2241 proprio
1289 2199 1408 2230 victum
1427 2198 1585 2238 quaerant,
1602 2196 1684 2226 sicut
1699 2196 1861 2226 ostensum
1872 2195 1919 2224 est

1146 2263 1254 2295 supra.
1272 2253 1360 2285 Unde
1377 2261 1473 2293 super
1484 2250 1668 2291 praedictam
1683 2248 1825 2280 Glossam
1841 2247 1922 2278 inni-

1146 2309 1277 2339 tendum
1293 2316 1357 2338 non
1376 2308 1431 2344 est,
1451 2307 1519 2336 tum
1535 2305 1610 2344 quia
1625 2304 1728 2334 mutat
1743 2302 1840 2333 verba
1853 2301 1920 2331 Au-

1149 2363 1269 2403 gustini
1288 2362 1377 2403 (dicit
1392 2360 1476 2391 enim
1498 2360 1531 2390 in
1553 2358 1703 2398 originali
1722 2359 1732 2375 ³
1750 2368 1757 2399 ξ.
1778 2357 1922 2388 Primum

1148 2417 1294 2449 debemus
1330 2413 1492 2447 ostendere
1523 2412 1707 2453 Apostolum
1742 2410 1923 2449 corporalia

1148 2479 1243 2511 opera
1262 2477 1368 2502 servos
1385 2469 1441 2500 Det
1455 2467 1583 2508 operari
1597 2465 1753 2502 voluisse,
1777 2467 1812 2496 ut
1834 2464 1925 2496 victu

1150 2531 1178 2559 et
1201 2526 1316 2558 vestitu
1332 2533 1351 2555 a
1367 2523 1453 2555 nullo
1475 2521 1678 2561 'tntlt‘yorent.
1700 2527 1758 2549 nec
1782 2518 1924 2559 aliquam

1151 2580 1346 2613 mentionem
1364 2577 1435 2609 serit
1452 2576 1489 2607 (le
1506 2573 1683 2616 petitione);
1706 2575 1776 2603 tum
1795 2573 1828 2613 (c)
1850 2573 1926 2613 quia

1151 2637 1207 2674 illi,
1232 2636 1341 2666 contra
1366 2641 1447 2673 quos
1469 2629 1601 2669 agebat,
1626 2637 1691 2658 non
1716 2627 1867 2659 vivebant
1887 2627 1926 2659 de

1186 2719 1216 2746 (ιι)
1235 2715 1288 2738 nul.
1305 2716 1350 2738 cst.
1371 2726 1396 2730 -
1413 2712 1446 2742 (Ιι)
1469 2711 1524 2741 ch.
1542 2709 1669 2732 rect-«lant.
1692 2721 1721 2725 —
1743 2708 1773 2739 (c)
1791 2707 1851 2732 Coet.
1867 2707 1929 2731 edit.

1152 2754 1217 2777 deest
1233 2754 1295 2776 tum.
