2029 3052
1536 0 1542 2 ”
1672 0 1693 20 .“
1727 0 1733 3 ’
1764 0 1767 4 ’
1811 0 1852 21 ”.”
1874 0 1955 22 ζ’ἔμῖἱθ,

1885 36 1888 37 ’
1957 39 1965 43 ,
1982 31 1990 42 d

1078 125 1096 141 Ο
1956 0 2029 143 Ἴ

188 179 248 215 10'8
538 172 750 213 SERMONES
770 176 819 210 DE
839 172 1007 210 sAncris
1028 172 1070 209 m
1090 173 1287 209 conum.
1306 171 1457 207 mvn.

186 248 310 287 majoris
330 248 406 278 boni
432 249 569 278 creatura
598 247 701 284 aliqua
724 252 821 283 capax
849 243 966 280 fuisset,

188 296 273 335 quod
285 295 441 326 Anselmus
451 295 524 324 dicit
535 302 641 324 verum
655 301 718 323 non
730 292 843 328 fuisset,
857 290 971 320 scilicet

188 344 272 382 quod
287 343 375 380 Virgo
393 343 482 372 beate
500 343 582 371 tanta
600 341 728 379 puritate
746 339 886 375 fulsisset,
907 346 970 376 qua

187 391 285 428 major
297 391 355 420 sub
370 391 429 428 Deo
447 389 572 426 intelligi
581 387 728 425 nequiret,
742 388 775 416 ut
789 386 828 424 (α)
842 386 969 416 habere-

187 447 256 468 mus
269 438 385 476 uliquid
398 439 460 467 tam
480 435 732 466 excellentissimae
751 434 896 471 puritatis,
911 433 969 463 Sed

187 487 280 516 hodie
301 486 457 524 impletum
481 487 524 514 est
548 483 646 513 illud¹
666 491 705 511 :a
732 481 803 511 Coeli
818 489 881 511 non
901 482 970 510 sunt

188 533 295 564 mundi
309 533 341 562 in
353 534 513 570 conspectu
526 532 599 568 ejus.
614 541 629 558 ι)
641 531 749 559 Sumus
763 529 845 558 enim
858 528 970 557 similes

189 582 266 612 coelo
276 589 376 616 aereo,
390 579 555 608 secundum
569 580 685 615 partem
693 577 772 606 hanc
786 575 968 612 inferiorem,

189 630 221 658 in
246 636 307 666 qun.
333 629 514 664 generantur
534 626 663 655 tonitrua
682 626 710 653 ct
729 623 968 659 coruscationes,

188 676 308 712 fulgura
321 677 350 704 et
369 673 541 712 grandines,
556 673 641 702 nives
660 675 689 702 et
707 672 821 710 pluvia.
837 671 914 707 Quid
928 673 972 700 est

189 724 270 754 enim
284 722 393 752 coelum
411 724 526 757 tonare,
542 720 598 750 nisi
620 722 756 758 potentes
775 721 878 749 contra
897 727 972 756 puu-

188 779 276 809 peres
290 770 384 800 verba
404 777 553 807 pomposa
566 768 722 806 proferre?
741 767 819 802 Quid
835 774 971 796 corusca-

190 818 322 848 tionibus
337 817 473 846 timorem
488 816 632 853 ingerere,
649 817 677 844 et
691 814 867 844 fulminibus
883 821 972 852 quos-

190 874 249 903 que
264 865 362 901 ferire,
372 864 428 893 nisi
442 863 544 892 verbis
554 864 582 891 et
595 862 678 891 factis
691 861 822 890 minores
837 862 972 890 arctare?

189 912 266 948 Quid
281 911 478 949 grandinibus
497 912 607 939 terram
630 911 795 947 percutere,
818 909 874 937 nisi
898 911 971 937 tem-

190 962 316 998 pestates
327 958 475 994 cordium,
491 960 519 987 et
534 957 700 986 discordias
714 956 884 985 seminare?
894 956 972 991 Quid

190 1008 329 1043 ningere,
348 1006 404 1035 nisi
429 1005 517 1034 malis
534 1004 680 1041 exemplis
697 1003 795 1033 calida
816 1003 909 1032 corda
928 1003 971 1032 fa-

191 1063 257 1084 cere
282 1054 458 1090 frigescere?
477 1052 554 1087 Quid
573 1054 616 1080 est
634 1052 800 1089 impetuose
816 1051 930 1088 pluere,
945 1053 974 1079 et

189 1104 281 1131 terras
293 1101 387 1130 cultas
401 1100 556 1137 dissipare,
569 1099 623 1128 nisi
642 1099 682 1128 ad
699 1106 832 1135 guerras»,
843 1100 872 1126 et
890 1098 971 1133 odiu,

189 1149 315 1187 pacifica
333 1148 427 1178 corda
448 1155 581 1182 movere,
605 1148 634 1175 et
657 1146 750 1175 corda
777 1146 854 1174 bene
879 1145 972 1182 gratia

190 1197 267 1226 cultu
282 1197 474 1225 subvertere?

227 1243 395 1273 Secundum
411 1242 521 1271 coelum
541 1242 648 1270 dicitur
671 1241 805 1277 igneum,
829 1240 913 1278 quod
931 1245 974 1269 est

191 1300 306 1320 summc
336 1290 484 1325 calidum,
510 1297 625 1318 sumine
650 1288 903 1323 uctunlissimum‚
935 1288 974 1316 ita

192 1338 276 1376 quod
289 1339 373 1374 juxta
388 1346 418 1366 sc
437 1340 479 1366 est
494 1337 753 1371 inflammativum‚
768 1338 796 1364 et
811 1337 909 1364 omnis
924 1335 974 1363 fn?-

192 1386 290 1415 ditatis
305 1386 342 1414 ab
354 1394 421 1428 nege
433 1384 489 1413 sibi
507 1384 645 1421 proximo
659 1383 881 1411 abstractivum.
897 1382 974 1419 ignis

192 1434 282 1469 enim,
299 1441 367 1461 cum
389 1433 418 1460 in
442 1440 506 1460 rem
520 1431 576 1459 sibi
600 1430 770 1467 proximam
792 1430 870 1466 ugit,
890 1429 973 1466 quod

192 1481 315 1519 quidem
329 1483 372 1509 est
384 1479 439 1508 sibi
460 1479 659 1510 contrarium.
676 1478 715 1506 ub
735 1486 770 1506 ea
785 1477 919 1514 expellit,
937 1477 974 1505 si-

192 1532 240 1558 cut
255 1530 334 1565 putet
348 1527 377 1555 in
393 1527 480 1563 lignis
491 1525 646 1557 viridibus,
664 1527 691 1553 vt
705 1524 847 1559 mctallis;
865 1524 974 1552 deiude

192 1577 222 1605 in
238 1584 302 1604 cam
318 1583 404 1603 suum
420 1574 549 1602 calorem
571 1572 710 1607 immittit,
733 1574 759 1600 et
775 1580 841 1600 eam
859 1572 975 1599 influm-

191 1623 470 1657 mnndo‹1issotvit;
493 1624 520 1650 ct
541 1622 613 1649 dum
629 1630 724 1658 usque
748 1621 785 1648 :ul
808 1620 848 1648 roi
871 1620 974 1648 iutimu

192 1680 222 1699 sc
238 1671 397 1706 immergit,
417 1678 538 1698 omnem
554 1669 680 1696 scoriam
705 1669 732 1696 in
757 1677 792 1696 ea
815 1668 961 1695 conmuni

194 1718 274 1746 Unde
287 1718 435 1751 videmus,
451 1716 534 1753 quod
555 1716 650 1750 locus,
666 1716 718 1744 uhi
735 1716 766 1743 fit
789 1715 864 1751 ignis
883 1715 975 1743 couti-

193 1773 285 1800 nuus,
303 1765 397 1798 mnf-tis
411 1766 453 1792 cst
467 1772 574 1798 sanus,
589 1771 679 1800 quam
699 1762 775 1791 alius
790 1763 886 1796 locus,
904 1763 975 1799 quia

193 1820 247 1849 per
263 1813 362 1848 ignem
384 1813 574 1848 expurgatur.
598 1812 634 1838 ne
650 1810 706 1838 hoc
729 1810 817 1845 igitur
832 1810 908 1837 ca¹lo
924 1810 974 1837 lia-

194 1859 291 1894 betur,
308 1859 358 1886 ubi
379 1858 473 1886 Helias
493 1858 532 1885 ad
553 1857 843 1894 quinquagenarium
870 1856 975 1893 princi-

194 1915 262 1943 pcm
278 1906 316 1934 ait
328 1905 336 1919 ²
353 1915 359 1933 ι
385 1918 396 1930 κ
410 1906 437 1933 Si
455 1905 547 1932 homo
563 1905 610 1932 Dei
627 1913 703 1939 sum,
719 1904 880 1932 descendat
899 1905 976 1941 iguis

195 1954 230 1981 de
247 1953 333 1985 coelo,
351 1954 377 1980 et
399 1952 522 1980 devoret
538 1954 574 1986 tc,
598 1963 610 1977 ι)
627 1954 681 1979 etc.
704 1953 735 1979 lit
750 1953 759 1968 ³
780 1962 785 1979 :
807 1963 818 1977 (ι
834 1952 908 1985 ignis
928 1952 975 1979 nei

195 1999 348 2027 descendit
363 1999 399 2027 ‹lc
417 1999 508 2032 (ulo,
532 2002 559 2027 et
582 2002 672 2027 tactas
696 2007 784 2033 oves,
807 2007 975 2035 puerosque

195 2046 386 2083 consumpsit.
416 2057 429 2071 ιν
458 2047 518 2074 Fuit
543 2054 614 2082 ergo
644 2047 728 2074 beata
758 2047 844 2081 Virgo
868 2046 976 2074 cur-lum

195 2095 327 2130 igneum,
342 2096 462 2130 propter
482 2093 716 2121 nr‹lcntiss³muui
733 2093 915 2121 charitatem.
937 2093 963 2121 bi

196 2144 243 2170 eut
258 2141 336 2169 enim
353 2141 427 2177 iguis
445 2144 486 2169 est
508 2141 537 2168 iu
555 2150 673 2168 summo
696 2141 820 2169 calidus.
843 2143 869 2169 et
891 2141 919 2168 in
936 2141 978 2168 ul-

197 2189 289 2222 timo,
318 2188 348 2215 id
377 2191 438 2222 cst,
468 2189 496 2215 in
523 2191 629 2224 quarto
654 2188 763 2223 gradu:
789 2188 829 2215 sic
855 2188 979 2215 Domina

196 2239 297 2264 nostra
318 2236 370 2263 fuit
394 2235 533 2264 charitate
560 2236 588 2263 in
615 2244 733 2264 summo
759 2236 978 2271 ardentissima,

197 2291 263 2319 qum

200 2363 251 2385 Nec
275 2361 383 2392 primam
406 2361 515 2385 similem
538 2360 591 2384 visa
616 2363 667 2391 est,
687 2367 733 2384 nce
757 2360 850 2384 liulwre
871 2369 979 2392 soquen-

895 2400 946 2421 tuin
962 2399 977 2421 ⁸.

202 2473 282 2501 l'nde
305 2474 387 2508 llugo
410 2472 498 2507 dixit,
522 2472 605 2509 quod
631 2472 660 2500 in
689 2481 724 2501 ca
749 2482 833 2501 amor
856 2475 978 2510 Spiritus

200 2520 291 2548 suncti
308 2520 496 2554 singulariter
510 2519 634 2548 ardebat
654 2529 661 2546 :
685 2520 752 2548 ideo
770 2521 798 2548 in
815 2530 901 2549 curuo
918 2522 980 2557 ejus

203 2567 352 2595 mirabilia
375 2567 509 2595 faciebat.
538 2569 568 2595 Et
589 2567 658 2595 dicit
680 2567 882 2603 singulariter,
910 2569 979 2605 quia

235 2632 240 2647 ¹
257 2630 310 2659 soh,
328 2637 370 2660 xv,
389 2633 467 2655 l;··.—
482 2632 490 2647 ‘-'
508 2632 536 2655 lv
556 2631 621 2660 Rufs..
642 2633 754 2662 1‚10.m
775 2631 882 2659 ³Jul1,i.
903 2635 937 2655 ιιι.
951 2646 980 2649 ——

203 2667 212 2682 ⁵
224 2667 326 2697 Antipli.
339 2669 362 2698 2,
378 2667 410 2691 nd
426 2667 514 2698 Lam„
530 2667 554 2690 iu
570 2667 653 2692 Nutiv.
671 2668 777 2692 Doin.-
791 2668 801 2684 ⁸
816 2669 900 2698 (lam.¹
919 2674 941 2697 v,
957 2670 979 2692 ti,

1021 243 1109 273 nulle
1130 244 1236 282 postea.
1257 244 1393 272 creatura
1419 242 1461 272 itu
1484 250 1539 280 per
1559 250 1697 273 umorem
1716 251 1803 275 exor-

1023 291 1124 320 descet
1145 299 1154 319 =
1178 298 1247 328 quae
1270 289 1507 320 amantissimum
1526 289 1624 319 filium
1644 296 1752 327 suum,
1772 292 1806 322 et

1021 338 1156 373 unicum,
1171 345 1264 375 quem
1272 337 1381 366 mulier
1394 337 1463 375 plus
1471 338 1570 375 seipsa
1582 337 1705 374 amavit,
1715 337 1806 367 nobis

1023 385 1116 419 dedit,
1128 386 1158 414 et
1170 392 1227 422 pro
1239 384 1329 414 nohis
1347 384 1465 414 obtulit.
1479 384 1556 420 Quia
1573 384 1663 422 igitur
1682 386 1744 414 tota
1758 392 1807 414 ur-

1023 432 1098 462 dens
1109 432 1173 468 fuit,
1187 439 1293 462 omnes
1305 439 1338 461 se
1351 433 1496 468 mantes,
1510 439 1639 470 eamque
1650 433 1806 468 tangentes

1022 480 1179 510 incendit:
1201 479 1282 509 unde
1305 479 1364 508 dici
1383 481 1481 517 potest
1495 479 1600 509 similis
1622 480 1745 510 cuidam
1764 480 1807 510 la·

1023 528 1087 566 pidi
1102 527 1244 565 pretioso,
1265 527 1318 564 qui
1339 535 1448 556 manus
1467 535 1500 556 se
1522 527 1672 565 tangentis
1694 527 1804 557 adurit.

1024 577 1072 604 Est
1097 575 1187 604 etiam
1205 574 1311 604 similis
1333 573 1458 604 carboni
1485 573 1688 611 inflammato,
1715 583 1807 612 quem

1024 624 1138 660 quanto
1152 622 1220 659 plus
1234 621 1402 657 strinxeris,
1423 623 1504 651 tanto
1524 621 1654 659 amplius
1675 621 1730 650 tibi
1743 629 1807 651 ma·

1025 679 1099 699 num
1121 669 1188 699 urit.
1205 670 1228 699 0
1247 677 1340 707 quam
1362 668 1480 705 felices,
1498 669 1551 706 qui
1573 668 1644 698 huic
1663 669 1727 706 igni
1747 676 1807 698 cm-

1024 717 1089 746 lesti
1114 716 1342 754 approximant,
1368 718 1400 745 ut
1422 716 1487 752 ejus
1514 715 1687 745 incendium
1709 715 1750 744 ad
1775 723 1807 745 se

1024 764 1158 793 trahant!
1179 765 1208 793 Si
1236 764 1280 792 vis
1303 764 1396 798 scire,
1418 771 1458 792 an
1482 762 1562 792 bunc
1589 765 1668 792 reete
1694 762 1808 792 habeus

1026 811 1141 848 ignem,
1168 811 1250 840 audi.
1275 812 1334 840 Hoc
1360 810 1430 840 facit
1459 810 1578 839 divinus
1600 811 1649 840 hic
1672 810 1750 847 iguis
1775 810 1808 839 in

1026 859 1140 894 animo,
1159 858 1244 896 quod
1263 858 1363 887 nullus
1381 858 1458 894 ignis
1478 857 1548 887 facit.
1567 858 1598 887 in
1618 857 1697 887 ferro
1715 865 1807 886 :nam

1025 906 1137 935 ferrum
1157 906 1226 942 igne
1240 913 1302 935 non
1320 907 1431 935 tactum
1451 907 1494 934 est
1512 904 1671 942 trigidum,
1689 907 1733 934 est
1754 905 1809 934 du-

1026 962 1104 990 rum,
1121 957 1164 982 est
1177 953 1397 990 rubiginosum,
1407 960 1468 981 non
1479 952 1654 990 pulchrum;
1670 952 1723 981 sed
1734 952 1809 981 dum

1027 1000 1105 1030 ferro
1136 1001 1258 1030 advenit
1283 1001 1378 1038 ignis,
1403 1000 1501 1037 ipsum
1529 1001 1632 1038 utique
1659 999 1807 1035 calefacit,

1027 1048 1125 1085 ipsum
1136 1048 1167 1077 in
1177 1048 1333 1077 mollitiem
1346 1047 1444 1081 vertit,
1453 1049 1483 1076 et
1494 1047 1518 1076 si
1529 1047 1594 1084 eJ'us
1603 1047 1680 1076 actio
1695 1049 1739 1076 est
1752 1046 1810 1075 for-

1028 1095 1073 1130 tis,
1089 1095 1187 1132 ipsum
1203 1094 1330 1124 totaliter
1344 1094 1506 1132 liquefacit,
1517 1096 1546 1123 et
1559 1094 1624 1130 ejus
1638 1093 1810 1130 rubiginem

1028 1151 1064 1171 ex
1079 1145 1139 1171 toto
1154 1142 1313 1176 consumit,
1332 1150 1367 1170 ac
1389 1142 1422 1170 in
1445 1149 1532 1170 suam
1556 1140 1810 1178 pulchritudinem

1028 1190 1126 1227 ipsum
1149 1190 1243 1225 vertit,
1265 1189 1417 1225 sicutipse
1434 1196 1536 1217 sensus
1551 1188 1690 1217 ostendit.
1705 1189 1747 1216 Tu
1766 1195 1811 1216 er-

1028 1245 1078 1273 go,
1094 1237 1145 1274 qui
1160 1237 1254 1265 habes
1273 1245 1325 1265 cor
1341 1244 1401 1264 non
1417 1243 1570 1270 carneum,
1595 1235 1648 1264 sed
1669 1235 1810 1270 ferreum,

1028 1285 1116 1313 nimis
1137 1285 1239 1321 utique
1261 1284 1381 1319 durum,
1404 1291 1442 1312 an
1461 1284 1519 1312 boc
1541 1283 1609 1319 igne
1625 1283 1765 1319 tangeris,
1783 1285 1812 1311 et

1029 1332 1135 1360 aflectu
1159 1332 1296 1366 calescis,
1320 1333 1349 1359 et
1373 1330 1582 1368 compassione
1602 1330 1762 1364 mollescis,
1783 1331 1812 1358 et

1029 1380 1128 1409 omnis
1157 1379 1268 1417 peccati
1299 1378 1437 1415 rubigine
1459 1378 1615 1415 spoliaris,
1650 1380 1680 1406 et
1706 1377 1812 1413 igneus

1030 1430 1107 1457 totus
1122 1426 1259 1461 efficeris,
1274 1429 1303 1454 et
1317 1428 1394 1454 totus
1408 1433 1510 1453 amore
1524 1424 1675 1461 liquescis,
1692 1427 1724 1452 ut
1737 1424 1812 1452 illud

1030 1475 1129 1503 dicere
1143 1474 1237 1511 possis
1253 1474 1262 1490 ⁵
1281 1483 1286 1501 :
1307 1484 1320 1499 ιι
1331 1473 1436 1501 Anima
1451 1480 1518 1500 men
1532 1471 1692 1508 liquefacta
1706 1475 1764 1506 est,
1781 1474 1813 1500 ut

1031 1522 1166 1558 (dilectus
1178 1526 1275 1553 meus)
1291 1521 1407 1549 locutus
1422 1521 1485 1548 est?
1496 1530 1509 1545 υ
1528 1519 1609 1547 Unde
1621 1519 1645 1546 si
1658 1520 1685 1547 te
1696 1518 1812 1546 invenis

1031 1569 1172 1605 frigidum
1184 1569 1222 1597 ad
1239 1568 1438 1604 operandum,
1451 1567 1560 1595 durum
1575 1567 1614 1594 ad
1628 1566 1811 1601 compatien-

1030 1618 1117 1649 dum.
1143 1620 1170 1645 et
1193 1617 1349 1645 sordidum
1372 1615 1410 1644 ad
1439 1614 1640 1651 peccandum,
1656 1614 1730 1642 scias
1750 1621 1769 1641 a
1785 1616 1810 1642 te

1030 1673 1092 1693 esse
1108 1667 1255 1692 remotum
1275 1664 1354 1691 hunc
1374 1663 1509 1691 divinum
1525 1662 1625 1698 ignem
1640 1664 1668 1689 et
1687 1661 1744 1689 hoc
1768 1661 1812 1688 di-

1031 1713 1133 1740 vinum
1161 1710 1352 1744 incendium,
1378 1709 1461 1746 quod
1485 1709 1594 1737 coelum
1623 1709 1744 1744 igneum
1769 1710 1813 1736 est

1031 1760 1142 1787 dictum
1160 1768 1166 1787 :
1184 1767 1266 1792 nam,
1288 1757 1453 1785 secundum
1467 1756 1642 1792 Gregorium
1654 1757 1675 1791 ⁶,
1693 1766 1707 1781 «ι
1723 1758 1813 1784 Amor

1033 1808 1080 1836 nei
1100 1813 1255 1842 nunquam
1270 1807 1313 1833 est
1333 1805 1445 1832 otiosus
1467 1813 1473 1831 :
1497 1806 1638 1840 operatur
1652 1803 1732 1831 enim
1748 1811 1812 1831 ma-

1032 1863 1103 1890 gua,
1119 1854 1141 1881 si
1157 1855 1214 1887 c>t;
1233 1853 1256 1880 si
1273 1855 1372 1880 autem
1398 1850 1515 1887 operari
1531 1850 1637 1886 renuit,
1652 1858 1738 1878 amor
1752 1857 1814 1878 nou

1032 1904 1083 1930 est.
1102 1911 1114 1926 ι)

1068 1949 1196 1977 Tertium
1212 1948 1319 1976 coelum
1333 1946 1440 1975 dicitur
1454 1945 1615 1980 sidereum,
1629 1945 1711 1981 quod
1725 1944 1813 1972 etium

1033 1996 1217 2033 appellatum
1242 1998 1284 2023 est
1311 1995 1530 2022 firmamentum
1553 2001 1559 2020 :
1590 1999 1650 2020 non
1675 1991 1757 2028 quod
1779 1991 1815 2019 sit

1035 2045 1208 2076 immotum,
1227 2050 1294 2069 cum
1316 2041 1428 2068 mox-eri
1451 2039 1592 2075 probetur
1615 2038 1653 2066 ud
1677 2046 1812 2073 sensum,

1035 2100 1087 2127 per
1103 2093 1218 2118 motum
1240 2088 1390 2117 stellarum
1417 2087 1446 2114 in
1463 2096 1498 2114 eo
1515 2087 1657 2119 tixarum3
1673 2085 1725 2114 sed
1747 2085 1815 2114 ideo

1035 2138 1147 2175 potius]
1165 2137 1234 2173 quia
1251 2136 1325 2163 iuter
1348 2142 1441 2171 aquas
1462 2134 1641 2170 superiores,
1656 2136 1684 2161 et
1698 2132 1816 2160 infcrio-

1036 2195 1092 2219 τος,
1115 2194 1191 2222 quus
1207 2183 1324 2216 dividit,
1345 2181 1530 2210 uniformiter
1551 2189 1668 2217 semper
1683 2180 1791 2208 incedit
1807 2188 1814 2207 :

1036 2234 1074 2261 itu
1091 2232 1173 2269 quod
1195 2231 1280 2267 aquis
1296 2228 1484 2257 inferioribus
1501 2228 1689 2264 perturbati-5
1708 2227 1816 2255 ventis-

1036 2289 1094 2317 que
1110 2278 1268 2316 permotis,
1291 2276 1399 2304 ccelum
1420 2278 1518 2303 tumen
1540 2275 1710 2303 nullatenus
1731 2283 1748 2302 a
1763 2282 1816 2302 sua

1036 2330 1118 2365 purte
1145 2325 1265 2354 recedit.
1295 2326 1331 2351 lie
1351 2323 1407 2350 hoc
1432 2322 1506 2350 offilo
1526 2322 1671 2350 lmbetur⁷
1696 2331 1702 2349 ;
1721 2331 1735 2347 ιι
1756 2322 1817 2349 Fiat

1038 2376 1143 2411 (iuquit
1159 2373 1243 2407 licus)
1260 2372 1480 2398 firmamentum
1494 2370 1523 2396 iu
1541 2368 1641 2397 medio
1657 2376 1816 2404 aquarum,

1037 2426 1065 2451 ct
1081 2421 1192 2450 dividat
1209 2427 1303 2456 aquas
1324 2418 1362 2445 ub
1383 2417 1478 2454 aquis.
1502 2427 1515 2441 υ
1534 2417 1564 2443 Et
1579 2415 1710 2452 sequitur
1731 2424 1738 2442 :
1757 2425 1770 2440 ιι
1786 2416 1817 2443 Et

1037 2470 1155 2499 vocavit
1171 2470 1245 2495 neus
1259 2467 1478 2494 firmamentum
1494 2463 1612 2491 cwlum.
1624 2472 1637 2487 ιι
1651 2463 1709 2489 lloc
1728 2463 1816 2489 etium

1039 2518 1157 2550 etl-lum,
1174 2517 1205 2543 ut
1219 2517 1293 2541 esset
1308 2518 1524 2548 usquequaque
1538 2509 1712 2546 perfectum,
1724 2512 1751 2536 et
1765 2517 1818 2545 per

1038 2601 1067 2605 -
1089 2588 1097 2599 ¹³
1112 2587 1200 2613 tirou,
1218 2584 1242 2606 ιἰι
1260 2583 1366 2611 lit-unq„
1388 2580 1459 2604 hom.
1476 2583 1526 2602 nx
1538 2595 1544 2606 ,
1560 2585 1585 2601 n.
1604 2578 1625 2600 2.
1641 2591 1670 2594 —
1685 2577 1694 2593 '¹
1712 2578 1760 2601 (λη
1775 2595 1780 2604 ,
1799 2584 1816 2608 i,

1038 2626 1061 2653 u,
1077 2623 1099 2645 7.

1073 2668 1105 2696 (a)
1124 2665 1180 2694 Ley.
1195 2661 1330 2693 siquidem.

2019 149 2029 173 ι

2023 180 2029 203 ι

2016 214 2029 247 1
