2029 3052
0 378 2 384 ἡ
0 364 6 371 .
0 349 2 355 -
0 0 27 339 ‘mass-›mnum-

667 205 952 239 RESPONSIONlS
975 205 1165 239 SECUNDAE
1188 207 1316 240 CAPUT
1339 208 1377 240 11.
1771 213 1828 241 437

212 277 261 308 est
281 284 363 316 opus
388 275 475 307 ultra
497 275 671 314 discutere,
698 283 898 315 quamquam
919 274 995 306 haec

212 332 351 371 quatuor
371 329 469 361 simul
484 330 690 370 aggregata,
713 328 875 368 dogmatis
891 328 992 368 hujus

212 384 442 416 absurditatem
466 385 613 424 patenter
646 383 826 414 ostendant.
858 382 940 414 Nam
966 382 994 412 si

213 437 356 470 Christus
363 437 425 469 hoc
435 437 638 478 quadruplici
657 437 753 468 modo
768 436 865 477 fugit,
879 438 910 468 et
924 444 995 477 per-

214 490 376 523 fectissimi
387 490 450 522 viri
472 491 505 522 in
526 491 668 523 hoceum
682 490 796 522 imitati
812 492 903 529 sunt,
919 499 993 522 cum

213 546 274 577 hoc
283 544 430 585 fugiendi
443 544 649 585 quadrivium
662 553 799 585 semper,
815 546 846 576 et
858 544 993 585 ubique,

214 602 245 632 et
258 598 409 632 omnibus
424 600 542 640 pateat,
565 608 691 640 semper
704 600 735 630 et
751 608 771 630 a
785 598 927 640 quolibet
942 599 993 630 in-

213 653 320 686 eunda
334 655 381 685 est
391 653 481 693 fuga.
499 653 575 690 Quis
585 653 671 684 enim
682 662 745 684 non
758 653 949 684 naturaliter
958 652 996 684 ti-

214 709 280 740 met
293 708 450 738 mortem?
466 707 542 744 Quis
556 716 622 738 non
636 707 730 738 debet
745 715 778 738 se
793 706 966 738 humiliare
980 706 995 736 ?

214 761 291 800 Quis
305 770 368 792 non
384 760 477 792 debet
485 760 661 801 prudenter
672 768 785 791 cavere
795 759 994 800 periculum?

213 815 291 853 Quis
301 814 444 846 misereri
451 823 515 845 non
522 814 883 854 debetpersequentium
889 813 996 853 proxi-

213 877 342 900 morum
352 869 368 899 ⁴?
382 867 415 899 Si
436 868 538 908 igitur
559 868 612 898 hae
626 868 688 899 viae
703 867 858 906 fugarum
872 867 994 898 semitae

211 924 287 954 sunt
300 922 545 963 perfectionum,
560 921 678 962 quibus
689 921 754 952 itur
766 921 805 952 ad
819 921 991 960 Christum,

211 986 276 1008 non
287 977 370 1016 J'am‚
380 976 419 1007 ad
429 975 685 1007 exhortationem
698 975 880 1015 apostolicae
892 975 991 1014 tubae,

212 1030 408 1062 currendum
429 1032 476 1061 est
491 1030 530 1061 ad
549 1029 642 1061 nobis
656 1029 855 1070 propositum
870 1029 993 1069 passio-

212 1094 292 1116 num
307 1085 467 1115 certamen
478 1084 486 1100 ¹
500 1094 507 1122 ;
520 1084 574 1115 sed
587 1084 693 1124 potius
716 1083 929 1124 quaerendum
946 1084 993 1114 est

211 1148 268 1179 per
283 1138 425 1178 aliquam
444 1138 602 1169 dictarum
623 1138 751 1169 viarum
772 1138 862 1177 fugae
878 1138 993 1177 praesi-

211 1192 315 1230 dium,
339 1201 405 1232 quo
422 1191 567 1231 celerius,
587 1193 744 1232 tanquam
763 1200 820 1232 per
840 1200 990 1231 compen-

211 1247 315 1278 diosas
336 1246 536 1287 perfectionis
558 1246 698 1281 semitas,
719 1245 930 1286 perveniatur
951 1246 989 1276 ad

211 1300 384 1332 Christum.
403 1299 493 1337 Quod
505 1299 530 1330 si
543 1299 730 1339 hujusmodi
745 1299 988 1338 exhortationis,

209 1355 274 1385 imo
299 1353 528 1385 dehortationis
554 1353 727 1384 clamorem
737 1377 746 1392 ,
774 1362 838 1394 quo
862 1353 991 1384 bellato-

209 1418 283 1440 rum
298 1408 392 1439 corda
407 1409 579 1446 terrentur,
591 1407 702 1448 procul
715 1417 734 1438 a
748 1408 859 1438 castris
874 1407 990 1438 bellan-

208 1462 291 1493 tium
306 1461 414 1492 abesse
433 1463 626 1492 censuerunt
648 1461 744 1492 duces
757 1461 790 1491 in
806 1470 917 1501 pugna
932 1470 991 1493 sae-

210 1515 284 1555 culi,
302 1517 422 1556 quanto
443 1515 549 1554 magis
562 1515 622 1545 hoc
643 1515 817 1546 observare
840 1515 990 1546 convenit

208 1571 242 1601 in
258 1578 371 1610 pugna
393 1569 468 1600 Jesu
492 1568 617 1608 Christi,
642 1568 698 1599 ubi
722 1578 773 1600 res
794 1569 906 1608 agitur
926 1578 991 1600 non

208 1633 267 1664 pro
281 1623 420 1655 vitandis
434 1623 607 1664 dispendiis
620 1632 743 1662 rerum,
757 1626 814 1654 aut
828 1624 990 1663 fugiendis

208 1677 357 1719 periculis
372 1686 554 1717 corporum,
574 1677 629 1708 sed
645 1686 702 1717 pro
717 1677 904 1709 declinanda
920 1678 991 1708 infi-

208 1731 300 1762 nibili
314 1732 418 1762 morte
441 1730 642 1762 animarum?
667 1730 730 1762 Nec
750 1731 810 1762 hoc
831 1731 988 1770 dicimus,

209 1785 290 1826 quin
309 1786 487 1825 competere
510 1785 608 1825 possit
627 1785 771 1825 perfectis
790 1785 825 1815 in
849 1794 925 1816 casu
939 1785 989 1816 fu-

210 1848 306 1879 gere,
329 1848 366 1870 eo
382 1840 477 1870 modo
491 1849 555 1879 quo
572 1840 719 1880 superius
741 1842 905 1871 ostensum
925 1843 988 1879 est;

210 1893 265 1924 sed
280 1894 316 1924 ut
334 1893 421 1932 fugae
436 1893 546 1924 laudes
562 1893 750 1933 superfluas,
770 1903 870 1925 vanas
883 1896 914 1925 et
932 1895 990 1925 fal-

211 1955 272 1986 sas,
289 1948 444 1987 tanquam
459 1946 664 1986 perniciosas,
681 1949 711 1978 et
730 1947 903 1978 virtutibus
918 1957 989 1988 per-

211 2002 299 2033 fectis
309 2001 496 2039 contrarias,
510 2001 716 2032 ostendamus
726 2010 792 2032 esse
802 2002 971 2042 fugiendas
982 2014 988 2034 ε

211 2056 288 2097 quia
307 2065 380 2087 cum
402 2055 521 2086 falsitas
534 2055 653 2095 ubique
668 2057 699 2086 et
719 2065 845 2096 semper
860 2056 992 2087 vitanda

212 2110 264 2148 sit,
280 2109 324 2140 ibi
339 2111 446 2140 tamen
455 2111 486 2140 et
495 2111 571 2140 tunc
585 2109 789 2149 potissimum
805 2110 992 2141 declinanda

213 2165 269 2201 est,
287 2172 362 2194 cum
377 2163 436 2194 sub
449 2162 552 2194 fallaci
577 2163 680 2203 specie
701 2164 876 2195 sanctitatis
892 2173 910 2195 a
923 2164 989 2195 vir-

213 2219 320 2248 tutum
336 2217 476 2248 culmine
491 2219 630 2256 revocat,
648 2219 679 2249 et
691 2218 823 2250 inclinat
838 2219 877 2250 ad
893 2219 969 2250 ima.

502 2334 645 2368 CAPUT
670 2335 699 2368 ΙΙ

214 2419 246 2446 In
271 2426 322 2453 quo
347 2418 518 2445 abstinentiae
543 2417 602 2444 laus
627 2420 652 2444 et
673 2419 802 2453 perfectio
828 2419 993 2454 declaratur,

266 2466 290 2490 et
306 2461 423 2497 ejusdem
438 2462 608 2496 impuqnalio
621 2463 786 2490 calumniosa
799 2465 943 2497 refellitur.

256 2539 447 2580 Quanquam
468 2540 593 2570 certum
619 2539 658 2570 sit
677 2541 826 2572 omnibus
848 2542 882 2572 in
908 2542 992 2573 chri-

218 2594 320 2625 stiano
336 2594 515 2625 exercitatis
530 2602 648 2633 agone,
660 2594 861 2626 abstinentiae
876 2599 994 2627 sanctae

254 2676 261 2692 ¹
276 2675 363 2706 Helm,
376 2681 424 2705 ΧΠ,
439 2676 462 2699 1.
474 2688 504 2693 —
518 2675 528 2691 ‘2
544 2675 613 2705 Luc„
627 2681 645 2705 1,
662 2677 700 2699 15.
713 2689 744 2693 -
758 2675 768 2692 ³
781 2675 873 2705 Gloss,
886 2684 917 2701 ex
934 2678 995 2702 Bed.

220 2711 245 2735 in
268 2711 334 2740 Luc„
353 2711 396 2735 lib.
417 2711 441 2740 Ι,
457 2718 479 2735 c.
502 2717 530 2735 Η.
550 2724 580 2729 -
599 2711 632 2734 ‘l
654 2711 722 2741 C0r.,
740 2717 779 2742 ix,
795 2714 832 2736 27.
851 2726 877 2729 -
895 2713 903 2727 ⁵
922 2714 996 2744 lbid.,

1049 274 1196 315 rigorem
1215 277 1490 317 pernecessarium
1508 285 1576 309 esse
1597 277 1647 309 his
1661 278 1715 318 qui
1730 278 1831 318 perre-

1050 329 1188 360 ctionem
1203 330 1333 371 adipisci
1349 333 1380 362 et
1393 331 1558 362 defensare
1568 333 1741 369 conantur;
1754 331 1831 371 quia

1048 384 1157 414 tamen
1181 393 1275 415 novae
1297 384 1532 416 adinventionis
1557 384 1679 424 dogma
1699 394 1830 425 perver-

1049 445 1121 467 sum
1136 437 1417 469 subintroductum
1428 440 1475 470 est
1491 438 1529 469 ad
1541 438 1743 478 probandum
1758 448 1830 470 con-

1047 490 1202 529 trarium,
1223 492 1405 523 roboranda
1427 494 1473 524 est
1494 493 1681 533 hujusmodi
1713 493 1831 524 veritas

1047 545 1113 575 tam
1138 553 1195 584 per
1219 546 1367 586 exempla
1387 571 1396 585 ‚
1427 555 1524 586 quam
1556 556 1612 586 per
1640 547 1832 578 documenta

1049 599 1244 629 sanctorum.
1261 598 1299 629 Et
1318 599 1460 639 primum
1479 600 1611 640 quidem
1633 600 1830 640 evangelicae

1048 651 1250 692 perfectionis
1280 652 1463 684 Praecursor
1493 654 1671 685 adducatur
1699 654 1734 684 in
1762 663 1831 685 me-

1049 705 1151 743 dium,
1163 705 1219 746 qui
1235 708 1363 747 propter
1377 707 1604 738 abstinentiam
1619 707 1828 745 eminentem,

1050 768 1193 799 magnus
1207 759 1399 799 praedicatur
1414 760 1562 800 angelica
1576 770 1672 799 voce,
1690 761 1771 792 sicut
1785 769 1831 792 re-

1048 813 1109 844 fert
1125 813 1225 844 Lucas
1240 814 1250 830 ²
1263 813 1427 853 Angelum
1442 813 1559 845 dixisse
1570 814 1609 844 ad
1624 813 1828 846 Zachariam:

1049 867 1127 900 Eric
1144 868 1230 899 enim
1251 876 1388 908 maanus
1408 876 1515 900 coram
1540 868 1693 906 Domino,
1715 870 1829 901 vinum

1048 923 1078 953 ec
1091 922 1228 953 siceram
1239 929 1303 954 non
1325 922 1414 954 bibet.
1434 922 1493 953 Ubi
1513 922 1621 953 Glossa
1640 926 1650 942 ³
1667 934 1674 954 ι
1695 935 1709 952 «
1725 923 1831 955 Sicera

1048 975 1276 1015 interpretatur
1293 977 1440 1016 ebrietas,
1459 987 1524 1018 quo
1539 977 1670 1008 nomine
1681 978 1831 1018 signatur

1048 1038 1143 1060 omne
1162 1030 1314 1070 poculum
1335 1031 1373 1062 de
1388 1040 1594 1072 quacumque
1616 1033 1752 1063 materia
1778 1033 1829 1064 fa-

1047 1085 1134 1114 ctum
1145 1108 1152 1122 ,
1169 1084 1255 1124 quod
1270 1084 1430 1115 inebriare
1449 1087 1562 1125 potest.
1581 1085 1673 1117 Decet
1688 1096 1830 1127 namque

1047 1147 1103 1168 vas
1131 1138 1248 1169 coelesti
1274 1139 1388 1178 gratiae
1413 1139 1651 1179 mancipatum,
1677 1149 1696 1171 a
1721 1141 1829 1172 saeculi

1047 1191 1203 1223 illecebris
1219 1192 1388 1224 abstinere.
1404 1204 1419 1222 ))
1440 1193 1505 1224 Hoc
1521 1193 1627 1233 ipsum
1639 1203 1695 1225 vas
1705 1195 1830 1226 electio-

1046 1246 1097 1277 nis
1112 1246 1282 1286 Apostolus
1294 1246 1326 1277 in
1340 1247 1445 1287 seipso
1465 1248 1685 1286 commendat,
1707 1249 1746 1279 ad
1767 1248 1828 1280 Co-

1046 1300 1184 1331 rinthios
1194 1301 1336 1331 scribens
1347 1303 1357 1319 ⁶
1371 1312 1377 1332 x
1394 1301 1523 1342 Castiqo
1538 1310 1653 1342 corpus
1663 1311 1783 1341 meum,
1799 1306 1830 1336 et

1047 1355 1083 1386 in
1111 1355 1295 1386 servitutem
1316 1355 1444 1395 rediqo,
1469 1363 1508 1387 ne
1535 1356 1626 1394 forle,
1650 1364 1722 1387 cum
1753 1357 1830 1389 aliis

1043 1408 1305 1448 proedicaverim‚
1323 1409 1391 1449 ipse
1414 1409 1564 1449 reprobus
1579 1410 1717 1449 efficiar.
1736 1412 1773 1441 Et
1788 1411 1827 1442 ad

1045 1461 1117 1500 hoc,
1134 1463 1354 1502 agonistarum
1374 1463 1538 1503 exemplo,
1556 1465 1687 1495 cunctos
1707 1473 1828 1504 provo-

1047 1518 1096 1546 cat
1111 1516 1226 1547 Christi
1243 1517 1371 1555 milites,
1388 1523 1463 1548 cum
1478 1518 1645 1558 praemittit
1661 1521 1670 1537 ‘³
1689 1529 1695 1548 :
1717 1518 1830 1550 Omnis

1046 1571 1104 1611 qui
1119 1572 1155 1603 in
1171 1579 1269 1612 ayone
1283 1571 1459 1610 contendit,
1474 1572 1513 1603 ab
1527 1572 1674 1604 omnibus
1686 1581 1719 1604 se
1732 1573 1830 1605 absti-

1046 1628 1120 1664 net,·
1135 1627 1164 1657 ec
1187 1625 1239 1657 illi
1258 1625 1389 1665 quidem
1410 1628 1447 1658 ut
1475 1627 1715 1666 corruptibilem
1741 1635 1827 1659 coro-

1046 1688 1122 1711 nam
1152 1680 1331 1719 accipiant,
1367 1687 1425 1712 nos
1455 1683 1562 1712 autem
1591 1681 1826 1721 incorruptam.

1046 1733 1094 1764 Ad
1120 1733 1181 1764 hoc
1210 1733 1283 1764 facit
1313 1734 1399 1774 quod
1425 1733 1469 1764 ait
1496 1734 1698 1773 Ambrosius,
1735 1736 1829 1766 tertio

1046 1787 1128 1819 libro
1146 1788 1351 1819 Heoeameron
1366 1790 1376 1807 ⁶
1391 1798 1403 1819 .·
1420 1798 1434 1816 c(
1449 1787 1498 1818 Ab
1514 1788 1604 1819 initio
1624 1789 1731 1819 saeeuli
1748 1789 1828 1820 sim—

1047 1842 1162 1882 plicem
1189 1842 1296 1872 cibum
1325 1843 1356 1871 et
1383 1841 1563 1872 naturalem
1599 1842 1709 1873 debuit
1746 1843 1829 1874 Deus

1047 1895 1179 1936 reliquis
1208 1895 1287 1926 cibis
1316 1895 1492 1933 anteferre,
1526 1895 1681 1935 quoniam
1702 1896 1759 1927 iste
1782 1900 1829 1928 est

1047 1949 1227 1980 sobrietatis
1243 1948 1345 1985 cibus,
1362 1948 1479 1988 reliqui
1503 1949 1687 1988 voluptatis·
1711 1949 1747 1980 In
1767 1950 1829 1981 hoc

1047 2004 1141 2034 datur
1177 2002 1268 2033 nobis
1291 2002 1486 2041 frugalitatis
1508 2003 1695 2043 exemplum
1709 2006 1740 2035 et
1755 2014 1827 2045 par-

1048 2057 1194 2088 cimoniae
1218 2056 1442 2095 magisterium
1455 2079 1462 2093 ,
1487 2058 1522 2087 ut
1538 2056 1646 2087 herbis
1661 2059 1692 2088 et
1706 2058 1827 2098 simpli-

1048 2111 1093 2142 cis
1116 2111 1210 2142 oleris
1232 2110 1331 2148 victu,
1352 2112 1407 2140 aut
1427 2111 1529 2150 pomi,
1552 2112 1690 2142 contenti
1714 2112 1826 2150 simus,

1048 2174 1145 2205 quem
1168 2166 1286 2195 natura
1307 2164 1436 2202 obtulit,
1458 2173 1555 2204 quem
1580 2165 1751 2196 liberalitas
1775 2166 1829 2197 Dei

1048 2220 1154 2260 primo
1169 2219 1311 2250 donavit.
1325 2230 1338 2247 »
1354 2218 1390 2249 In
1405 2218 1621 2250 Ecclesiastica
1635 2229 1711 2251 vero
1727 2220 1830 2251 Histo-

1049 2274 1108 2311 ria,
1129 2273 1213 2303 libro
1231 2272 1388 2311 secundo,
1406 2273 1502 2303 refert
1521 2272 1677 2304 Eusebius
1696 2274 1718 2312 ⁷,
1743 2275 1829 2314 quod

1050 2328 1133 2358 inter
1163 2329 1287 2357 sanctos
1314 2326 1482 2367 AEgyptios
1512 2336 1592 2367 quos
1623 2328 1829 2367 Evangelista

1050 2382 1176 2412 Marcus
1197 2381 1414 2421 multipliciter
1435 2381 1589 2421 instituit,
1605 2382 1719 2413 vinum
1734 2392 1830 2413 nemo

1050 2445 1107 2466 nec
1136 2438 1235 2475 gustu
1257 2436 1434 2475 contingit,
1451 2446 1509 2467 nec
1532 2437 1671 2476 aliquam
1688 2446 1829 2474 carnem,

1051 2491 1176 2520 tantum
1189 2498 1272 2529 aqua
1286 2491 1334 2520 est
1348 2490 1393 2521 eis
1407 2492 1514 2530 potus,
1530 2492 1561 2521 et
1575 2491 1665 2530 panis
1680 2500 1753 2521 cum
1767 2491 1831 2522 sale

1052 2546 1082 2574 et
1101 2544 1240 2584 hyssopo
1258 2546 1305 2574 est
1326 2543 1371 2574 eis
1390 2544 1488 2575 cibus.
1508 2543 1550 2574 De
1565 2544 1763 2575 anachoretis
1779 2554 1832 2576 au-

1054 2599 1131 2635 tem,
1147 2606 1285 2637 quorum
1304 2597 1371 2628 vita
1386 2599 1506 2628 constat
1521 2597 1618 2628 fuisse
1633 2598 1832 2638 perfectionis

1054 2679 1095 2702 25.
1111 2691 1142 2695 —
1157 2677 1165 2693 ὃ
1181 2677 1311 2707 Ambros.,
1329 2679 1458 2707 Hexaem,
1475 2678 1517 2702 lib.
1535 2678 1581 2708 ΙΙΙ,
1601 2685 1622 2701 c.
1641 2684 1689 2707 vn,
1708 2686 1734 2702 n.
1750 2680 1787 2704 28.
1803 2692 1833 2697 —

1060 2713 1067 2728 7
1088 2713 1191 2744 Euseb.‚
1208 2714 1273 2738 nist.
1288 2714 1366 2744 Eccl„
1380 2714 1423 2738 lib.
1440 2715 1470 2744 11,
1487 2721 1509 2738 c.
1527 2720 1579 2744 xm,
1596 2722 1662 2738 vers.
1680 2715 1722 2739 fin.
