2029 3052
83 412 135 438 Arg.
142 416 190 437 par-

82 441 110 462 tis
125 447 190 468 nega-

82 472 139 493 tivoe.

124 653 152 676 11.

114 873 155 894 111.

119 1193 159 1214 1v.

120 1674 159 1694 VI.

117 2213 167 2233 VII.

666 196 824 230 CONTRA
847 195 1083 229 MAGISTRUM
1105 197 1350 231 GUILELMUM.

202 276 292 307 rere,
320 275 376 299 seu
405 267 444 299 de
469 265 662 308 quotidianis
687 263 900 305 eleemosynis
926 263 978 295 vi-

203 330 289 354 vere.

243 375 282 407 Et
310 373 395 417 quod
417 382 483 406 non
506 373 645 412 videtur,
664 371 769 413 primo
793 370 980 403 auctoritate

204 428 321 461 Psalmi
337 429 371 458 ¹:
399 428 515 460 Timete
543 427 726 464 Dominum,
742 433 848 458 omnes
874 425 981 457 sancti

204 484 284 524 ejus,
303 483 457 524 quoniam
482 489 547 514 non
573 483 619 513 cst
649 480 764 520 inopia
793 479 980 513 timentibus

203 545 284 570 eum.
301 536 387 576 Ergo
400 544 466 567 non
481 536 565 566 stant
583 533 682 566 simul
702 542 770 565 esse
793 533 932 574 inopem,
950 533 981 564 et

204 591 317 622 timere
333 590 444 621 Deum.

246 644 325 676 Item
341 643 486 674 Psalmus
500 642 512 659 ¹
534 652 542 673 :
563 641 635 674 Non
657 641 730 673 vidi
747 640 873 680 justum
894 639 983 672 dere-

204 698 326 737 lictum,
337 705 393 730 nec
404 704 509 729 semen
522 695 592 735 eJ'us
602 702 747 735 quoerens
757 702 883 734 panem.
895 693 982 734 Ergo

204 751 260 793 qui
273 759 389 792 panem
408 749 536 791 quaerit,
560 757 626 780 non
646 752 692 780 est
711 749 832 788 justus,
859 756 917 779 nec
935 756 984 778 se-

204 815 281 837 men
287 805 377 846 justi.

244 859 324 891 Item
350 858 497 890 Psalmus
509 857 520 874 ³
536 867 544 887 ε
567 857 729 891 Nutantes
743 855 983 895 transferantur

204 913 269 954 filii
284 912 363 954 cim,
380 914 409 945 et
419 911 610 944 mendicent.
627 910 688 942 Sed
703 910 784 941 nihil
798 910 883 950 quod
895 909 981 941 Psal-

205 967 299 999 mista
325 967 358 998 in
384 966 438 998 Dei
465 966 579 1006 spiritu
603 965 737 1005 loquens
762 964 980 1005 imprecatur,

205 1021 325 1061 spectat
349 1020 388 1051 ad
409 1019 635 1060 perfectionem
662 1018 901 1058 evangelicam,
925 1027 984 1049 seu

205 1075 244 1106 ad
259 1075 430 1115 perfectam
450 1073 630 1114 justitiam:
647 1072 828 1104 mendicare
851 1075 897 1104 est
920 1073 983 1104 hu-

201 1129 344 1170 jusmodi
361 1139 368 1160 z
383 1137 472 1167 ergo,
488 1129 547 1159 etc.

247 1181 326 1213 Item
339 1181 575 1213 Ecclesiasticus
589 1181 618 1211 t0:
637 1179 705 1212 Fili
718 1180 775 1219 mi,
791 1180 828 1211 in
842 1181 911 1212 vita
925 1182 984 1212 tua

206 1244 245 1268 ne
269 1235 437 1276 indigeam
463 1235 575 1267 melius
595 1237 641 1266 est
662 1235 748 1267 enim
768 1235 861 1272 mori,
887 1242 984 1274 quam

205 1290 365 1330 indigere.
388 1289 476 1329 Ergo
499 1289 616 1320 mellus
641 1290 690 1319 est
713 1289 877 1319 mortuum
897 1296 982 1326 esse,

206 1353 305 1385 quam
320 1344 516 1375 mendicum.

246 1397 326 1428 Item
352 1397 386 1427 in
413 1396 639 1436 Apostolorum
673 1394 759 1426 Actis
791 1394 907 1425 dicitur
936 1396 946 1413 ⁵
974 1404 982 1425 ι

206 1452 339 1484 Beatius
352 1452 397 1483 est
410 1450 514 1489 maqis
530 1449 617 1487 dare,
632 1457 729 1489 quam
748 1449 900 1488 accipere.
924 1447 985 1479 Sed

206 1504 282 1536 dare
297 1505 534 1544 eleemosynam
555 1512 620 1534 non
643 1502 716 1533 facit
738 1502 902 1533 hominem
917 1510 986 1541 per-

206 1558 318 1590 venire
338 1558 377 1589 ad
393 1557 618 1598 perfectionem
642 1555 860 1595 evangelicam
882 1565 888 1585 :
906 1564 985 1595 ergo

207 1612 309 1643 multo
324 1611 430 1651 magis
445 1620 503 1642 nec
516 1611 670 1650 accipere.

248 1665 327 1696 Item
347 1665 492 1696 Salvator
512 1665 556 1695 ait
571 1664 580 1681 ⁶
599 1674 606 1695 ε
634 1663 769 1695 Vendite
792 1671 862 1703 quoe
880 1662 985 1703 possi-

208 1719 308 1759 detz'83
324 1719 380 1750 ubi
396 1718 504 1750 Glossa
523 1729 529 1749 :
546 1729 561 1747 «
582 1717 622 1749 Ut
638 1717 788 1748 omnibus
810 1717 907 1747 simul
928 1725 986 1757 pro

208 1773 271 1804 Deo
290 1773 415 1813 spretis,
436 1774 544 1812 postea
564 1772 672 1802 labore
695 1779 851 1801 manuum
874 1779 986 1810 opere-

209 1827 300 1865 mini,
316 1827 402 1857 unde
418 1826 545 1862 vivatis,
567 1824 619 1857 vel
634 1824 869 1864 eleemosynam
889 1824 986 1854 facia-

210 1879 251 1910 tis
265 1880 449 1919 unicuique.
463 1889 477 1907 »
500 1878 602 1918 Igitur
617 1879 655 1908 de
669 1877 798 1917 proprio
813 1877 921 1907 labore
937 1878 985 1908 vi-

211 1942 298 1971 vere,
328 1934 359 1963 et
387 1932 622 1972 eleemosynam
651 1931 770 1969 facere,
798 1932 918 1970 spectat
946 1930 986 1961 ad

210 1987 430 2026 evangelicam
447 1986 670 2026 perfectionem
686 1994 692 2014 ε
710 1993 791 2024 ergo
804 1984 986 2024 oppositum

210 2030 291 2080 ejus,
308 2040 425 2071 scilicet
445 2039 637 2077 mendicare,
654 2040 685 2069 et
699 2037 737 2068 de
757 2038 862 2068 alieno
876 2037 986 2068 labore

212 2093 339 2131 vivere,
370 2095 416 2124 est
446 2092 643 2123 contrarium
670 2091 853 2131 perfectioni
888 2100 987 2122 evan-

213 2147 335 2187 gelicae.

251 2202 330 2232 Item
358 2201 529 2241 Apostolus
550 2201 624 2232 dicit
641 2204 650 2220 ⁷
675 2211 681 2231 :
707 2199 837 2232 Nullius
859 2199 988 2239 aliquid

211 2255 401 2287 desideretis
413 2264 426 2294 ,·
446 2255 502 2285 ubi
518 2254 626 2285 Glossa
643 2265 649 2284 :
669 2266 683 2283 α
700 2253 823 2285 Nedum
852 2253 985 2293 rogetis,

211 2309 263 2341 vel
277 2308 402 2340 tollatis.
418 2318 432 2336 n
451 2308 484 2339 Si
500 2317 578 2347 ergo
592 2307 663 2348 plus
676 2309 723 2338 est
736 2316 853 2346 rogare
870 2307 919 2337 vel
932 2316 988 2347 pe-

210 2364 288 2401 tere,
308 2371 407 2402 quam
428 2364 592 2402 appetere,
617 2363 648 2392 et
673 2362 813 2401 primum
834 2363 988 2400 tanquam

210 2416 358 2447 illicitum
374 2415 413 2446 ab
429 2414 577 2455 ApostoIo
592 2415 790 2454 prohibetur,
805 2413 922 2444 scillcet
936 2415 988 2446 de-

212 2470 368 2508 siderare,
398 2468 450 2499 vel
474 2471 622 2508 appetere
645 2468 731 2507 quod
759 2469 806 2498 est
834 2467 986 2507 alterius,

213 2532 290 2563 ergo
304 2522 405 2554 multo
420 2522 533 2553 fortius
548 2523 664 2561 petere.

247 2622 252 2634 ¹
269 2619 337 2644 Psal.
353 2625 452 2650 xxxxii,
471 2622 507 2644 10.
524 2632 554 2637 -
573 2619 581 2633 2
596 2618 664 2643 Psal.
683 2623 777 2648 xxxvl,
794 2619 833 2643 25.
849 2632 879 2636 —
896 2619 904 2633 ³
918 2620 987 2644 Psal.

215 2661 290 2685 cvm,
308 2658 345 2680 Io.
361 2668 391 2673 -
410 2656 420 2672 ¹·
438 2655 526 2685 Eccli„
548 2661 596 2684 XL,
617 2655 656 2678 29.
673 2666 702 2671 -
722 2654 730 2668 ⁵
750 2653 817 2684 Act„
835 2660 884 2684 xx,
898 2656 937 2679 35.
957 2669 988 2673 —-

216 2691 225 2705 ὃ
241 2691 307 2724 [αις.7
322 2697 372 2723 1111,
386 2692 425 2716 33.
440 2704 471 2709 -
486 2691 493 2706 ⁷
510 2691 516 2714 1
538 2690 678 2721 leess.,1v,
697 2691 735 2714 11.
751 2702 781 2706 —
796 2689 804 2703 ⁸
820 2689 891 2721 lbid.,
908 2697 933 2722 v,
949 2693 987 2717 12,

1755 202 1814 232 375

1076 265 1153 298 Item
1169 266 1245 298 dicit
1265 267 1276 284 ⁸
1299 276 1306 298 :
1330 266 1491 307 Roqamus
1510 274 1577 305 vos,
1600 269 1636 299 ut
1657 267 1814 300 noveritis

1036 326 1099 357 eos,
1115 320 1174 360 qui
1184 319 1330 354 laborant
1344 321 1430 353 inter
1442 327 1509 358 vos,
1523 322 1552 352 et
1565 323 1711 360 proesunt
1725 320 1814 353 vobis

1037 373 1074 405 in
1089 373 1235 406 Domino.
1255 373 1314 405 Ubi
1330 373 1439 406 Glossa
1455 384 1462 405 :
1484 385 1499 404 (ι
1513 373 1602 405 Sicut
1621 373 1742 405 divitiae
1755 383 1814 405 ne-

1037 426 1229 466 gIIgentiam
1243 427 1373 468 pariunt
1392 427 1498 466 saluti,
1519 427 1564 458 sic
1583 429 1720 467 egestas,
1737 428 1815 459 dum

1038 480 1175 511 saturari
1189 481 1290 521 cupit,
1303 490 1321 512 a
1338 481 1458 521 iustitia
1468 481 1614 512 declinat.
1625 491 1640 510 n
1656 480 1717 513 Sed
1730 482 1815 522 quod

1037 533 1109 564 facit
1124 533 1282 565 declinare
1295 543 1313 565 a
1323 534 1450 574 justitia
1463 543 1528 566 non
1543 535 1681 575 pertInet
1691 535 1730 566 ad
1744 544 1814 576 per-

1037 587 1204 618 fectionem
1219 588 1439 628 evangelicam
1453 599 1460 619 :
1478 597 1570 629 ergo,
1584 591 1643 621 etc.

1078 640 1157 672 Item
1172 641 1247 672 dicit
1261 641 1432 681 Apostolus
1445 642 1455 659 ⁹
1473 653 1479 674 :
1504 643 1547 675 Si
1565 643 1639 683 quis
1658 650 1724 676 non
1746 642 1817 676 vult

1037 695 1176 734 operari,
1191 702 1256 727 non
1273 695 1314 736 (a)
1329 695 1510 728 manducet.
1527 695 1615 735 Ergo
1629 697 1700 728 vult
1713 697 1817 737 Apos-

1037 747 1121 779 tolus
1139 757 1248 780 servos
1263 748 1317 780 Dei
1332 749 1537 789 corporaliter
1552 749 1688 789 operari,
1705 751 1742 781 ut
1763 749 1818 780 ha-

1037 804 1133 835 beant
1154 805 1240 836 unde
1269 805 1399 844 vivant,
1431 807 1462 836 et
1493 814 1559 836 non
1587 805 1818 845 compellantur

1037 859 1177 898 egestate
1190 859 1369 890 necessaria
1382 861 1488 900 petere
1502 869 1508 889 :
1527 859 1581 890 sed
1591 859 1652 890 1100
1664 860 1712 890 051
1726 867 1818 890 111011-

1038 912 1211 943 dicentium
1227 924 1234 944 ι
1251 922 1331 952 ergo
1342 922 1511 945 servorum
1525 912 1579 944 Dei
1593 922 1656 944 non
1671 913 1717 943 est
1729 920 1818 943 men-

1038 965 1154 1004 dicare,
1169 967 1350 998 secundum
1365 967 1566 1007 Apostolum.

1079 1019 1158 1050 Item
1181 1019 1292 1051 eodem
1316 1020 1471 1060 capitulo,
1495 1029 1590 1060 super
1613 1019 1725 1051 1111111ὀ
1752 1030 1759 1051 :
1782 1019 1819 1052 Ut

1040 1074 1176 1113 formam
1189 1073 1340 1106 daremus
1364 1074 1463 1112 vobis,
1489 1074 1546 1106 ubi
1570 1074 1699 1105 Glossa:
1722 1085 1736 1103 «
1758 1074 1819 1112 Qui

1039 1127 1222 1168 frequenter
1249 1128 1289 1159 ad
1313 1128 1449 1159 alienam
1473 1137 1617 1159 mensam
1647 1128 1816 1168 convenit,

1039 1181 1103 1212 0110
1118 1181 1254 1220 deditus,
1266 1191 1393 1213 11000550
1404 1184 1450 1213 est
1467 1184 1501 1213 ut
1515 1182 1664 1213 aduletur
1678 1181 1819 1222 pascenti

1039 1245 1084 1267 se.
1101 1247 1115 1265 »
1141 1235 1202 1267 Sed
1216 1236 1356 1275 adulari,
1374 1238 1421 1267 est
1438 1237 1633 1267 contrarium
1650 1235 1776 1267 veritati
1790 1237 1822 1267 et

1038 1289 1225 1330 perfectioni
1241 1300 1248 1321 ε
1265 1299 1355 1329 ergo,
1375 1292 1435 1321 etc.

1080 1342 1160 1374 Item
1174 1343 1249 1374 dicit
1264 1343 1413 1374 Urbanus
1428 1342 1513 1383 Papa
1526 1343 1560 1382 ¹¹,
1577 1343 1663 1383 quod
1677 1342 1822 1383 Episcopi

1040 1397 1191 1428 omnibus
1214 1398 1379 1428 communi
1400 1397 1467 1428 vita
1488 1397 1598 1429 vivere
1625 1397 1818 1436 volentibus,

1042 1451 1223 1482 ministrare
1243 1453 1356 1482 cuncta
1374 1452 1550 1482 necessaria
1572 1451 1703 1489 dehent,
1725 1453 1822 1491 prout

1040 1505 1155 1536 melius
1169 1507 1329 1545 poterunt,
1345 1509 1382 1536 ut
1397 1514 1492 1536 nemo
1508 1505 1541 1535 in
1556 1505 1601 1536 eis
1617 1513 1717 1543 egens
1732 1505 1821 1535 inve-

1040 1559 1158 1590 niatur.
1176 1570 1191 1587 »
1209 1559 1247 1589 Et
1261 1561 1331 1599 post
1348 1570 1354 1589 :
1376 1570 1390 1589 «
1406 1558 1438 1590 Si
1454 1559 1527 1599 quis
1541 1558 1681 1589 extiterit
1692 1558 1818 1589 moder-

1040 1612 1101 1651 nis,
1118 1614 1173 1643 aut
1185 1613 1301 1643 futuris
1315 1613 1525 1653 temporibus,
1539 1612 1596 1653 qui
1606 1612 1668 1643 hoc
1683 1612 1822 1643 avellere

1040 1666 1180 1703 nitatur,
1204 1667 1273 1706 Jam
1300 1666 1382 1697 dicta
1403 1666 1610 1697 damnatione
1632 1665 1778 1697 feriatur.
1805 1676 1820 1694 ι)

1041 1719 1127 1760 Ergo
1142 1723 1252 1751 contra
1274 1720 1443 1751 canonicas
1464 1720 1641 1751 sanctiones
1661 1721 1718 1758 est,
1736 1719 1823 1760 quod

1040 1774 1139 1814 aliqui
1166 1774 1278 1806 vivant
1308 1774 1374 1805 vita
1408 1774 1573 1805 communi
1602 1773 1637 1804 in
1667 1773 1822 1812 Ecclesia,

1041 1828 1164 1867 egendo
1179 1831 1209 1858 et
1220 1827 1430 1858 mendicando
1444 1828 1478 1858 in
1495 1836 1543 1858 ea.

1081 1881 1172 1919 Item,
1185 1882 1222 1913 dc
1231 1882 1480 1919 consecratione,
1493 1880 1692 1911 dIstinctione
1707 1883 1737 1918 1,
1748 1881 1824 1911 ¹²in-

1040 1934 1180 1972 hibetur,
1203 1944 1243 1965 ne
1267 1935 1397 1966 ecclesia
1414 1936 1634 1972 consecretur,
1654 1934 1712 1965 nisi
1733 1935 1823 1974 prius

1040 1988 1176 2019 dotetur.
1199 1988 1286 2028 Ergo
1310 1989 1336 2019 si
1365 1989 1494 2020 ecclesia
1516 1998 1581 2020 non
1601 1989 1692 2020 debet
1712 1998 1822 2019 conse-

1041 2042 1134 2080 crari,
1152 2042 1211 2073 nisi
1227 2043 1341 2073 haheat
1363 2042 1399 2082 (b)
1422 2043 1506 2073 unde
1521 2044 1749 2079 sustententur,
1767 2042 1823 2082 qui

1041 2095 1075 2125 ln
1089 2104 1125 2126 ea
1145 2096 1346 2133 ministrant3
1374 2096 1474 2126 multo
1498 2096 1611 2126 fortius
1634 2104 1693 2126 nec
1715 2096 1823 2135 aliqua

1040 2150 1156 2189 religio
1168 2150 1291 2181 institui
1304 2150 1398 2180 debet
1408 2150 1476 2180 sine
1490 2150 1686 2189 possessione
1699 2151 1822 2180 susten-

1040 2204 1150 2234 tativa.

1082 2256 1160 2287 Item
1176 2257 1208 2287 in
1223 2256 1297 2287 Jure
1314 2257 1404 2287 Civili
1426 2256 1600 2294 inhibetur,
1623 2257 1710 2297 quod
1725 2256 1822 2287 validi

1041 2319 1105 2341 non
1122 2310 1310 2348 mendicent,
1330 2310 1403 2350 lege
1428 2310 1465 2342 dc
1487 2310 1744 2342 mendicantibus
1762 2318 1820 2341 va-

1042 2364 1121 2396 lidz’s
1133 2374 1143 2392 .·
1160 2364 1213 2394 sed
1229 2364 1335 2403 magiS
1350 2364 1441 2395 debet
1458 2373 1525 2395 esse
1548 2364 1692 2394 ordinata
1715 2363 1820 2394 Eccle-

1042 2417 1099 2455 sia,
1117 2426 1214 2457 quam
1236 2417 1416 2457 respublica
1434 2428 1440 2448 :
1467 2418 1493 2447 si
1514 2426 1594 2456 ergo
1613 2416 1698 2456 quod
1723 2417 1821 2447 validi

1043 2471 1234 2509 mendicent,
1247 2473 1293 2501 est
1305 2473 1414 2501 contra
1424 2473 1543 2501 rectam
1553 2470 1821 2509 gubernationem

1043 2583 1073 2587 —
1089 2570 1098 2583 ⁹
1114 2569 1133 2592 11
1152 2569 1243 2598 Thess„
1265 2575 1309 2599 111,
1332 2571 1366 2593 10.
1383 2582 1413 2586 —
1433 2569 1542 2598 l⁰1bid.,
1560 2570 1582 2591 9.
1599 2581 1628 2585 —
1643 2568 1819 2599 1100rp.jm·.

1043 2612 1106 2632 can.¹
1133 2611 1200 2629 caus.
1226 2611 1276 2635 xn,
1304 2612 1328 2636 q.
1356 2611 1371 2633 1,
1399 2612 1420 2628 e.
1454 2604 1578 2632 ridentes,
1601 2604 1698 2628 scilicet
1722 2610 1773 2627 xvi.
1790 2616 1820 2621 —

1042 2641 1062 2657 1²
1076 2640 1148 2670 ibid„
1160 2640 1194 2664 De
1204 2640 1311 2670 Censeo„
1322 2641 1379 2664 dist.
1388 2647 1405 2669 1,
1416 2646 1467 2669 crs,
1478 2642 1502 2663 et
1512 2640 1541 2663 de
1549 2647 1630 2664 consec
1649 2640 1716 2671 eccl„
1728 2646 1749 2663 c.
1764 2644 1819 2663 vni.

1075 2694 1106 2725 (a)
1128 2694 1188 2724 Leg.
1202 2701 1253 2717 nec.
1266 2707 1297 2711 -
1311 2694 1342 2724 (b)
1360 2693 1419 2718 caet.
1435 2693 1498 2717 edit.
1513 2693 1633 2717 habeant.

1849 278 1912 300 vm.

1864 653 1895 673 IX

1872 1353 1911 1374 XI.

1865 1890 1915 1910 XII.

1860 2264 1920 2284 xm.
