2029 3052
261 195 322 234 644
863 196 1142 232 COLLATIONES
1164 197 1276 234 OGTO.

259 267 390 297 tinentiae
402 266 501 303 labor,
519 266 549 296 et
564 265 648 303 rigor
661 265 842 304 disciplinae,
854 266 1043 304 psalmorum

259 316 288 344 et
306 314 492 352 hymnorum
510 313 670 343 dulcedine
685 313 866 343 relevantur.
882 313 983 344 Pudor
1004 313 1043 343 de

258 362 424 399 praeteritis,
437 369 524 391 novae
539 361 773 391 conversationis
785 362 932 399 temperat
944 363 1044 392 auste-

257 409 384 439 ritatem.
400 409 521 438 Venturi
536 409 625 438 timor
636 408 740 446 judicii
754 409 806 447 pio
824 409 903 438 cedit
916 409 1043 439 charita-

256 457 293 485 tis
310 457 447 486 fraternae
460 456 612 486 exercitio.
627 456 759 486 Taedium
773 458 803 486 et
817 456 956 486 acediam
973 465 1043 494 pro-

257 504 306 533 cul
324 503 410 542 pellit
424 505 594 533 sanctarum
611 502 740 533 varietas
754 503 1009 533 observationum.
1025 514 1040 532 n

256 551 329 580 Item
342 550 352 568 ¹
368 561 375 579 :
395 560 410 578 α
422 550 520 580 Labor
535 552 564 579 et
582 550 703 580 latebrae
708 571 718 586 ‚
739 553 768 579 et
782 550 953 580 voluntaria
970 559 1043 588 pau-

254 600 373 635 pertas,
400 597 465 627 hoec
485 599 555 626 sunt
568 597 789 627 monachorum
813 597 957 635 insignia,
981 598 1044 627 haec

254 645 348 675 vitam
361 645 459 676 solent
472 644 633 674 nobilitare
647 644 854 675 monasticam.
870 656 884 673 n

453 739 732 776 COLLATIO
774 739 838 775 Vl.

541 817 581 844 De
599 816 748 845 devotione.

289 887 300 904 ²
315 898 330 916 α
344 888 460 917 Renuat
477 886 628 916 consolari
647 886 749 915 anima
764 888 814 915 tua
829 886 860 915 in
875 885 997 922 alienis,
1013 886 1038 915 si

251 935 297 964 vis
315 935 346 964 in
368 935 418 964 Dei
439 942 542 964 amore
561 933 715 962 delectari.
737 933 866 962 Delicata
887 933 1038 970 siquidem

252 982 418 1012 consolatio
433 984 485 1014 est,
506 989 562 1010 nec
582 981 707 1010 omnino
726 981 865 1010 tribuitur
882 981 1039 1010 admitten-

252 1030 331 1059 tibus
351 1030 493 1059 alienam.
516 1040 529 1056 »
554 1031 586 1058 Et
611 1029 687 1058 inira
711 1037 718 1057 ε
745 1039 759 1055 α
783 1029 871 1064 eujus
890 1036 975 1057 mens
997 1028 1037 1057 ad

251 1077 365 1107 alienas
379 1077 473 1106 inhiat
489 1076 724 1112 consolationes,
739 1077 767 1104 et
781 1083 843 1104 non
857 1075 976 1112 penitus
990 1083 1037 1104 re-

250 1125 315 1153 nuit
339 1125 371 1153 in
396 1124 518 1153 caducis
541 1125 570 1152 et
590 1122 764 1151 transitoriis
783 1122 951 1157 consolari,
973 1123 1035 1159 ipse

248 1173 307 1202 sibi
325 1173 458 1210 profecto
478 1171 625 1200 subtrahit
643 1170 768 1200 coelestis
787 1170 914 1206 gratiam
931 1178 1037 1199 conso-

248 1220 377 1249 lationis.
395 1220 405 1237 ³
420 1220 503 1248 Errat
517 1218 650 1253 omnino,
666 1218 690 1246 si
708 1218 775 1254 quis
789 1218 935 1246 coelestem
951 1217 1035 1246 illam

248 1267 439 1296 dulcedinem
452 1266 521 1295 huic
535 1265 616 1294 carni
630 1266 679 1302 (a),
692 1265 829 1293 divinum
844 1265 919 1293 illud
936 1265 1031 1294 balsa-

248 1323 332 1343 mum
346 1315 415 1343 huic
429 1322 558 1348 veneno,
573 1314 752 1342 charismata
766 1313 818 1342 illa
832 1313 952 1350 spiritus
966 1313 1033 1341 mis-

247 1363 306 1391 ceri
321 1370 408 1399 posse
423 1361 597 1398 hujusmodi
617 1360 765 1390 illecebris
782 1360 952 1389 arbitratur.
969 1362 1033 1389 Non

247 1411 327 1438 amat
340 1410 447 1438 veritas
462 1409 608 1446 angulos,
627 1409 656 1437 in
672 1408 772 1437 medio
788 1411 842 1436 stat
858 1407 1031 1445 disciplina,

247 1456 383 1485 omnium
397 1456 430 1493 (b)
445 1456 549 1485 studiis
562 1456 732 1484 delectatur.
748 1466 761 1482 n
777 1457 847 1484 ltem
858 1456 866 1472 ⁸
879 1464 885 1483 ε
901 1466 914 1480 «
927 1456 1033 1484 Sancta

246 1505 361 1538 anima,
385 1503 450 1532 sola
475 1506 555 1538 esto,
579 1507 611 1532 ut
633 1503 689 1531 soli
712 1503 755 1531 illi
781 1511 880 1531 serves
895 1503 1031 1539 teipsam,

246 1560 337 1587 quem
353 1559 390 1579 ex
405 1551 546 1579 omnibus
561 1550 672 1586 elegisti
690 1550 753 1578 tibi.
771 1551 849 1586 Fuge
865 1549 1031 1586 publicum,

244 1599 312 1635 iuge
334 1599 529 1633 domesticos,
548 1599 653 1627 secede
677 1598 715 1626 ab
735 1598 838 1626 amieis
854 1601 881 1626 et
905 1598 1029 1633 intimis,

245 1646 319 1675 nihil
334 1646 386 1675 tibi
403 1649 430 1674 et
445 1646 549 1681 turbis,
567 1646 640 1673 nihil
659 1653 726 1673 cum
742 1645 931 1673 multitudine
947 1648 1030 1673 eaete-

244 1701 357 1722 rorum.
382 1695 480 1730 ipsum
506 1693 680 1721 obliviscere
705 1693 853 1729 populum
878 1694 980 1726 tuum,
1003 1695 1031 1720 et

244 1743 371 1771 domum
392 1742 483 1778 patris
504 1741 562 1776 tui,
587 1741 777 1777 concupiscet
803 1742 861 1768 ilex
888 1741 1030 1769 decorem

242 1792 337 1818 tuum.
354 1789 463 1817 Secede
485 1797 572 1823 crgo,
592 1788 644 1816 sed
667 1790 780 1821 mente,
804 1796 864 1815 non
885 1796 1028 1823 corpore,

241 1837 294 1865 scd
309 1837 481 1871 intentione,
498 1836 551 1864 sed
573 1836 745 1870 devotione,
763 1835 815 1863 sed
831 1836 946 1872 spiritu.
964 1847 976 1861 υ
997 1837 1028 1863 Et

241 1885 318 1913 infra
331 1885 341 1901 ⁵
359 1894 364 1912 :
385 1895 398 1910 ιι
419 1884 505 1913 Solus
519 1892 567 1918 eS,
583 1883 607 1911 si
627 1883 801 1911 eommunia
817 1891 877 1911 non
897 1882 1026 1918 cogitas,

240 1933 263 1960 si
294 1940 355 1961 uon
384 1932 503 1959 allectas
528 1930 701 1967 prmscntia,
726 1930 749 1957 si
772 1930 918 1966 despicias
944 1930 1027 1966 quod

242 1979 325 2008 multi
338 1979 500 2016 suscipiunt
514 1980 558 2014 (r),
573 1979 596 2005 si
610 1978 742 2005 fastidias
758 1978 841 2013 quod
858 1986 962 2005 omnes
975 1977 1027 2005 de-

239 2027 386 2060 siderant,
409 2026 432 2054 si
451 2026 552 2061 jurgia
573 2025 684 2053 devitas
706 2025 760 2060 (d),
781 2025 803 2052 si
829 2024 941 2052 damna
966 2032 1025 2052 nou

238 2074 357 2109 sentias,
372 2074 396 2102 si
411 2081 472 2102 uon
488 2073 654 2101 recorderis
670 2072 820 2107 injuriam.
835 2073 844 2089 θ
857 2072 947 2099 Cibus
963 2072 1026 2099 ani-

239 2130 294 2149 nue
310 2122 404 2157 gratia
421 2121 487 2156 Dei,
504 2120 694 2148 dulcissimus
710 2127 780 2147 sane
796 2122 823 2147 et
839 2127 960 2147 ornnem
975 2118 1026 2147 ha-

238 2169 311 2196 bens
324 2168 510 2203 suavitatem,
523 2170 550 2196 et
563 2167 812 2195 delectamentum
825 2166 950 2202 saporis,
964 2174 1024 2193 non

238 2216 330 2244 modo
347 2215 483 2249 delectat,
500 2215 551 2243 sed
569 2214 673 2249 reficit,
689 2217 716 2242 et
731 2213 877 2241 medetur.
892 2214 1025 2247 Quatuor

235 2266 303 2290 >unt
325 2263 423 2298 signa,
445 2271 511 2299 qum
531 2261 691 2290 ostendunt
711 2260 898 2297 praesentiam
922 2260 1022 2295 gratiae

237 2311 295 2338 liei.
321 2313 352 2339 ln
378 2310 498 2346 primis,
524 2310 546 2336 si
568 2317 619 2336 cor
642 2309 671 2335 in
693 2316 723 2335 se
748 2310 790 2335 est
813 2310 969 2344 pacatum,
996 2310 1022 2335 et

234 2359 379 2394 quietum,
396 2357 467 2393 quia
482 2356 511 2384 iu
523 2356 605 2383 nulla
618 2364 648 2383 re
658 2355 824 2391 requiescit,
841 2357 868 2382 ct
883 2354 1023 2390 impletur

234 2414 295 2439 cor,
313 2405 368 2432 nisi
382 2404 411 2431 in
428 2403 492 2432 solo
508 2405 577 2437 Deo,
595 2403 732 2439 quamvis
748 2404 776 2429 et
787 2404 890 2429 coetcra
903 2402 1021 2429 asticerc

233 2453 357 2489 quidem
377 2453 517 2488 possunt,
538 2449 661 2487 implere
683 2452 782 2478 autom
802 2457 862 2477 non
886 2452 1019 2485 possunt.

265 2515 269 2529 ¹
291 2515 378 2542 Beru..
404 2513 438 2536 ad
460 2513 560 2536 new-tv.
586 2512 676 2535 Senon.
698 2510 826 2540 ,¹11·che‘1=1·.‚
854 2510 928 2540 episi.
956 2516 1020 2541 xrii,

231 2551 284 2574 sivo
300 2550 329 2573 (Ie
346 2549 416 2580 Ollio.
444 2549 603 2579 Episenporu,
620 2554 642 2570 c.
665 2552 702 2577 lx,
717 2553 742 2569 u.
760 2547 797 2569 ili.
811 2559 841 2563 -
855 2546 864 2561 ¹
881 2546 928 2576 Ιι1.,
943 2553 1020 2577 super

232 2587 279 2615 (hri
294 2585 402 2614 habitat,
417 2591 443 2608 n.
461 2587 483 2614 ·.',
500 2586 523 2607 vt
540 2583 564 2607 iu
581 2582 694 2606 Decium.
712 2588 789 2612 super
807 2582 866 2605 Ises-e
882 2589 934 2611 nos,
951 2582 1018 2605 vireu

231 2624 275 2646 tiu.
291 2635 316 2638 —
333 2622 341 2634 ⁴¹
358 2620 656 2651 111„1'11.‡1sce1zs.l›‹m1.‚
672 2625 749 2643 serui.
768 2624 792 2648 v,
809 2625 835 2641 u.
854 2620 890 2641 13.
905 2632 926 2634 —
949 2620 954 2631 ¹
971 2618 1019 2648 ΙιΙ.,

231 2660 257 2681 in
276 2659 360 2688 Cant„
376 2664 453 2681 serui.
470 2662 513 2686 XL,
530 2662 555 2678 u.
574 2657 596 2679 4.
613 2669 643 2673 -
659 2655 668 2670 ⁵
685 2654 758 2685 ibid,
774 2661 798 2677 u.
817 2655 839 2678 ·“›
856 2667 886 2672 —
903 2658 911 2665 '·
929 2655 976 2681 Ιώ,
994 2663 1018 2677 ιιι

230 2696 339 2719 Anamis.
361 2694 389 2717 B.
411 2693 489 2720 Mar„
512 2698 589 2715 si‘l'nl.
608 2697 653 2720 111,
673 2698 697 2714 u.
721 2693 741 2714 l.
757 2703 786 2707 —
813 2690 818 2703 ⁷
842 2690 903 2714 liae
928 2690 1017 2713 emh-iu

1099 268 1288 307 Secundum,
1304 270 1430 308 quando
1447 278 1535 301 mens
1547 272 1578 301 et
1595 271 1716 303 animus
1729 273 1772 304 ad
1789 273 1883 306 devo-

1099 315 1213 346 tionem
1230 316 1367 347 inclinari
1385 325 1418 348 se
1437 318 1534 348 sentit.
1548 312 1694 357 renium,
1707 320 1741 351 in
1752 329 1883 359 presen-

1098 363 1140 392 tia
1155 363 1272 401 gratiae,
1285 366 1356 395 tune
1370 365 1440 403 plus
1453 365 1542 396 solito
1559 365 1650 396 facies
1662 366 1795 398 hominis
1806 368 1883 399 hila·

1098 410 1202 447 rescit,
1226 413 1255 441 et
1273 411 1438 450 benignam
1459 421 1491 442 se
1511 414 1650 443 ostendit.
1672 415 1816 450 Quartum
1838 418 1883 446 est

1098 457 1159 486 fere
1176 457 1274 494 idem,
1291 459 1432 489 videlicet
1445 468 1515 490 cum
1532 461 1565 490 in
1583 461 1716 492 motibus
1729 463 1882 493 exteriori-

1098 503 1156 533 bus
1169 504 1238 542 plus
1251 505 1344 536 homo
1359 508 1403 536 est
1417 508 1601 546 compositus
1611 511 1700 547 atque
1715 510 1880 540 ordinabis.

1287 600 1562 638 COLLATIO
1598 603 1691 639 VII.

1380 675 1420 703 De
1439 675 1597 712 diligentia.

1132 740 1142 757 ⁷
1158 752 1172 767 α
1187 742 1283 771 Unum
1301 744 1345 772 est
1362 744 1448 780 quod
1465 744 1577 775 multos
1596 752 1615 774 a
1634 745 1765 783 perfecta
1778 747 1808 776 et
1824 747 1881 777 fer-

1096 788 1177 818 venti
1191 790 1401 820 emendatione
1416 792 1540 822 retrahit
1551 792 1678 822 :horror
1689 792 1880 831 difficultatis,

1096 843 1150 866 seu
1177 836 1265 867 labor
1293 838 1472 868 certaminis.
1501 840 1648 874 Quoniam
1676 849 1747 871 vero
1775 841 1811 880 (e)
1835 842 1880 872 ini

1095 884 1225 913 maxime
1239 893 1300 922 prae
1321 885 1386 915 aliis
1406 887 1438 915 in
1454 886 1613 916 virtutibus
1631 887 1806 925 proficiunt,
1827 890 1880 927 qui

1095 939 1144 967 ea,
1169 940 1237 969 quae
1254 933 1312 962 sibi
1334 933 1431 970 magis
1450 934 1599 964 contraria
1621 936 1651 963 et
1669 935 1774 971 gravia
1792 938 1878 973 sunt,

1093 978 1209 1007 virilius
1230 980 1348 1009 vincere
1372 981 1505 1010 nituntur
1526 990 1533 1010 :
1557 989 1629 1010 nam
1653 982 1705 1010 ubi
1730 982 1764 1020 (s)
1784 982 1878 1013 homo

1093 1025 1162 1063 plus
1184 1027 1317 1063 proficit,
1340 1029 1369 1056 et
1389 1028 1517 1064 gratiam
1537 1029 1718 1066 ampliorem
1736 1031 1878 1066 meretur,

1093 1072 1135 1102 ibi
1154 1073 1191 1110 (9)
1211 1074 1306 1111 magis
1324 1075 1455 1112 seipsum
1470 1075 1571 1111 vincit,
1587 1079 1615 1105 et
1629 1076 1660 1104 in
1677 1076 1783 1114 spiritu
1796 1085 1878 1106 mor-

1092 1120 1192 1150 tificat.
1206 1121 1216 1139 ⁸
1226 1123 1289 1150 Duo
1301 1122 1470 1159 specialiter
1484 1122 1525 1151 ad
1538 1130 1680 1159 magnam
1695 1123 1878 1153 emendatio-

1092 1175 1161 1196 nem
1180 1169 1300 1204 juvant,
1323 1169 1461 1198 videlicet
1478 1170 1651 1199 subtrahere
1670 1179 1701 1199 se
1719 1170 1876 1208 violenter,

1091 1215 1131 1244 ad
1146 1215 1230 1252 quod
1251 1219 1358 1246 natura
1375 1217 1481 1246 vitiose
1499 1217 1670 1253 inclinatur,
1686 1220 1714 1247 et
1731 1218 1878 1248 ferventer

1091 1263 1198 1292 instare
1218 1271 1274 1301 pro
1297 1264 1396 1300 bono,
1421 1273 1484 1302 quo
1509 1265 1638 1303 amplius
1659 1266 1726 1302 quis
1751 1266 1874 1302 indiget.

1090 1310 1100 1326 ⁹
1114 1311 1208 1345 Quam
1229 1311 1372 1340 nocivum
1395 1314 1438 1340 est
1458 1312 1611 1349 negligere
1630 1313 1796 1342 vocationis
1815 1321 1875 1342 suoe

1090 1360 1289 1396 propositum,
1305 1362 1333 1388 et
1348 1360 1387 1389 ad
1403 1368 1464 1389 non
1480 1361 1641 1389 commissa
1655 1369 1775 1390 sensum
1788 1361 1874 1389 incli-

1090 1408 1176 1435 nare!
1191 1408 1213 1425 ¹⁰
1228 1407 1393 1444 Religiosus
1413 1407 1464 1444 qui
1485 1416 1515 1436 se
1530 1408 1639 1436 intente
1663 1411 1691 1437 et
1713 1407 1820 1437 devote
1843 1409 1873 1436 in

1089 1454 1273 1483 sanctissima
1283 1455 1343 1484 vita
1355 1457 1383 1483 et
1397 1455 1536 1491 passione
1549 1455 1665 1483 Domini
1676 1457 1802 1490 exercet,
1813 1463 1874 1484 om-

1089 1501 1139 1529 nia
1161 1502 1245 1530 utilia
1265 1504 1293 1531 et
1310 1502 1476 1531 necessaria
1492 1502 1549 1531 sibi
1568 1502 1756 1531 abundanter
1771 1502 1812 1531 ibi
1830 1502 1874 1530 in-

1088 1548 1185 1584 venit5
1209 1557 1263 1577 nec
1288 1558 1364 1586 opus
1388 1552 1447 1585 est,
1471 1552 1502 1578 ut
1525 1552 1607 1578 extra
1630 1551 1730 1578 lesum
1757 1549 1872 1586 aliquid

1088 1600 1210 1633 quierat.
1229 1598 1248 1615 ¹¹
1265 1597 1430 1634 Religiosus
1441 1597 1573 1626 fervidus
1588 1598 1690 1626 omnia
1707 1598 1783 1626 bene
1801 1605 1871 1635 por-

1087 1646 1142 1679 tat,
1159 1647 1186 1672 et
1205 1645 1298 1681 capit,
1314 1653 1381 1682 quae
1401 1645 1443 1674 illi
1462 1645 1615 1681 jubentur.
1636 1645 1801 1681 Religiosus
1822 1652 1872 1673 ne-

1086 1691 1200 1727 gligens
1224 1694 1252 1720 et
1277 1692 1395 1728 tepidus
1417 1693 1507 1721 habet
1531 1692 1756 1720 tribulationem
1781 1700 1872 1728 super

1087 1739 1320 1773 tribulationem,
1332 1742 1405 1767 etex
1420 1740 1502 1768 omni
1515 1742 1597 1776 parte
1610 1739 1789 1774 augustiam,
1800 1739 1871 1775 quia

1086 1787 1217 1814 interiori
1229 1786 1433 1815 consolatione
1449 1789 1538 1821 caret,
1551 1787 1724 1815 exteriorem
1738 1794 1870 1823 quaerere

1085 1834 1271 1870 prohibetur.
1285 1834 1449 1869 Religiosus
1462 1837 1544 1862 extra
1555 1833 1743 1870 disciplinam
1756 1833 1868 1868 vivens,

1085 1881 1168 1916 gravi
1191 1883 1271 1917 patet
1293 1882 1395 1909 ruiuae.
1419 1881 1473 1915 Qui
1497 1881 1612 1910 laxiora
1636 1880 1756 1917 quaerit,
1775 1883 1802 1909 et
1824 1888 1868 1909 re-

1085 1928 1230 1962 missiora,
1247 1936 1365 1965 semper
1379 1929 1409 1956 in
1425 1928 1567 1964 angustiis
1580 1928 1645 1963 crit,
1659 1940 1670 1953 n
1693 1930 1760 1963 etc„
1773 1930 1804 1956 ut
1818 1935 1868 1964 pa-

1084 1977 1121 2003 tet
1137 1975 1165 2003 in
1182 1976 1290 2004 devoto
1307 1975 1410 2004 libello
1426 1976 1459 2004 de
1474 1977 1632 2004 Imitatione
1652 1977 1763 2003 Domini
1781 1976 1869 2002 nostri

1081 2024 1143 2050 ,lesu
1162 2023 1273 2051 Christi.

1273 2117 1529 2152 COLLATIO
1564 2119 1674 2153 VIII.

1365 2191 1403 2218 De
1423 2191 1583 2226 disciplina.

1117 2260 1136 2275 ¹²
1151 2259 1270 2287 «Primo
1286 2259 1432 2294 omnium,
1442 2260 1515 2295 jugo
1531 2260 1695 2296 disciplinoe
1709 2259 1863 2288 insolentia

1081 2315 1199 2335 morum
1214 2307 1369 2335 domanda
1384 2310 1441 2342 est,
1457 2315 1614 2344 quousque
1631 2307 1714 2335 duris
1729 2315 1763 2336 ac
1778 2307 1863 2335 diuti-

1079 2354 1123 2381 nis
1143 2355 1295 2382 seniorum
1313 2355 1408 2382 attrita
1431 2354 1548 2390 legibus
1566 2354 1750 2389 humilietur,
1770 2356 1798 2382 et
1815 2362 1862 2382 sa-

1078 2403 1163 2428 netur
1179 2401 1329 2429 cervicosa
1350 2402 1503 2436 voluntas,
1521 2401 1695 2438 bonumque
1710 2402 1740 2429 in
1757 2409 1787 2430 se
1808 2409 1860 2429 na-

1077 2466 1204 2490 habentur
1220 2467 1244 2490 iu
1263 2466 1327 2490 libr..
1352 2468 1358 2491 l
1388 2467 1416 2490 (lc
1432 2468 1527 2492 Imitat.
1556 2467 1663 2495 Chr-isti,
1679 2474 1701 2491 c.
1720 2472 1779 2491 xxv.
1795 2474 1820 2490 ιι.
1837 2469 1858 2489 3.

1075 2516 1106 2521 -
1121 2503 1132 2519 ⁸
1149 2504 1222 2534 ibid„
1238 2511 1263 2528 u.
1281 2505 1304 2527 4.
1321 2517 1349 2521 —
1367 2506 1376 2518 ²¹
1395 2504 1469 2535 ll·id.,
1485 2511 1511 2529 n.
1531 2506 1553 2528 ii.
1573 2517 1598 2521 —-
1619 2505 1638 2520 ¹⁰
1656 2504 1729 2533 ibid.,
1744 2511 1769 2527 u.
1788 2506 1811 2526 u.
1830 2515 1860 2519 --

1076 2540 1095 2556 ¹¹
1115 2539 1189 2570 ll›id.‚
1206 2547 1231 2563 ιι.
1248 2541 1313 2564 7.-—
1329 2541 1349 2556 ¹¹
1365 2541 1450 2570 Rern„
1468 2541 1492 2564 ιἰι
1510 2540 1594 2571 Cant„
1609 2547 1686 2564 serui.
1701 2545 1779 2568 xxm,
1793 2545 1819 2562 u.
1835 2540 1858 2561 6.

1110 2583 1141 2612 (ιι)
1164 2582 1235 2613 ,Apud
1256 2583 1340 2614 Rern„
1363 2583 1424 2607 edin
1455 2584 1525 2614 1090,
1547 2582 1633 2607 cineri.
1651 2595 1680 2600 —
1698 2581 1732 2612 (b)
1755 2582 1817 2609 Stat,
1836 2580 1859 2604 id

1076 2621 1112 2641 est
1140 2618 1274 2649 disciplina
1303 2621 1328 2643 et
1356 2619 1406 2643 vitu
1435 2619 1584 2649 communi,
1615 2616 1801 2643 communibus.
1830 2629 1860 2634 —

1075 2655 1107 2684 (c)
1124 2655 1281 2684 suspiciunt.
1298 2668 1327 2672 —
1346 2655 1385 2684 (nl)
1406 2655 1517 2678 licviivs.
1535 2668 1549 2671 -
1582 2660 1609 2680 (ei
1628 2655 1684 2684 Loq.
1705 2653 1772 2677 euim
1788 2660 1856 2676 veru.

1076 2703 1105 2707 —
1120 2691 1154 2719 (Ι)
1172 2690 1226 2719 lsty.
1245 2690 1289 2714 ibi.
1304 2704 1334 2708 —
1351 2692 1383 2717 (q)
1402 2691 1457 2719 Livy.
1476 2690 1527 2713 uhi.
