2029 3052
81 1383 107 1403 B.
117 1381 187 1402 Mai-in

93 1413 175 1434 illumi-

81 1446 119 1466 nat
137 1451 185 1466 nos.

205 175 266 206 266

203 240 314 278 quibus
333 240 365 269 in
386 240 502 270 Psalmo
527 239 636 269 dicitur
650 241 660 259 ¹
685 248 693 269 :
715 242 786 269 Deus
808 241 841 268 in
861 240 984 270 domibus

203 287 260 323 ejus
273 289 454 323 cognoscetur.
479 287 651 316 perfodiunt
668 289 746 315 certe
769 286 983 316 tentationibus

201 334 387 371 perforativis
400 334 509 364 domos
521 334 598 369 illas,
618 333 650 362 in
663 333 773 370 quibus
790 333 841 362 ille
855 333 983 363 libenter

203 381 327 417 habitat,
342 381 395 419 qui
413 381 506 410 dicit'
524 390 531 409 :
554 381 644 410 Hodie
664 382 694 409 in
710 381 788 410 domo
807 383 858 410 tua
877 383 983 417 oportet

202 437 246 458 me
259 437 375 458 manere.
390 428 530 458 Perfossis
544 430 645 456 autem
659 427 811 464 domibus,
825 427 982 465 perforatis

202 484 298 513 usque
317 475 358 504 ad
379 475 528 504 infelicem
547 475 662 512 peccati
682 482 859 504 consensum
875 475 982 504 menti-

201 523 271 559 hus,
285 523 355 558 heu,
369 524 482 559 quanta
498 521 579 551 mala
593 521 722 550 malefici
742 521 788 550 isti
803 522 980 558 occidendo,

201 570 348 606 furando,
388 569 586 598 adulterando
623 570 810 599 committunt
847 570 879 598 in
916 570 981 598 ani-

201 617 323 646 mabus!
337 616 383 645 Ad
403 616 561 645 evadenda
575 624 647 653 ergo
671 618 752 646 tanta
765 616 911 654 pericula,
925 617 982 645 uti-

201 671 272 692 nam
295 663 384 692 nobis
415 671 525 692 aurora
553 666 720 701 appareat,
749 664 865 693 utinam
893 663 982 692 nobis

201 710 290 739 Maria
306 712 454 739 succurat!
481 711 510 740 Si
526 711 606 740 enim
625 710 724 740 subito
742 710 913 748 apparuerit
926 719 981 740 au-

200 765 284 792 rora,
314 758 339 786 si
368 757 425 786 cito
458 758 547 786 nobis
574 757 745 793 advenerit,
780 759 808 786 et
837 765 980 794 superve-

200 804 277 833 nei-it
290 804 385 833 Mariae
399 805 493 840 gratia
515 806 544 833 et
564 804 780 839 misericordia,
800 804 982 833 arbitrantur

200 851 341 880 umbram
355 853 470 887 mortis,
485 851 517 880 id
532 853 585 887 est,
600 851 642 879 sic
656 851 760 880 timent
769 851 921 880 daemones
932 852 980 887 (a),

200 899 243 927 sic
256 899 413 936 trepidant,
430 899 472 927 sie
488 899 616 936 fugiunt,
632 899 707 928 sicut
726 899 864 928 homines
879 900 982 928 timent

201 948 229 975 et
241 946 359 982 fugiunt
377 946 516 975 umbram
541 947 654 976 mortis.
678 948 799 984 Propter
821 947 880 976 hoe
904 947 981 976 bene

199 992 306 1022 heatus
320 993 487 1022 Bernardus
502 993 542 1022 ait
558 1003 564 1021 :
583 1005 594 1019 α
620 995 683 1022 Non
704 994 746 1022 sic
766 994 869 1022 timent
882 994 981 1023 hostes

199 1040 332 1069 visibiles
363 1041 529 1077 quamlibet
561 1043 726 1069 castrorum
758 1041 981 1069 multitudinem

201 1087 366 1124 copiosam,
381 1088 456 1116 sicut
470 1095 562 1116 aereae
573 1089 730 1125 potestates
744 1087 838 1116 Mariae
848 1088 981 1116 vocabu—

200 1134 264 1162 lum
279 1135 308 1163 et
321 1134 508 1171 exemplum3
524 1134 620 1162 fluunt
641 1136 669 1162 et
683 1136 808 1170 pereunt
824 1135 898 1162 sicut
913 1142 981 1162 cera

200 1188 219 1208 a
240 1179 314 1209 facie
337 1180 423 1216 ignis,
446 1181 628 1217 ubicumque
650 1181 816 1209 invenerint
844 1181 981 1210 crebram

200 1227 289 1263 hujus
301 1227 430 1255 nominis
439 1228 689 1262 recordationem,
705 1228 845 1257 devotam
861 1228 981 1256 invoca-

201 1275 322 1310 tionem,
338 1274 495 1303 sollicitam
509 1275 714 1303 imitationem.
730 1287 741 1300 υ

213 1322 346 1355 ,Quarto
371 1322 529 1357 attendite,
555 1322 734 1357 charissimi,
763 1322 847 1359 quod
872 1331 982 1351 aurora

202 1370 302 1396 nostra
318 1369 406 1396 Maria
422 1369 510 1397 nobis
526 1372 567 1397 est
591 1369 694 1405 quoad
715 1369 851 1405 nosipsos
869 1369 979 1397 illumi—

201 1415 297 1443 natrix
308 1415 347 1443 ad
361 1416 437 1444 bene
451 1416 649 1451 operandum.
663 1416 795 1452 Operarii
807 1416 844 1444 ab
858 1424 980 1444 ascensu

200 1470 315 1491 aurorae
338 1462 484 1499 incipiunt
508 1463 635 1499 operari.
666 1463 746 1490 Unde
769 1463 798 1490 in
818 1464 929 1491 Neemia
944 1464 980 1499 (b)

201 1510 307 1538 dicitur
330 1511 340 1527 ³
367 1518 372 1536 :
394 1512 450 1538 Nos
470 1510 525 1545 ipsi
550 1511 678 1543 faciemus
702 1518 785 1546 opus3
807 1511 895 1538 media
915 1519 982 1546 pars

202 1560 322 1585 nostrum
337 1559 425 1584 teneat
446 1558 550 1584 lanceas
573 1557 606 1583 ab
631 1565 740 1584 ascensu
761 1566 874 1589 aur-orte,
900 1558 982 1585 donec

200 1604 376 1639 eorede'antur
398 1606 484 1631 astru.
511 1605 573 1631 Duo
603 1604 691 1631 nobis
719 1604 884 1632 necessaria
903 1608 982 1639 sunt,

200 1650 337 1679 videlicet
350 1653 380 1678 ut
404 1651 492 1678 bonis
511 1651 651 1687 operibus
667 1650 845 1684 insistamus,
862 1654 889 1679 et
912 1651 980 1680 ideo

202 1699 277 1726 bene
293 1698 375 1725 aiunt
389 1698 568 1725 aedificantes
586 1707 591 1724 :
618 1698 729 1732 Nosipsi
753 1700 882 1731 faciemus
903 1706 978 1733 opus.

201 1745 286 1779 Quod
299 1752 385 1781 opuS,
403 1744 458 1771 nisi
479 1744 516 1771 de
540 1752 600 1780 quo
623 1744 779 1780 Apostolus
795 1745 857 1772 ait*
883 1754 888 1772 :
912 1747 981 1772 Dum

201 1795 303 1828 tempus
319 1793 453 1826 habemus,
463 1799 602 1826 opfremur
617 1792 710 1818 honum
728 1792 764 1818 ud
779 1799 878 1826 ornnes,
894 1794 982 1819 mazi-

201 1848 242 1867 me
264 1843 353 1867 autem
378 1839 414 1866 ad
439 1839 596 1866 domesticos
617 1839 700 1872 fidei?
720 1840 795 1866 Bene
822 1841 921 1866 autem
937 1839 982 1867 di-

201 1889 270 1915 cunt
297 1895 303 1913 ε
336 1887 448 1921 Nosipsi
470 1887 601 1919 faciemus
623 1895 631 1911 .-
664 1886 778 1920 nosipsi,
803 1893 864 1913 non
891 1887 982 1914 nostri

202 1933 313 1961 vicarii.
333 1932 412 1960 Unde
429 1932 499 1960 alibi
520 1932 559 1959 ait
572 1933 600 1959 ⁶:
625 1933 655 1959 In
675 1933 795 1959 omnihus
811 1933 982 1961 exhibeamus

202 1982 375 2015 nosmetipsos
397 1981 464 2007 sicut
483 1981 529 2006 Dei
546 1981 695 2006 ministr-05.
721 1979 776 2006 Sed
798 1982 873 2007 certe
894 1981 982 2008 Maria

203 2035 263 2055 non
278 2027 421 2054 nutricem
437 2026 537 2060 aliam,
555 2034 614 2053 non
630 2026 781 2054 vicariani.
798 2026 850 2053 scd
864 2035 980 2062 semper

202 2074 390 2109 semetipsam
406 2073 537 2101 exhibuit
560 2073 608 2100 Dei
625 2073 807 2106 ministram,
824 2074 897 2100 sicut
912 2074 983 2101 bea-

204 2123 248 2149 tus
263 2120 442 2155 Augustinus
453 2122 572 2147 testatur
584 2120 704 2147 (licensG
717 2129 722 2147 :
739 2130 752 2145 «
769 2121 855 2147 Maria
868 2121 981 2156 absque

204 2167 297 2195 dubio
310 2167 389 2202 operi
401 2166 590 2194 ministratrix
607 2167 708 2200 extitit,
725 2176 790 2202 quae
804 2167 882 2194 hunc
898 2170 981 2195 utero

204 2214 301 2249 gessit,
318 2216 462 2249 partuque
480 2213 634 2249 profusum
645 2213 717 2241 aluit
733 2216 759 2241 et
774 2214 855 2248 fovit,
869 2215 897 2241 in
909 2223 983 2250 prse-

205 2261 287 2297 sepio
302 2260 472 2294 reclinavit,
498 2263 525 2287 et
547 2268 563 2287 a
585 2260 657 2287 facie
683 2260 804 2288 Herodis
828 2261 984 2289 abscondit

205 2307 320 2343 fugiens
333 2307 362 2334 in
377 2309 547 2342 .·Egyptum,
564 2309 591 2334 ct
606 2314 726 2335 omnem
747 2307 901 2335 infantiam
920 2309 983 2343 ejus

205 2355 256 2390 pio
269 2353 370 2382 matris
392 2353 498 2381 ass'ectu
519 2355 562 2381 est
585 2357 751 2390 prosecuta,
775 2355 814 2382 ita
835 2357 866 2382 ut
890 2363 983 2391 usque

206 2401 244 2429 ad
268 2403 395 2429 mortem
421 2401 525 2434 erucis,
550 2400 588 2428 ab
611 2401 674 2435 ejus
699 2401 899 2429 indubitanter
924 2410 983 2430 non

206 2449 355 2477 recesserit
370 2450 549 2482 consectatu,
570 2456 631 2476 non
650 2449 748 2477 solum
769 2450 918 2485 gressibus
933 2458 984 2486 pe·

241 2535 248 2550 ¹
271 2534 339 2558 Psal.
361 2541 446 2565 xini,
465 2537 486 2559 4.
507 2548 535 2552 —
556 2535 564 2549 ²
580 2535 809 2565 L11c.‚x1x,53.—
833 2536 878 2560 ³1¹
903 2537 986 2567 Εειίικ,

210 2576 243 2599 ιν,
260 2571 300 2593 21.
317 2584 345 2587 —
362 2572 368 2584 ¹
386 2571 454 2597 Gal„
473 2578 508 2599 vr,
524 2573 562 2595 tu.
579 2584 607 2588 -
625 2572 635 2587 ³
653 2572 670 2594 ΙΙ
688 2573 756 2601 sora,
773 2574 889 2602 x'1‚v'n.-—
905 2574 914 2588 ⁶
931 2574 983 2596 ium

209 2608 306 2635 auctor,
327 2606 441 2637 quisquis
456 2607 495 2630 ilie
518 2607 563 2636 sit,
584 2607 640 2630 libri
659 2606 689 2629 dn’
708 2608 833 2637 Ass-unqu.
864 2609 892 2631 B.
919 2610 982 2632 Mar.

210 2647 257 2671 vu,
272 2641 296 2665 in
312 2642 427 2673 Append.
445 2645 506 2667 tom.
524 2643 566 2667 Vl.
587 2643 659 2673 Opera
677 2645 702 2666 S.
723 2644 786 2673 Aug.
804 2656 834 2660 —
858 2645 864 2655 ⁷
882 2645 962 2667 leuem
978 2662 984 2674 ‚

636 172 848 206 SPECULUM
869 151 1018 207 BEATAE
1039 172 1181 207 mem
1201 173 1394 208 vlneims

1040 240 1131 278 dum,
1150 243 1295 280 tanquam
1311 250 1369 280 pro
1391 249 1496 272 amore
1518 242 1586 280 filii,
1604 243 1712 274 verum
1728 244 1818 274 etiam

1038 287 1203 319 imitatione
1216 297 1352 326 morum,
1364 291 1509 327 tanquam
1517 297 1574 328 pro
1586 291 1818 323 reverentiam-

1038 335 1122 364 mini.
1144 341 1166 364 ι·
1181 336 1385 366 Necessarium
1406 337 1496 366 etiam
1515 337 1605 366 nobis
1625 338 1680 373 est,
1701 338 1736 367 ut
1754 345 1819 368 non

1037 382 1138 411 solum
1149 383 1240 412 bonis
1254 383 1397 421 operibus
1417 383 1597 420 insistamus,
1613 384 1668 413 sed
1683 383 1774 414 etiam
1785 385 1831 415 ut-

1037 429 1114 458 vitiis
1124 430 1310 467 resistamus3
1333 433 1362 460 et
1375 431 1444 460 ideo
1459 431 1535 460 bene
1557 431 1679 460 additur
1693 431 1732 460 de
1751 431 1819 461 lan-

1038 476 1097 505 ceis
1110 477 1246 506 tenendis
1262 487 1269 504 :
1292 479 1392 506 tenere
1412 478 1493 506 enim
1516 478 1664 507 debemus
1681 478 1819 508 lanceam

1037 523 1093 551 zeli
1107 524 1210 552 contra
1230 523 1375 560 impetum
1392 524 1466 560 vitii,
1492 526 1596 554 contra
1616 525 1819 562 impugnatio-

1037 577 1108 598 nem
1125 570 1251 607 diaboli,
1268 571 1365 599 carnis
1383 573 1412 600 et
1432 571 1550 600 mundi.
1574 572 1613 600 De
1635 571 1683 600 his
1706 572 1818 602 lanceis

1037 616 1115 645 bene
1138 617 1246 646 dicitur
1263 617 1294 646 in
1311 618 1451 646 Hieremia
1467 619 1478 636 '¹
1494 627 1501 646 :
1525 619 1614 647 Polite
1631 619 1747 654 lanceas,
1773 621 1818 648 in-

1038 663 1115 692 duite
1131 672 1178 692 vos
1199 665 1302 693 loricis.
1322 665 1425 694 Loriea
1442 665 1561 701 justitiae
1577 673 1596 694 a
1615 665 1697 695 malo
1719 669 1819 703 prote-

1039 711 1154 747 gimur3
1169 711 1223 740 sed
1235 711 1339 740 lancea
1353 712 1408 740 zeli
1421 712 1536 740 malum
1551 712 1773 749 impugnamus.
1787 714 1817 744 Si

1037 757 1174 786 lanceam
1188 758 1243 787 zeli
1257 761 1360 788 contra
1373 759 1445 788 vitia
1456 767 1519 788 non
1539 760 1674 788 extendis
1685 760 1717 789 in
1731 769 1818 790 mun-

1038 804 1091 840 do,
1108 806 1183 834 Deus
1197 805 1334 834 lanceam
1351 806 1403 834 irae
1423 814 1483 834 suae
1502 808 1606 835 contra
1628 809 1656 835 te
1679 807 1817 836 extendet

1038 851 1069 880 in
1089 853 1212 888 judicio.
1235 853 1316 882 Unde
1338 853 1369 882 in
1395 853 1539 890 Sapientia
1563 853 1712 882 dicitur⁸:
1729 855 1817 884 Acuet

1037 901 1109 927 iram
1120 900 1218 928 duram
1231 902 1261 928 in
1284 901 1414 929 lanceam.
1440 901 1462 929 Ο
1485 901 1583 937 qualis
1603 900 1742 930 bellatrix
1762 901 1818 931 fuit

1038 947 1138 982 Maria,
1154 947 1201 975 cui
1216 949 1317 976 sancta
1331 947 1385 976 zeli
1405 947 1452 976 sui
1465 947 1583 977 lancea!
1599 948 1681 977 Unde
1693 950 1816 978 Bernar-

1038 994 1095 1022 dus
1116 995 1126 1011 ⁹
1142 1002 1149 1022 :
1169 1003 1182 1020 α
1195 995 1237 1022 Τιι
1251 994 1389 1023 bellatrix
1404 995 1533 1031 egregia,
1549 995 1648 1031 primo
1664 1003 1749 1031 eum,
1765 996 1818 1033 qui

1037 1041 1152 1077 primus
1165 1042 1258 1070 Evam
1276 1041 1489 1078 supplantavit,
1508 1049 1681 1079 expugnare
1695 1042 1818 1072 viriliter

1037 1095 1176 1123 aggressa
1191 1095 1231 1116 es.
1248 1097 1263 1114 u
1280 1089 1313 1116 Ut
1327 1096 1398 1124 ergo
1418 1088 1506 1117 bonis
1527 1089 1670 1126 operibus
1691 1089 1818 1118 fideliter

1037 1134 1216 1168 insistamus,
1231 1136 1259 1163 et
1281 1135 1368 1163 maiis
1383 1135 1505 1164 viriliter
1519 1135 1700 1171 resistamus,
1717 1143 1818 1164 neces-

1037 1181 1149 1210 sarium
1164 1182 1251 1210 nobis
1265 1185 1318 1217 est,
1333 1185 1365 1210 ut
1379 1182 1474 1211 Mariae
1490 1182 1663 1219 exemplum
1677 1183 1816 1222 inspicia-

1037 1237 1114 1264 mus,
1133 1229 1226 1257 Mariae
1240 1229 1414 1264 suflragium
1426 1229 1630 1266 imploremus.
1642 1231 1721 1259 Tune
1731 1231 1817 1268 quasi

1037 1276 1076 1304 ab
1098 1284 1223 1304 ascensu
1248 1284 1363 1304 auroroe
1394 1284 1572 1312 operamur,
1596 1277 1719 1313 quando
1743 1278 1816 1307 irra-

1037 1322 1137 1351 diante
1159 1323 1298 1359 exemplo
1324 1325 1353 1351 et
1375 1323 1434 1351 vita
1462 1324 1571 1358 Mariae,
1596 1324 1720 1360 quando
1744 1325 1817 1354 irra—

1038 1370 1137 1398 diante
1161 1370 1326 1406 patrocinio
1355 1373 1383 1398 et
1407 1370 1612 1399 misericordia
1640 1372 1752 1407 Mariae,
1776 1372 1817 1400 ad

1037 1416 1114 1445 bene
1130 1417 1318 1453 operandum
1342 1417 1507 1445 incitamur.
1529 1419 1606 1446 Bene
1621 1419 1722 1446 autem
1742 1426 1816 1455 ope-

1037 1463 1096 1491 rari
1111 1463 1267 1498 debemus,
1281 1464 1376 1492 donec
1390 1465 1580 1500 egrediantur
1590 1467 1677 1499 astra,
1693 1465 1750 1493 hoc
1761 1468 1815 1501 est,

1038 1510 1134 1539 donec
1156 1511 1263 1538 animae
1291 1513 1398 1539 nostrae
1425 1511 1530 1539 lucidae
1556 1513 1699 1548 tanquam
1722 1514 1815 1547 astra,

1037 1560 1176 1585 exeuntes
1192 1558 1228 1585 de
1253 1558 1440 1594 corporibus,
1463 1557 1580 1586 evolent
1600 1558 1636 1586 ad
1653 1561 1740 1586 astra.
1759 1558 1817 1587 sed

1037 1612 1122 1639 super
1150 1605 1252 1632 omnia
1281 1608 1359 1633 astra
1386 1606 1449 1640 jam
1483 1613 1599 1640 egressa
1610 1626 1618 1640 ,
1644 1605 1692 1633 vel
1717 1605 1816 1634 adhuc

1037 1659 1190 1686 egressura
1203 1651 1241 1679 ad
1257 1655 1344 1685 astra,
1358 1651 1633 1687 splendidissimum
1648 1654 1758 1680 astrum
1774 1654 1816 1680 est

1037 1705 1145 1725 aurora
1160 1700 1259 1725 nostra
1270 1698 1368 1732 Maria,
1384 1700 1505 1726 testante
1517 1699 1544 1725 B.
1560 1698 1707 1726 Bernardo
1719 1698 1749 1732 ¹⁰,
1763 1699 1815 1734 qui

1037 1744 1099 1772 ait:
1122 1756 1132 1769 ιι
1155 1746 1195 1772 Tu
1208 1745 1267 1772 veri
1289 1744 1364 1772 Solis
1387 1745 1609 1781 expressissima
1633 1745 1750 1780 imago,
1770 1746 1814 1774 in-

1037 1794 1080 1819 ter
1094 1791 1188 1819 millia
1207 1794 1353 1819 astrorum
1375 1793 1432 1819 Deo
1456 1791 1663 1826 assistentium,
1678 1792 1815 1828 virginali

1036 1839 1161 1875 puritate
1176 1839 1205 1866 in
1219 1838 1301 1866 coelis
1315 1838 1445 1873 gloriosa
1460 1838 1626 1873 praefulges.
1643 1848 1657 1864 υ
1671 1839 1717 1867 Sic
1731 1847 1814 1875 ergo,

1037 1885 1211 1918 charissimi,
1227 1885 1340 1913 vidistis
1359 1893 1450 1921 quam
1474 1885 1684 1913 convenienter
1707 1893 1816 1915 aurora

1037 1932 1115 1960 dicta
1139 1933 1174 1959 sit
1197 1932 1294 1960 Maria.
1311 1932 1451 1960 Dominus
1471 1939 1543 1967 ergo
1559 1934 1666 1967 tecum,
1683 1940 1701 1960 o
1715 1932 1814 1967 Maria,

1037 1979 1111 2006 sicut
1124 1979 1172 2007 Sol
1189 1987 1254 2006 cum
1268 1987 1386 2006 aurora.
1401 1978 1451 2006 Eia
1467 1986 1548 2013 ergo,
1561 1979 1691 2012 Domina,
1708 1987 1815 2007 aurora

1038 2026 1223 2059 suavissima,
1235 2026 1359 2054 Domina
1374 2025 1462 2053 Maria
1477 2025 1658 2059 dulcissima,
1671 2025 1715 2053 iac
1727 2026 1815 2053 etiam

1038 2074 1195 2101 nobiscum
1209 2081 1271 2101 esse
1295 2073 1392 2100 Solem
1409 2073 1536 2108 justitiae,
1564 2073 1721 2100 Dominum
1745 2080 1814 2100 nos-

1038 2123 1114 2148 truin
1137 2123 1234 2149 Jesum
1258 2121 1403 2148 Christum
1426 2121 1530 2148 Filium
1552 2123 1653 2155 tuum,
1676 2121 1727 2157 qui
1748 2128 1816 2148 cuin

1038 2170 1120 2196 Patre
1135 2171 1162 2195 ct
1177 2168 1284 2204 Spiritu
1301 2169 1401 2195 sancto
1417 2167 1490 2194 vivit
1504 2169 1531 2195 et
1546 2169 1649 2202 regnat
1663 2167 1695 2195 in
1708 2167 1816 2195 saecula

1037 2215 1223 2243 saeculorum.
1239 2218 1340 2243 Amen.

1318 2312 1452 2341 LECTIO
1476 2312 1538 2342 ΧΠ.

1081 2364 1215 2416 Quomodo
1231 2383 1262 2409 Β.
1277 2383 1369 2409 Maria
1385 2383 1422 2409 sic
1436 2383 1523 2416 virga,
1539 2384 1563 2409 et
1576 2382 1655 2416 vii-qa
1666 2382 1773 2415 florens.

1077 2453 1205 2480 Dominus
1227 2455 1320 2480 tecum.
1343 2452 1410 2480 Viso
1431 2451 1586 2488 quomodo
1604 2450 1744 2479 Dominus
1762 2449 1816 2478 fuit

1040 2535 1117 2558 nvi,
1133 2529 1155 2552 4.
1180 2541 1205 2545 -
1229 2528 1238 2544 ⁸
1258 2528 1327 2559 Solu,
1347 2534 1371 2558 v,
1392 2529 1430 2551 21.
1446 2540 1476 2545 —
1495 2528 1505 2543 ⁹
1526 2527 1570 2551 Vel
1587 2527 1698 2555 Ecbert.,
1714 2526 1814 2557 Deprec.

1039 2566 1062 2587 c!
1078 2563 1146 2587 laud.
1167 2564 1201 2587 ad
1215 2564 1277 2588 Mar.
1301 2563 1380 2594 Vri-9„
1396 2570 1421 2587 n.
1440 2565 1463 2587 5.
1479 2576 1508 2581 —
1527 2563 1545 2579 ¹⁰
1562 2562 1607 2586 Vel
1621 2562 1733 2592 Ecbert.,
1753 2561 1814 2586 ibid.

1074 2611 1106 2638 (τι)
1125 2609 1185 2633 (ja-1.
1208 2608 1266 2631 edis,
1287 2608 1413 2632 homines.
1429 2621 1459 2625 —
1481 2607 1514 2638 (Ιι)
1530 2607 1604 2637 Vulg.
1624 2607 1751 2637 Nehemi'a,
1771 2613 1816 2631 seu

1043 2646 1061 2668 ll
1080 2644 1166 2674 Esdra,
1182 2647 1207 2668 ct
1221 2645 1256 2668 sic
1271 2644 1399 2675 deinceps.
