2029 3052
212 174 270 206 188

703 175 808 208 LAUS
830 173 975 208 BEATAE
995 172 1172 208 VIRGINIS
1193 175 1344 209 MARIAE.

337 241 575 272 patriarcharum
592 242 705 279 gloria,

338 292 411 326 Quae
425 298 480 328 per
494 292 524 320 te
537 291 742 327 benedicitur,

338 339 372 367 Et
387 337 507 367 bissena
521 337 646 367 victoria

339 385 551 422 Apostolorum
572 384 690 414 texitur.

374 432 507 469 Repleris
526 431 712 468 plenitudine

337 479 459 510 Generis
473 479 572 508 omnis
585 479 703 515 gratiae,

336 529 470 564 Totaque
488 525 679 555 multitudine

340 574 485 603 Virtutum
499 575 528 602 et
540 574 680 610 potentioe
690 596 698 609 ,

340 623 382 650 Tu
402 620 493 650 decus
508 620 707 657 excellentioe,

338 671 379 698 'ru
393 668 447 697 lux
460 675 564 696 carens
576 667 700 704 fuligine

336 715 450 752 Culpae,
464 715 634 752 splendoris
646 716 683 752 (a)
695 715 798 752 gloriae

337 763 481 792 Mundum
497 762 644 791 decorans
657 762 780 791 lumine.

373 812 404 839 ln
419 812 446 838 te
462 812 558 838 totum
573 810 744 846 perficitur,

336 856 490 894 Quidquid
502 857 602 886 verbis
619 857 800 894 propheticis

339 906 377 933 De
397 906 440 940 te,
458 904 565 940 Virgo,
586 904 772 941 praedicitur,

340 953 373 980 Et
385 951 460 988 legis
473 951 677 987 aenigmaticis,

338 999 405 1028 Sive
426 998 577 1036 quidquid
596 999 738 1035 angelicis

336 1048 400 1078 Tibi
420 1048 521 1077 verbis
541 1048 731 1085 exprimitur,

337 1096 438 1126 Finitis
453 1096 554 1125 verbis
568 1097 690 1134 typicis,

340 1146 394 1173 Res
410 1144 446 1181 (b)
463 1143 620 1172 manifesta
634 1143 773 1172 cernitur.

1175 243 1323 274 ‘trinitatis
1333 245 1501 281 consortio,

1175 291 1280 321 Creata
1289 299 1380 328 super
1393 292 1497 322 omnia
1504 313 1514 328 ,

1175 340 1236 368 Tua
1249 338 1383 375 benigna
1397 340 1493 376 gratia

1177 385 1332 416 Felicitatis
1346 387 1460 424 gaudio

1177 433 1236 462 Nos
1253 435 1378 462 coronet
1392 434 1443 471 (d),
1459 435 1489 463 et
1499 434 1613 471 gloria,

1179 481 1395 517 Beatorumque
1407 480 1543 517 praemio.
1556 483 1660 511 Amen.

1381 562 1505 592 ΟιΑτιο.

1088 622 1282 660 Omnipotens
1307 623 1486 661 sempiterne
1514 625 1601 660 Deus,
1615 625 1669 662 qui
1697 625 1835 662 gloriosae

1052 669 1178 706 virginis
1192 670 1290 700 Matris
1304 671 1400 700 Marioe
1412 679 1522 708 corpus
1540 673 1569 700 et
1582 672 1727 706 animam,
1741 675 1775 702 ut
1788 673 1836 702 di-

1051 724 1146 753 gnum
1154 717 1218 746 Filii
1232 717 1274 746 tui
1284 717 1489 747 habitaculum
1501 718 1578 747 effici
1585 721 1758 755 mereretur,
1770 720 1834 757 Spi-

1051 764 1110 793 ritu
1124 766 1226 794 sancto
1241 768 1433 802 cooperante,
1447 767 1630 803 praeparasti,
1643 767 1694 803 de,
1702 769 1736 796 ut
1751 768 1835 804 quus

1053 813 1338 841 commemoratione
1367 813 1512 858 laetamur,
1533 814 1596 850 ejus
1619 814 1670 851 pia
1695 815 1835 844 interces-

1053 860 1136 890 sione
1152 861 1191 889 ab
1218 861 1395 890 instantibus
1415 861 1513 897 malis,
1528 864 1557 890 et
1575 870 1594 891 a
1611 865 1707 892 morte
1721 871 1832 900 perpe-

1053 909 1102 936 tua
1117 910 1145 936 et
1158 907 1314 938 subitanea
1328 908 1500 938 liberemur.
1511 910 1564 938 Per
1576 909 1722 939 Christum
1735 909 1835 940 Domi-

1053 963 1137 991 num,
1152 957 1206 984 etc.

1337 1031 1406 1057 Anu
1426 1029 1547 1058 Ουτιο.

1090 1099 1180 1134 Deus,
1209 1098 1261 1135 qui
1290 1098 1493 1128 beatissimam
1519 1098 1669 1135 virginem
1697 1099 1836 1135 Mariam,

1054 1147 1173 1174 Matrem
1197 1147 1288 1180 tuam,
1308 1145 1339 1174 in
1358 1145 1577 1182 Anuntiatione,
1601 1146 1782 1183 visitatione,
1809 1150 1837 1176 et

373 1191 477 1227 Salve,
493 1191 628 1220 solamen
643 1191 816 1226 hominum3

338 1239 442 1274 Salve,
458 1239 572 1267 munda
587 1238 672 1266 stella
687 1238 778 1267 maris
790 1248 797 1273 3

338 1285 424 1315 Salve
433 1307 442 1321 ,
458 1285 612 1322 purgatrix
627 1285 784 1314 criminum
794 1296 804 1320 ς

342 1333 438 1368 Salve,
461 1333 546 1368 Virgo
562 1332 730 1369 singularis.

1053 1194 1259 1230 Assumptione
1268 1193 1424 1230 multiplici
1432 1193 1544 1230 gaudio
1554 1194 1716 1231 laetificasti,
1727 1195 1836 1231 tribue,

1054 1248 1235 1276 quaesumuS‚
1250 1242 1283 1268 ut
1295 1241 1359 1276 ejus
1372 1241 1523 1277 precibus,
1535 1244 1563 1270 et
1577 1242 1718 1270 omnibus
1728 1243 1836 1272 sanctis

1054 1288 1110 1316 tuis
1121 1287 1396 1321 intervenientibus,
1409 1288 1448 1316 ad
1461 1288 1666 1318 inaestimabile
1677 1289 1836 1326 gaudium,

1054 1343 1115 1371 quo
1135 1342 1214 1363 nunc
1234 1338 1330 1363 tecum
1349 1335 1412 1364 sine
1435 1336 1492 1364 fine
1515 1336 1657 1372 gaudent,
1677 1337 1835 1373 pervenire

1054 1390 1232 1411 mercamur.
1250 1383 1303 1410 Per
1316 1382 1463 1411 Christum
1474 1383 1644 1419 Dominum,
1659 1385 1715 1412 etc.

1214 1430 1270 1457 nas
1285 1429 1386 1458 videas
1402 1429 1531 1465 Laudes,

1180 1476 1235 1511 Qui
1251 1484 1335 1505 sacra
1347 1477 1464 1513 Virgine
1479 1477 1607 1513 gaudes,

1180 1525 1212 1552 Et
1228 1524 1398 1552 venerando
1412 1525 1495 1560 piam

1180 1571 1304 1599 Studeas
1320 1571 1444 1600 laudare
1458 1572 1586 1600 Mariam.

1218 1618 1343 1654 Virginis
1363 1619 1477 1647 intactse

1181 1666 1255 1693 Dum
1271 1666 1387 1694 veneris
1402 1668 1469 1694 ante
1484 1666 1612 1702 figuram
1624 1689 1631 1702 ‚

1181 1713 1385 1741 Praetereundo
1401 1721 1487 1747 cave,

1179 1763 1217 1790 Ne
1241 1761 1361 1790 sileatur
1382 1765 1452 1790 Ave.

1217 1809 1350 1838 invenies
1375 1809 1493 1837 veniam
1503 1831 1511 1844 ‚

1180 1858 1225 1886 Sic
1246 1856 1404 1885 salutando
1429 1857 1563 1892 Mariam,

1182 1908 1235 1933 Arc
1251 1906 1342 1932 Maria
1356 1906 1462 1940 qratia,
1479 1907 1532 1932 ete.

1217 1952 1285 1980 vnis
1299 1951 1392 1980 homo
1405 1952 1550 1984 materite,

1181 2002 1270 2035 surge
1287 1999 1323 2027 de
1339 1999 1442 2027 mortis
1459 1999 1590 2034 tumulo;

1182 2049 1255 2074 Dum
1268 2053 1334 2082 spes
1348 2048 1390 2074 est
1405 2046 1504 2074 adhuc
1519 2046 1626 2079 veniae,

1180 2095 1217 2122 Te
1232 2092 1373 2121 subtrahe
1389 2092 1534 2128 periculo.

1219 2142 1360 2168 Excutere
1375 2139 1412 2167 de
1427 2140 1550 2175 pulvere
1562 2162 1569 2174 ‚

1182 2191 1255 2217 Dum
1272 2196 1348 2224 opus
1363 2189 1405 2215 est
1420 2187 1570 2223 remedi03

1183 2237 1273 2271 Surge
1284 2256 1293 2269 ,
1318 2243 1402 2263 curre
1419 2242 1474 2271 pro
1491 2234 1611 2270 bravio,

1182 2284 1256 2310 Dum
1272 2282 1339 2310 licet
1353 2282 1618 2318 comprehendere.

1218 2329 1300 2358 Viam
1317 2337 1453 2365 qurerens
1468 2330 1497 2357 in
1513 2329 1610 2365 invio,

1183 2377 1326 2405 Malorum
1350 2377 1554 2405 reminiscere.

1184 2424 1227 2452 Ad
1243 2424 1369 2460 patriam
1385 2426 1533 2452 revertere

1183 2472 1255 2499 Cum
1271 2471 1431 2508 poenitente
1447 2472 1517 2500 lilio.

345 1380 501 1408 consortio
517 1387 621 1408 carens
637 1380 727 1409 maris
737 1401 746 1415 ,

339 1427 497 1463 concipis,
513 1427 593 1464 paris
609 1427 779 1456 Dominum.

337 1477 377 1503 Tu
393 1474 469 1510 lapis
483 1482 514 1502 es
529 1475 700 1510 angularis,

337 1523 406 1556 Quae
422 1521 476 1550 das
491 1521 595 1557 figuris
612 1522 782 1550 terminum.

373 1570 415 1597 Tu
429 1577 520 1605 supra
534 1569 601 1597 eceli
615 1569 726 1598 solium

338 1616 382 1645 Ad
396 1616 538 1644 dextram
553 1617 587 1651 (c)
606 1617 654 1644 Dei
670 1617 795 1651 resides,

340 1665 425 1692 Juxta
439 1663 595 1700 proprium
611 1663 717 1692 Filium

340 1711 412 1740 coeli
429 1711 541 1746 Regina
556 1710 712 1746 praesides,

341 1758 527 1787 confirmans
542 1761 654 1787 mentes
669 1758 803 1793 desides,

343 1807 484 1834 Praestans
498 1805 540 1834 eis
553 1805 698 1834 auxilium
710 1827 719 1841 ,

340 1854 371 1881 Et
387 1853 442 1881 tuis
457 1853 546 1881 servis
562 1853 719 1889 provides,

340 1900 529 1936 impetrando
541 1900 720 1929 subsidium.

376 1948 428 1976 Ubi
444 1956 574 1984 namque
591 1949 775 1977 sanctissima

341 1997 432 2030 Caro,
450 2003 541 2031 quam
558 1995 605 2023 Dei
623 1996 710 2023 Filius

344 2043 473 2078 Sumpsit
488 2051 525 2071 ex
541 2045 566 2070 te
582 2043 789 2078 mundissima,

340 2089 555 2118 inthronizatur
574 2090 698 2118 celsius:

340 2137 448 2165 Creatis
467 2137 638 2172 gloriosius,

342 2184 424 2212 Ratio
444 2184 507 2211 vult
527 2184 688 2213 certissima

342 2232 408 2259 Esse
424 2233 460 2265 tc,
480 2239 541 2259 non
561 2232 691 2267 inferius,

341 2277 390 2306 vel
406 2277 476 2306 sede
492 2279 588 2312 magis
605 2279 717 2308 intima⁴

375 2325 418 2352 lbi
435 2327 528 2353 mater
543 2334 611 2353 cum
626 2327 713 2361 Filio,

340 2372 509 2400 (laudentes
524 2373 589 2400 coeli
607 2375 701 2410 pati-ia
711 2395 718 2408 ,

246 2437 277 2464 (a)
300 2436 359 2460 art.
383 2436 443 2460 edit.
469 2436 600 2467 splendor.
617 2450 645 2454 —
665 2438 700 2468 (b)
715 2438 769 2469 [κζ’]-
790 2440 832 2464 Rc.
849 2453 874 2457 —
890 2439 920 2469 (νῖ
934 2442 994 2463 (Μ.

214 2470 274 2495 mm,
289 2472 431 2497 dexteram.
452 2486 476 2490 -
491 2473 528 2503 (d)
544 2474 602 2497 Item
618 2477 732 2498 coronat.
