2029 3052
229 275 290 306 258
658 269 868 304 SPECULUM
890 267 1039 302 BEATAE
1060 267 1202 302 MARIAE
1223 266 1412 302 vtRGINIS.

230 342 357 370 Dominus
370 340 454 377 iudeo:
463 342 562 373 noster,
578 340 709 368 Dominus
723 338 819 374 quiser
833 339 935 372 noster,
954 337 1008 364 Do-

227 389 318 418 minus
330 396 381 417 rea·
392 390 491 417 noster.
507 386 650 416 Dominus
658 385 762 422 legifer
770 387 871 414 noster
881 384 913 412 in
923 391 1009 412 mun-

228 435 283 472 do;
298 435 441 464 Dominus
452 434 544 471 iudex
558 434 659 462 noster
673 432 704 461 in
715 431 830 468 judicio
838 441 847 468 ;
865 430 1009 459 Dominus

227 490 280 511 rex
297 483 408 517 noster,
422 489 479 510 nos
493 488 642 509 coronans
654 479 686 508 in
703 479 789 508 coelo.
806 480 860 507 iste
870 477 1008 515 specialis

227 532 328 558 noster
341 528 482 557 Dominus
500 528 542 556 sic
554 535 623 556 eum
637 526 726 556 Maria
739 526 805 561 fult,
819 525 905 562 quod
919 524 1008 565 etiam

227 575 324 613 ipsam
338 575 498 612 specialem
510 575 644 603 nostram
652 573 807 602 dominam
819 571 897 601 fecit.
920 564 1008 606 Quod

227 623 305 652 bene
319 623 425 651 beatus
438 621 605 651 Bernardus
613 627 842 658 recognoscens,
858 619 918 648 ait:
935 619 1008 646 «Do-

227 670 310 698 mina
322 671 434 705 nostra,
448 669 608 698 mediatrix
617 669 729 703 nostra,
742 667 889 696 advocata
896 667 1008 698 nostra,

227 719 278 745 tuo
287 717 351 745 filio
361 725 416 745 nos
425 716 596 751 reconcilia,
610 718 661 744 tuo
675 715 739 744 filio
750 722 806 743 nos
816 711 1008 747 commenda,

227 765 278 792 tuo
292 763 356 792 filio
369 771 426 792 nos
443 764 630 801 reproeseuta.
645 773 660 789 n
677 761 734 791 Sed
755 768 822 790 ecce
837 761 892 788 iste
910 761 1009 787 noster

226 810 362 847 specialis
382 810 534 845 Dominus,
549 810 613 847 ipse
628 810 672 838 est
688 808 851 845 piissimus,
867 806 1009 834 Dominus

223 857 412 892 justissimus,
433 857 575 886 Dominus
593 855 782 889 certissimus,
797 854 939 882 Dominus
953 860 1005 881 uo-

226 903 450 933 minatissimus.
465 904 607 932 Dominus
621 902 702 931 enim
715 901 766 939 qui
779 909 840 929 non
855 902 930 929 esset
941 899 1009 936 pius

226 949 259 978 in
279 950 451 986 beneficiis,
467 950 564 986 justus
586 951 616 978 in
632 949 766 985 judiciis3
789 947 931 976 Dominus
956 946 1009 982 qui

226 1005 289 1026 non
304 999 381 1026 esset
394 999 490 1026 certus
504 997 535 1026 in
549 996 714 1033 promissis,
729 996 870 1024 Dominus
881 994 932 1031 qui
948 1001 1010 1022 non

227 1046 304 1073 esset
331 1045 501 1073 nominatus
530 1044 560 1072 in
587 1043 724 1080 populis,
746 1043 843 1071 minus
858 1042 1010 1078 reputare-

227 1093 284 1120 tur.
306 1092 448 1120 Dominus
469 1099 541 1127 ergo
565 1092 664 1119 noster
689 1092 732 1118 est
751 1089 893 1118 Dominus
912 1087 1009 1124 piissi-

227 1147 294 1167 mus
304 1139 496 1173 liberalitate;
514 1138 655 1166 Dominus
665 1136 844 1173 justissimus
855 1135 1010 1171 aequitate3

227 1186 370 1214 Dominus
385 1185 562 1214 certissimus
576 1184 736 1218 fidelitate;
754 1182 896 1211 Dominus
911 1181 1008 1210 nomi-

227 1232 396 1261 natissimus
407 1231 583 1260 fumositate.

263 1279 361 1307 Primo
381 1287 452 1315 ergo
475 1278 626 1313 attendite,
651 1277 826 1311 charissimi,
849 1276 932 1312 quod
954 1278 1010 1304 Do-

228 1327 328 1356 minus
341 1330 441 1355 noster
455 1326 604 1363 specialis,
617 1326 667 1362 qui
684 1333 751 1354 cum
767 1325 855 1353 Maria
875 1326 926 1359 est,
948 1323 1011 1360 ipse

229 1377 272 1403 est
288 1375 428 1403 Dominus
442 1374 592 1410 piissimus
607 1373 781 1401 liberalitate
801 1371 1012 1400 misericordiae

229 1430 289 1450 suoe
309 1421 439 1449 infinitae.
465 1423 528 1457 ipse
554 1420 632 1448 enim
655 1422 698 1448 est
721 1419 873 1453 Dominus,
890 1419 928 1446 de
951 1425 1012 1454 quo

230 1468 376 1504 Propheta
387 1468 443 1496 ait¹
456 1477 462 1495 :
477 1469 526 1502 Tu,
541 1468 662 1501 Domine,
673 1468 766 1494 suavis
777 1469 802 1494 et
817 1467 906 1500 mitis,
914 1468 938 1493 et
947 1466 1013 1491 mul—

231 1517 264 1542 ioe
282 1515 475 1543 misericordiae
498 1515 622 1541 omnibus
650 1514 835 1541 invocantibus
859 1516 893 1540 te.
920 1511 1012 1540 uultae

231 1561 442 1590 misericordiae
457 1561 607 1595 Dominus,
621 1561 651 1588 in
664 1560 763 1588 inultis
775 1559 928 1588 beneficiis
939 1561 1012 1586 tem-

231 1610 395 1647 poralibus.
418 1609 631 1646 spiritualibus
655 1607 856 1642 aeternaiihuS,
881 1615 947 1643 ‹111ae
977 1615 1012 1634 ex

232 1658 326 1686 multa
339 1656 544 1685 misericordia
566 1664 620 1683 sua
640 1655 761 1683 contulit
781 1654 880 1688 nobis,
896 1656 923 1682 et
938 1661 1014 1681 con-

232 1705 307 1732 ferre
322 1712 382 1732 non
398 1706 499 1731 cessat.
517 1703 631 1730 Utinam
651 1702 737 1729 tantis
760 1701 874 1729 Domini
899 1700 1013 1728 miseri-

233 1751 342 1779 cordiis
357 1759 417 1779 non
433 1751 525 1778 simus
540 1749 645 1784 ingrati
659 1750 664 1775 ῐ
682 1749 796 1776 Utinam
814 1747 938 1776 Domino
955 1750 1014 1775 tam

233 1797 510 1826 misericordissimo
526 1796 618 1823 simus
639 1795 726 1823 valde
748 1795 821 1829 grati
846 1803 914 1822 cum
930 1794 1014 1827 isaia,

234 1845 285 1881 qui
301 1845 338 1872 dc
354 1844 478 1872 Domino
503 1843 543 1871 ait
557 1845 567 1860 ³
590 1844 821 1870 :miserationum
845 1843 955 1868 Domini
979 1849 1015 1868 re-

233 1892 362 1919 cordabor
384 1900 393 1918 :
418 1891 535 1918 laudabo
564 1891 704 1917 Dominum
727 1898 809 1924 super
827 1889 959 1923 omnibus,
987 1890 1015 1915 in

234 1939 331 1974 quibus
346 1938 468 1966 reddidit
485 1938 558 1964 nobis
573 1938 711 1964 Dominus.
729 1938 811 1969 Ecce,
828 1935 928 1969 Maria,
943 1942 1017 1971 qua-

235 1985 270 2013 lis
284 1986 425 2013 Dominus
440 1986 492 2018 est,
513 1992 604 2020 quani
619 1983 780 2019 piissimus,
795 1991 887 2018 quain
903 1982 1016 2009 miseri-

237 2032 429 2060 cordissimus
446 2031 585 2058 Dominus
601 2033 653 2063 est,
670 2030 721 2065 qui
734 2032 829 2057 tecum
840 2032 890 2057 est.
905 2031 935 2056 Et
947 2029 1017 2064 quia

238 2079 378 2106 Dominus
390 2077 681 2105 misericordissimus
693 2076 965 2103 misericordissime
979 2078 1020 2103 est

239 2129 345 2159 tecum,
362 2125 428 2152 ideo
443 2127 469 2152 ct
486 2127 514 2152 tu
530 2132 560 2151 es
576 2123 851 2151 misericordissima
865 2131 976 2156 secum,
988 2125 1019 2149 ut

238 2180 307 2200 vero
323 2172 359 2199 de
376 2174 401 2199 te
418 2171 475 2198 dici
493 2171 583 2207 possit
598 2170 673 2198 iliud
685 2170 763 2197 isuiie
774 2171 801 2197 ²¹:
816 2171 1020 2204 I’rcrpurahitur

239 2220 269 2246 in
290 2218 476 2246 musei-{cordia
498 2219 592 2244 solium
615 2218 682 2252 ejus,
699 2220 723 2244 ct
738 2217 838 2244 sedebit
854 2225 933 2252 super
951 2216 1021 2243 illud

239 2267 269 2293 in
288 2267 412 2293 veritate.
430 2265 543 2292 Solium
557 2265 665 2291 divinae
682 2264 890 2291 misericordia}
907 2265 948 2290 est
961 2265 1019 2290 Ma*

241 2313 296 2347 ria,
320 2315 413 2340 mater
437 2311 657 2345 misericordiae,
678 2311 708 2339 in
734 2319 794 2346 quo
817 2318 921 2338 omnes
938 2310 1035 2337 inve-¹

242 2361 327 2388 niunt
340 2359 445 2387 solatia
460 2359 678 2386 misericordia).
695 2360 765 2386 Nam
776 2358 849 2385 sicut
860 2358 1023 2385 misericor-

244 2407 398 2435 dissimum
415 2405 584 2438 Dominum,
598 2405 637 2432 ita
653 2405 957 2433 misericordissimam
970 2406 1023 2432 no-

244 2455 356 2482 minam
372 2453 527 2481 habemus.
546 2452 684 2479 Dominus
704 2456 801 2480 nostor
820 2452 919 2480 multse
937 2452 1023 2479 mise-

245 2501 380 2529 ricordiae
393 2503 435 2527 est
449 2499 590 2527 omnibus
602 2499 809 2526 invocantibus
820 2508 867 2533 se3
885 2502 911 2527 et
927 2499 1024 2527 Domi-

245 2556 283 2575 na
305 2550 405 2575 nostra
426 2546 524 2574 multoe
543 2546 752 2573 misericordiae
768 2549 809 2574 est
824 2546 965 2574 omnibus
980 2546 1025 2573 in-

281 2635 368 2659 ¹Psul.
386 2640 482 2664 mxxv,
498 2635 521 2657 5.
540 2646 571 2651 —
589 2633 597 2647 ²
613 2633 673 2662 Isti„
690 2638 763 2662 inu,
781 2633 803 2656 ἶ.
821 2646 851 2650 -
872 2634 879 2646 ³
896 2633 957 2662 ΙειιἿ
971 2639 1025 2662 xvi,

247 2673 270 2695 5.
288 2684 316 2688 -
338 2671 347 2686 ⁴
364 2672 449 2700 tici-n„
466 2670 496 2693 de
515 2670 643 2700 Assumpt.
663 2668 691 2692 B.
712 2669 788 2697 Mar„
806 2676 882 2692 serm.
904 2675 939 2697 lv,
956 2676 982 2692 u.
1002 2670 1024 2692 8.

250 2721 275 2723 ,
298 2707 308 2723 s
325 2706 390 2730 Pvnl.
416 2712 446 2734 x,
471 2707 493 2728 S.
511 2718 539 2721 —
564 2705 573 2719 '⁴‘
601 2703 666 2728 l’sal.
694 2710 789 2734 fxviii,
813 2705 864 2727 ῆῑὶῖ,
882 2718 911 2722 -
933 2705 942 2720 '¹
961 2704 1025 2727 nso).

247 2749 341 2772 mim,
376 2743 459 2765 17.—
492 2743 499 2754 ¹*
531 2742 600 2770 Sap„
627 2746 664 2769 vi,
698 2743 720 2763 ὅ,
751 2752 779 2758 -
800 2743 807 2753 ⁷
840 2740 970 2765 Boi-inisti..
1003 2742 1026 2761 ιἰι

1064 336 1240 366 vocantibus
1253 343 1295 365 se.
1313 336 1436 372 Propter
1449 333 1535 371 quod
1555 333 1667 372 optimo
1679 330 1846 366 timaus

1065 383 1138 412 dicit
1161 383 1172 401 ⁴
1199 393 1206 410 :
1235 392 1250 410 ι
1273 382 1364 412 Sileat
1384 380 1623 410 misericordiam
1641 383 1736 416 tuam,
1755 379 1846 421 Virgo

1063 429 1162 466 beata,
1172 429 1230 466 qui
1239 429 1408 458 invocatam
1421 436 1489 457 eam
1501 427 1533 456 in
1544 427 1768 457 necessitatibus
1775 427 1848 464 suis,

1064 477 1121 505 sibi
1134 475 1303 505 meminerit
1316 475 1454 505 defuisse.
1470 485 1485 502 n
1498 475 1641 505 Dominus
1653 483 1725 512 ergo
1738 476 1847 512 tecum,

1065 531 1084 552 o
1096 524 1185 552 Maria
1198 522 1488 552 misericordissima.

1101 569 1239 598 Secundo
1254 569 1406 605 attendite,
1422 569 1598 605 charissimi,
1607 569 1693 606 quod
1705 569 1848 598 Dominus

1065 618 1166 645 noster
1177 615 1326 652 specialis,
1341 615 1394 653 qui
1403 617 1447 644 est
1457 624 1526 644 cum
1540 615 1639 652 uaria,
1654 616 1719 653 ipse
1732 617 1776 645 est
1789 617 1848 645 Do-

1065 665 1164 693 minus
1175 664 1356 701 ,iustissimus
1375 663 1524 701 aequitate,
1543 664 1619 692 sieut
1636 663 1715 692 bene
1733 663 1770 692 de
1796 664 1848 692 Do-

1065 711 1148 740 mino
1162 712 1218 740 isto
1232 711 1264 740 in
1275 711 1392 740 Psalmo
1406 711 1513 740 dicitur
1533 711 1546 729 ⁵
1564 719 1572 739 t
1591 711 1687 739 Iustus
1705 707 1856 744 Dominus

1065 761 1092 786 et
1099 760 1227 794 justitias
1237 759 1349 787 dilexit.
1362 760 1396 787 Et
1406 758 1514 787 iterum
1524 758 1535 775 ⁶
1547 759 1660 786 :Iustus
1674 765 1713 793 es,
1726 758 1849 793 Domine,

1065 809 1091 834 et
1110 809 1211 835 rectum
1231 807 1367 842 iudicium
1380 808 1466 834 tuum.
1482 806 1580 834 iustus
1594 806 1672 834 certe
1686 805 1730 833 est
1748 804 1849 833 Domi-

1065 861 1123 882 nus
1138 853 1168 882 in
1182 853 1324 882 omnibus
1335 853 1458 889 judiciis
1473 852 1546 887 suis,
1566 852 1597 880 in
1615 852 1758 881 omnibus
1776 859 1849 880 eau-

1065 900 1115 935 sis,
1131 900 1162 928 in
1176 900 1318 929 omnibus
1331 899 1416 928 factis
1429 899 1500 932 suis,
1516 899 1591 928 sieut
1604 899 1712 928 iterum
1726 898 1758 927 in
1773 897 1850 926 Psal-

1066 955 1116 975 mo
1132 947 1259 976 dieitur⁷
1271 956 1278 975 :
1288 949 1383 976 ,luscus
1397 948 1526 975 Dominus
1540 948 1571 974 in
1581 946 1704 974 omnibus
1712 946 1767 974 viis
1780 946 1859 973 suis.-

1067 994 1208 1022 Dominus
1223 994 1262 1022 ita
1270 994 1368 1030 justus
1378 995 1422 1022 est
1432 993 1463 1022 in
1473 993 1557 1022 omni
1566 992 1617 1021 via
1623 991 1754 1028 justitiae,
1765 991 1851 1028 quod

1065 1044 1188 1078 propter
1202 1040 1318 1069 nullam
1333 1048 1494 1077 personam
1503 1039 1713 1068 declinatavia
1719 1037 1848 1074 Justitioe.

1067 1089 1100 1116 Et
1113 1088 1183 1117 ideo
1197 1088 1274 1117 bene
1290 1088 1327 1117 de
1342 1088 1398 1117 isto
1414 1087 1540 1116 Domino
1556 1087 1664 1116 dicitur
1677 1085 1699 1114 ⁸:
1715 1087 1776 1115 Non
1789 1085 1850 1114 sub-

1068 1136 1155 1163 trahet
1161 1143 1303 1171 personam
1313 1135 1470 1171 cuiusquam
1480 1136 1621 1170 Dominus,
1629 1135 1678 1169 qui
1684 1135 1724 1161 est
1730 1135 1851 1162 omnium

1067 1182 1233 1216 dominator,
1248 1190 1295 1210 nec
1307 1183 1445 1210 verebitur
1453 1182 1670 1218 magnitudinem
1679 1182 1848 1217 cujusquam,

1067 1232 1194 1265 quoniam
1205 1231 1335 1265 pusillum
1346 1232 1372 1258 et
1381 1237 1509 1265 maynum
1519 1231 1578 1265 ipse
1586 1230 1660 1265 fecit,
1672 1231 1698 1257 et
1709 1229 1852 1264 aequatiter

1067 1281 1105 1305 est
1121 1278 1166 1305 illi
1180 1286 1245 1305 cura
1261 1277 1294 1305 de
1313 1278 1444 1305 omnibus.
1462 1278 1543 1308 Ecce,
1562 1276 1660 1311 Maria,
1675 1271 1777 1312 'qualis
1796 1275 1851 1303 Do-

1068 1325 1166 1352 minus
1188 1326 1242 1359 est,
1264 1332 1355 1361 quam
1378 1323 1556 1360 justissimus
1572 1323 1714 1352 Dominus
1729 1324 1781 1357 est,
1798 1321 1850 1358 qui

1068 1373 1164 1399 tecum
1181 1373 1232 1399 est.
1255 1373 1287 1399 Et
1301 1371 1372 1407 quia
1394 1370 1534 1399 Dominus
1546 1369 1726 1405 justissimus
1747 1370 1790 1397 est
1809 1370 1851 1397 te-

1068 1426 1151 1452 cum,
1168 1418 1237 1446 ideo
1253 1420 1281 1446 et
1302 1420 1332 1446 tu
1347 1426 1378 1446 es
1398 1417 1561 1453 Justissima
1581 1424 1694 1445 seeum.
1708 1417 1751 1444 Tu
1771 1414 1852 1444 enim

1069 1473 1099 1493 cs
1112 1466 1197 1500 virga
1212 1467 1321 1499 Aaron,
1335 1467 1426 1499 recta,
1441 1463 1550 1492 ssorida
1565 1465 1593 1492 et
1612 1462 1762 1492 fructifera
1777 1471 1784 1490 :
1802 1469 1851 1490 re-

1069 1514 1125 1545 cta,
1141 1512 1202 1539 imo
1221 1511 1384 1540 rectissima
1398 1519 1451 1547 per
1462 1510 1606 1547 justitiam
1623 1512 1651 1538 et
1663 1509 1850 1546 aequitatem3

1070 1559 1189 1593 florida,
1205 1567 1258 1595 per
1273 1558 1488 1593 virginitatem:
1503 1557 1663 1593 fructifera,
1679 1565 1733 1594 per
1742 1556 1853 1585 soecun-

1070 1606 1191 1634 dilatem
1219 1608 1288 1639 Qum
1301 1606 1379 1634 enim
1397 1607 1471 1633 esset
1487 1605 1571 1640 virga
1585 1606 1676 1639 rocta,
1688 1604 1711 1632 si
1724 1611 1786 1632 non
1795 1603 1853 1631 vir-

1071 1661 1108 1688 ga
1124 1656 1220 1681 Aaron
1236 1655 1310 1681 esset
1325 1655 1404 1680 reeta
1416 1654 1429 1680 ?
1444 1653 1512 1686 Quae
1525 1651 1626 1680 anima
1639 1653 1714 1679 esset
1728 1651 1817 1686 justa,
1829 1649 1853 1678 si

1070 1708 1130 1727 non
1154 1700 1241 1727 §laria
1263 1701 1337 1727 esset
1362 1700 1441 1735 justa
1451 1700 1465 1726 ἵ
1495 1701 1554 1727 itoe
1578 1700 1620 1726 est
1644 1698 1728 1734 quod
1750 1697 1854 1726 beatus

1071 1747 1236 1774 Bernardus
1257 1746 1328 1774 dicit
1342 1747 1352 1762 ⁹
1369 1755 1375 1773 ;
1396 1756 1409 1771 (ι
1425 1745 1495 1780 Quis
1507 1746 1621 1781 Justus,
1642 1745 1666 1772 si
1681 1752 1743 1773 non
1765 1744 1855 1772 Maria

1068 1794 1158 1829 justa,
1190 1793 1227 1822 de
1250 1802 1310 1830 qua
1334 1796 1416 1822 ortus
1440 1795 1482 1821 est
1500 1792 1548 1821 Sol
1568 1791 1705 1828 iustitiae?
1723 1801 1737 1817 ι»
1756 1790 1854 1819 Domi-

1072 1849 1128 1868 nus
1143 1848 1214 1876 ergo
1230 1843 1338 1874 tecum,
1352 1848 1369 1868 ο
1386 1840 1474 1868 Maria
1485 1839 1656 1875 justissima.

1108 1888 1203 1915 Tertio
1223 1887 1372 1917 attendite,
1395 1886 1571 1918 charissimi,
1598 1885 1682 1922 quod
1713 1883 1854 1913 Dominus

1072 1935 1209 1971 specialis
1223 1936 1334 1968 noster,
1350 1934 1400 1970 qui
1418 1935 1461 1961 est
1477 1941 1544 1961 rum
1559 1932 1658 1967 Maria,
1675 1932 1737 1968 ipse
1748 1933 1791 1960 est
1802 1932 1856 1959 Do-

1074 1983 1171 2009 minus
1185 1981 1365 2009 certissimus
1381 1980 1535 2014 fidelitate,
1551 1982 1579 2008 et
1593 1979 1783 2007 fidelissimus
1795 1985 1856 2006 cer-

1074 2029 1210 2063 titudine,
1226 2028 1300 2055 sicut
1315 2027 1460 2063 Propheta
1483 2028 1611 2060 testatur,
1627 2025 1677 2062 qui
1693 2025 1734 2053 ait
1750 2025 1771 2042 ¹⁰
1787 2033 1793 2052 :
1809 2025 1856 2052 Fi-

1074 2076 1142 2103 delis
1159 2076 1287 2102 Dominus
1306 2077 1335 2102 in
1356 2075 1477 2102 omnibus
1493 2075 1579 2101 verbis
1600 2075 1666 2101 suis.
1689 2072 1856 2108 Recogitate

1075 2131 1146 2158 ergo
1161 2122 1254 2150 verba
1269 2122 1332 2156 ista,
1350 2121 1460 2157 quibus
1482 2120 1618 2157 promisit
1632 2127 1775 2148 coronam
1792 2119 1856 2155 jus-

1076 2170 1120 2203 tis,
1143 2171 1171 2196 et
1190 2169 1354 2203 gehennam
1376 2167 1509 2203 injustis;
1526 2169 1553 2195 et
1569 2167 1672 2195 scitote
1696 2166 1780 2202 quod
1801 2167 1856 2194 Do-

1077 2216 1175 2244 minus
1190 2215 1286 2244 fidelis
1302 2215 1428 2243 fideliter
1443 2214 1533 2242 verba
1550 2222 1604 2242 sua
1624 2213 1746 2247 tenebit,
1762 2212 1860 2241 fideli-

1077 2265 1120 2291 ter
1136 2263 1217 2299 quod
1233 2262 1349 2290 locutus
1364 2264 1406 2289 est
1422 2261 1570 2297 implebit,
1589 2261 1664 2288 sicut
1679 2260 1716 2287 de
1732 2260 1787 2287 isto
1804 2261 1859 2288 Do-

1078 2310 1160 2337 mino
1172 2309 1278 2337 dicitur
1293 2309 1323 2336 in
1335 2309 1470 2336 Ezechiele
1484 2308 1500 2324 ¹¹
1514 2318 1522 2335 :
1539 2308 1595 2342 Ego
1610 2309 1740 2335 Dominus
1756 2307 1860 2334 locutus

1078 2366 1147 2388 sum,
1163 2360 1188 2383 et
1204 2357 1318 2389 faciam.
1335 2355 1431 2383 Verba
1446 2355 1549 2390 utique
1565 2362 1619 2381 sua
1632 2353 1772 2381 Dominus
1784 2351 1860 2379 fide-

1079 2404 1208 2431 lissimus
1224 2402 1394 2430 fidelissime
1411 2401 1532 2433 tenebit,
1550 2401 1625 2428 sicut
1640 2401 1701 2436 ipse
1720 2399 1749 2426 in
1766 2400 1859 2426 Evan-

1081 2452 1157 2487 gelio
1169 2459 1223 2478 suo
1236 2450 1306 2477 dicit
1323 2449 1342 2467 ¹²
1359 2459 1364 2476 z
1383 2449 1482 2477 Coelum
1496 2452 1520 2476 et
1536 2451 1608 2475 tei-ra
1621 2446 1788 2479 transibunt,
1804 2446 1858 2473 etc.

1082 2500 1163 2531 Ecce,
1179 2497 1278 2531 Maria,
1296 2496 1393 2532 qualis
1410 2495 1550 2524 Dominus
1569 2495 1622 2527 est,
1642 2501 1733 2529 quam
1747 2492 1859 2520 fidelis-

1080 2545 1173 2572 simus
1189 2544 1329 2572 Dominus
1344 2545 1396 2577 est,
1413 2542 1465 2578 qui
1481 2544 1577 2569 tecum
1593 2542 1644 2568 est.
1669 2541 1701 2567 Et
1719 2539 1790 2575 quia
1805 2541 1860 2567 Do—

1082 2593 1180 2621 minus
1199 2591 1388 2620 fidclissimus
1405 2590 1576 2619 fidelissime
1598 2590 1642 2617 est
1664 2591 1772 2623 tecum,
1791 2587 1861 2616 ideo

1084 2667 1170 2691 Nativ.
1190 2666 1217 2690 B.
1241 2667 1316 2695 Maia,
1333 2666 1363 2689 de
1381 2664 1490 2696 aquoetl„
1513 2670 1601 2693 sewu,
1619 2669 1645 2686 n.
1669 2664 1736 2686 5.—
1757 2662 1774 2676 '⁰
1794 2660 1861 2685 Psal.

1083 2709 1173 2732 exuv,
1204 2704 1241 2726 13.
1267 2714 1296 2719 —
1325 2702 1341 2717 ¹¹
1370 2700 1468 2729 mccli,
1494 2705 1564 2730 xxx,
1596 2700 1632 2723 ¹2.
1660 2711 1687 2716 —
1715 2698 1736 2714 ¹¹
1759 2697 1862 2725 Manui„

1086 2745 1157 2766 ὶκιν,
1173 2739 1212 2760 353.
