2029 3052
586 264 798 298 SPECULUM
819 264 964 297 BEATAE
986 264 1126 298 MARIAE
1151 265 1337 299 VlRGIle.

149 333 182 361 Et
204 333 275 370 quia
297 333 438 362 Dominus
461 332 696 370 sapientissimus
715 332 932 369 sapientissime

150 381 192 407 est
202 381 300 408 tecum
307 389 316 416 ;
332 379 398 408 ideo
413 381 444 408 tu
464 387 495 408 es
514 379 731 416 sapientissima
753 387 865 414 secum,
886 387 933 407 sa-

149 426 332 462 pientissima
347 434 377 454 es
398 433 451 462 per
473 425 580 462 ipsum.
601 428 642 454 Τιι
666 426 745 454 enim
765 426 882 462 signata
903 434 934 454 es

149 473 294 509 perillam
308 473 436 508 Abigass,
453 472 490 500 de
505 481 565 509 qua
576 472 683 501 dicitur
702 473 710 490 ¹
729 481 735 500 :
753 474 869 509 Eratque
882 473 933 500 illa

150 521 247 548 mulier
260 520 475 555 prudentissima
494 523 519 547 ec
538 521 666 555 speciosa.
686 519 776 548 Maria
788 521 849 548 tani
863 527 935 556 pru-

150 566 333 601 dentissima,
355 567 416 594 tam
435 566 571 602 speciosa
589 566 654 601 fuit,
676 568 707 594 ut
727 567 880 594 Anselmus
896 566 933 594 de

149 613 216 649 ipsa
230 613 372 641 audacter
387 613 465 641 dicat
478 622 484 641 :
499 615 629 642 «Omnes
640 613 768 641 thesauri
782 613 932 650 sapientIae

150 661 178 688 et
193 660 319 688 scientiae
335 660 366 687 in
380 660 480 688 Maria.
496 670 510 686 n
532 661 675 688 Dominus
698 669 768 696 crgo
791 663 899 695 tecum,
916 669 933 689 o

149 707 241 735 Μανία
256 706 482 743 sapientissima.

187 753 282 782 Tertio
302 754 454 789 attendite,
479 753 660 789 charissimi,
685 755 769 790 quod
793 754 934 782 Dominus

152 799 339 835 universalis,
355 800 408 836 qui
422 808 491 828 cum
501 800 590 829 Maria
601 802 653 835 est,
664 800 726 836 ipse
740 803 781 828 est
793 801 935 828 Dominus

152 846 393 883 opulentissimus
413 847 604 883 proprietate,
626 847 700 875 sicut
722 847 800 875 bene
821 847 858 875 de
879 847 933 875 isto

152 893 278 921 Domino
295 893 441 929 Propheta
456 895 586 929 testatur,
603 893 705 922 dicens
717 895 727 910 ²
743 903 750 922 ε
766 895 878 922 Domini
895 897 934 922 est

153 941 236 974 terra,
258 941 326 975 etc„
347 941 487 976 usquein
509 949 546 968 eo.
569 941 685 968 Domini
711 943 787 969 eertc
808 943 850 969 est
874 949 935 969 non

152 988 252 1016 solum
273 989 351 1016 terra
372 990 401 1016 et
423 988 578 1024 plenitudo
595 988 675 1023 eJ'us,
692 988 753 1016 imo
776 988 864 1016 etiam
879 997 936 1016 coe-

152 1034 216 1062 lum
231 1036 258 1062 et
271 1035 426 1071 plenitudo
442 1035 515 1070 ejus.
536 1037 587 1062 Tui
600 1035 681 1063 enim
695 1036 716 1070 ⁸,
724 1035 858 1070 Domine,
872 1038 934 1063 suni

151 1082 226 1116 coeli,
242 1085 266 1109 et
287 1085 334 1109 tua
353 1084 392 1109 est
413 1084 495 1115 terra,
515 1081 587 1118 quia
605 1083 615 1098 ¹⁴
631 1083 723 1109 coelum
738 1083 796 1110 coeli
812 1083 934 1109 Domino.

151 1128 269 1156 Domini
292 1128 381 1164 hujus
403 1128 505 1156 omnia
528 1129 595 1156 sunt
616 1129 761 1165 propria,
784 1129 892 1156 coelum
909 1130 937 1156 et

151 1176 238 1210 terra,
256 1175 424 1212 corporalia
451 1177 479 1203 ct
499 1175 672 1211 spiritualia,
699 1176 795 1204 omnis
809 1178 934 1210 natura,

153 1222 250 1250 omnis
265 1222 370 1257 gratia,
386 1221 483 1250 omnis
497 1222 622 1250 coelestis
635 1222 741 1257 gloria,
757 1223 859 1250 omnia
868 1224 936 1250 sunt

152 1269 268 1296 Domini
283 1269 414 1305 propria.
440 1269 582 1296 Dominus
606 1277 678 1304 crgo
695 1269 857 1297 ditissimus
873 1271 935 1303 est,

152 1315 226 1343 siout
240 1316 329 1344 etiam
351 1316 508 1352 Apostolus
528 1316 587 1344 ait⁵
606 1326 612 1344 z
636 1316 699 1344 Ideo
724 1318 854 1344 Dominus
881 1325 937 1344 om-

153 1364 240 1397 nium,
262 1363 337 1391 dives
362 1366 392 1391 in
416 1371 503 1390 omnes
522 1364 570 1398 qui
589 1364 716 1390 invocant
734 1363 822 1390 illum.
846 1365 936 1397 Ecce,

151 1411 250 1446 Maria,
267 1413 394 1446 quantus
407 1411 548 1438 Dominus
563 1412 615 1445 est,
632 1419 724 1446 quam
748 1410 935 1446 opulentissi-

152 1464 218 1484 mus
233 1457 374 1485 Dominus
390 1459 443 1492 est,
459 1458 511 1493 qui
524 1460 621 1486 tecum
635 1460 686 1486 est.
703 1459 736 1485 Et
750 1458 821 1494 quia
838 1458 936 1485 Domi-

152 1511 208 1531 nus
234 1504 474 1540 opulentissimus
500 1506 724 1541 opulentissime
753 1508 795 1533 est
819 1507 935 1540 tecum,

152 1549 222 1579 ideo
242 1553 271 1578 tu
291 1559 321 1579 es
340 1552 565 1588 opulentissima
580 1553 641 1580 sive
659 1552 803 1580 ditissima
824 1561 937 1586 secum,

152 1596 193 1625 ita
207 1599 239 1625 ut
251 1605 319 1626 vere
337 1598 390 1626 tibi
403 1599 461 1626 dici
476 1599 569 1635 possit
592 1599 667 1626 illud
690 1600 914 1627 Proverbiorum⁶
929 1608 938 1626 :

153 1644 250 1672 Multae
260 1646 325 1680 filiae
336 1649 562 1680 congregaverunt
578 1646 704 1678 divitias,
722 1648 750 1673 tu
763 1654 938 1681 supergressa

154 1698 180 1718 es
194 1693 341 1719 universus.
358 1692 430 1720 Filia
444 1695 549 1728 AgneS,
569 1692 632 1720 filia
647 1692 746 1728 Lucia,
767 1692 831 1720 filia
850 1693 937 1720 Caeci-

152 1737 204 1773 lia,
219 1738 282 1766 filia
302 1739 425 1774 Agatha,
449 1739 510 1767 filia
531 1739 698 1773 catharina,
716 1742 743 1767 et
757 1739 857 1767 multae
873 1740 937 1767 aliae

154 1784 235 1820 filice,
250 1786 277 1812 et
291 1785 391 1813 multae
406 1786 470 1814 alise
484 1786 613 1821 virgines
629 1789 746 1821 sanctae,
763 1787 862 1815 multae
873 1787 936 1815 ani-

152 1840 208 1859 mae
227 1832 312 1867 justae
335 1836 591 1869 congregaverunt
612 1834 730 1862 divitias
749 1835 890 1862 virtutum
911 1837 939 1862 et

154 1878 327 1913 gratiarum,
345 1879 463 1907 divitias
485 1881 659 1908 meritorum
682 1882 709 1908 ct
724 1881 917 1916 praemiorum
928 1890 936 1914 ,-

154 1925 219 1960 sed,
249 1926 355 1961 Maria,
384 1926 529 1954 universis
555 1927 663 1954 divitiis
690 1936 880 1963 supergressa
907 1936 936 1955 es

152 1971 397 2000 excellentissime
404 1973 566 2001 universas
578 1977 599 2002 Ο
608 1982 699 2009 quam
706 1974 788 2002 dives
797 1977 839 2002 cst
846 1974 935 2002 Maria

150 2018 182 2046 in
194 2018 300 2054 gloria,
312 2028 377 2055 quae
387 2022 449 2048 tam
460 2020 543 2047 dives
552 2020 646 2048 fuitin
660 2021 794 2048 miseria!
812 2022 833 2048 Ο
843 2029 935 2056 quam

151 2065 235 2093 dives
251 2067 293 2094 est
312 2066 343 2094 in
363 2067 450 2101 coelo,
471 2075 538 2102 quae
558 2069 618 2095 tam
633 2067 716 2095 dives
731 2067 786 2095 fuit
805 2067 835 2095 in
851 2076 938 2095 mun-

153 2114 211 2141 do!
229 2115 250 2142 O
265 2123 357 2150 quam
377 2115 458 2142 dives
477 2117 519 2142 est
540 2115 571 2142 in
586 2115 686 2143 anima
704 2123 774 2150 sua,
793 2124 860 2151 quae
877 2117 937 2143 tam

153 2160 237 2188 dives
251 2161 305 2188 fuit
318 2161 349 2188 in
364 2169 452 2189 carne
467 2169 531 2195 sua,
546 2164 576 2189 ut
591 2163 680 2190 ctiam
700 2162 805 2190 heatus
818 2164 938 2190 Bernar-

155 2207 211 2234 dus
226 2207 396 2235 exclamans
408 2208 487 2236 dicat
502 2217 508 2235 :
527 2218 541 2234 «
556 2210 577 2236 Ο
593 2209 676 2236 dives
690 2209 720 2236 in
732 2217 836 2237 omnes
849 2211 876 2237 et
890 2218 936 2236 su-

153 2261 207 2289 per
222 2261 326 2281 omnes
349 2254 447 2288 Maria,
469 2254 506 2282 de
529 2255 613 2290 cujus
637 2256 800 2284 substantia
816 2256 936 2284 modica

153 2308 222 2335 pars
236 2302 399 2336 assumpta,
415 2301 501 2328 totius
509 2302 615 2329 mundi
630 2302 743 2330 suffecit
757 2303 872 2331 solvere
886 2303 935 2330 de-

154 2346 223 2375 licta
240 2348 245 2374 t
267 2357 280 2373 η
299 2347 441 2375 Dominus
464 2355 534 2383 crgo
550 2351 657 2383 tecum,
673 2358 690 2377 o
706 2350 795 2377 Maria
810 2350 933 2385 opulen-

156 2394 277 2422 tissima.

192 2442 300 2474 Quarto
320 2441 474 2476 attendite,
496 2441 674 2476 charissimi,
690 2443 772 2478 quod
795 2443 936 2471 Dominus

156 2487 341 2523 universalis,
359 2488 410 2524 qui
423 2490 464 2516 est
479 2497 546 2515 cum
559 2488 659 2523 Maria,
670 2489 732 2524 ipse
744 2492 785 2517 est
796 2490 936 2517 Dominus

157 2533 446 2563 indeficientissimus
472 2535 647 2570 aeternitatc3
670 2536 749 2564 unde
770 2536 885 2564 habetis
907 2537 936 2564 in

157 2581 269 2608 Eoe0d07
287 2589 297 2608 :
315 2583 443 2610 Dominus
463 2584 585 2617 regnabit
607 2584 636 2609 in
651 2585 789 2615 aeternum,
810 2586 836 2610 et
851 2584 935 2611 ultra.

191 2655 198 2671 1
226 2656 232 2678 Ι
258 2656 325 2686 Κεφ,
347 2663 409 2686 xxv,
433 2659 454 2680 1.
475 2670 506 2674 -
526 2658 534 2670 ²
554 2657 622 2681 Psal.
644 2662 724 2687 xxiii,
748 2659 770 2680 1.
791 2671 821 2674 —
841 2657 851 2673 3
867 2658 935 2682 Psul.

162 2696 297 2722 Lxxxvni,
316 2694 349 2717 12.
371 2706 397 2709 β
415 2692 425 2709 ⁴
440 2692 509 2716 Psal.
529 2698 606 2720 esni,
622 2694 659 2716 16.
678 2706 708 2709 —
729 2694 737 2707 ⁵
754 2693 830 2722 Rom„
850 2699 880 2723 x,
898 2696 935 2717 ιε.

159 2739 189 2743 -
208 2728 217 2741 ⁶
234 2728 317 2758 Prov„
337 2734 414 2758 xxxi,
435 2729 472 2751 29.
489 2741 519 2745 —
534 2729 543 2744 ⁷
558 2728 650 2758 Eaeou„
667 2734 708 2758 xit,
734 2732 770 2752 ιδ.
793 2742 822 2746 —
843 2729 852 2745 ⁸
870 2730 936 2753 Psnl.

301 2781 376 2804 ΤΟΜ.
403 2781 473 2803 XIV.

1715 267 1773 297 257

990 334 1021 361 Et
1039 333 1069 361 in
1085 333 1202 362 Psalmo
1222 333 1260 362 de
1280 333 1334 361 isto
1353 331 1478 361 Domino
1500 331 1607 361 dicitur
1622 332 1651 360 ⁸:
1670 334 1710 360 Tu
1725 341 1774 360 au-

990 382 1053 414 tem,
1076 382 1198 415 Domine,
1214 382 1244 408 in
1259 382 1387 408 aeternum
1401 387 1552 416 permanes.
1569 381 1652 414 Ecce,
1672 379 1773 414 Maria,

989 429 1118 462 quantus
1137 427 1280 455 Dominus
1300 429 1351 462 est,
1371 435 1463 463 quam
1487 426 1773 455 indeficientissimus

989 473 1130 501 Dominus
1152 475 1194 501 est
1214 473 1265 510 qui
1288 476 1385 502 tecum
1409 476 1466 510 est3
1492 476 1520 502 et
1541 474 1612 510 quia
1632 473 1773 501 Dominus

988 519 1058 547 inde
1083 520 1556 548 cientissimusindeficientissime
1568 522 1610 548 est
1624 522 1731 555 tecum,
1746 522 1774 548 ct

989 566 1019 594 id
1086 575 1104 594 u
1118 575 1148 595 es
1166 567 1438 595 indeficientissime
1454 567 1484 595 in
1501 570 1643 596 aeternum
1658 575 1770 595 secum.

989 615 1030 641 Tu
1045 613 1125 641 enim
1141 622 1171 642 es
1187 614 1309 642 thronus
1324 615 1374 642 ille
1395 615 1579 649 indeficienS,
1600 615 1722 642 thronus
1742 613 1773 641 in

990 662 1143 695 aeternum,
1167 661 1290 688 thronus
1315 661 1378 689 Filii
1397 661 1457 696 Dei,
1474 661 1511 689 de
1536 670 1596 698 quo
1618 662 1698 689 Pater
1721 668 1774 696 per

990 707 1168 743 Prophetarn
1183 708 1223 735 ait
1237 709 1247 725 ⁰
1264 717 1270 736 τ
1290 708 1411 736 Thronus
1437 709 1492 743 ejus
1506 709 1577 736 sicut
1598 708 1643 736 Sol
1663 709 1693 735 in
1712 715 1773 735 con-

989 757 1081 790 spectu
1096 763 1163 789 meo,
1179 757 1204 782 ei
1218 756 1287 782 sicut
1308 755 1385 782 Luna
1404 756 1527 790 perfecta
1547 756 1577 781 in
1593 757 1730 789 oeternum,
1746 755 1774 781 ct

990 809 1059 829 vere
1070 801 1101 829 in
1111 803 1263 829 aeternum.
1277 801 1357 829 Unde
1371 809 1432 829 non
1443 801 1542 829 solum
1551 809 1619 829 vere
1631 801 1771 828 dicimus:

993 849 1034 875 Tu
1060 851 1161 882 autem,
1184 850 1306 883 Domine,
1333 850 1362 876 in
1383 850 1511 876 aeternum
1534 856 1674 883 permanes
1681 857 1692 880 ,·
1722 847 1775 875 sed

991 895 1080 923 etiam
1095 903 1164 923 vere
1189 895 1286 923 dicere
1307 903 1487 931 possumus:
1507 905 1520 921 «
1537 897 1579 923 Tu
1594 897 1703 930 autem,
1721 897 1775 922 Do-

991 941 1084 976 mina,
1098 942 1129 969 in
1143 944 1284 970 {eternum
1299 950 1465 978 permanes.
1479 953 1492 969 ι)
1519 942 1595 976 Quid
1610 942 1730 977 mirum,
1750 942 1773 969 si

991 989 1080 1016 Maria
1095 988 1200 1025 ipsain
1214 989 1286 1017 Filio
1302 997 1356 1017 suo
1378 990 1550 1025 permaneat
1569 989 1600 1016 in
1620 990 1774 1023 aeternum,

992 1043 1060 1062 cum
1075 1035 1162 1063 etiam
1177 1035 1323 1064 beneficia
1335 1036 1430 1064 Marias
1444 1036 1475 1063 in
1485 1036 1575 1064 servis
1589 1036 1648 1063 suis
1658 1043 1775 1071 perma-

992 1084 1081 1110 neant
1089 1082 1119 1110 in
1129 1084 1292 1110 aeternum‘?
1303 1082 1347 1110 Ait
1356 1083 1435 1110 enim
1444 1083 1550 1110 beatus
1563 1082 1730 1110 Bernardus
1738 1082 1772 1108 ¹⁰:

995 1138 1008 1155 (ι
1020 1131 1051 1157 ln
1067 1131 1105 1164 te,
1121 1138 1138 1157 ο
1156 1130 1255 1165 Maria,
1272 1130 1371 1165 angeli
1392 1130 1535 1164 laetitiam,
1548 1129 1620 1165 justi
1638 1129 1775 1164 gratiam,

991 1178 1162 1212 peccatores
1177 1177 1297 1205 veniam
1312 1178 1468 1205 inveniunt
1482 1177 1512 1205 in
1525 1178 1678 1205 aeternum.
1690 1187 1703 1203 »
1722 1178 1776 1204 Do-

992 1224 1090 1251 minus
1116 1232 1188 1259 ergo
1210 1227 1318 1259 tecum,
1341 1232 1358 1252 0
1382 1225 1472 1252 Maria
1491 1224 1773 1251 indeficientissima.

993 1271 1094 1298 Gaude
1109 1279 1199 1306 nunc,
1216 1271 1319 1306 Maria,
1338 1271 1446 1306 gaude.
1467 1273 1538 1299 Ecce
1559 1271 1699 1299 Dominus
1718 1279 1774 1306 po-·

992 1317 1170 1345 tentissimus
1181 1317 1222 1345 sic
1237 1320 1398 1352 esttecum,
1415 1310 1498 1353 quod
1514 1320 1545 1345 tu
1560 1326 1590 1345 es
1607 1317 1774 1353 potentissi-

992 1373 1042 1393 ma
1050 1373 1159 1393 secum.
1172 1365 1312 1393 Dominus
1320 1365 1553 1402 sapientissimus
1563 1365 1603 1392 sic
1615 1366 1657 1392 est
1667 1366 1774 1399 tecum,

993 1412 1077 1447 quod
1092 1414 1123 1439 tu
1139 1420 1170 1440 es
1185 1413 1400 1448 sapientissima
1415 1421 1526 1440 secum.
1547 1412 1688 1440 Dominus
1701 1420 1776 1447 opu·

993 1458 1172 1486 lentissimus
1187 1459 1228 1486 sic
1244 1461 1286 1487 est
1300 1462 1407 1493 tecum,
1422 1459 1505 1495 quod
1520 1461 1551 1486 tu
1566 1467 1596 1486 cs
1616 1458 1776 1494 opulentis-

993 1507 1069 1534 sima
1083 1515 1194 1534 secum.
1218 1507 1360 1534 Dominus
1375 1506 1663 1534 indeficientissimus
1679 1506 1719 1533 sic
1734 1508 1777 1533 cst

993 1555 1104 1587 tecum,
1121 1553 1204 1589 quod
1220 1556 1250 1581 tu
1266 1562 1296 1581 cs
1312 1554 1583 1581 indeficientissima
1598 1561 1709 1581 secum.
1726 1553 1776 1580 Eia

995 1608 1076 1636 ergo,
1089 1600 1294 1636 potentissima
1309 1601 1443 1635 Domina,
1457 1603 1516 1628 esto
1529 1600 1617 1628 nobis
1632 1600 1777 1635 impoten-

994 1648 1112 1675 tissimis
1127 1648 1306 1676 auxiliatrix.
1324 1649 1383 1683 Eia,
1405 1648 1621 1684 sapientissima
1640 1647 1776 1681 Domina,

995 1697 1057 1722 esto
1072 1695 1159 1723 nobis
1182 1695 1390 1732 insipientibus
1409 1695 1578 1723 auxiliatrix
1593 1697 1620 1722 et
1636 1693 1775 1722 consilia-

994 1742 1060 1769 trix.
1079 1743 1138 1777 Eia,
1163 1742 1387 1778 opulentissima
1405 1743 1538 1776 Domina,
1558 1744 1619 1770 esto
1633 1741 1720 1769 nobis
1733 1740 1777 1767 in-

994 1789 1166 1824 digentibus
1180 1789 1397 1825 locupletatrix.
1418 1789 1482 1824 Eia,
1504 1788 1776 1817 indeficientissiuia

994 1836 1131 1870 Domina,
1153 1838 1214 1863 esto
1235 1836 1322 1864 nobis
1345 1836 1550 1864 deficientibus
1573 1834 1773 1871 perpetuatrix

993 1883 1024 1909 in
1039 1883 1121 1910 omni
1134 1883 1226 1910 bono.

1278 1982 1414 2012 LECTtO
1438 1983 1488 2011 IX.

996 2058 1073 2090 Quod
1090 2059 1228 2091 Dominus,
1246 2059 1278 2085 de
1294 2067 1345 2093 quo
1362 2059 1465 2086 cliciiur
1479 2059 1570 2086 Beaioe
1584 2059 1683 2085 Mariae
1699 2068 1703 2085 :
1722 2059 1777 2085 Do—

1030 2100 1129 2128 minus
1145 2104 1253 2135 tecum,
1268 2102 1425 2136 specialiter
1444 2104 1482 2128 cst
1500 2102 1631 2128 Dominus
1648 2104 1776 2128 creatum

1029 2145 1188 2177 rationalis,
1215 2145 1368 2178 piissimus,
1388 2144 1571 2177 justissimus,
1598 2145 1774 2176 certissimus,

1029 2194 1058 2212 ac
1076 2186 1322 2219 nominatissimus,
1339 2188 1364 2212 et
1378 2186 1442 2212 tulis
1454 2187 1536 2212 etium
1552 2194 1610 2212 cum
1625 2186 1682 2221 ipso
1698 2186 1776 2212 beata

1030 2229 1134 2255 Maria.

983 2310 989 2315 '
1034 2307 1254 2341 consequenter
1263 2305 1497 2339 consideremus,
1507 2305 1680 2340 charissimi,
1692 2306 1775 2341 quod

994 2353 1135 2381 Dominus
1154 2353 1206 2379 iste
1228 2352 1265 2379 de
1287 2360 1347 2387 quo
1369 2352 1476 2379 dicitur
1497 2361 1503 2379 z
1527 2354 1656 2379 Dominus
1680 2356 1774 2386 tec-mn,

994 2399 1056 2435 ipse
1070 2401 1112 2426 est
1127 2399 1267 2426 Dominus
1281 2398 1446 2434 specialiter
1458 2401 1597 2427 crcaturae
1612 2399 1774 2433 rationalis,

993 2447 1066 2474 sicut
1081 2446 1144 2481 ipsa
1165 2445 1317 2473 rationalis
1340 2448 1473 2473 creatura
1494 2447 1524 2473 in
1543 2446 1657 2473 Psalmo
1674 2446 1713 2473 ait
1731 2446 1747 2461 ¹¹
1767 2455 1773 2473 :

995 2495 1105 2520 Domine
1127 2494 1255 2519 Dominus
1277 2495 1377 2527 noster,
1400 2495 1452 2520 eto.
1476 2492 1617 2520 Dominus
1640 2492 1776 2520 omnium

994 2539 1213 2574 universaliter,-
1236 2539 1378 2567 Dominus
1402 2542 1501 2567 noster
1529 2539 1703 2575 specialiter.
1731 2539 1776 2566 Sic

995 2587 1098 2622 utique
1110 2587 1251 2614 Dominus
1262 2589 1373 2621 noster,
1390 2586 1463 2614 sicut
1478 2586 1584 2613 dicitur
1594 2586 1624 2613 in
1639 2587 1716 2614 Isaia
1732 2586 1751 2603 ¹2
1769 2596 1775 2614 ;
1805 2611 1808 2613 ,

995 2666 1030 2689 ω,
1050 2662 1084 2682 13.
1102 2672 1131 2676 -
1153 2662 1161 2672 ²*
1181 2660 1250 2684 Psal.
1269 2667 1402 2691 Lxxxvni,
1424 2663 1462 2684 35.
1479 2674 1509 2678 —
1524 2661 1544 2677 ¹0
1564 2662 1651 2691 Rern„
1668 2662 1692 2684 z'n
1712 2661 1777 2684 diem

995 2695 1076 2725 Penii,
1096 2702 1172 2719 serui.
1197 2702 1232 2724 ιι,
1249 2704 1274 2720 n.
1291 2698 1313 2720 4.
1337 2710 1362 2713 β
1383 2699 1399 2712 ¹¹
1417 2697 1484 2719 Psal.
1510 2703 1569 2726 νιιι,
1590 2700 1612 2720 1.
1634 2710 1664 2714 —-
1684 2698 1701 2713 ¹²
1718 2697 1776 2723 lm„

995 2736 1089 2760 xxxin,
1105 2734 1143 2754 ΞΛ.
