<?xml version="1.0" encoding="UTF-8"?>
<!DOCTYPE html PUBLIC "-//W3C//DTD XHTML 1.0 Transitional//EN"
    "http://www.w3.org/TR/xhtml1/DTD/xhtml1-transitional.dtd">
<html xmlns="http://www.w3.org/1999/xhtml" xml:lang="en" lang="en">
 <head>
  <title>
</title>
<meta http-equiv="Content-Type" content="text/html;charset=utf-8" />
  <meta name='ocr-system' content='tesseract 3.04.00' />
  <meta name='ocr-capabilities' content='ocr_page ocr_carea ocr_par ocr_line ocrx_word'/>
</head>
<body>
  <div class='ocr_page' id='page_1' title='image "./operaomniasixtiv14bonauoft/operaomniasixtiv14bonauoft_0192.png"; bbox 0 0 2029 3052; ppageno 0'>
   <div class='ocr_carea' id='block_1_1' title="bbox 231 176 291 207">
    <p class='ocr_par' dir='ltr' id='par_1_1' title="bbox 231 176 291 207">
     <span class='ocr_line' id='line_1_1' title="bbox 231 176 291 207; baseline 0.017 -1"><span class='ocrx_word' id='word_1_1' title='bbox 231 176 291 207; x_wconf 71' lang='lat'><strong>¹54</strong></span> 
     </span>
    </p>
   </div>
   <div class='ocr_carea' id='block_1_2' title="bbox 216 242 1012 1428">
    <p class='ocr_par' dir='ltr' id='par_1_2' title="bbox 216 242 1012 1428">
     <span class='ocr_line' id='line_1_2' title="bbox 229 242 1012 287; baseline 0.008 -13"><span class='ocrx_word' id='word_1_2' title='bbox 229 242 286 283; x_wconf 91' lang='lat' dir='ltr'><strong>dit,</strong></span> <span class='ocrx_word' id='word_1_3' title='bbox 309 242 387 285; x_wconf 84' lang='lat' dir='ltr'><strong>quid</strong></span> <span class='ocrx_word' id='word_1_4' title='bbox 409 243 454 276; x_wconf 89' lang='lat' dir='ltr'><strong>ibi</strong></span> <span class='ocrx_word' id='word_1_5' title='bbox 476 244 561 285; x_wconf 87' lang='lat' dir='ltr'><strong>egit,</strong></span> <span class='ocrx_word' id='word_1_6' title='bbox 577 246 609 278; x_wconf 90' lang='lat' dir='ltr'><strong>et</strong></span> <span class='ocrx_word' id='word_1_7' title='bbox 623 244 663 278; x_wconf 91' lang='lat' dir='ltr'><strong>de</strong></span> <span class='ocrx_word' id='word_1_8' title='bbox 680 245 804 287; x_wconf 84' lang='lat' dir='ltr'><strong>gaudio</strong></span> <span class='ocrx_word' id='word_1_9' title='bbox 824 247 1012 280; x_wconf 84' lang='lat' dir='ltr'><strong>sanctorum</strong></span> 
     </span>
     <span class='ocr_line' id='line_1_3' title="bbox 227 297 1012 342; baseline 0.009 -14"><span class='ocrx_word' id='word_1_10' title='bbox 227 297 369 339; x_wconf 87' lang='lat' dir='ltr'><strong>patrum,</strong></span> <span class='ocrx_word' id='word_1_11' title='bbox 383 299 417 330; x_wconf 90' lang='lat' dir='ltr'><strong>et</strong></span> <span class='ocrx_word' id='word_1_12' title='bbox 433 298 562 331; x_wconf 82' lang='lat' dir='ltr'><strong>tristitia</strong></span> <span class='ocrx_word' id='word_1_13' title='bbox 576 298 825 333; x_wconf 66' lang='lat' dir='ltr'><strong>daemoniorum.</strong></span> <span class='ocrx_word' id='word_1_14' title='bbox 847 300 959 342; x_wconf 80' lang='lat' dir='ltr'><strong>Cogita</strong></span> <span class='ocrx_word' id='word_1_15' title='bbox 972 302 1012 335; x_wconf 88' lang='lat' dir='ltr'><strong>de</strong></span> 
     </span>
     <span class='ocr_line' id='line_1_4' title="bbox 227 351 1010 398; baseline 0.008 -15"><span class='ocrx_word' id='word_1_16' title='bbox 227 351 345 384; x_wconf 88' lang='lat' dir='ltr'><strong>timore</strong></span> <span class='ocrx_word' id='word_1_17' title='bbox 364 353 545 386; x_wconf 85' lang='lat' dir='ltr'><strong>custodum.</strong></span> <span class='ocrx_word' id='word_1_18' title='bbox 562 353 675 395; x_wconf 83' lang='lat' dir='ltr'><strong>Cogita</strong></span> <span class='ocrx_word' id='word_1_19' title='bbox 686 353 726 386; x_wconf 88' lang='lat' dir='ltr'><strong>de</strong></span> <span class='ocrx_word' id='word_1_20' title='bbox 739 355 884 388; x_wconf 86' lang='lat' dir='ltr'><strong>custodia</strong></span> <span class='ocrx_word' id='word_1_21' title='bbox 896 355 1010 398; x_wconf 82' lang='lat' dir='ltr'><strong>Ange-</strong></span> 
     </span>
     <span class='ocr_line' id='line_1_5' title="bbox 227 404 1011 450; baseline 0.008 -13"><span class='ocrx_word' id='word_1_22' title='bbox 227 404 336 438; x_wconf 83' lang='lat' dir='ltr'><strong>lorum</strong></span> <span class='ocrx_word' id='word_1_23' title='bbox 355 405 438 439; x_wconf 87' lang='lat' dir='ltr'><strong>circa</strong></span> <span class='ocrx_word' id='word_1_24' title='bbox 463 407 660 449; x_wconf 86' lang='lat' dir='ltr'><strong>sepulcrum,</strong></span> <span class='ocrx_word' id='word_1_25' title='bbox 683 409 845 450; x_wconf 86' lang='lat' dir='ltr'><strong>quomodo</strong></span> <span class='ocrx_word' id='word_1_26' title='bbox 861 419 949 442; x_wconf 85' lang='lat' dir='ltr'><strong>nunc</strong></span> <span class='ocrx_word' id='word_1_27' title='bbox 963 421 1011 443; x_wconf 91' lang='lat' dir='ltr'><strong>re·</strong></span> 
     </span>
     <span class='ocr_line' id='line_1_6' title="bbox 225 460 1010 507; baseline 0.009 -16"><span class='ocrx_word' id='word_1_28' title='bbox 225 460 328 492; x_wconf 87' lang='lat' dir='ltr'><strong>fertur</strong></span> <span class='ocrx_word' id='word_1_29' title='bbox 347 470 434 493; x_wconf 90' lang='lat' dir='ltr'><strong>unus</strong></span> <span class='ocrx_word' id='word_1_30' title='bbox 455 461 543 494; x_wconf 88' lang='lat' dir='ltr'><strong>solus</strong></span> <span class='ocrx_word' id='word_1_31' title='bbox 563 461 684 502; x_wconf 88' lang='lat' dir='ltr'><strong>sedere,</strong></span> <span class='ocrx_word' id='word_1_32' title='bbox 705 471 792 495; x_wconf 90' lang='lat' dir='ltr'><strong>nunc</strong></span> <span class='ocrx_word' id='word_1_33' title='bbox 813 466 898 497; x_wconf 90' lang='lat' dir='ltr'><strong>stare</strong></span> <span class='ocrx_word' id='word_1_34' title='bbox 912 474 1010 507; x_wconf 89' lang='lat' dir='ltr'><strong>supra</strong></span> 
     </span>
     <span class='ocr_line' id='line_1_7' title="bbox 225 513 1010 558; baseline 0.009 -13"><span class='ocrx_word' id='word_1_35' title='bbox 225 513 376 555; x_wconf 82' lang='lat' dir='ltr'>lapidem,</span> <span class='ocrx_word' id='word_1_36' title='bbox 405 524 493 547; x_wconf 90' lang='lat' dir='ltr'><strong>nunc</strong></span> <span class='ocrx_word' id='word_1_37' title='bbox 515 515 549 547; x_wconf 88' lang='lat' dir='ltr'><strong>in</strong></span> <span class='ocrx_word' id='word_1_38' title='bbox 573 515 734 558; x_wconf 88' lang='lat' dir='ltr'><strong>sepulcro,</strong></span> <span class='ocrx_word' id='word_1_39' title='bbox 762 527 852 550; x_wconf 90' lang='lat' dir='ltr'><strong>nunc</strong></span> <span class='ocrx_word' id='word_1_40' title='bbox 874 519 953 558; x_wconf 88' lang='lat' dir='ltr'><strong>duo,</strong></span> <span class='ocrx_word' id='word_1_41' title='bbox 978 521 1010 552; x_wconf 89' lang='lat' dir='ltr'><strong>et</strong></span> 
     </span>
     <span class='ocr_line' id='line_1_8' title="bbox 224 568 1008 613; baseline 0.008 -13"><span class='ocrx_word' id='word_1_42' title='bbox 224 568 260 601; x_wconf 90' lang='lat' dir='ltr'><strong>hi</strong></span> <span class='ocrx_word' id='word_1_43' title='bbox 273 569 507 610; x_wconf 89' lang='lat' dir='ltr'><strong>diversimode;</strong></span> <span class='ocrx_word' id='word_1_44' title='bbox 525 580 582 612; x_wconf 86' lang='lat' dir='ltr'><strong>per</strong></span> <span class='ocrx_word' id='word_1_45' title='bbox 596 572 684 613; x_wconf 88' lang='lat' dir='ltr'><strong>quod</strong></span> <span class='ocrx_word' id='word_1_46' title='bbox 699 572 880 605; x_wconf 81' lang='lat' dir='ltr'><strong>ostenditur</strong></span> <span class='ocrx_word' id='word_1_47' title='bbox 895 573 1008 606; x_wconf 88' lang='lat' dir='ltr'><strong>multi-</strong></span> 
     </span>
     <span class='ocr_line' id='line_1_9' title="bbox 223 623 1009 668; baseline 0.008 -14"><span class='ocrx_word' id='word_1_48' title='bbox 223 623 302 655; x_wconf 89' lang='lat' dir='ltr'><strong>tudo</strong></span> <span class='ocrx_word' id='word_1_49' title='bbox 319 623 522 664; x_wconf 82' lang='lat' dir='ltr'>Angelorum</span> <span class='ocrx_word' id='word_1_50' title='bbox 545 625 631 657; x_wconf 87' lang='lat' dir='ltr'><strong>circa</strong></span> <span class='ocrx_word' id='word_1_51' title='bbox 650 626 848 668; x_wconf 89' lang='lat' dir='ltr'><strong>sepulcrum,</strong></span> <span class='ocrx_word' id='word_1_52' title='bbox 872 630 904 660; x_wconf 85' lang='lat' dir='ltr'><strong>et</strong></span> <span class='ocrx_word' id='word_1_53' title='bbox 918 629 1009 660; x_wconf 87' lang='lat' dir='ltr'><strong>varia</strong></span> 
     </span>
     <span class='ocr_line' id='line_1_10' title="bbox 223 677 1008 722; baseline 0.006 -12"><span class='ocrx_word' id='word_1_54' title='bbox 223 677 361 710; x_wconf 85' lang='lat' dir='ltr'><strong>visitatio</strong></span> <span class='ocrx_word' id='word_1_55' title='bbox 384 678 570 712; x_wconf 89' lang='lat' dir='ltr'><strong>mulierum.</strong></span> <span class='ocrx_word' id='word_1_56' title='bbox 597 679 712 721; x_wconf 87' lang='lat' dir='ltr'><strong>Cogita</strong></span> <span class='ocrx_word' id='word_1_57' title='bbox 734 681 899 722; x_wconf 91' lang='lat' dir='ltr'><strong>quomodo</strong></span> <span class='ocrx_word' id='word_1_58' title='bbox 914 691 1008 715; x_wconf 92' lang='lat' dir='ltr'><strong>amor</strong></span> 
     </span>
     <span class='ocr_line' id='line_1_11' title="bbox 223 732 1008 775; baseline 0.005 -11"><span class='ocrx_word' id='word_1_59' title='bbox 223 734 255 764; x_wconf 89' lang='lat' dir='ltr'><strong>et</strong></span> <span class='ocrx_word' id='word_1_60' title='bbox 267 732 464 765; x_wconf 86' lang='lat' dir='ltr'><strong>desiderium</strong></span> <span class='ocrx_word' id='word_1_61' title='bbox 479 733 705 775; x_wconf 87' lang='lat' dir='ltr'><strong>Magdalenam</strong></span> <span class='ocrx_word' id='word_1_62' title='bbox 725 737 757 768; x_wconf 89' lang='lat' dir='ltr'><strong>et</strong></span> <span class='ocrx_word' id='word_1_63' title='bbox 773 736 853 768; x_wconf 87' lang='lat' dir='ltr'><strong>alias</strong></span> <span class='ocrx_word' id='word_1_64' title='bbox 872 737 1008 768; x_wconf 81' lang='lat' dir='ltr'><strong>feminas</strong></span> 
     </span>
     <span class='ocr_line' id='line_1_12' title="bbox 223 786 1006 832; baseline 0.005 -14"><span class='ocrx_word' id='word_1_65' title='bbox 223 786 407 828; x_wconf 85' lang='lat' dir='ltr'><strong>frequenter</strong></span> <span class='ocrx_word' id='word_1_66' title='bbox 434 789 569 829; x_wconf 84' lang='lat' dir='ltr'><strong>cogebat</strong></span> <span class='ocrx_word' id='word_1_67' title='bbox 590 799 732 830; x_wconf 83' lang='lat' dir='ltr'><strong>currere,</strong></span> <span class='ocrx_word' id='word_1_68' title='bbox 761 792 793 822; x_wconf 91' lang='lat' dir='ltr'><strong>et</strong></span> <span class='ocrx_word' id='word_1_69' title='bbox 819 790 1006 832; x_wconf 89' lang='lat' dir='ltr'><strong>sepulcrum</strong></span> 
     </span>
     <span class='ocr_line' id='line_1_13' title="bbox 222 839 1006 887; baseline 0.008 -16"><span class='ocrx_word' id='word_1_70' title='bbox 222 839 349 872; x_wconf 89' lang='lat' dir='ltr'><strong>Domini</strong></span> <span class='ocrx_word' id='word_1_71' title='bbox 365 842 506 875; x_wconf 87' lang='lat' dir='ltr'><strong>visitare.</strong></span> <span class='ocrx_word' id='word_1_72' title='bbox 524 843 635 885; x_wconf 77' lang='lat' dir='ltr'><strong>Cogita</strong></span> <span class='ocrx_word' id='word_1_73' title='bbox 649 844 687 876; x_wconf 89' lang='lat' dir='ltr'><strong>de</strong></span> <span class='ocrx_word' id='word_1_74' title='bbox 703 844 799 876; x_wconf 85' lang='lat' dir='ltr'><strong>variis</strong></span> <span class='ocrx_word' id='word_1_75' title='bbox 813 844 930 876; x_wconf 81' lang='lat' dir='ltr'><strong>Christi</strong></span> <span class='ocrx_word' id='word_1_76' title='bbox 953 855 1006 887; x_wconf 86' lang='lat' dir='ltr'><strong>ap-</strong></span> 
     </span>
     <span class='ocr_line' id='line_1_14' title="bbox 222 894 1004 940; baseline 0.008 -14"><span class='ocrx_word' id='word_1_77' title='bbox 222 894 444 936; x_wconf 61' lang='lat' dir='ltr'><strong>paritionibus</strong></span> <span class='ocrx_word' id='word_1_78' title='bbox 461 897 574 938; x_wconf 87' lang='lat' dir='ltr'><strong>Cogita</strong></span> <span class='ocrx_word' id='word_1_79' title='bbox 589 898 627 930; x_wconf 91' lang='lat' dir='ltr'><strong>de</strong></span> <span class='ocrx_word' id='word_1_80' title='bbox 643 898 794 930; x_wconf 88' lang='lat' dir='ltr'><strong>dulcibus</strong></span> <span class='ocrx_word' id='word_1_81' title='bbox 814 900 886 940; x_wconf 90' lang='lat' dir='ltr'><strong>ejus</strong></span> <span class='ocrx_word' id='word_1_82' title='bbox 905 900 1004 932; x_wconf 91' lang='lat' dir='ltr'><strong>collo-</strong></span> 
     </span>
     <span class='ocr_line' id='line_1_15' title="bbox 221 948 1004 992; baseline 0.009 -13"><span class='ocrx_word' id='word_1_83' title='bbox 221 948 307 990; x_wconf 88' lang='lat' dir='ltr'><strong>quiis</strong></span> <span class='ocrx_word' id='word_1_84' title='bbox 323 957 397 981; x_wconf 90' lang='lat' dir='ltr'><strong>cum</strong></span> <span class='ocrx_word' id='word_1_85' title='bbox 412 949 587 992; x_wconf 84' lang='lat' dir='ltr'><strong>discipulis.</strong></span> <span class='ocrx_word' id='word_1_86' title='bbox 618 951 750 992; x_wconf 85' lang='lat' dir='ltr'><strong>Cogita:</strong></span> <span class='ocrx_word' id='word_1_87' title='bbox 777 962 836 985; x_wconf 91' lang='lat' dir='ltr'><strong>cur</strong></span> <span class='ocrx_word' id='word_1_88' title='bbox 858 953 1004 986; x_wconf 87' lang='lat' dir='ltr'><strong>Christus</strong></span> 
     </span>
     <span class='ocr_line' id='line_1_16' title="bbox 220 1002 1005 1046; baseline 0.009 -13"><span class='ocrx_word' id='word_1_89' title='bbox 220 1002 323 1034; x_wconf 87' lang='lat' dir='ltr'><strong>voluit</strong></span> <span class='ocrx_word' id='word_1_90' title='bbox 337 1003 369 1034; x_wconf 92' lang='lat' dir='ltr'><strong>in</strong></span> <span class='ocrx_word' id='word_1_91' title='bbox 385 1003 514 1036; x_wconf 84' lang='lat' dir='ltr'><strong>Galilaea</strong></span> <span class='ocrx_word' id='word_1_92' title='bbox 528 1014 694 1046; x_wconf 87' lang='lat' dir='ltr'><strong>apparere,</strong></span> <span class='ocrx_word' id='word_1_93' title='bbox 712 1007 773 1038; x_wconf 84' lang='lat' dir='ltr'><strong>uisi</strong></span> <span class='ocrx_word' id='word_1_94' title='bbox 795 1009 832 1038; x_wconf 91' lang='lat' dir='ltr'><strong>ut</strong></span> <span class='ocrx_word' id='word_1_95' title='bbox 853 1007 970 1040; x_wconf 78' lang='lat' dir='ltr'><strong>debeas</strong></span> <span class='ocrx_word' id='word_1_96' title='bbox 985 1018 1005 1040; x_wconf 91' lang='lat' dir='ltr'><strong>a</strong></span> 
     </span>
     <span class='ocr_line' id='line_1_17' title="bbox 220 1056 1002 1102; baseline 0.008 -15"><span class='ocrx_word' id='word_1_97' title='bbox 220 1056 306 1089; x_wconf 88' lang='lat' dir='ltr'><strong>vitiis</strong></span> <span class='ocrx_word' id='word_1_98' title='bbox 320 1059 574 1099; x_wconf 82' lang='lat' dir='ltr'><strong>transmigrare?</strong></span> <span class='ocrx_word' id='word_1_99' title='bbox 591 1059 679 1092; x_wconf 85' lang='lat' dir='ltr'><strong>Unde</strong></span> <span class='ocrx_word' id='word_1_100' title='bbox 691 1061 814 1094; x_wconf 80' lang='lat' dir='ltr'><strong><em>Pascha</em></strong></span> <span class='ocrx_word' id='word_1_101' title='bbox 831 1061 870 1102; x_wconf 87' lang='lat' dir='ltr'><strong>(a)</strong></span> <span class='ocrx_word' id='word_1_102' title='bbox 887 1062 1002 1093; x_wconf 86' lang='lat' dir='ltr'><strong>transi-</strong></span> 
     </span>
     <span class='ocr_line' id='line_1_18' title="bbox 220 1112 1003 1156; baseline 0.008 -14"><span class='ocrx_word' id='word_1_103' title='bbox 220 1113 287 1150; x_wconf 88' lang='lat' dir='ltr'><strong>tus;</strong></span> <span class='ocrx_word' id='word_1_104' title='bbox 305 1112 360 1144; x_wconf 89' lang='lat' dir='ltr'><strong>sed</strong></span> <span class='ocrx_word' id='word_1_105' title='bbox 376 1113 409 1144; x_wconf 91' lang='lat' dir='ltr'><strong>in</strong></span> <span class='ocrx_word' id='word_1_106' title='bbox 425 1112 576 1153; x_wconf 74' lang='lat' dir='ltr'><strong>Galilaea,</strong></span> <span class='ocrx_word' id='word_1_107' title='bbox 594 1115 624 1146; x_wconf 82' lang='lat' dir='ltr'><strong>id</strong></span> <span class='ocrx_word' id='word_1_108' title='bbox 641 1117 700 1154; x_wconf 89' lang='lat' dir='ltr'><strong>est,</strong></span> <span class='ocrx_word' id='word_1_109' title='bbox 716 1115 1003 1156; x_wconf 84' lang='lat' dir='ltr'><strong>transmigratione</strong></span> 
     </span>
     <span class='ocr_line' id='line_1_19' title="bbox 218 1166 1003 1210; baseline 0.006 -13"><span class='ocrx_word' id='word_1_110' title='bbox 218 1167 250 1197; x_wconf 87' lang='lat' dir='ltr'><strong>et</strong></span> <span class='ocrx_word' id='word_1_111' title='bbox 265 1166 443 1198; x_wconf 83' lang='lat' dir='ltr'><strong>mutatione</strong></span> <span class='ocrx_word' id='word_1_112' title='bbox 456 1176 628 1208; x_wconf 90' lang='lat' dir='ltr'><strong>corporum</strong></span> <span class='ocrx_word' id='word_1_113' title='bbox 645 1171 842 1208; x_wconf 83' lang='lat' dir='ltr'><strong>nostrorum,</strong></span> <span class='ocrx_word' id='word_1_114' title='bbox 856 1169 889 1200; x_wconf 88' lang='lat' dir='ltr'><strong>in</strong></span> <span class='ocrx_word' id='word_1_115' title='bbox 901 1179 1003 1210; x_wconf 79' lang='lat' dir='ltr'><strong>regno</strong></span> 
     </span>
     <span class='ocr_line' id='line_1_20' title="bbox 218 1219 1004 1264; baseline 0.006 -14"><span class='ocrx_word' id='word_1_116' title='bbox 218 1219 375 1251; x_wconf 87' lang='lat' dir='ltr'><strong>coelorum</strong></span> <span class='ocrx_word' id='word_1_117' title='bbox 397 1220 559 1252; x_wconf 86' lang='lat' dir='ltr'><strong>Christum</strong></span> <span class='ocrx_word' id='word_1_118' title='bbox 579 1222 761 1254; x_wconf 81' lang='lat' dir='ltr'><strong>videbimus</strong></span> <span class='ocrx_word' id='word_1_119' title='bbox 778 1225 848 1264; x_wconf 87' lang='lat' dir='ltr'><strong>post</strong></span> <span class='ocrx_word' id='word_1_120' title='bbox 865 1233 1004 1263; x_wconf 83' lang='lat' dir='ltr'><strong>genera—</strong></span> 
     </span>
     <span class='ocr_line' id='line_1_21' title="bbox 218 1273 1002 1317; baseline 0.008 -13"><span class='ocrx_word' id='word_1_121' title='bbox 218 1273 280 1304; x_wconf 80' lang='lat' dir='ltr'><strong>lein</strong></span> <span class='ocrx_word' id='word_1_122' title='bbox 308 1276 588 1307; x_wconf 70' lang='lat' dir='ltr'><strong>resurrectionem.</strong></span> <span class='ocrx_word' id='word_1_123' title='bbox 614 1275 685 1308; x_wconf 82' lang='lat' dir='ltr'><strong>Post</strong></span> <span class='ocrx_word' id='word_1_124' title='bbox 702 1277 919 1317; x_wconf 57' lang='lat' dir='ltr'><strong>quadraginti</strong></span> <span class='ocrx_word' id='word_1_125' title='bbox 933 1278 1002 1310; x_wconf 87' lang='lat' dir='ltr'><strong>(lies</strong></span> 
     </span>
     <span class='ocr_line' id='line_1_22' title="bbox 217 1329 1000 1371; baseline 0.008 -13"><span class='ocrx_word' id='word_1_126' title='bbox 217 1329 460 1360; x_wconf 81' lang='lat' dir='ltr'><strong>resurrectionis</strong></span> <span class='ocrx_word' id='word_1_127' title='bbox 471 1333 478 1350; x_wconf 87' lang='lat'><strong>¹</strong></span> <span class='ocrx_word' id='word_1_128' title='bbox 491 1330 666 1363; x_wconf 78' lang='lat' dir='ltr'><strong>ascendens</strong></span> <span class='ocrx_word' id='word_1_129' title='bbox 678 1330 825 1363; x_wconf 76' lang='lat' dir='ltr'><strong>christus</strong></span> <span class='ocrx_word' id='word_1_130' title='bbox 842 1333 875 1363; x_wconf 81' lang='lat' dir='ltr'><strong>in</strong></span> <span class='ocrx_word' id='word_1_131' title='bbox 887 1332 1000 1371; x_wconf 79' lang='lat' dir='ltr'><strong>allum,</strong></span> 
     </span>
     <span class='ocr_line' id='line_1_23' title="bbox 216 1383 1002 1428; baseline 0.005 -14"><span class='ocrx_word' id='word_1_132' title='bbox 216 1383 379 1422; x_wconf 71' lang='lat' dir='ltr'><strong>captivam</strong></span> <span class='ocrx_word' id='word_1_133' title='bbox 393 1383 494 1417; x_wconf 68' lang='lat' dir='ltr'><strong>duxit</strong></span> <span class='ocrx_word' id='word_1_134' title='bbox 510 1385 734 1425; x_wconf 75' lang='lat' dir='ltr'><strong>captivitatem</strong></span> <span class='ocrx_word' id='word_1_135' title='bbox 750 1387 935 1418; x_wconf 83' lang='lat' dir='ltr'><strong>sauctorum</strong></span> <span class='ocrx_word' id='word_1_136' title='bbox 949 1397 1002 1428; x_wconf 82' lang='lat' dir='ltr'><strong>pa-</strong></span> 
     </span>
    </p>
   </div>
   <div class='ocr_carea' id='block_1_3' title="bbox 218 1481 1000 1590">
    <p class='ocr_par' dir='ltr' id='par_1_3' title="bbox 218 1481 1000 1590">
     <span class='ocr_line' id='line_1_24' title="bbox 251 1481 1000 1518; baseline 0.009 -13"><span class='ocrx_word' id='word_1_137' title='bbox 251 1482 256 1498; x_wconf 91' lang='lat'><strong>¹</strong></span> <span class='ocrx_word' id='word_1_138' title='bbox 275 1481 424 1514; x_wconf 78' lang='lat' dir='ltr'><strong>Ephes.,1v‚</strong></span> <span class='ocrx_word' id='word_1_139' title='bbox 439 1486 462 1508; x_wconf 81' lang='lat'><strong>8.</strong></span> <span class='ocrx_word' id='word_1_140' title='bbox 473 1498 504 1503; x_wconf 87' lang='lat'><em>-</em></span> <span class='ocrx_word' id='word_1_141' title='bbox 519 1486 526 1500; x_wconf 82' lang='lat'>²</span> <span class='ocrx_word' id='word_1_142' title='bbox 542 1485 602 1514; x_wconf 60' lang='lat' dir='ltr'><strong>lm„</strong></span> <span class='ocrx_word' id='word_1_143' title='bbox 620 1490 695 1516; x_wconf 72' lang='lat' dir='ltr'><strong>anl,</strong></span> <span class='ocrx_word' id='word_1_144' title='bbox 713 1487 733 1509; x_wconf 81' lang='lat' dir='ltr'><strong>i.</strong></span> <span class='ocrx_word' id='word_1_145' title='bbox 746 1498 777 1503; x_wconf 94' lang='lat'>—</span> <span class='ocrx_word' id='word_1_146' title='bbox 789 1485 800 1502; x_wconf 81' lang='lat'>⁸</span> <span class='ocrx_word' id='word_1_147' title='bbox 811 1487 885 1517; x_wconf 81' lang='lat' dir='ltr'><strong>Aug..</strong></span> <span class='ocrx_word' id='word_1_148' title='bbox 902 1488 926 1511; x_wconf 79' lang='grc' dir='ltr'><strong>ιἰι</strong></span> <span class='ocrx_word' id='word_1_149' title='bbox 941 1489 1000 1518; x_wconf 73' lang='lat' dir='ltr'><strong>[cst.</strong></span> 
     </span>
     <span class='ocr_line' id='line_1_25' title="bbox 218 1519 1000 1557; baseline 0.012 -15"><span class='ocrx_word' id='word_1_150' title='bbox 218 1519 327 1548; x_wconf 59' lang='lat' dir='ltr'><strong>Asc-ens„</strong></span> <span class='ocrx_word' id='word_1_151' title='bbox 342 1519 385 1550; x_wconf 85' lang='lat' dir='ltr'><strong>qui</strong></span> <span class='ocrx_word' id='word_1_152' title='bbox 401 1522 439 1544; x_wconf 84' lang='lat' dir='ltr'><strong>cst</strong></span> <span class='ocrx_word' id='word_1_153' title='bbox 452 1520 482 1544; x_wconf 83' lang='lat' dir='ltr'><strong>dc</strong></span> <span class='ocrx_word' id='word_1_154' title='bbox 498 1521 595 1553; x_wconf 61' lang='lat' dir='ltr'><strong>remp„</strong></span> <span class='ocrx_word' id='word_1_155' title='bbox 611 1528 689 1545; x_wconf 80' lang='lat' dir='ltr'><strong>serm.</strong></span> <span class='ocrx_word' id='word_1_156' title='bbox 705 1527 805 1553; x_wconf 61' lang='lat' dir='ltr'><strong>ccxxv,</strong></span> <span class='ocrx_word' id='word_1_157' title='bbox 824 1523 857 1547; x_wconf 87' lang='lat' dir='ltr'><strong>al.</strong></span> <span class='ocrx_word' id='word_1_158' title='bbox 877 1530 982 1550; x_wconf 67' lang='lat' dir='ltr'><strong>fluxui</strong></span> <span class='ocrx_word' id='word_1_159' title='bbox 993 1545 1000 1557; x_wconf 88' lang='lat'><strong>,</strong></span> 
     </span>
     <span class='ocr_line' id='line_1_26' title="bbox 219 1555 862 1590; baseline 0.009 -13"><span class='ocrx_word' id='word_1_160' title='bbox 219 1561 244 1578; x_wconf 88' lang='lat' dir='ltr'><strong>n.</strong></span> <span class='ocrx_word' id='word_1_161' title='bbox 260 1555 284 1585; x_wconf 73' lang='lat'><strong>1,</strong></span> <span class='ocrx_word' id='word_1_162' title='bbox 299 1555 409 1586; x_wconf 80' lang='lat' dir='ltr'><strong>append.</strong></span> <span class='ocrx_word' id='word_1_163' title='bbox 427 1557 490 1581; x_wconf 83' lang='lat' dir='ltr'><strong>tom.</strong></span> <span class='ocrx_word' id='word_1_164' title='bbox 508 1558 537 1583; x_wconf 90' lang='lat' dir='ltr'><strong>V.</strong></span> <span class='ocrx_word' id='word_1_165' title='bbox 555 1571 583 1576; x_wconf 95' lang='lat'>—</span> <span class='ocrx_word' id='word_1_166' title='bbox 598 1558 605 1571; x_wconf 75' lang='lat'>⁴</span> <span class='ocrx_word' id='word_1_167' title='bbox 623 1558 705 1582; x_wconf 88' lang='lat' dir='ltr'><strong>Locus</strong></span> <span class='ocrx_word' id='word_1_168' title='bbox 719 1561 862 1590; x_wconf 77' lang='lat' dir='ltr'><strong>corruptus.</strong></span> 
     </span>
    </p>
   </div>
   <div class='ocr_carea' id='block_1_4' title="bbox 655 176 1426 218">
    <p class='ocr_par' dir='ltr' id='par_1_4' title="bbox 655 176 1426 218">
     <span class='ocr_line' id='line_1_27' title="bbox 655 176 1426 218; baseline 0.013 -9"><span class='ocrx_word' id='word_1_169' title='bbox 655 176 795 211; x_wconf 79' lang='lat' dir='ltr'><strong>PASSIO</strong></span> <span class='ocrx_word' id='word_1_170' title='bbox 817 177 973 212; x_wconf 86' lang='lat' dir='ltr'><strong>CHRlSTl</strong></span> <span class='ocrx_word' id='word_1_171' title='bbox 995 179 1193 215; x_wconf 80' lang='lat' dir='ltr'>BREVITER</span> <span class='ocrx_word' id='word_1_172' title='bbox 1214 182 1426 218; x_wconf 80' lang='lat' dir='ltr'><strong>COLLECTA.</strong></span> 
     </span>
    </p>
   </div>
   <div class='ocr_carea' id='block_1_5' title="bbox 1056 250 1851 1595">
    <p class='ocr_par' dir='ltr' id='par_1_5' title="bbox 1056 250 1851 1533">
     <span class='ocr_line' id='line_1_28' title="bbox 1067 250 1851 297; baseline 0.011 -14"><span class='ocrx_word' id='word_1_173' title='bbox 1067 250 1168 284; x_wconf 59' lang='lat' dir='ltr'><strong>uum.</strong></span> <span class='ocrx_word' id='word_1_174' title='bbox 1184 250 1339 285; x_wconf 78' lang='lat' dir='ltr'><strong>Meditare</strong></span> <span class='ocrx_word' id='word_1_175' title='bbox 1355 253 1396 286; x_wconf 87' lang='lat' dir='ltr'><strong>de</strong></span> <span class='ocrx_word' id='word_1_176' title='bbox 1413 253 1557 295; x_wconf 87' lang='lat' dir='ltr'><strong>gloriosa</strong></span> <span class='ocrx_word' id='word_1_177' title='bbox 1578 257 1783 297; x_wconf 67' lang='lat' dir='ltr'><strong>processione</strong></span> <span class='ocrx_word' id='word_1_178' title='bbox 1800 268 1851 292; x_wconf 82' lang='lat' dir='ltr'><strong>as-</strong></span> 
     </span>
     <span class='ocr_line' id='line_1_29' title="bbox 1066 305 1851 356; baseline 0.013 -19"><span class='ocrx_word' id='word_1_179' title='bbox 1066 305 1273 339; x_wconf 86' lang='lat' dir='ltr'><strong>cendentium</strong></span> <span class='ocrx_word' id='word_1_180' title='bbox 1287 316 1364 340; x_wconf 87' lang='lat' dir='ltr'><strong>cum</strong></span> <span class='ocrx_word' id='word_1_181' title='bbox 1377 307 1503 342; x_wconf 86' lang='lat' dir='ltr'><strong>Christo</strong></span> <span class='ocrx_word' id='word_1_182' title='bbox 1509 321 1518 349; x_wconf 90' lang='lat'>;</span> <span class='ocrx_word' id='word_1_183' title='bbox 1531 318 1608 342; x_wconf 87' lang='lat' dir='ltr'><strong>nam</strong></span> <span class='ocrx_word' id='word_1_184' title='bbox 1619 309 1728 344; x_wconf 86' lang='lat' dir='ltr'><strong>Sancti</strong></span> <span class='ocrx_word' id='word_1_185' title='bbox 1737 321 1851 356; x_wconf 81' lang='lat' dir='ltr'><strong>seque-</strong></span> 
     </span>
     <span class='ocr_line' id='line_1_30' title="bbox 1066 359 1851 405; baseline 0.013 -15"><span class='ocrx_word' id='word_1_186' title='bbox 1066 359 1198 399; x_wconf 84' lang='lat' dir='ltr'><strong>bantur,</strong></span> <span class='ocrx_word' id='word_1_187' title='bbox 1213 360 1332 402; x_wconf 81' lang='lat' dir='ltr'><strong>Angeli</strong></span> <span class='ocrx_word' id='word_1_188' title='bbox 1347 363 1512 395; x_wconf 79' lang='lat' dir='ltr'><strong>venientes</strong></span> <span class='ocrx_word' id='word_1_189' title='bbox 1526 363 1712 405; x_wconf 85' lang='lat' dir='ltr'><strong>obviabant,</strong></span> <span class='ocrx_word' id='word_1_190' title='bbox 1729 367 1762 398; x_wconf 90' lang='lat' dir='ltr'><strong>et</strong></span> <span class='ocrx_word' id='word_1_191' title='bbox 1773 367 1851 400; x_wconf 89' lang='lat' dir='ltr'><strong>tunc</strong></span> 
     </span>
     <span class='ocr_line' id='line_1_31' title="bbox 1065 412 1848 462; baseline 0.011 -18"><span class='ocrx_word' id='word_1_192' title='bbox 1065 412 1150 445; x_wconf 79' lang='lat' dir='ltr'><strong>inter</strong></span> <span class='ocrx_word' id='word_1_193' title='bbox 1165 423 1200 446; x_wconf 91' lang='lat' dir='ltr'><strong>se</strong></span> <span class='ocrx_word' id='word_1_194' title='bbox 1217 415 1412 456; x_wconf 83' lang='lat' dir='ltr'><strong>quaestiones</strong></span> <span class='ocrx_word' id='word_1_195' title='bbox 1425 416 1496 449; x_wconf 82' lang='lat' dir='ltr'><strong>illas</strong></span> <span class='ocrx_word' id='word_1_196' title='bbox 1512 417 1705 458; x_wconf 77' lang='lat' dir='ltr'><strong>formabant,</strong></span> <span class='ocrx_word' id='word_1_197' title='bbox 1721 419 1760 452; x_wconf 90' lang='lat' dir='ltr'><strong>de</strong></span> <span class='ocrx_word' id='word_1_198' title='bbox 1774 421 1848 462; x_wconf 86' lang='lat' dir='ltr'><strong>qui-</strong></span> 
     </span>
     <span class='ocr_line' id='line_1_32' title="bbox 1065 466 1847 515; baseline 0.014 -17"><span class='ocrx_word' id='word_1_199' title='bbox 1065 466 1128 499; x_wconf 89' lang='lat' dir='ltr'><strong>hus</strong></span> <span class='ocrx_word' id='word_1_200' title='bbox 1142 468 1236 500; x_wconf 77' lang='lat' dir='ltr'><strong>isaias</strong></span> <span class='ocrx_word' id='word_1_201' title='bbox 1250 469 1295 501; x_wconf 84' lang='lat' dir='ltr'><strong>ait</strong></span> <span class='ocrx_word' id='word_1_202' title='bbox 1311 473 1323 490; x_wconf 69' lang='lat'>2</span> <span class='ocrx_word' id='word_1_203' title='bbox 1339 481 1346 502; x_wconf 92' lang='lat'><strong>:</strong></span> <span class='ocrx_word' id='word_1_204' title='bbox 1371 470 1455 512; x_wconf 78' lang='lat' dir='ltr'><strong>Quis</strong></span> <span class='ocrx_word' id='word_1_205' title='bbox 1466 473 1528 506; x_wconf 81' lang='lat' dir='ltr'><strong>iste</strong></span> <span class='ocrx_word' id='word_1_206' title='bbox 1539 476 1586 507; x_wconf 84' lang='lat' dir='ltr'><strong>est</strong></span> <span class='ocrx_word' id='word_1_207' title='bbox 1599 474 1658 515; x_wconf 81' lang='lat' dir='ltr'><strong>qui</strong></span> <span class='ocrx_word' id='word_1_208' title='bbox 1671 475 1773 515; x_wconf 77' lang='lat' dir='ltr'><strong>venit,</strong></span> <span class='ocrx_word' id='word_1_209' title='bbox 1787 477 1847 509; x_wconf 87' lang='lat' dir='ltr'><strong>etc.</strong></span> 
     </span>
     <span class='ocr_line' id='line_1_33' title="bbox 1064 519 1849 570; baseline 0.014 -18"><span class='ocrx_word' id='word_1_210' title='bbox 1064 519 1178 562; x_wconf 85' lang='lat' dir='ltr'><strong>Cogita</strong></span> <span class='ocrx_word' id='word_1_211' title='bbox 1186 522 1226 555; x_wconf 89' lang='lat' dir='ltr'><strong>de</strong></span> <span class='ocrx_word' id='word_1_212' title='bbox 1235 523 1363 557; x_wconf 86' lang='lat' dir='ltr'><strong>tristitia</strong></span> <span class='ocrx_word' id='word_1_213' title='bbox 1372 526 1605 567; x_wconf 87' lang='lat' dir='ltr'><strong>apostolorum,</strong></span> <span class='ocrx_word' id='word_1_214' title='bbox 1613 530 1646 560; x_wconf 89' lang='lat' dir='ltr'><strong>et</strong></span> <span class='ocrx_word' id='word_1_215' title='bbox 1654 529 1849 570; x_wconf 82' lang='lat' dir='ltr'><strong>angelorum</strong></span> 
     </span>
     <span class='ocr_line' id='line_1_34' title="bbox 1063 576 1850 623; baseline 0.011 -16"><span class='ocrx_word' id='word_1_216' title='bbox 1063 576 1194 616; x_wconf 85' lang='lat' dir='ltr'><strong>gaudio.</strong></span> <span class='ocrx_word' id='word_1_217' title='bbox 1220 577 1332 619; x_wconf 82' lang='lat' dir='ltr'><strong>Cogita</strong></span> <span class='ocrx_word' id='word_1_218' title='bbox 1353 579 1393 611; x_wconf 91' lang='lat' dir='ltr'><strong>de</strong></span> <span class='ocrx_word' id='word_1_219' title='bbox 1416 579 1542 620; x_wconf 82' lang='lat' dir='ltr'><strong>angelis</strong></span> <span class='ocrx_word' id='word_1_220' title='bbox 1566 581 1787 623; x_wconf 88' lang='lat' dir='ltr'><strong>redeuntibus,</strong></span> <span class='ocrx_word' id='word_1_221' title='bbox 1817 586 1850 616; x_wconf 92' lang='lat' dir='ltr'><strong>et</strong></span> 
     </span>
     <span class='ocr_line' id='line_1_35' title="bbox 1063 630 1849 670; baseline 0.011 -9"><span class='ocrx_word' id='word_1_222' title='bbox 1063 630 1222 670; x_wconf 79' lang='lat' dir='ltr'><strong>apostolos</strong></span> <span class='ocrx_word' id='word_1_223' title='bbox 1237 631 1488 666; x_wconf 79' lang='lat' dir='ltr'><strong>consolantibus.</strong></span> <span class='ocrx_word' id='word_1_224' title='bbox 1513 633 1602 667; x_wconf 80' lang='lat' dir='ltr'><strong>Disce</strong></span> <span class='ocrx_word' id='word_1_225' title='bbox 1621 637 1658 667; x_wconf 92' lang='lat' dir='ltr'><strong>tu</strong></span> <span class='ocrx_word' id='word_1_226' title='bbox 1676 636 1849 670; x_wconf 83' lang='lat' dir='ltr'><strong>ascendere</strong></span> 
     </span>
     <span class='ocr_line' id='line_1_36' title="bbox 1062 684 1847 732; baseline 0.009 -16"><span class='ocrx_word' id='word_1_227' title='bbox 1062 685 1103 716; x_wconf 89' lang='lat' dir='ltr'><strong>ad</strong></span> <span class='ocrx_word' id='word_1_228' title='bbox 1124 684 1299 726; x_wconf 87' lang='lat' dir='ltr'><strong>Christum,</strong></span> <span class='ocrx_word' id='word_1_229' title='bbox 1321 686 1377 718; x_wconf 90' lang='lat' dir='ltr'><strong>sed</strong></span> <span class='ocrx_word' id='word_1_230' title='bbox 1398 696 1456 728; x_wconf 84' lang='lat' dir='ltr'><strong>per</strong></span> <span class='ocrx_word' id='word_1_231' title='bbox 1479 689 1682 722; x_wconf 56' lang='lat' dir='ltr'><strong>ascensiones</strong></span> <span class='ocrx_word' id='word_1_232' title='bbox 1694 690 1786 732; x_wconf 87' lang='lat' dir='ltr'><strong>prius</strong></span> <span class='ocrx_word' id='word_1_233' title='bbox 1797 691 1847 723; x_wconf 91' lang='lat' dir='ltr'><strong>di-</strong></span> 
     </span>
     <span class='ocr_line' id='line_1_37' title="bbox 1062 740 1847 785; baseline 0.009 -14"><span class='ocrx_word' id='word_1_234' title='bbox 1062 741 1140 778; x_wconf 85' lang='lat' dir='ltr'><strong>ctas,</strong></span> <span class='ocrx_word' id='word_1_235' title='bbox 1157 742 1194 772; x_wconf 87' lang='lat' dir='ltr'><strong>ut</strong></span> <span class='ocrx_word' id='word_1_236' title='bbox 1208 740 1373 782; x_wconf 86' lang='lat' dir='ltr'><strong>relinquas</strong></span> <span class='ocrx_word' id='word_1_237' title='bbox 1397 742 1451 774; x_wconf 89' lang='lat' dir='ltr'><strong>hic</strong></span> <span class='ocrx_word' id='word_1_238' title='bbox 1471 743 1605 783; x_wconf 88' lang='lat' dir='ltr'><strong>vitium,</strong></span> <span class='ocrx_word' id='word_1_239' title='bbox 1625 744 1702 785; x_wconf 89' lang='lat' dir='ltr'><strong>quia</strong></span> <span class='ocrx_word' id='word_1_240' title='bbox 1717 744 1847 778; x_wconf 90' lang='lat' dir='ltr'><strong>nullum</strong></span> 
     </span>
     <span class='ocr_line' id='line_1_38' title="bbox 1061 794 1847 837; baseline 0.008 -12"><span class='ocrx_word' id='word_1_241' title='bbox 1061 794 1178 826; x_wconf 87' lang='lat' dir='ltr'><strong>vitium</strong></span> <span class='ocrx_word' id='word_1_242' title='bbox 1195 795 1338 827; x_wconf 88' lang='lat' dir='ltr'><strong>ascendit</strong></span> <span class='ocrx_word' id='word_1_243' title='bbox 1352 805 1427 828; x_wconf 87' lang='lat' dir='ltr'><strong>cum</strong></span> <span class='ocrx_word' id='word_1_244' title='bbox 1444 796 1624 837; x_wconf 90' lang='lat' dir='ltr'><strong>Salvatore,</strong></span> <span class='ocrx_word' id='word_1_245' title='bbox 1639 801 1676 830; x_wconf 90' lang='lat' dir='ltr'><strong>ut</strong></span> <span class='ocrx_word' id='word_1_246' title='bbox 1689 798 1766 830; x_wconf 88' lang='lat' dir='ltr'><strong>dicit</strong></span> <span class='ocrx_word' id='word_1_247' title='bbox 1776 799 1847 832; x_wconf 85' lang='lat' dir='ltr'><strong>Au-</strong></span> 
     </span>
     <span class='ocr_line' id='line_1_39' title="bbox 1061 849 1843 890; baseline 0.006 -10"><span class='ocrx_word' id='word_1_248' title='bbox 1061 849 1216 890; x_wconf 85' lang='lat' dir='ltr'><strong>gustinus</strong></span> <span class='ocrx_word' id='word_1_249' title='bbox 1234 850 1255 882; x_wconf 77' lang='lat'><strong>⁸.</strong></span> <span class='ocrx_word' id='word_1_250' title='bbox 1274 850 1392 883; x_wconf 88' lang='lat' dir='ltr'><strong>Deinde</strong></span> <span class='ocrx_word' id='word_1_251' title='bbox 1408 851 1446 883; x_wconf 90' lang='lat' dir='ltr'><strong>de</strong></span> <span class='ocrx_word' id='word_1_252' title='bbox 1463 851 1545 884; x_wconf 86' lang='lat' dir='ltr'><strong>coelo</strong></span> <span class='ocrx_word' id='word_1_253' title='bbox 1561 852 1716 885; x_wconf 89' lang='lat' dir='ltr'><strong>Dominus</strong></span> <span class='ocrx_word' id='word_1_254' title='bbox 1734 854 1766 885; x_wconf 90' lang='lat' dir='ltr'><strong>in</strong></span> <span class='ocrx_word' id='word_1_255' title='bbox 1782 854 1843 886; x_wconf 89' lang='lat' dir='ltr'><strong>lin-</strong></span> 
     </span>
     <span class='ocr_line' id='line_1_40' title="bbox 1061 904 1845 946; baseline 0.008 -12"><span class='ocrx_word' id='word_1_256' title='bbox 1061 904 1137 944; x_wconf 85' lang='lat' dir='ltr'><strong>guis</strong></span> <span class='ocrx_word' id='word_1_257' title='bbox 1163 904 1269 944; x_wconf 85' lang='lat' dir='ltr'><strong>igneis</strong></span> <span class='ocrx_word' id='word_1_258' title='bbox 1291 905 1377 936; x_wconf 88' lang='lat' dir='ltr'><strong>misit</strong></span> <span class='ocrx_word' id='word_1_259' title='bbox 1400 904 1555 946; x_wconf 86' lang='lat' dir='ltr'><strong>Spiritum</strong></span> <span class='ocrx_word' id='word_1_260' title='bbox 1582 909 1740 939; x_wconf 87' lang='lat' dir='ltr'><strong>sanctum.</strong></span> <span class='ocrx_word' id='word_1_261' title='bbox 1767 907 1845 941; x_wconf 88' lang='lat' dir='ltr'><strong>Vide</strong></span> 
     </span>
     <span class='ocr_line' id='line_1_41' title="bbox 1060 958 1842 1000; baseline 0.006 -11"><span class='ocrx_word' id='word_1_262' title='bbox 1060 958 1222 998; x_wconf 86' lang='lat' dir='ltr'><strong>quomodo</strong></span> <span class='ocrx_word' id='word_1_263' title='bbox 1238 958 1351 990; x_wconf 88' lang='lat' dir='ltr'><strong>deinde</strong></span> <span class='ocrx_word' id='word_1_264' title='bbox 1368 959 1500 1000; x_wconf 85' lang='lat' dir='ltr'><strong>apostoli</strong></span> <span class='ocrx_word' id='word_1_265' title='bbox 1518 960 1651 992; x_wconf 77' lang='lat' dir='ltr'><strong>fuerunt</strong></span> <span class='ocrx_word' id='word_1_266' title='bbox 1663 961 1842 1000; x_wconf 81' lang='lat' dir='ltr'><strong>confortati,</strong></span> 
     </span>
     <span class='ocr_line' id='line_1_42' title="bbox 1060 1012 1845 1056; baseline 0.005 -13"><span class='ocrx_word' id='word_1_267' title='bbox 1060 1014 1092 1043; x_wconf 89' lang='lat' dir='ltr'><strong>et</strong></span> <span class='ocrx_word' id='word_1_268' title='bbox 1107 1013 1139 1043; x_wconf 89' lang='lat' dir='ltr'><strong>in</strong></span> <span class='ocrx_word' id='word_1_269' title='bbox 1155 1012 1310 1044; x_wconf 84' lang='lat' dir='ltr'><strong>charitate</strong></span> <span class='ocrx_word' id='word_1_270' title='bbox 1323 1013 1459 1045; x_wconf 82' lang='lat' dir='ltr'><strong>fundati.</strong></span> <span class='ocrx_word' id='word_1_271' title='bbox 1475 1013 1625 1046; x_wconf 83' lang='lat' dir='ltr'><strong>Meditare</strong></span> <span class='ocrx_word' id='word_1_272' title='bbox 1637 1023 1696 1046; x_wconf 90' lang='lat' dir='ltr'><strong>cur</strong></span> <span class='ocrx_word' id='word_1_273' title='bbox 1705 1014 1845 1056; x_wconf 89' lang='lat' dir='ltr'><strong>Spiritus</strong></span> 
     </span>
     <span class='ocr_line' id='line_1_43' title="bbox 1060 1067 1844 1108; baseline 0.004 -11"><span class='ocrx_word' id='word_1_274' title='bbox 1060 1068 1191 1097; x_wconf 88' lang='lat' dir='ltr'><strong>sanctus</strong></span> <span class='ocrx_word' id='word_1_275' title='bbox 1206 1067 1239 1097; x_wconf 91' lang='lat' dir='ltr'><strong>in</strong></span> <span class='ocrx_word' id='word_1_276' title='bbox 1255 1067 1343 1107; x_wconf 88' lang='lat' dir='ltr'><strong>igne,</strong></span> <span class='ocrx_word' id='word_1_277' title='bbox 1359 1067 1466 1098; x_wconf 87' lang='lat' dir='ltr'><strong>curin</strong></span> <span class='ocrx_word' id='word_1_278' title='bbox 1480 1067 1616 1108; x_wconf 83' lang='lat' dir='ltr'><strong>linguis,</strong></span> <span class='ocrx_word' id='word_1_279' title='bbox 1629 1077 1688 1100; x_wconf 90' lang='lat' dir='ltr'><strong>cur</strong></span> <span class='ocrx_word' id='word_1_280' title='bbox 1702 1068 1736 1100; x_wconf 91' lang='lat' dir='ltr'><strong>in</strong></span> <span class='ocrx_word' id='word_1_281' title='bbox 1750 1069 1844 1100; x_wconf 89' lang='lat' dir='ltr'><strong>utris-</strong></span> 
     </span>
     <span class='ocr_line' id='line_1_44' title="bbox 1059 1120 1840 1163; baseline 0.004 -12"><span class='ocrx_word' id='word_1_282' title='bbox 1059 1130 1122 1162; x_wconf 87' lang='lat' dir='ltr'><strong>que</strong></span> <span class='ocrx_word' id='word_1_283' title='bbox 1138 1120 1247 1159; x_wconf 90' lang='lat' dir='ltr'><strong>simul,</strong></span> <span class='ocrx_word' id='word_1_284' title='bbox 1264 1122 1296 1152; x_wconf 87' lang='lat' dir='ltr'><strong>et</strong></span> <span class='ocrx_word' id='word_1_285' title='bbox 1309 1120 1411 1152; x_wconf 86' lang='lat' dir='ltr'><strong>curin</strong></span> <span class='ocrx_word' id='word_1_286' title='bbox 1423 1120 1495 1152; x_wconf 82' lang='lat' dir='ltr'><strong>aliis</strong></span> <span class='ocrx_word' id='word_1_287' title='bbox 1505 1122 1660 1153; x_wconf 81' lang='lat' dir='ltr'><strong>creaturis</strong></span> <span class='ocrx_word' id='word_1_288' title='bbox 1675 1123 1840 1163; x_wconf 85' lang='lat' dir='ltr'><strong>apparuit;</strong></span> 
     </span>
     <span class='ocr_line' id='line_1_45' title="bbox 1058 1174 1844 1216; baseline 0.004 -10"><span class='ocrx_word' id='word_1_289' title='bbox 1058 1177 1090 1206; x_wconf 87' lang='lat' dir='ltr'><strong>et</strong></span> <span class='ocrx_word' id='word_1_290' title='bbox 1116 1175 1208 1206; x_wconf 90' lang='lat' dir='ltr'><strong>stude</strong></span> <span class='ocrx_word' id='word_1_291' title='bbox 1231 1174 1441 1216; x_wconf 84' lang='lat' dir='ltr'><strong>proprietates</strong></span> <span class='ocrx_word' id='word_1_292' title='bbox 1475 1184 1586 1207; x_wconf 84' lang='lat' dir='ltr'><strong>rerum</strong></span> <span class='ocrx_word' id='word_1_293' title='bbox 1615 1176 1729 1208; x_wconf 86' lang='lat' dir='ltr'><strong>talium</strong></span> <span class='ocrx_word' id='word_1_294' title='bbox 1752 1177 1785 1208; x_wconf 90' lang='lat' dir='ltr'><strong>in</strong></span> <span class='ocrx_word' id='word_1_295' title='bbox 1813 1180 1844 1209; x_wconf 91' lang='lat' dir='ltr'><strong>te</strong></span> 
     </span>
     <span class='ocr_line' id='line_1_46' title="bbox 1059 1228 1842 1271; baseline 0.004 -12"><span class='ocrx_word' id='word_1_296' title='bbox 1059 1228 1189 1260; x_wconf 85' lang='lat' dir='ltr'><strong>habere.</strong></span> <span class='ocrx_word' id='word_1_297' title='bbox 1210 1228 1322 1269; x_wconf 72' lang='lat' dir='ltr'><strong>Cogita</strong></span> <span class='ocrx_word' id='word_1_298' title='bbox 1341 1231 1371 1259; x_wconf 88' lang='lat' dir='ltr'><strong>et</strong></span> <span class='ocrx_word' id='word_1_299' title='bbox 1394 1229 1526 1260; x_wconf 77' lang='lat' dir='ltr'><strong>effectus</strong></span> <span class='ocrx_word' id='word_1_300' title='bbox 1544 1232 1575 1261; x_wconf 87' lang='lat' dir='ltr'><strong>et</strong></span> <span class='ocrx_word' id='word_1_301' title='bbox 1598 1230 1680 1262; x_wconf 89' lang='lat' dir='ltr'><strong>dona</strong></span> <span class='ocrx_word' id='word_1_302' title='bbox 1704 1231 1842 1271; x_wconf 81' lang='lat' dir='ltr'><strong>Spiritus</strong></span> 
     </span>
     <span class='ocr_line' id='line_1_47' title="bbox 1058 1282 1841 1325; baseline 0.004 -12"><span class='ocrx_word' id='word_1_303' title='bbox 1058 1283 1170 1321; x_wconf 85' lang='lat' dir='ltr'><strong>sancti,</strong></span> <span class='ocrx_word' id='word_1_304' title='bbox 1188 1285 1219 1314; x_wconf 88' lang='lat' dir='ltr'><strong>et</strong></span> <span class='ocrx_word' id='word_1_305' title='bbox 1234 1282 1336 1313; x_wconf 89' lang='lat' dir='ltr'><strong>multa</strong></span> <span class='ocrx_word' id='word_1_306' title='bbox 1350 1282 1467 1314; x_wconf 87' lang='lat' dir='ltr'><strong>similia</strong></span> <span class='ocrx_word' id='word_1_307' title='bbox 1481 1284 1564 1314; x_wconf 75' lang='lat' dir='ltr'><strong>circa</strong></span> <span class='ocrx_word' id='word_1_308' title='bbox 1584 1283 1722 1325; x_wconf 86' lang='lat' dir='ltr'><strong>Spiritus</strong></span> <span class='ocrx_word' id='word_1_309' title='bbox 1741 1286 1841 1316; x_wconf 86' lang='lat' dir='ltr'><strong>sancti</strong></span> 
     </span>
     <span class='ocr_line' id='line_1_48' title="bbox 1058 1336 1839 1379; baseline 0.004 -12"><span class='ocrx_word' id='word_1_310' title='bbox 1058 1337 1255 1374; x_wconf 80' lang='lat' dir='ltr'><strong>missionem,</strong></span> <span class='ocrx_word' id='word_1_311' title='bbox 1268 1336 1427 1377; x_wconf 79' lang='lat' dir='ltr'><strong>signaque</strong></span> <span class='ocrx_word' id='word_1_312' title='bbox 1437 1337 1601 1369; x_wconf 87' lang='lat' dir='ltr'><strong>militantis</strong></span> <span class='ocrx_word' id='word_1_313' title='bbox 1611 1338 1621 1354; x_wconf 74' lang='lat'>⁶</span> <span class='ocrx_word' id='word_1_314' title='bbox 1630 1338 1690 1369; x_wconf 89' lang='lat' dir='ltr'><strong>sub</strong></span> <span class='ocrx_word' id='word_1_315' title='bbox 1701 1338 1778 1379; x_wconf 87' lang='lat' dir='ltr'><strong>gula</strong></span> <span class='ocrx_word' id='word_1_316' title='bbox 1789 1338 1839 1379; x_wconf 75' lang='lat' dir='ltr'><strong>(b),</strong></span> 
     </span>
     <span class='ocr_line' id='line_1_49' title="bbox 1057 1391 1840 1432; baseline 0.004 -10"><span class='ocrx_word' id='word_1_317' title='bbox 1057 1391 1175 1422; x_wconf 85' lang='lat' dir='ltr'><strong>scilicet</strong></span> <span class='ocrx_word' id='word_1_318' title='bbox 1195 1400 1360 1429; x_wconf 90' lang='lat' dir='ltr'><strong>somnum,</strong></span> <span class='ocrx_word' id='word_1_319' title='bbox 1381 1391 1485 1422; x_wconf 88' lang='lat' dir='ltr'><strong>cordis</strong></span> <span class='ocrx_word' id='word_1_320' title='bbox 1505 1392 1669 1432; x_wconf 88' lang='lat' dir='ltr'><strong>duritiam,</strong></span> <span class='ocrx_word' id='word_1_321' title='bbox 1694 1393 1840 1425; x_wconf 79' lang='lat' dir='ltr'><strong>otiosita-</strong></span> 
     </span>
     <span class='ocr_line' id='line_1_50' title="bbox 1056 1446 1837 1487; baseline 0.001 -9"><span class='ocrx_word' id='word_1_322' title='bbox 1056 1449 1133 1486; x_wconf 88' lang='lat' dir='ltr'><strong>tem,</strong></span> <span class='ocrx_word' id='word_1_323' title='bbox 1163 1446 1245 1478; x_wconf 81' lang='lat' dir='ltr'><strong>risus</strong></span> <span class='ocrx_word' id='word_1_324' title='bbox 1273 1446 1510 1487; x_wconf 85' lang='lat' dir='ltr'><strong>procacitatem,</strong></span> <span class='ocrx_word' id='word_1_325' title='bbox 1542 1447 1837 1486; x_wconf 85' lang='lat' dir='ltr'><strong>contradictionem,</strong></span> 
     </span>
     <span class='ocr_line' id='line_1_51' title="bbox 1056 1500 1393 1533; baseline -0.006 0"><span class='ocrx_word' id='word_1_326' title='bbox 1056 1504 1087 1533; x_wconf 85' lang='lat' dir='ltr'><strong>et</strong></span> <span class='ocrx_word' id='word_1_327' title='bbox 1107 1500 1393 1532; x_wconf 87' lang='lat' dir='ltr'><strong>insensibilitatem.</strong></span> 
     </span>
    </p>

    <p class='ocr_par' dir='ltr' id='par_1_6' title="bbox 1089 1560 1837 1595">
     <span class='ocr_line' id='line_1_52' title="bbox 1089 1560 1837 1595; baseline 0.003 -10"><span class='ocrx_word' id='word_1_328' title='bbox 1089 1561 1217 1592; x_wconf 66' lang='lat' dir='ltr'><strong>(njsuppl.</strong></span> <span class='ocrx_word' id='word_1_329' title='bbox 1231 1560 1254 1585; x_wconf 81' lang='lat' dir='ltr'><strong>id</strong></span> <span class='ocrx_word' id='word_1_330' title='bbox 1265 1562 1349 1586; x_wconf 82' lang='lat' dir='ltr'><strong>est.—</strong></span> <span class='ocrx_word' id='word_1_331' title='bbox 1364 1562 1396 1594; x_wconf 78' lang='lat' dir='ltr'><strong>(b)</strong></span> <span class='ocrx_word' id='word_1_332' title='bbox 1407 1561 1481 1586; x_wconf 74' lang='lat' dir='ltr'><strong>Forte</strong></span> <span class='ocrx_word' id='word_1_333' title='bbox 1490 1561 1538 1593; x_wconf 76' lang='lat' dir='ltr'><strong>leq.</strong></span> <span class='ocrx_word' id='word_1_334' title='bbox 1552 1561 1622 1594; x_wconf 87' lang='lat' dir='ltr'><strong>impii</strong></span> <span class='ocrx_word' id='word_1_335' title='bbox 1631 1562 1718 1587; x_wconf 80' lang='lat' dir='ltr'><strong>militis</strong></span> <span class='ocrx_word' id='word_1_336' title='bbox 1727 1562 1837 1595; x_wconf 72' lang='lat' dir='ltr'><strong>singule.</strong></span> 
     </span>
    </p>
   </div>
  </div>
 </body>
</html>
