<?xml version="1.0" encoding="UTF-8"?>
<!DOCTYPE html PUBLIC "-//W3C//DTD XHTML 1.0 Transitional//EN"
    "http://www.w3.org/TR/xhtml1/DTD/xhtml1-transitional.dtd">
<html xmlns="http://www.w3.org/1999/xhtml" xml:lang="en" lang="en">
 <head>
  <title>
</title>
<meta http-equiv="Content-Type" content="text/html;charset=utf-8" />
  <meta name='ocr-system' content='tesseract 3.04.00' />
  <meta name='ocr-capabilities' content='ocr_page ocr_carea ocr_par ocr_line ocrx_word'/>
</head>
<body>
  <div class='ocr_page' id='page_1' title='image "./operaomniasixtiv14bonauoft_0050.png"; bbox 0 0 2060 3052; ppageno 0'>
   <div class='ocr_carea' id='block_1_1' title="bbox 213 239 1426 278">
    <p class='ocr_par' dir='ltr' id='par_1_1' title="bbox 213 239 1426 278">
     <span class='ocr_line' id='line_1_1' title="bbox 213 239 1426 278; baseline 0.005 -6"><span class='ocrx_word' id='word_1_1' title='bbox 213 241 252 272; x_wconf 74' lang='lat'><strong>12</strong></span> <span class='ocrx_word' id='word_1_2' title='bbox 616 240 828 274; x_wconf 86' lang='lat' dir='ltr'>SERMONES</span> <span class='ocrx_word' id='word_1_3' title='bbox 850 239 901 273; x_wconf 86' lang='lat' dir='ltr'><strong>DE</strong></span> <span class='ocrx_word' id='word_1_4' title='bbox 922 239 1088 274; x_wconf 77' lang='lat' dir='ltr'><strong>SANcTts</strong></span> <span class='ocrx_word' id='word_1_5' title='bbox 1110 241 1151 275; x_wconf 87' lang='lat' dir='ltr'><strong>IN</strong></span> <span class='ocrx_word' id='word_1_6' title='bbox 1168 242 1366 277; x_wconf 74' lang='lat' dir='ltr'><strong>comtum.</strong></span> <span class='ocrx_word' id='word_1_7' title='bbox 1387 244 1426 278; x_wconf 77' lang='lat' dir='ltr'><strong>V.</strong></span> 
     </span>
    </p>
   </div>
   <div class='ocr_carea' id='block_1_2' title="bbox 170 305 994 2650">
    <p class='ocr_par' dir='ltr' id='par_1_2' title="bbox 170 305 994 1473">
     <span class='ocr_line' id='line_1_2' title="bbox 213 305 994 346; baseline 0.001 -10"><span class='ocrx_word' id='word_1_8' title='bbox 213 305 482 344; x_wconf 77' lang='lat' dir='ltr'><strong>comprehensoris.</strong></span> <span class='ocrx_word' id='word_1_9' title='bbox 503 309 556 338; x_wconf 86' lang='lat' dir='ltr'><strong>Per</strong></span> <span class='ocrx_word' id='word_1_10' title='bbox 573 308 674 346; x_wconf 79' lang='lat' dir='ltr'><strong>prima</strong></span> <span class='ocrx_word' id='word_1_11' title='bbox 692 309 773 338; x_wconf 88' lang='lat' dir='ltr'><strong>enim</strong></span> <span class='ocrx_word' id='word_1_12' title='bbox 793 308 865 344; x_wconf 81' lang='lat' dir='ltr'><strong>tria,</strong></span> <span class='ocrx_word' id='word_1_13' title='bbox 879 308 994 337; x_wconf 84' lang='lat' dir='ltr'><strong>meritis</strong></span> 
     </span>
     <span class='ocr_line' id='line_1_3' title="bbox 215 354 993 393; baseline 0.003 -11"><span class='ocrx_word' id='word_1_14' title='bbox 215 354 386 383; x_wconf 81' lang='lat' dir='ltr'><strong>ditamurin</strong></span> <span class='ocrx_word' id='word_1_15' title='bbox 393 355 455 390; x_wconf 88' lang='lat' dir='ltr'><strong>via;</strong></span> <span class='ocrx_word' id='word_1_16' title='bbox 466 355 520 384; x_wconf 87' lang='lat' dir='ltr'><strong>sed</strong></span> <span class='ocrx_word' id='word_1_17' title='bbox 534 363 589 393; x_wconf 88' lang='lat' dir='ltr'><strong>per</strong></span> <span class='ocrx_word' id='word_1_18' title='bbox 600 355 759 393; x_wconf 81' lang='lat' dir='ltr'><strong>praem‘ium</strong></span> <span class='ocrx_word' id='word_1_19' title='bbox 773 355 882 392; x_wconf 87' lang='lat' dir='ltr'><strong>quarti,</strong></span> <span class='ocrx_word' id='word_1_20' title='bbox 898 355 993 384; x_wconf 89' lang='lat' dir='ltr'><strong>subli-</strong></span> 
     </span>
     <span class='ocr_line' id='line_1_4' title="bbox 212 401 993 440; baseline 0.001 -10"><span class='ocrx_word' id='word_1_21' title='bbox 212 409 332 440; x_wconf 79' lang='lat' dir='ltr'><strong>mamur</strong></span> <span class='ocrx_word' id='word_1_22' title='bbox 349 401 380 430; x_wconf 91' lang='lat' dir='ltr'><strong>in</strong></span> <span class='ocrx_word' id='word_1_23' title='bbox 401 402 507 439; x_wconf 83' lang='lat' dir='ltr'><strong>patria.</strong></span> <span class='ocrx_word' id='word_1_24' title='bbox 529 404 651 431; x_wconf 84' lang='lat' dir='ltr'><strong>Notatur</strong></span> <span class='ocrx_word' id='word_1_25' title='bbox 673 410 745 438; x_wconf 83' lang='lat' dir='ltr'><strong>ergo</strong></span> <span class='ocrx_word' id='word_1_26' title='bbox 767 401 866 439; x_wconf 89' lang='lat' dir='ltr'><strong>primo</strong></span> <span class='ocrx_word' id='word_1_27' title='bbox 887 402 993 431; x_wconf 85' lang='lat' dir='ltr'><strong>instru-</strong></span> 
     </span>
     <span class='ocr_line' id='line_1_5' title="bbox 214 449 992 485; baseline 0.003 -9"><span class='ocrx_word' id='word_1_28' title='bbox 214 450 348 477; x_wconf 88' lang='lat' dir='ltr'><strong>mentum</strong></span> <span class='ocrx_word' id='word_1_29' title='bbox 368 449 462 485; x_wconf 85' lang='lat' dir='ltr'><strong>visus,</strong></span> <span class='ocrx_word' id='word_1_30' title='bbox 477 457 546 478; x_wconf 88' lang='lat' dir='ltr'><strong>eum</strong></span> <span class='ocrx_word' id='word_1_31' title='bbox 560 449 668 478; x_wconf 86' lang='lat' dir='ltr'><strong>dicitur</strong></span> <span class='ocrx_word' id='word_1_32' title='bbox 682 459 689 478; x_wconf 93' lang='lat'>:</span> <span class='ocrx_word' id='word_1_33' title='bbox 707 449 795 478; x_wconf 80' lang='lat' dir='ltr'><em>Oculi.</em></span> <span class='ocrx_word' id='word_1_34' title='bbox 810 451 932 478; x_wconf 82' lang='lat' dir='ltr'><strong>Notatur</strong></span> <span class='ocrx_word' id='word_1_35' title='bbox 946 457 992 478; x_wconf 86' lang='lat' dir='ltr'><strong>se-</strong></span> 
     </span>
     <span class='ocr_line' id='line_1_6' title="bbox 211 495 990 532; baseline 0 -8"><span class='ocrx_word' id='word_1_36' title='bbox 211 495 313 524; x_wconf 83' lang='lat' dir='ltr'><strong>cundo</strong></span> <span class='ocrx_word' id='word_1_37' title='bbox 327 495 450 525; x_wconf 87' lang='lat' dir='ltr'>visionis</span> <span class='ocrx_word' id='word_1_38' title='bbox 464 499 562 532; x_wconf 84' lang='lat' dir='ltr'><strong>aetus,</strong></span> <span class='ocrx_word' id='word_1_39' title='bbox 576 504 645 525; x_wconf 91' lang='lat' dir='ltr'><strong>eum</strong></span> <span class='ocrx_word' id='word_1_40' title='bbox 660 496 768 524; x_wconf 87' lang='lat' dir='ltr'><strong>dieitur</strong></span> <span class='ocrx_word' id='word_1_41' title='bbox 782 505 792 524; x_wconf 92' lang='grc'><strong>.·</strong></span> <span class='ocrx_word' id='word_1_42' title='bbox 815 496 869 530; x_wconf 79' lang='lat' dir='ltr'><strong>Qui</strong></span> <span class='ocrx_word' id='word_1_43' title='bbox 885 497 990 525; x_wconf 75' lang='lat' dir='ltr'><strong>vident.</strong></span> 
     </span>
     <span class='ocr_line' id='line_1_7' title="bbox 170 542 991 579; baseline 0 -8"><span class='ocrx_word' id='word_1_44' title='bbox 170 577 172 579; x_wconf 26' lang='grc' dir='ltr'>Ι</span> <span class='ocrx_word' id='word_1_45' title='bbox 210 542 306 572; x_wconf 82' lang='lat' dir='ltr'><strong>Tertio</strong></span> <span class='ocrx_word' id='word_1_46' title='bbox 320 545 440 572; x_wconf 81' lang='lat' dir='ltr'><strong>notatur</strong></span> <span class='ocrx_word' id='word_1_47' title='bbox 454 543 574 572; x_wconf 85' lang='lat' dir='ltr'>visionis</span> <span class='ocrx_word' id='word_1_48' title='bbox 587 542 756 579; x_wconf 79' lang='lat' dir='ltr'><strong>objectum,</strong></span> <span class='ocrx_word' id='word_1_49' title='bbox 771 551 841 571; x_wconf 87' lang='lat' dir='ltr'><strong>eum</strong></span> <span class='ocrx_word' id='word_1_50' title='bbox 860 542 968 572; x_wconf 83' lang='lat' dir='ltr'><strong>dieitur</strong></span> <span class='ocrx_word' id='word_1_51' title='bbox 984 553 991 572; x_wconf 86' lang='lat'><strong>:</strong></span> 
     </span>
     <span class='ocr_line' id='line_1_8' title="bbox 212 589 991 627; baseline 0 -9"><span class='ocrx_word' id='word_1_52' title='bbox 212 590 278 623; x_wconf 81' lang='lat' dir='ltr'><strong>Quae</strong></span> <span class='ocrx_word' id='word_1_53' title='bbox 298 597 344 618; x_wconf 81' lang='lat' dir='ltr'><strong>uos</strong></span> <span class='ocrx_word' id='word_1_54' title='bbox 359 590 471 618; x_wconf 77' lang='lat' dir='ltr'><strong>videtis.</strong></span> <span class='ocrx_word' id='word_1_55' title='bbox 492 591 615 618; x_wconf 76' lang='lat' dir='ltr'><strong>Notatur</strong></span> <span class='ocrx_word' id='word_1_56' title='bbox 636 590 726 618; x_wconf 80' lang='lat' dir='ltr'><strong>etiam</strong></span> <span class='ocrx_word' id='word_1_57' title='bbox 741 592 848 627; x_wconf 82' lang='lat' dir='ltr'><strong>quarto</strong></span> <span class='ocrx_word' id='word_1_58' title='bbox 862 589 931 619; x_wconf 87' lang='lat' dir='ltr'><strong>loeo</strong></span> <span class='ocrx_word' id='word_1_59' title='bbox 944 590 991 618; x_wconf 90' lang='lat' dir='ltr'><strong>vi-</strong></span> 
     </span>
     <span class='ocr_line' id='line_1_9' title="bbox 212 635 990 674; baseline 0.003 -10"><span class='ocrx_word' id='word_1_60' title='bbox 212 635 304 665; x_wconf 81' lang='lat' dir='ltr'>sionis</span> <span class='ocrx_word' id='word_1_61' title='bbox 317 636 486 673; x_wconf 55' lang='lat' dir='ltr'><strong>praemhm,</strong></span> <span class='ocrx_word' id='word_1_62' title='bbox 501 644 571 665; x_wconf 87' lang='lat' dir='ltr'><strong>eum</strong></span> <span class='ocrx_word' id='word_1_63' title='bbox 585 636 694 666; x_wconf 85' lang='lat' dir='ltr'><strong>dicitur</strong></span> <span class='ocrx_word' id='word_1_64' title='bbox 710 646 716 665; x_wconf 93' lang='lat'>:</span> <span class='ocrx_word' id='word_1_65' title='bbox 733 639 822 666; x_wconf 77' lang='lat' dir='ltr'><strong>Beati.</strong></span> <span class='ocrx_word' id='word_1_66' title='bbox 835 639 905 666; x_wconf 77' lang='lat' dir='ltr'><strong>&#39;rota</strong></span> <span class='ocrx_word' id='word_1_67' title='bbox 917 645 990 674; x_wconf 83' lang='lat' dir='ltr'><strong>ergo</strong></span> 
     </span>
     <span class='ocr_line' id='line_1_10' title="bbox 209 683 991 720; baseline 0.001 -8"><span class='ocrx_word' id='word_1_68' title='bbox 209 683 334 712; x_wconf 87' lang='lat' dir='ltr'><strong>intentio</strong></span> <span class='ocrx_word' id='word_1_69' title='bbox 348 683 432 712; x_wconf 83' lang='lat' dir='ltr'><strong>verbi</strong></span> <span class='ocrx_word' id='word_1_70' title='bbox 447 683 592 720; x_wconf 81' lang='lat' dir='ltr'><strong>propositi</strong></span> <span class='ocrx_word' id='word_1_71' title='bbox 607 683 731 712; x_wconf 86' lang='lat' dir='ltr'><strong>vertitur</strong></span> <span class='ocrx_word' id='word_1_72' title='bbox 750 684 828 713; x_wconf 81' lang='lat' dir='ltr'><strong>cirea</strong></span> <span class='ocrx_word' id='word_1_73' title='bbox 845 684 991 713; x_wconf 85' lang='lat' dir='ltr'><strong>visionem</strong></span> 
     </span>
     <span class='ocr_line' id='line_1_11' title="bbox 210 730 992 762; baseline 0.004 -4"><span class='ocrx_word' id='word_1_74' title='bbox 210 730 299 759; x_wconf 81' lang='lat' dir='ltr'><strong>Verbi</strong></span> <span class='ocrx_word' id='word_1_75' title='bbox 314 730 459 759; x_wconf 80' lang='lat' dir='ltr'><strong>incarnati</strong></span> <span class='ocrx_word' id='word_1_76' title='bbox 476 739 483 758; x_wconf 76' lang='grc' dir='ltr'><strong><em>ι</em></strong></span> <span class='ocrx_word' id='word_1_77' title='bbox 503 738 574 760; x_wconf 82' lang='lat' dir='ltr'><strong>nam</strong></span> <span class='ocrx_word' id='word_1_78' title='bbox 595 739 631 760; x_wconf 87' lang='lat' dir='ltr'><strong>ex</strong></span> <span class='ocrx_word' id='word_1_79' title='bbox 652 731 767 760; x_wconf 83' lang='lat' dir='ltr'><strong>visione</strong></span> <span class='ocrx_word' id='word_1_80' title='bbox 788 731 893 761; x_wconf 86' lang='lat' dir='ltr'><strong>Christi</strong></span> <span class='ocrx_word' id='word_1_81' title='bbox 912 732 992 762; x_wconf 86' lang='lat' dir='ltr'><strong>dice-</strong></span> 
     </span>
     <span class='ocr_line' id='line_1_12' title="bbox 210 777 990 816; baseline 0.003 -10"><span class='ocrx_word' id='word_1_82' title='bbox 210 777 320 806; x_wconf 85' lang='lat' dir='ltr'><strong>bantur</strong></span> <span class='ocrx_word' id='word_1_83' title='bbox 343 777 476 814; x_wconf 82' lang='lat' dir='ltr'><strong>Apostoli</strong></span> <span class='ocrx_word' id='word_1_84' title='bbox 497 786 560 806; x_wconf 88' lang='lat' dir='ltr'><strong>esse</strong></span> <span class='ocrx_word' id='word_1_85' title='bbox 584 778 664 807; x_wconf 84' lang='lat' dir='ltr'><strong>beati</strong></span> <span class='ocrx_word' id='word_1_86' title='bbox 688 779 823 816; x_wconf 83' lang='lat' dir='ltr'><strong>quodam</strong></span> <span class='ocrx_word' id='word_1_87' title='bbox 848 779 940 808; x_wconf 87' lang='lat' dir='ltr'><strong>modo</strong></span> <span class='ocrx_word' id='word_1_88' title='bbox 961 779 990 808; x_wconf 92' lang='lat' dir='ltr'><strong>in</strong></span> 
     </span>
     <span class='ocr_line' id='line_1_13' title="bbox 210 823 990 863; baseline 0.004 -11"><span class='ocrx_word' id='word_1_89' title='bbox 210 823 277 859; x_wconf 87' lang='lat' dir='ltr'><strong>via,</strong></span> <span class='ocrx_word' id='word_1_90' title='bbox 300 824 426 862; x_wconf 83' lang='lat' dir='ltr'><strong>perfecte</strong></span> <span class='ocrx_word' id='word_1_91' title='bbox 450 824 639 854; x_wconf 83' lang='lat' dir='ltr'><strong>beatificandi</strong></span> <span class='ocrx_word' id='word_1_92' title='bbox 662 825 692 854; x_wconf 89' lang='lat' dir='ltr'><strong>in</strong></span> <span class='ocrx_word' id='word_1_93' title='bbox 715 826 822 863; x_wconf 84' lang='lat' dir='ltr'><strong>patria.</strong></span> <span class='ocrx_word' id='word_1_94' title='bbox 848 828 895 855; x_wconf 88' lang='lat' dir='ltr'><strong>Est</strong></span> <span class='ocrx_word' id='word_1_95' title='bbox 917 835 990 863; x_wconf 80' lang='lat' dir='ltr'><strong>ergo</strong></span> 
     </span>
     <span class='ocr_line' id='line_1_14' title="bbox 209 871 991 909; baseline 0.005 -10"><span class='ocrx_word' id='word_1_96' title='bbox 209 871 392 907; x_wconf 79' lang='lat' dir='ltr'><strong>notandum,</strong></span> <span class='ocrx_word' id='word_1_97' title='bbox 409 871 643 909; x_wconf 81' lang='lat' dir='ltr'><strong>quadrupliciter</strong></span> <span class='ocrx_word' id='word_1_98' title='bbox 664 874 756 901; x_wconf 88' lang='lat' dir='ltr'><strong>Deum</strong></span> <span class='ocrx_word' id='word_1_99' title='bbox 776 873 878 902; x_wconf 88' lang='lat' dir='ltr'><strong>videre</strong></span> <span class='ocrx_word' id='word_1_100' title='bbox 900 874 991 903; x_wconf 87' lang='lat' dir='ltr'><strong>debe-</strong></span> 
     </span>
     <span class='ocr_line' id='line_1_15' title="bbox 210 919 988 956; baseline 0.005 -10"><span class='ocrx_word' id='word_1_101' title='bbox 210 927 299 947; x_wconf 89' lang='lat' dir='ltr'><strong>mus:</strong></span> <span class='ocrx_word' id='word_1_102' title='bbox 321 919 434 955; x_wconf 90' lang='lat' dir='ltr'><strong>primo‚</strong></span> <span class='ocrx_word' id='word_1_103' title='bbox 456 919 486 947; x_wconf 91' lang='lat' dir='ltr'><strong>in</strong></span> <span class='ocrx_word' id='word_1_104' title='bbox 505 919 650 956; x_wconf 81' lang='lat' dir='ltr'><strong>praesepio</strong></span> <span class='ocrx_word' id='word_1_105' title='bbox 671 921 700 948; x_wconf 89' lang='lat' dir='ltr'><strong>et</strong></span> <span class='ocrx_word' id='word_1_106' title='bbox 718 919 818 954; x_wconf 72' lang='lat' dir='ltr'><strong>l&#39;oeu05</strong></span> <span class='ocrx_word' id='word_1_107' title='bbox 839 921 988 954; x_wconf 85' lang='lat' dir='ltr'><strong>secundo,</strong></span> 
     </span>
     <span class='ocr_line' id='line_1_16' title="bbox 209 966 989 1005; baseline 0.004 -11"><span class='ocrx_word' id='word_1_108' title='bbox 209 966 239 994; x_wconf 90' lang='lat' dir='ltr'><strong>in</strong></span> <span class='ocrx_word' id='word_1_109' title='bbox 255 966 431 1002; x_wconf 81' lang='lat' dir='ltr'><strong>coenaeu103</strong></span> <span class='ocrx_word' id='word_1_110' title='bbox 448 967 548 1002; x_wconf 87' lang='lat' dir='ltr'><strong>tertio,</strong></span> <span class='ocrx_word' id='word_1_111' title='bbox 562 967 593 996; x_wconf 93' lang='lat' dir='ltr'><strong>in</strong></span> <span class='ocrx_word' id='word_1_112' title='bbox 607 967 759 1004; x_wconf 83' lang='lat' dir='ltr'><strong>patibu103</strong></span> <span class='ocrx_word' id='word_1_113' title='bbox 776 970 883 1005; x_wconf 84' lang='lat' dir='ltr'><strong>quarto</strong></span> <span class='ocrx_word' id='word_1_114' title='bbox 898 977 971 998; x_wconf 81' lang='lat' dir='ltr'><strong>vero</strong></span> <span class='ocrx_word' id='word_1_115' title='bbox 982 990 989 1002; x_wconf 97' lang='lat'><strong>,</strong></span> 
     </span>
     <span class='ocr_line' id='line_1_17' title="bbox 210 1012 991 1051; baseline 0.005 -10"><span class='ocrx_word' id='word_1_116' title='bbox 210 1012 240 1041; x_wconf 90' lang='lat' dir='ltr'><strong>in</strong></span> <span class='ocrx_word' id='word_1_117' title='bbox 255 1012 330 1042; x_wconf 88' lang='lat' dir='ltr'><strong>eoelo</strong></span> <span class='ocrx_word' id='word_1_118' title='bbox 347 1021 491 1051; x_wconf 73' lang='lat' dir='ltr'><strong>empyreo</strong></span> <span class='ocrx_word' id='word_1_119' title='bbox 507 1023 514 1042; x_wconf 73' lang='grc' dir='ltr'><strong>ε</strong></span> <span class='ocrx_word' id='word_1_120' title='bbox 534 1015 614 1044; x_wconf 85' lang='lat' dir='ltr'><strong>utsie</strong></span> <span class='ocrx_word' id='word_1_121' title='bbox 627 1023 696 1043; x_wconf 86' lang='lat' dir='ltr'><strong>eum</strong></span> <span class='ocrx_word' id='word_1_122' title='bbox 710 1015 878 1051; x_wconf 82' lang='lat' dir='ltr'><strong>videamus,</strong></span> <span class='ocrx_word' id='word_1_123' title='bbox 893 1016 922 1044; x_wconf 91' lang='lat' dir='ltr'><strong>in</strong></span> <span class='ocrx_word' id='word_1_124' title='bbox 939 1025 991 1045; x_wconf 67' lang='grc' dir='ltr'><strong>οω-</strong></span> 
     </span>
     <span class='ocr_line' id='line_1_18' title="bbox 210 1060 990 1098; baseline 0.004 -10"><span class='ocrx_word' id='word_1_125' title='bbox 210 1060 320 1088; x_wconf 82' lang='lat' dir='ltr'><strong>naeulo</strong></span> <span class='ocrx_word' id='word_1_126' title='bbox 334 1060 426 1097; x_wconf 85' lang='lat' dir='ltr'><strong>pedes</strong></span> <span class='ocrx_word' id='word_1_127' title='bbox 439 1061 655 1098; x_wconf 90' lang='lat' dir='ltr'><strong>discipulorum</strong></span> <span class='ocrx_word' id='word_1_128' title='bbox 665 1061 816 1091; x_wconf 90' lang='lat' dir='ltr'><strong>humiliter</strong></span> <span class='ocrx_word' id='word_1_129' title='bbox 827 1063 990 1095; x_wconf 80' lang='lat' dir='ltr'><strong>lavantem,</strong></span> 
     </span>
     <span class='ocr_line' id='line_1_19' title="bbox 209 1107 990 1146; baseline 0.006 -12"><span class='ocrx_word' id='word_1_130' title='bbox 209 1107 240 1134; x_wconf 89' lang='lat' dir='ltr'><strong>in</strong></span> <span class='ocrx_word' id='word_1_131' title='bbox 262 1107 342 1136; x_wconf 63' lang='lat' dir='ltr'><strong>Ioeno</strong></span> <span class='ocrx_word' id='word_1_132' title='bbox 364 1107 572 1137; x_wconf 83' lang='lat' dir='ltr'><strong>miserabiliter</strong></span> <span class='ocrx_word' id='word_1_133' title='bbox 594 1109 778 1145; x_wconf 81' lang='lat' dir='ltr'><strong>vagientem,</strong></span> <span class='ocrx_word' id='word_1_134' title='bbox 801 1110 832 1138; x_wconf 89' lang='lat' dir='ltr'><strong>in</strong></span> <span class='ocrx_word' id='word_1_135' title='bbox 855 1110 990 1146; x_wconf 85' lang='lat' dir='ltr'><strong>patibulo</strong></span> 
     </span>
     <span class='ocr_line' id='line_1_20' title="bbox 209 1154 990 1190; baseline 0.004 -8"><span class='ocrx_word' id='word_1_136' title='bbox 209 1154 365 1190; x_wconf 85' lang='lat' dir='ltr'><strong>poenaliter</strong></span> <span class='ocrx_word' id='word_1_137' title='bbox 377 1155 565 1190; x_wconf 85' lang='lat' dir='ltr'><strong>morientem,</strong></span> <span class='ocrx_word' id='word_1_138' title='bbox 576 1158 604 1184; x_wconf 89' lang='lat' dir='ltr'><strong>et</strong></span> <span class='ocrx_word' id='word_1_139' title='bbox 618 1155 774 1184; x_wconf 82' lang='lat' dir='ltr'><strong>videamus</strong></span> <span class='ocrx_word' id='word_1_140' title='bbox 789 1157 818 1185; x_wconf 87' lang='lat' dir='ltr'><strong>in</strong></span> <span class='ocrx_word' id='word_1_141' title='bbox 833 1157 910 1185; x_wconf 85' lang='lat' dir='ltr'><strong>solio</strong></span> <span class='ocrx_word' id='word_1_142' title='bbox 921 1165 990 1185; x_wconf 87' lang='lat' dir='ltr'><strong>eum</strong></span> 
     </span>
     <span class='ocr_line' id='line_1_21' title="bbox 209 1200 990 1238; baseline 0.005 -10"><span class='ocrx_word' id='word_1_143' title='bbox 209 1200 375 1229; x_wconf 84' lang='lat' dir='ltr'><strong>sublimiter</strong></span> <span class='ocrx_word' id='word_1_144' title='bbox 406 1202 625 1238; x_wconf 68' lang='lat' dir='ltr'><strong>praesidentem.</strong></span> <span class='ocrx_word' id='word_1_145' title='bbox 659 1204 731 1231; x_wconf 81' lang='lat' dir='ltr'><strong>Num</strong></span> <span class='ocrx_word' id='word_1_146' title='bbox 769 1203 844 1232; x_wconf 84' lang='lat' dir='ltr'><strong>visio</strong></span> <span class='ocrx_word' id='word_1_147' title='bbox 881 1203 990 1232; x_wconf 77' lang='lat' dir='ltr'><strong>stabuli</strong></span> 
     </span>
     <span class='ocr_line' id='line_1_22' title="bbox 209 1247 990 1287; baseline 0.005 -12"><span class='ocrx_word' id='word_1_148' title='bbox 209 1247 380 1284; x_wconf 82' lang='lat' dir='ltr'><strong>exemplum</strong></span> <span class='ocrx_word' id='word_1_149' title='bbox 395 1248 448 1277; x_wconf 82' lang='lat' dir='ltr'><strong>fuit</strong></span> <span class='ocrx_word' id='word_1_150' title='bbox 463 1249 611 1278; x_wconf 83' lang='lat' dir='ltr'><strong>altissimoe</strong></span> <span class='ocrx_word' id='word_1_151' title='bbox 625 1250 822 1287; x_wconf 80' lang='lat' dir='ltr'><strong>paupertatis;</strong></span> <span class='ocrx_word' id='word_1_152' title='bbox 842 1250 917 1279; x_wconf 77' lang='lat' dir='ltr'><strong>visio</strong></span> <span class='ocrx_word' id='word_1_153' title='bbox 933 1259 990 1279; x_wconf 89' lang='lat' dir='ltr'><strong>coe-</strong></span> 
     </span>
     <span class='ocr_line' id='line_1_23' title="bbox 209 1294 989 1333; baseline 0.005 -11"><span class='ocrx_word' id='word_1_154' title='bbox 209 1294 308 1322; x_wconf 84' lang='lat' dir='ltr'><strong>naculi</strong></span> <span class='ocrx_word' id='word_1_155' title='bbox 323 1294 377 1323; x_wconf 82' lang='lat' dir='ltr'><strong>fuit</strong></span> <span class='ocrx_word' id='word_1_156' title='bbox 391 1296 562 1333; x_wconf 83' lang='lat' dir='ltr'><strong>exemplum</strong></span> <span class='ocrx_word' id='word_1_157' title='bbox 579 1297 818 1332; x_wconf 64' lang='lat' dir='ltr'><strong>profundissime</strong></span> <span class='ocrx_word' id='word_1_158' title='bbox 836 1298 989 1326; x_wconf 87' lang='lat' dir='ltr'><strong>humilita-</strong></span> 
     </span>
     <span class='ocr_line' id='line_1_24' title="bbox 210 1341 989 1381; baseline 0.004 -12"><span class='ocrx_word' id='word_1_159' title='bbox 210 1341 259 1377; x_wconf 76' lang='lat' dir='ltr'><strong>tis5</strong></span> <span class='ocrx_word' id='word_1_160' title='bbox 272 1341 347 1370; x_wconf 87' lang='lat' dir='ltr'><strong>visio</strong></span> <span class='ocrx_word' id='word_1_161' title='bbox 362 1343 488 1379; x_wconf 71' lang='lat' dir='ltr'><strong>poenalis</strong></span> <span class='ocrx_word' id='word_1_162' title='bbox 503 1344 640 1380; x_wconf 81' lang='lat' dir='ltr'><strong>supplicii</strong></span> <span class='ocrx_word' id='word_1_163' title='bbox 655 1347 697 1372; x_wconf 86' lang='lat' dir='ltr'><strong>est</strong></span> <span class='ocrx_word' id='word_1_164' title='bbox 715 1345 888 1381; x_wconf 78' lang='lat' dir='ltr'><strong>exemplum</strong></span> <span class='ocrx_word' id='word_1_165' title='bbox 909 1346 989 1374; x_wconf 82' lang='lat' dir='ltr'><strong>altis-</strong></span> 
     </span>
     <span class='ocr_line' id='line_1_25' title="bbox 209 1388 988 1429; baseline 0.005 -13"><span class='ocrx_word' id='word_1_166' title='bbox 209 1388 290 1416; x_wconf 84' lang='lat' dir='ltr'><strong>simae</strong></span> <span class='ocrx_word' id='word_1_167' title='bbox 313 1389 479 1425; x_wconf 82' lang='lat' dir='ltr'><strong>charitatis;</strong></span> <span class='ocrx_word' id='word_1_168' title='bbox 504 1390 556 1418; x_wconf 90' lang='lat' dir='ltr'><strong>sed</strong></span> <span class='ocrx_word' id='word_1_169' title='bbox 579 1391 644 1419; x_wconf 88' lang='lat' dir='ltr'><strong>solii</strong></span> <span class='ocrx_word' id='word_1_170' title='bbox 667 1391 742 1419; x_wconf 80' lang='lat' dir='ltr'><strong>visio</strong></span> <span class='ocrx_word' id='word_1_171' title='bbox 757 1394 799 1420; x_wconf 89' lang='lat' dir='ltr'><strong>est</strong></span> <span class='ocrx_word' id='word_1_172' title='bbox 815 1392 988 1429; x_wconf 81' lang='lat' dir='ltr'><strong>exemplum</strong></span> 
     </span>
     <span class='ocr_line' id='line_1_26' title="bbox 209 1435 639 1473; baseline 0.005 -10"><span class='ocrx_word' id='word_1_173' title='bbox 209 1435 462 1464; x_wconf 66' lang='lat' dir='ltr'><strong>excellentissimae</strong></span> <span class='ocrx_word' id='word_1_174' title='bbox 480 1437 639 1473; x_wconf 83' lang='lat' dir='ltr'><strong>potestatis.</strong></span> 
     </span>
    </p>

    <p class='ocr_par' dir='ltr' id='par_1_3' title="bbox 206 1483 990 2650">
     <span class='ocr_line' id='line_1_27' title="bbox 245 1483 990 1521; baseline 0.007 -11"><span class='ocrx_word' id='word_1_175' title='bbox 245 1483 381 1511; x_wconf 83' lang='lat' dir='ltr'><strong>Dicamus</strong></span> <span class='ocrx_word' id='word_1_176' title='bbox 401 1492 474 1520; x_wconf 79' lang='lat' dir='ltr'><strong>ergo</strong></span> <span class='ocrx_word' id='word_1_177' title='bbox 493 1484 606 1521; x_wconf 88' lang='lat' dir='ltr'><strong>primo,</strong></span> <span class='ocrx_word' id='word_1_178' title='bbox 629 1485 712 1521; x_wconf 83' lang='lat' dir='ltr'><strong>quod</strong></span> <span class='ocrx_word' id='word_1_179' title='bbox 735 1485 880 1514; x_wconf 79' lang='lat' dir='ltr'><strong>Clu-istum</strong></span> <span class='ocrx_word' id='word_1_180' title='bbox 900 1486 990 1515; x_wconf 88' lang='lat' dir='ltr'><strong>debe-</strong></span> 
     </span>
     <span class='ocr_line' id='line_1_28' title="bbox 208 1530 987 1569; baseline 0.006 -12"><span class='ocrx_word' id='word_1_181' title='bbox 208 1538 275 1558; x_wconf 87' lang='lat' dir='ltr'><strong>mus</strong></span> <span class='ocrx_word' id='word_1_182' title='bbox 289 1530 390 1559; x_wconf 89' lang='lat' dir='ltr'><strong>videre</strong></span> <span class='ocrx_word' id='word_1_183' title='bbox 414 1531 443 1559; x_wconf 91' lang='lat' dir='ltr'><strong>in</strong></span> <span class='ocrx_word' id='word_1_184' title='bbox 468 1532 612 1568; x_wconf 71' lang='lat' dir='ltr'><strong>praesepio</strong></span> <span class='ocrx_word' id='word_1_185' title='bbox 634 1533 842 1561; x_wconf 81' lang='lat' dir='ltr'><strong>miserabiliter</strong></span> <span class='ocrx_word' id='word_1_186' title='bbox 867 1534 987 1569; x_wconf 75' lang='lat' dir='ltr'><strong>vagien-</strong></span> 
     </span>
     <span class='ocr_line' id='line_1_29' title="bbox 209 1577 987 1616; baseline 0.006 -12"><span class='ocrx_word' id='word_1_187' title='bbox 209 1579 282 1610; x_wconf 87' lang='lat' dir='ltr'><strong>tem,</strong></span> <span class='ocrx_word' id='word_1_188' title='bbox 305 1577 335 1605; x_wconf 91' lang='lat' dir='ltr'><strong>iu</strong></span> <span class='ocrx_word' id='word_1_189' title='bbox 358 1578 476 1614; x_wconf 81' lang='lat' dir='ltr'><strong>signum</strong></span> <span class='ocrx_word' id='word_1_190' title='bbox 499 1578 647 1607; x_wconf 77' lang='lat' dir='ltr'><strong>altissimm</strong></span> <span class='ocrx_word' id='word_1_191' title='bbox 674 1581 865 1616; x_wconf 78' lang='lat' dir='ltr'><strong>paupertatis.</strong></span> <span class='ocrx_word' id='word_1_192' title='bbox 890 1581 987 1616; x_wconf 83' lang='lat' dir='ltr'><strong>Unde,</strong></span> 
     </span>
     <span class='ocr_line' id='line_1_30' title="bbox 207 1623 988 1660; baseline 0.006 -9"><span class='ocrx_word' id='word_1_193' title='bbox 207 1623 310 1652; x_wconf 77' lang='lat' dir='ltr'><strong>fratres</strong></span> <span class='ocrx_word' id='word_1_194' title='bbox 325 1624 499 1660; x_wconf 75' lang='lat' dir='ltr'><strong>charissimi,</strong></span> <span class='ocrx_word' id='word_1_195' title='bbox 516 1626 668 1654; x_wconf 78' lang='lat' dir='ltr'><strong>flectamus</strong></span> <span class='ocrx_word' id='word_1_196' title='bbox 681 1627 784 1655; x_wconf 86' lang='lat' dir='ltr'><strong>oculos</strong></span> <span class='ocrx_word' id='word_1_197' title='bbox 802 1628 900 1656; x_wconf 79' lang='lat' dir='ltr'><strong>cordis</strong></span> <span class='ocrx_word' id='word_1_198' title='bbox 921 1637 988 1656; x_wconf 85' lang='lat' dir='ltr'><strong>nos-</strong></span> 
     </span>
     <span class='ocr_line' id='line_1_31' title="bbox 207 1671 987 1711; baseline 0.004 -12"><span class='ocrx_word' id='word_1_199' title='bbox 207 1672 252 1704; x_wconf 84' lang='lat' dir='ltr'><strong>tri,</strong></span> <span class='ocrx_word' id='word_1_200' title='bbox 269 1671 307 1699; x_wconf 84' lang='lat' dir='ltr'><strong>ad</strong></span> <span class='ocrx_word' id='word_1_201' title='bbox 330 1672 494 1700; x_wconf 84' lang='lat' dir='ltr'><strong>videndum</strong></span> <span class='ocrx_word' id='word_1_202' title='bbox 519 1676 724 1709; x_wconf 83' lang='lat' dir='ltr'><strong>paupertatem</strong></span> <span class='ocrx_word' id='word_1_203' title='bbox 750 1675 868 1708; x_wconf 76' lang='lat' dir='ltr'><strong>Christi,</strong></span> <span class='ocrx_word' id='word_1_204' title='bbox 892 1675 954 1711; x_wconf 76' lang='lat' dir='ltr'><strong>qui,</strong></span> <span class='ocrx_word' id='word_1_205' title='bbox 981 1676 987 1691; x_wconf 89' lang='lat'><strong>¹</strong></span> 
     </span>
     <span class='ocr_line' id='line_1_32' title="bbox 209 1715 989 1757; baseline 0.005 -11"><span class='ocrx_word' id='word_1_206' title='bbox 209 1730 222 1743; x_wconf 78' lang='grc' dir='ltr'><strong>«ι</strong></span> <span class='ocrx_word' id='word_1_207' title='bbox 236 1727 304 1746; x_wconf 87' lang='lat' dir='ltr'><strong>cum</strong></span> <span class='ocrx_word' id='word_1_208' title='bbox 325 1722 398 1747; x_wconf 81' lang='lat' dir='ltr'><strong>esset</strong></span> <span class='ocrx_word' id='word_1_209' title='bbox 419 1719 518 1754; x_wconf 76' lang='lat' dir='ltr'><strong>dives,</strong></span> <span class='ocrx_word' id='word_1_210' title='bbox 543 1724 664 1756; x_wconf 89' lang='lat' dir='ltr'><strong>propter</strong></span> <span class='ocrx_word' id='word_1_211' title='bbox 689 1730 743 1749; x_wconf 89' lang='lat' dir='ltr'><strong>nos</strong></span> <span class='ocrx_word' id='word_1_212' title='bbox 762 1730 873 1757; x_wconf 73' lang='lat' dir='ltr'><strong>egenus</strong></span> <span class='ocrx_word' id='word_1_213' title='bbox 886 1715 989 1750; x_wconf 69' lang='lat' dir='ltr'><strong>&#39;factus</strong></span> 
     </span>
     <span class='ocr_line' id='line_1_33' title="bbox 206 1766 987 1802; baseline 0.006 -9"><span class='ocrx_word' id='word_1_214' title='bbox 206 1768 265 1800; x_wconf 88' lang='lat' dir='ltr'><strong>est,</strong></span> <span class='ocrx_word' id='word_1_215' title='bbox 287 1767 318 1793; x_wconf 92' lang='lat' dir='ltr'><strong>ut</strong></span> <span class='ocrx_word' id='word_1_216' title='bbox 339 1766 418 1794; x_wconf 79' lang='lat' dir='ltr'><strong>illius</strong></span> <span class='ocrx_word' id='word_1_217' title='bbox 440 1767 542 1802; x_wconf 83' lang='lat' dir='ltr'><strong>inopia</strong></span> <span class='ocrx_word' id='word_1_218' title='bbox 567 1767 673 1796; x_wconf 82' lang='lat' dir='ltr'><strong>divites</strong></span> <span class='ocrx_word' id='word_1_219' title='bbox 695 1776 749 1795; x_wconf 82' lang='lat' dir='ltr'><strong>nos</strong></span> <span class='ocrx_word' id='word_1_220' title='bbox 772 1777 911 1796; x_wconf 57' lang='lat' dir='ltr'><strong>essemus:</strong></span> <span class='ocrx_word' id='word_1_221' title='bbox 935 1781 947 1794; x_wconf 75' lang='grc' dir='ltr'><strong>υ</strong></span> <span class='ocrx_word' id='word_1_222' title='bbox 966 1772 987 1798; x_wconf 90' lang='grc' dir='ltr'>Ο</span> 
     </span>
     <span class='ocr_line' id='line_1_34' title="bbox 206 1813 986 1849; baseline 0.005 -9"><span class='ocrx_word' id='word_1_223' title='bbox 206 1814 280 1840; x_wconf 89' lang='lat' dir='ltr'><strong>Deus</strong></span> <span class='ocrx_word' id='word_1_224' title='bbox 295 1816 412 1848; x_wconf 68' lang='lat' dir='ltr'><strong>aeterne,</strong></span> <span class='ocrx_word' id='word_1_225' title='bbox 429 1813 503 1849; x_wconf 89' lang='lat' dir='ltr'><strong>quid</strong></span> <span class='ocrx_word' id='word_1_226' title='bbox 517 1813 571 1842; x_wconf 82' lang='lat' dir='ltr'><strong>fuit</strong></span> <span class='ocrx_word' id='word_1_227' title='bbox 586 1814 686 1842; x_wconf 85' lang='lat' dir='ltr'><strong>videre</strong></span> <span class='ocrx_word' id='word_1_228' title='bbox 701 1815 804 1843; x_wconf 78' lang='lat' dir='ltr'><strong>Filium</strong></span> <span class='ocrx_word' id='word_1_229' title='bbox 821 1818 903 1844; x_wconf 88' lang='lat' dir='ltr'><strong>tuum</strong></span> <span class='ocrx_word' id='word_1_230' title='bbox 920 1817 986 1844; x_wconf 93' lang='lat' dir='ltr'><strong>uni-</strong></span> 
     </span>
     <span class='ocr_line' id='line_1_35' title="bbox 206 1860 988 1898; baseline 0.004 -11"><span class='ocrx_word' id='word_1_231' title='bbox 206 1860 355 1895; x_wconf 83' lang='lat' dir='ltr'><strong>genitum,</strong></span> <span class='ocrx_word' id='word_1_232' title='bbox 372 1862 482 1896; x_wconf 80' lang='lat' dir='ltr'><strong>Regem</strong></span> <span class='ocrx_word' id='word_1_233' title='bbox 498 1863 525 1889; x_wconf 90' lang='lat' dir='ltr'><strong>et</strong></span> <span class='ocrx_word' id='word_1_234' title='bbox 541 1861 682 1889; x_wconf 81' lang='lat' dir='ltr'><strong>faetorem</strong></span> <span class='ocrx_word' id='word_1_235' title='bbox 706 1863 865 1898; x_wconf 73' lang='lat' dir='ltr'><strong>cmlorum,</strong></span> <span class='ocrx_word' id='word_1_236' title='bbox 882 1866 910 1891; x_wconf 89' lang='lat' dir='ltr'><strong>et</strong></span> <span class='ocrx_word' id='word_1_237' title='bbox 930 1872 988 1891; x_wconf 77' lang='lat' dir='ltr'><strong>cw-</strong></span> 
     </span>
     <span class='ocr_line' id='line_1_36' title="bbox 207 1906 988 1944; baseline 0.006 -10"><span class='ocrx_word' id='word_1_238' title='bbox 207 1906 324 1935; x_wconf 88' lang='lat' dir='ltr'><strong>lestium</strong></span> <span class='ocrx_word' id='word_1_239' title='bbox 350 1907 485 1935; x_wconf 87' lang='lat' dir='ltr'><strong>omnium</strong></span> <span class='ocrx_word' id='word_1_240' title='bbox 511 1908 706 1944; x_wconf 78' lang='lat' dir='ltr'><strong>angelornm,</strong></span> <span class='ocrx_word' id='word_1_241' title='bbox 734 1910 763 1937; x_wconf 93' lang='lat' dir='ltr'><strong>in</strong></span> <span class='ocrx_word' id='word_1_242' title='bbox 790 1919 849 1938; x_wconf 85' lang='lat' dir='ltr'><strong>una</strong></span> <span class='ocrx_word' id='word_1_243' title='bbox 873 1911 988 1939; x_wconf 80' lang='lat' dir='ltr'><strong>civitate</strong></span> 
     </span>
     <span class='ocr_line' id='line_1_37' title="bbox 207 1954 988 1993; baseline 0.005 -12"><span class='ocrx_word' id='word_1_244' title='bbox 207 1962 268 1982; x_wconf 90' lang='lat' dir='ltr'><strong>non</strong></span> <span class='ocrx_word' id='word_1_245' title='bbox 286 1954 430 1982; x_wconf 84' lang='lat' dir='ltr'><strong>invenisse</strong></span> <span class='ocrx_word' id='word_1_246' title='bbox 447 1955 588 1990; x_wconf 83' lang='lat' dir='ltr'><strong>domuin,</strong></span> <span class='ocrx_word' id='word_1_247' title='bbox 605 1956 658 1983; x_wconf 86' lang='lat' dir='ltr'><strong>sed</strong></span> <span class='ocrx_word' id='word_1_248' title='bbox 673 1965 727 1992; x_wconf 88' lang='lat' dir='ltr'><strong>pro</strong></span> <span class='ocrx_word' id='word_1_249' title='bbox 751 1957 843 1985; x_wconf 89' lang='lat' dir='ltr'><strong>domo</strong></span> <span class='ocrx_word' id='word_1_250' title='bbox 866 1957 988 1993; x_wconf 76' lang='lat' dir='ltr'><strong>elegisse</strong></span> 
     </span>
     <span class='ocr_line' id='line_1_38' title="bbox 207 2001 988 2037; baseline 0.005 -10"><span class='ocrx_word' id='word_1_251' title='bbox 207 2001 358 2029; x_wconf 82' lang='lat' dir='ltr'><strong>stabulum</strong></span> <span class='ocrx_word' id='word_1_252' title='bbox 379 2002 602 2036; x_wconf 72' lang='lat' dir='ltr'><strong>jumentorum?</strong></span> <span class='ocrx_word' id='word_1_253' title='bbox 622 2003 698 2037; x_wconf 83' lang='lat' dir='ltr'><strong>Quid</strong></span> <span class='ocrx_word' id='word_1_254' title='bbox 715 2005 803 2032; x_wconf 85' lang='lat' dir='ltr'><strong>etiam</strong></span> <span class='ocrx_word' id='word_1_255' title='bbox 820 2005 871 2033; x_wconf 80' lang='lat' dir='ltr'><strong>fnit</strong></span> <span class='ocrx_word' id='word_1_256' title='bbox 888 2005 988 2033; x_wconf 74' lang='lat' dir='ltr'><strong>videre</strong></span> 
     </span>
     <span class='ocr_line' id='line_1_39' title="bbox 207 2049 988 2088; baseline 0.005 -13"><span class='ocrx_word' id='word_1_257' title='bbox 207 2049 318 2084; x_wconf 78' lang='lat' dir='ltr'><strong>Regem</strong></span> <span class='ocrx_word' id='word_1_258' title='bbox 340 2049 485 2080; x_wconf 78' lang='lat' dir='ltr'><strong>omnium,</strong></span> <span class='ocrx_word' id='word_1_259' title='bbox 509 2052 537 2077; x_wconf 83' lang='lat' dir='ltr'><strong>et</strong></span> <span class='ocrx_word' id='word_1_260' title='bbox 563 2052 651 2078; x_wconf 68' lang='lat' dir='ltr'><strong>tit-nin</strong></span> <span class='ocrx_word' id='word_1_261' title='bbox 674 2051 798 2079; x_wconf 79' lang='lat' dir='ltr'><strong>deorum</strong></span> <span class='ocrx_word' id='word_1_262' title='bbox 821 2052 917 2088; x_wconf 78' lang='lat' dir='ltr'><strong>ipsum</strong></span> <span class='ocrx_word' id='word_1_263' title='bbox 932 2074 938 2086; x_wconf 90' lang='lat'><em>‚</em></span> <span class='ocrx_word' id='word_1_264' title='bbox 959 2053 988 2080; x_wconf 92' lang='lat' dir='ltr'><strong>in</strong></span> 
     </span>
     <span class='ocr_line' id='line_1_40' title="bbox 208 2095 990 2132; baseline 0.005 -9"><span class='ocrx_word' id='word_1_265' title='bbox 208 2095 326 2123; x_wconf 86' lang='lat' dir='ltr'><strong>stabulo</strong></span> <span class='ocrx_word' id='word_1_266' title='bbox 355 2104 414 2123; x_wconf 73' lang='lat' dir='ltr'><strong>non</strong></span> <span class='ocrx_word' id='word_1_267' title='bbox 445 2096 583 2125; x_wconf 71' lang='lat' dir='ltr'><strong>habuisse</strong></span> <span class='ocrx_word' id='word_1_268' title='bbox 614 2098 728 2132; x_wconf 83' lang='lat' dir='ltr'><strong>locuni,</strong></span> <span class='ocrx_word' id='word_1_269' title='bbox 758 2099 812 2126; x_wconf 79' lang='lat' dir='ltr'><strong>nisi</strong></span> <span class='ocrx_word' id='word_1_270' title='bbox 842 2100 931 2127; x_wconf 69' lang='lat' dir='ltr'><strong>lui-cre</strong></span> <span class='ocrx_word' id='word_1_271' title='bbox 948 2100 990 2127; x_wconf 79' lang='lat' dir='ltr'><strong>ri-</strong></span> 
     </span>
     <span class='ocr_line' id='line_1_41' title="bbox 209 2142 989 2179; baseline 0.006 -10"><span class='ocrx_word' id='word_1_272' title='bbox 209 2142 296 2178; x_wconf 88' lang='lat' dir='ltr'><strong>leque</strong></span> <span class='ocrx_word' id='word_1_273' title='bbox 313 2144 509 2179; x_wconf 74' lang='lat' dir='ltr'><strong>priesepiuiu?</strong></span> <span class='ocrx_word' id='word_1_274' title='bbox 523 2144 599 2178; x_wconf 84' lang='lat' dir='ltr'><strong>Quid</strong></span> <span class='ocrx_word' id='word_1_275' title='bbox 615 2145 724 2173; x_wconf 83' lang='lat' dir='ltr'><strong>deinde</strong></span> <span class='ocrx_word' id='word_1_276' title='bbox 740 2146 793 2173; x_wconf 80' lang='lat' dir='ltr'><strong>suit</strong></span> <span class='ocrx_word' id='word_1_277' title='bbox 811 2146 911 2174; x_wconf 79' lang='lat' dir='ltr'><strong>videre</strong></span> <span class='ocrx_word' id='word_1_278' title='bbox 935 2149 989 2175; x_wconf 80' lang='lat' dir='ltr'><strong>Re-</strong></span> 
     </span>
     <span class='ocr_line' id='line_1_42' title="bbox 206 2192 989 2226; baseline 0.006 -10"><span class='ocrx_word' id='word_1_279' title='bbox 206 2197 274 2224; x_wconf 84' lang='lat' dir='ltr'><strong>gem</strong></span> <span class='ocrx_word' id='word_1_280' title='bbox 296 2198 462 2224; x_wconf 87' lang='lat' dir='ltr'><strong>summum,</strong></span> <span class='ocrx_word' id='word_1_281' title='bbox 479 2192 561 2226; x_wconf 77' lang='lat' dir='ltr'><strong>cnjus</strong></span> <span class='ocrx_word' id='word_1_282' title='bbox 583 2194 644 2219; x_wconf 79' lang='lat' dir='ltr'><strong>erat</strong></span> <span class='ocrx_word' id='word_1_283' title='bbox 659 2192 806 2220; x_wconf 68' lang='lat' dir='ltr'><strong>stellatum</strong></span> <span class='ocrx_word' id='word_1_284' title='bbox 826 2193 945 2226; x_wconf 78' lang='lat' dir='ltr'><strong>solium,</strong></span> <span class='ocrx_word' id='word_1_285' title='bbox 963 2197 989 2221; x_wconf 71' lang='lat' dir='ltr'><strong>et</strong></span> 
     </span>
     <span class='ocr_line' id='line_1_43' title="bbox 208 2236 990 2274; baseline 0.006 -11"><span class='ocrx_word' id='word_1_286' title='bbox 208 2236 303 2264; x_wconf 87' lang='lat' dir='ltr'><strong>viliter</strong></span> <span class='ocrx_word' id='word_1_287' title='bbox 325 2245 414 2272; x_wconf 78' lang='lat' dir='ltr'><strong>super</strong></span> <span class='ocrx_word' id='word_1_288' title='bbox 433 2238 545 2265; x_wconf 74' lang='lat' dir='ltr'><strong>firnum</strong></span> <span class='ocrx_word' id='word_1_289' title='bbox 561 2239 712 2274; x_wconf 69' lang='lat' dir='ltr'><strong>positum?</strong></span> <span class='ocrx_word' id='word_1_290' title='bbox 728 2240 804 2273; x_wconf 84' lang='lat' dir='ltr'><strong>Quid</strong></span> <span class='ocrx_word' id='word_1_291' title='bbox 820 2240 920 2268; x_wconf 74' lang='lat' dir='ltr'><strong>videre</strong></span> <span class='ocrx_word' id='word_1_292' title='bbox 938 2242 990 2269; x_wconf 81' lang='lat' dir='ltr'><strong>suit</strong></span> 
     </span>
     <span class='ocr_line' id='line_1_44' title="bbox 210 2284 990 2322; baseline 0.006 -12"><span class='ocrx_word' id='word_1_293' title='bbox 210 2285 311 2317; x_wconf 88' lang='lat' dir='ltr'><strong>Deum,</strong></span> <span class='ocrx_word' id='word_1_294' title='bbox 322 2284 493 2312; x_wconf 80' lang='lat' dir='ltr'><strong>universum</strong></span> <span class='ocrx_word' id='word_1_295' title='bbox 509 2285 654 2313; x_wconf 88' lang='lat' dir='ltr'><strong>mundum</strong></span> <span class='ocrx_word' id='word_1_296' title='bbox 672 2288 880 2322; x_wconf 75' lang='lat' dir='ltr'><strong>continentem,</strong></span> <span class='ocrx_word' id='word_1_297' title='bbox 893 2288 990 2315; x_wconf 58' lang='lat' dir='ltr'><strong>stricta</strong></span> 
     </span>
     <span class='ocr_line' id='line_1_45' title="bbox 208 2331 985 2370; baseline 0.004 -12"><span class='ocrx_word' id='word_1_298' title='bbox 208 2331 330 2359; x_wconf 70' lang='lat' dir='ltr'><strong>fasciola</strong></span> <span class='ocrx_word' id='word_1_299' title='bbox 359 2340 422 2359; x_wconf 87' lang='lat' dir='ltr'><strong>esse</strong></span> <span class='ocrx_word' id='word_1_300' title='bbox 451 2333 582 2361; x_wconf 79' lang='lat' dir='ltr'><strong>strictum</strong></span> <span class='ocrx_word' id='word_1_301' title='bbox 594 2355 602 2367; x_wconf 90' lang='lat'><strong>,</strong></span> <span class='ocrx_word' id='word_1_302' title='bbox 632 2337 659 2361; x_wconf 87' lang='lat' dir='ltr'><strong>et</strong></span> <span class='ocrx_word' id='word_1_303' title='bbox 685 2335 850 2370; x_wconf 76' lang='lat' dir='ltr'><strong>panniculis</strong></span> <span class='ocrx_word' id='word_1_304' title='bbox 877 2336 985 2364; x_wconf 72' lang='lat' dir='ltr'><strong>vilibus</strong></span> 
     </span>
     <span class='ocr_line' id='line_1_46' title="bbox 210 2379 988 2417; baseline 0.006 -12"><span class='ocrx_word' id='word_1_305' title='bbox 210 2387 271 2406; x_wconf 78' lang='lat' dir='ltr'><strong>esse</strong></span> <span class='ocrx_word' id='word_1_306' title='bbox 300 2379 466 2407; x_wconf 90' lang='lat' dir='ltr'><strong>involutum</strong></span> <span class='ocrx_word' id='word_1_307' title='bbox 486 2381 499 2406; x_wconf 58' lang='grc' dir='ltr'><strong>ἱ)</strong></span> <span class='ocrx_word' id='word_1_308' title='bbox 521 2380 596 2414; x_wconf 86' lang='lat' dir='ltr'><strong>Quid</strong></span> <span class='ocrx_word' id='word_1_309' title='bbox 628 2381 728 2408; x_wconf 76' lang='lat' dir='ltr'><strong>videre</strong></span> <span class='ocrx_word' id='word_1_310' title='bbox 761 2382 811 2409; x_wconf 83' lang='lat' dir='ltr'><strong>suit</strong></span> <span class='ocrx_word' id='word_1_311' title='bbox 844 2382 988 2417; x_wconf 68' lang='lat' dir='ltr'><strong>gloriam,</strong></span> 
     </span>
     <span class='ocr_line' id='line_1_47' title="bbox 211 2426 988 2464; baseline 0.004 -11"><span class='ocrx_word' id='word_1_312' title='bbox 211 2428 238 2453; x_wconf 88' lang='lat' dir='ltr'><strong>et</strong></span> <span class='ocrx_word' id='word_1_313' title='bbox 252 2426 381 2454; x_wconf 66' lang='lat' dir='ltr'><strong>lzrtitium</strong></span> <span class='ocrx_word' id='word_1_314' title='bbox 404 2426 580 2462; x_wconf 82' lang='lat' dir='ltr'><strong>angelorum</strong></span> <span class='ocrx_word' id='word_1_315' title='bbox 609 2427 717 2455; x_wconf 81' lang='lat' dir='ltr'><strong>utiliter</strong></span> <span class='ocrx_word' id='word_1_316' title='bbox 740 2427 911 2456; x_wconf 75' lang='lat' dir='ltr'><strong>landun‘cni</strong></span> <span class='ocrx_word' id='word_1_317' title='bbox 932 2431 966 2464; x_wconf 51' lang='grc' dir='ltr'><strong>μὴ</strong></span> <span class='ocrx_word' id='word_1_318' title='bbox 981 2451 988 2463; x_wconf 84' lang='grc'><em>,</em></span> 
     </span>
     <span class='ocr_line' id='line_1_48' title="bbox 209 2472 989 2505; baseline 0.008 -6"><span class='ocrx_word' id='word_1_319' title='bbox 209 2472 249 2499; x_wconf 86' lang='lat' dir='ltr'><strong>sie</strong></span> <span class='ocrx_word' id='word_1_320' title='bbox 281 2476 518 2501; x_wconf 82' lang='lat' dir='ltr'><strong>commanentem</strong></span> <span class='ocrx_word' id='word_1_321' title='bbox 548 2475 622 2502; x_wconf 83' lang='lat' dir='ltr'><strong>inter</strong></span> <span class='ocrx_word' id='word_1_322' title='bbox 645 2475 755 2503; x_wconf 72' lang='lat' dir='ltr'><strong>bovem</strong></span> <span class='ocrx_word' id='word_1_323' title='bbox 787 2480 813 2504; x_wconf 86' lang='lat' dir='ltr'><strong>et</strong></span> <span class='ocrx_word' id='word_1_324' title='bbox 849 2477 989 2505; x_wconf 53' lang='lat' dir='ltr'><strong>asinum?</strong></span> 
     </span>
     <span class='ocr_line' id='line_1_49' title="bbox 211 2519 989 2558; baseline 0.005 -12"><span class='ocrx_word' id='word_1_325' title='bbox 211 2520 285 2554; x_wconf 80' lang='lat' dir='ltr'><strong>Ergo</strong></span> <span class='ocrx_word' id='word_1_326' title='bbox 297 2540 303 2552; x_wconf 90' lang='lat'>‚</span> <span class='ocrx_word' id='word_1_327' title='bbox 320 2519 343 2546; x_wconf 76' lang='lat' dir='ltr'><strong>si</strong></span> <span class='ocrx_word' id='word_1_328' title='bbox 359 2520 445 2554; x_wconf 83' lang='lat' dir='ltr'><strong>hujus</strong></span> <span class='ocrx_word' id='word_1_329' title='bbox 463 2521 548 2556; x_wconf 73' lang='lat' dir='ltr'><strong>Regis</strong></span> <span class='ocrx_word' id='word_1_330' title='bbox 566 2522 672 2557; x_wconf 72' lang='lat' dir='ltr'><strong>quaeris</strong></span> <span class='ocrx_word' id='word_1_331' title='bbox 692 2523 851 2558; x_wconf 74' lang='lat' dir='ltr'><strong>palatium,</strong></span> <span class='ocrx_word' id='word_1_332' title='bbox 869 2524 920 2551; x_wconf 86' lang='lat' dir='ltr'><strong>tibi</strong></span> <span class='ocrx_word' id='word_1_333' title='bbox 943 2532 989 2552; x_wconf 81' lang='lat' dir='ltr'><strong>os-</strong></span> 
     </span>
     <span class='ocr_line' id='line_1_50' title="bbox 210 2565 988 2605; baseline 0.009 -13"><span class='ocrx_word' id='word_1_334' title='bbox 210 2565 338 2593; x_wconf 86' lang='lat' dir='ltr'><strong>tenditur</strong></span> <span class='ocrx_word' id='word_1_335' title='bbox 353 2567 512 2594; x_wconf 73' lang='lat' dir='ltr'><strong>stabulum.</strong></span> <span class='ocrx_word' id='word_1_336' title='bbox 531 2569 557 2595; x_wconf 81' lang='lat' dir='ltr'><strong>Si</strong></span> <span class='ocrx_word' id='word_1_337' title='bbox 574 2569 681 2604; x_wconf 63' lang='lat' dir='ltr'><strong>quaeris</strong></span> <span class='ocrx_word' id='word_1_338' title='bbox 696 2570 810 2605; x_wconf 80' lang='lat' dir='ltr'><strong>regium</strong></span> <span class='ocrx_word' id='word_1_339' title='bbox 832 2572 988 2599; x_wconf 80' lang='lat' dir='ltr'><strong>vestimen-</strong></span> 
     </span>
     <span class='ocr_line' id='line_1_51' title="bbox 210 2614 988 2650; baseline 0.009 -11"><span class='ocrx_word' id='word_1_340' title='bbox 210 2614 283 2646; x_wconf 90' lang='lat' dir='ltr'><strong>tum,</strong></span> <span class='ocrx_word' id='word_1_341' title='bbox 297 2621 370 2640; x_wconf 81' lang='lat' dir='ltr'><strong>auro</strong></span> <span class='ocrx_word' id='word_1_342' title='bbox 386 2617 570 2650; x_wconf 80' lang='lat' dir='ltr'><strong>argentoque</strong></span> <span class='ocrx_word' id='word_1_343' title='bbox 587 2618 708 2650; x_wconf 81' lang='lat' dir='ltr'><strong>textum,</strong></span> <span class='ocrx_word' id='word_1_344' title='bbox 720 2620 921 2645; x_wconf 80' lang='lat' dir='ltr'><strong>monstrantur</strong></span> <span class='ocrx_word' id='word_1_345' title='bbox 937 2619 988 2646; x_wconf 91' lang='lat' dir='ltr'><strong>tibi</strong></span> 
     </span>
    </p>
   </div>
   <div class='ocr_carea' id='block_1_3' title="bbox 211 2676 989 2745">
    <p class='ocr_par' dir='ltr' id='par_1_4' title="bbox 211 2676 989 2745">
     <span class='ocr_line' id='line_1_52' title="bbox 242 2676 989 2709; baseline 0.011 -11"><span class='ocrx_word' id='word_1_346' title='bbox 242 2676 248 2691; x_wconf 88' lang='lat'><strong>¹</strong></span> <span class='ocrx_word' id='word_1_347' title='bbox 269 2676 286 2698; x_wconf 90' lang='lat' dir='ltr'><strong>ll</strong></span> <span class='ocrx_word' id='word_1_348' title='bbox 301 2676 367 2704; x_wconf 64' lang='lat' dir='ltr'><strong>Corn,</strong></span> <span class='ocrx_word' id='word_1_349' title='bbox 386 2682 441 2707; x_wconf 67' lang='lat' dir='ltr'><strong>ini,</strong></span> <span class='ocrx_word' id='word_1_350' title='bbox 457 2680 480 2701; x_wconf 75' lang='grc'><strong>9.</strong></span> <span class='ocrx_word' id='word_1_351' title='bbox 495 2679 777 2709; x_wconf 69' lang='lat' dir='ltr'><strong>-—-&#39;&#39;an.,11,1‡j.——</strong></span> <span class='ocrx_word' id='word_1_352' title='bbox 790 2681 799 2696; x_wconf 81' lang='lat'><strong>³</strong></span> <span class='ocrx_word' id='word_1_353' title='bbox 815 2681 914 2709; x_wconf 40' lang='lat' dir='ltr'><strong>illuttlz.y</strong></span> <span class='ocrx_word' id='word_1_354' title='bbox 933 2689 989 2709; x_wconf 75' lang='lat' dir='ltr'><strong>xiii,</strong></span> 
     </span>
     <span class='ocr_line' id='line_1_53' title="bbox 211 2711 788 2745; baseline 0.009 -12"><span class='ocrx_word' id='word_1_355' title='bbox 211 2712 257 2741; x_wconf 69' lang='lat'><strong>20,</strong></span> <span class='ocrx_word' id='word_1_356' title='bbox 274 2711 340 2741; x_wconf 64' lang='lat' dir='ltr'><strong>Luc„</strong></span> <span class='ocrx_word' id='word_1_357' title='bbox 358 2718 394 2743; x_wconf 79' lang='lat' dir='ltr'><strong>ix,</strong></span> <span class='ocrx_word' id='word_1_358' title='bbox 410 2715 446 2737; x_wconf 66' lang='lat'><strong>58.</strong></span> <span class='ocrx_word' id='word_1_359' title='bbox 464 2727 489 2730; x_wconf 84' lang='lat'><em>-</em></span> <span class='ocrx_word' id='word_1_360' title='bbox 507 2715 515 2727; x_wconf 80' lang='lat'>⁸</span> <span class='ocrx_word' id='word_1_361' title='bbox 533 2714 635 2744; x_wconf 76' lang='lat' dir='ltr'><strong>Matth.‚</strong></span> <span class='ocrx_word' id='word_1_362' title='bbox 652 2721 685 2745; x_wconf 75' lang='lat' dir='ltr'><strong>vi,</strong></span> <span class='ocrx_word' id='word_1_363' title='bbox 702 2717 788 2740; x_wconf 76' lang='lat'>26-29.</span> 
     </span>
    </p>
   </div>
   <div class='ocr_carea' id='block_1_4' title="bbox 1041 309 1832 2656">
    <p class='ocr_par' dir='ltr' id='par_1_5' title="bbox 1041 309 1832 2656">
     <span class='ocr_line' id='line_1_54' title="bbox 1047 309 1830 352; baseline 0.006 -14"><span class='ocrx_word' id='word_1_364' title='bbox 1047 309 1202 346; x_wconf 78' lang='lat' dir='ltr'><strong>panniculi</strong></span> <span class='ocrx_word' id='word_1_365' title='bbox 1215 318 1385 348; x_wconf 86' lang='lat' dir='ltr'><strong>pauperum</strong></span> <span class='ocrx_word' id='word_1_366' title='bbox 1397 311 1567 342; x_wconf 88' lang='lat' dir='ltr'><strong>hominum.</strong></span> <span class='ocrx_word' id='word_1_367' title='bbox 1582 312 1612 342; x_wconf 90' lang='lat' dir='ltr'><strong>Si</strong></span> <span class='ocrx_word' id='word_1_368' title='bbox 1625 312 1734 351; x_wconf 64' lang='lat' dir='ltr'><strong>qumi-is</strong></span> <span class='ocrx_word' id='word_1_369' title='bbox 1744 321 1830 352; x_wconf 72' lang='lat' dir='ltr'><strong>rega-</strong></span> 
     </span>
     <span class='ocr_line' id='line_1_55' title="bbox 1047 356 1830 398; baseline 0.006 -12"><span class='ocrx_word' id='word_1_370' title='bbox 1047 356 1108 386; x_wconf 90' lang='lat' dir='ltr'><strong>lem</strong></span> <span class='ocrx_word' id='word_1_371' title='bbox 1125 359 1303 395; x_wconf 86' lang='lat' dir='ltr'><strong>exercitum,</strong></span> <span class='ocrx_word' id='word_1_372' title='bbox 1317 361 1346 388; x_wconf 87' lang='lat' dir='ltr'><strong>et</strong></span> <span class='ocrx_word' id='word_1_373' title='bbox 1363 359 1543 398; x_wconf 87' lang='lat' dir='ltr'><strong>obsequium</strong></span> <span class='ocrx_word' id='word_1_374' title='bbox 1560 360 1743 391; x_wconf 77' lang='lat' dir='ltr'><strong>ramulorum</strong></span> <span class='ocrx_word' id='word_1_375' title='bbox 1750 383 1761 398; x_wconf 92' lang='lat'>‚</span> <span class='ocrx_word' id='word_1_376' title='bbox 1771 362 1830 392; x_wconf 88' lang='lat' dir='ltr'><strong>bo·</strong></span> 
     </span>
     <span class='ocr_line' id='line_1_56' title="bbox 1048 405 1828 446; baseline 0.006 -13"><span class='ocrx_word' id='word_1_377' title='bbox 1048 411 1117 433; x_wconf 85' lang='lat' dir='ltr'><strong>vem</strong></span> <span class='ocrx_word' id='word_1_378' title='bbox 1132 405 1264 438; x_wconf 78' lang='lat' dir='ltr'><strong>attende,</strong></span> <span class='ocrx_word' id='word_1_379' title='bbox 1281 408 1311 435; x_wconf 86' lang='lat' dir='ltr'><strong>et</strong></span> <span class='ocrx_word' id='word_1_380' title='bbox 1324 407 1454 437; x_wconf 82' lang='lat' dir='ltr'><strong>asinum.</strong></span> <span class='ocrx_word' id='word_1_381' title='bbox 1474 408 1497 437; x_wconf 90' lang='lat'>0</span> <span class='ocrx_word' id='word_1_382' title='bbox 1515 410 1676 446; x_wconf 81' lang='lat' dir='ltr'><strong>paupertas</strong></span> <span class='ocrx_word' id='word_1_383' title='bbox 1696 410 1828 438; x_wconf 78' lang='lat' dir='ltr'><strong>summa!</strong></span> 
     </span>
     <span class='ocr_line' id='line_1_57' title="bbox 1048 452 1830 493; baseline 0.006 -13"><span class='ocrx_word' id='word_1_384' title='bbox 1048 459 1068 480; x_wconf 89' lang='lat' dir='ltr'><strong>o</strong></span> <span class='ocrx_word' id='word_1_385' title='bbox 1081 452 1275 489; x_wconf 83' lang='lat' dir='ltr'><strong>proedicanda</strong></span> <span class='ocrx_word' id='word_1_386' title='bbox 1289 456 1416 490; x_wconf 79' lang='lat' dir='ltr'><strong>egestas!</strong></span> <span class='ocrx_word' id='word_1_387' title='bbox 1438 462 1457 483; x_wconf 93' lang='lat' dir='ltr'><strong>o</strong></span> <span class='ocrx_word' id='word_1_388' title='bbox 1478 454 1707 490; x_wconf 84' lang='lat' dir='ltr'><strong>admirandum,</strong></span> <span class='ocrx_word' id='word_1_389' title='bbox 1725 458 1754 485; x_wconf 88' lang='lat' dir='ltr'><strong>et</strong></span> <span class='ocrx_word' id='word_1_390' title='bbox 1772 464 1830 493; x_wconf 89' lang='lat' dir='ltr'><strong>pro</strong></span> 
     </span>
     <span class='ocr_line' id='line_1_58' title="bbox 1047 499 1832 540; baseline 0.006 -13"><span class='ocrx_word' id='word_1_391' title='bbox 1047 506 1135 535; x_wconf 86' lang='lat' dir='ltr'><strong>posse</strong></span> <span class='ocrx_word' id='word_1_392' title='bbox 1148 499 1328 528; x_wconf 81' lang='lat' dir='ltr'><strong>imitandum</strong></span> <span class='ocrx_word' id='word_1_393' title='bbox 1343 500 1529 538; x_wconf 83' lang='lat' dir='ltr'><strong>exemplum!</strong></span> <span class='ocrx_word' id='word_1_394' title='bbox 1545 502 1587 531; x_wconf 87' lang='lat' dir='ltr'><strong>sio</strong></span> <span class='ocrx_word' id='word_1_395' title='bbox 1600 502 1704 531; x_wconf 88' lang='lat' dir='ltr'><strong>videre</strong></span> <span class='ocrx_word' id='word_1_396' title='bbox 1717 511 1832 540; x_wconf 83' lang='lat' dir='ltr'><strong>paupe-</strong></span> 
     </span>
     <span class='ocr_line' id='line_1_59' title="bbox 1047 547 1827 586; baseline 0.006 -12"><span class='ocrx_word' id='word_1_397' title='bbox 1047 553 1111 574; x_wconf 86' lang='lat' dir='ltr'><strong>rem</strong></span> <span class='ocrx_word' id='word_1_398' title='bbox 1135 547 1246 582; x_wconf 80' lang='lat' dir='ltr'><strong>Regem</strong></span> <span class='ocrx_word' id='word_1_399' title='bbox 1272 555 1399 584; x_wconf 78' lang='lat' dir='ltr'><strong>regum,</strong></span> <span class='ocrx_word' id='word_1_400' title='bbox 1428 549 1457 576; x_wconf 89' lang='lat' dir='ltr'><strong>et</strong></span> <span class='ocrx_word' id='word_1_401' title='bbox 1481 547 1613 578; x_wconf 79' lang='lat' dir='ltr'><strong>laetitiam</strong></span> <span class='ocrx_word' id='word_1_402' title='bbox 1641 549 1827 586; x_wconf 79' lang='lat' dir='ltr'><strong>vagientem!</strong></span> 
     </span>
     <span class='ocr_line' id='line_1_60' title="bbox 1048 593 1830 630; baseline 0.006 -9"><span class='ocrx_word' id='word_1_403' title='bbox 1048 593 1130 622; x_wconf 90' lang='lat' dir='ltr'><strong>Unde</strong></span> <span class='ocrx_word' id='word_1_404' title='bbox 1147 595 1176 622; x_wconf 90' lang='lat' dir='ltr'><strong>et</strong></span> <span class='ocrx_word' id='word_1_405' title='bbox 1188 594 1322 630; x_wconf 83' lang='lat' dir='ltr'><strong>pastores</strong></span> <span class='ocrx_word' id='word_1_406' title='bbox 1343 593 1484 623; x_wconf 81' lang='lat' dir='ltr'><strong>dicebant</strong></span> <span class='ocrx_word' id='word_1_407' title='bbox 1494 594 1525 623; x_wconf 74' lang='grc' dir='ltr'><strong>’ς</strong></span> <span class='ocrx_word' id='word_1_408' title='bbox 1540 607 1553 620; x_wconf 73' lang='grc' dir='ltr'><strong>α</strong></span> <span class='ocrx_word' id='word_1_409' title='bbox 1567 597 1764 626; x_wconf 84' lang='lat' dir='ltr'><strong>Transeamus</strong></span> <span class='ocrx_word' id='word_1_410' title='bbox 1778 605 1830 625; x_wconf 88' lang='lat' dir='ltr'><strong>us·</strong></span> 
     </span>
     <span class='ocr_line' id='line_1_61' title="bbox 1047 640 1829 680; baseline 0.006 -13"><span class='ocrx_word' id='word_1_411' title='bbox 1047 647 1106 677; x_wconf 85' lang='lat' dir='ltr'><strong>que</strong></span> <span class='ocrx_word' id='word_1_412' title='bbox 1138 640 1177 668; x_wconf 89' lang='lat' dir='ltr'><strong>ad</strong></span> <span class='ocrx_word' id='word_1_413' title='bbox 1202 640 1389 676; x_wconf 82' lang='lat' dir='ltr'><strong>Bethlehem,</strong></span> <span class='ocrx_word' id='word_1_414' title='bbox 1413 641 1569 671; x_wconf 82' lang='lat' dir='ltr'><strong>videamus</strong></span> <span class='ocrx_word' id='word_1_415' title='bbox 1596 641 1656 672; x_wconf 81' lang='lat' dir='ltr'><strong>hoe</strong></span> <span class='ocrx_word' id='word_1_416' title='bbox 1682 643 1829 680; x_wconf 82' lang='lat' dir='ltr'><strong>verbum,</strong></span> 
     </span>
     <span class='ocr_line' id='line_1_62' title="bbox 1047 686 1832 725; baseline 0.006 -11"><span class='ocrx_word' id='word_1_417' title='bbox 1047 686 1130 724; x_wconf 87' lang='lat' dir='ltr'><strong>quod</strong></span> <span class='ocrx_word' id='word_1_418' title='bbox 1148 686 1261 715; x_wconf 76' lang='lat' dir='ltr'><strong>factum</strong></span> <span class='ocrx_word' id='word_1_419' title='bbox 1275 690 1334 722; x_wconf 89' lang='lat' dir='ltr'><strong>est,</strong></span> <span class='ocrx_word' id='word_1_420' title='bbox 1353 687 1437 725; x_wconf 88' lang='lat' dir='ltr'><strong>quod</strong></span> <span class='ocrx_word' id='word_1_421' title='bbox 1461 689 1604 718; x_wconf 87' lang='lat' dir='ltr'><strong>Dominus</strong></span> <span class='ocrx_word' id='word_1_422' title='bbox 1625 689 1756 718; x_wconf 89' lang='lat' dir='ltr'><strong>ostendit</strong></span> <span class='ocrx_word' id='word_1_423' title='bbox 1778 698 1832 720; x_wconf 92' lang='lat' dir='ltr'><strong>no-</strong></span> 
     </span>
     <span class='ocr_line' id='line_1_63' title="bbox 1046 733 1829 774; baseline 0.006 -12"><span class='ocrx_word' id='word_1_424' title='bbox 1046 733 1102 762; x_wconf 87' lang='lat' dir='ltr'><strong>bis.</strong></span> <span class='ocrx_word' id='word_1_425' title='bbox 1119 745 1132 759; x_wconf 75' lang='lat' dir='ltr'>n</span> <span class='ocrx_word' id='word_1_426' title='bbox 1150 735 1184 762; x_wconf 83' lang='lat' dir='ltr'><strong>Et</strong></span> <span class='ocrx_word' id='word_1_427' title='bbox 1204 734 1338 771; x_wconf 83' lang='lat' dir='ltr'><strong>sequitur</strong></span> <span class='ocrx_word' id='word_1_428' title='bbox 1359 744 1366 763; x_wconf 92' lang='lat'>:</span> <span class='ocrx_word' id='word_1_429' title='bbox 1385 745 1398 761; x_wconf 79' lang='grc' dir='ltr'><strong>α</strong></span> <span class='ocrx_word' id='word_1_430' title='bbox 1421 736 1454 764; x_wconf 81' lang='lat' dir='ltr'><strong>Et</strong></span> <span class='ocrx_word' id='word_1_431' title='bbox 1476 739 1622 765; x_wconf 90' lang='lat' dir='ltr'><strong>venerunt</strong></span> <span class='ocrx_word' id='word_1_432' title='bbox 1642 737 1829 774; x_wconf 78' lang='lat' dir='ltr'><strong>festinantes,</strong></span> 
     </span>
     <span class='ocr_line' id='line_1_64' title="bbox 1047 781 1831 821; baseline 0.006 -12"><span class='ocrx_word' id='word_1_433' title='bbox 1047 783 1075 809; x_wconf 88' lang='lat' dir='ltr'><strong>et</strong></span> <span class='ocrx_word' id='word_1_434' title='bbox 1089 781 1267 810; x_wconf 88' lang='lat' dir='ltr'><strong>invenerunt</strong></span> <span class='ocrx_word' id='word_1_435' title='bbox 1283 782 1418 817; x_wconf 75' lang='lat' dir='ltr'><strong>Mariam,</strong></span> <span class='ocrx_word' id='word_1_436' title='bbox 1434 785 1463 811; x_wconf 89' lang='lat' dir='ltr'><strong>et</strong></span> <span class='ocrx_word' id='word_1_437' title='bbox 1482 782 1626 812; x_wconf 81' lang='lat' dir='ltr'><strong>infantem</strong></span> <span class='ocrx_word' id='word_1_438' title='bbox 1648 784 1778 821; x_wconf 91' lang='lat' dir='ltr'><strong>positum</strong></span> <span class='ocrx_word' id='word_1_439' title='bbox 1799 785 1831 814; x_wconf 88' lang='lat' dir='ltr'><strong>in</strong></span> 
     </span>
     <span class='ocr_line' id='line_1_65' title="bbox 1045 828 1828 866; baseline 0.005 -10"><span class='ocrx_word' id='word_1_440' title='bbox 1045 828 1202 865; x_wconf 36' lang='lat' dir='ltr'><strong>proesepiol</strong></span> <span class='ocrx_word' id='word_1_441' title='bbox 1218 838 1232 855; x_wconf 76' lang='lat' dir='ltr'><strong>n</strong></span> <span class='ocrx_word' id='word_1_442' title='bbox 1249 829 1331 858; x_wconf 88' lang='lat' dir='ltr'><strong>Unde</strong></span> <span class='ocrx_word' id='word_1_443' title='bbox 1345 831 1373 858; x_wconf 88' lang='lat' dir='ltr'><strong>et</strong></span> <span class='ocrx_word' id='word_1_444' title='bbox 1387 829 1450 866; x_wconf 89' lang='lat' dir='ltr'><strong>ipse</strong></span> <span class='ocrx_word' id='word_1_445' title='bbox 1465 830 1608 859; x_wconf 87' lang='lat' dir='ltr'><strong>Dominus</strong></span> <span class='ocrx_word' id='word_1_446' title='bbox 1628 830 1666 860; x_wconf 84' lang='lat' dir='ltr'><strong>de</strong></span> <span class='ocrx_word' id='word_1_447' title='bbox 1687 839 1719 860; x_wconf 90' lang='lat' dir='ltr'><strong>se</strong></span> <span class='ocrx_word' id='word_1_448' title='bbox 1738 832 1779 860; x_wconf 86' lang='lat' dir='ltr'><strong>ait</strong></span> <span class='ocrx_word' id='word_1_449' title='bbox 1793 833 1805 850; x_wconf 75' lang='lat'><em>²</em></span> <span class='ocrx_word' id='word_1_450' title='bbox 1821 842 1828 861; x_wconf 76' lang='grc' dir='ltr'><strong><em>ε</em></strong></span> 
     </span>
     <span class='ocr_line' id='line_1_66' title="bbox 1049 875 1828 912; baseline 0.008 -10"><span class='ocrx_word' id='word_1_451' title='bbox 1049 886 1063 902; x_wconf 71' lang='grc' dir='ltr'><strong>α</strong></span> <span class='ocrx_word' id='word_1_452' title='bbox 1073 875 1182 912; x_wconf 90' lang='lat' dir='ltr'><strong>vulpes</strong></span> <span class='ocrx_word' id='word_1_453' title='bbox 1193 875 1296 904; x_wconf 83' lang='lat' dir='ltr'><strong>foveas</strong></span> <span class='ocrx_word' id='word_1_454' title='bbox 1309 876 1433 912; x_wconf 79' lang='lat' dir='ltr'><strong>hahent,</strong></span> <span class='ocrx_word' id='word_1_455' title='bbox 1445 879 1474 906; x_wconf 91' lang='lat' dir='ltr'><strong>et</strong></span> <span class='ocrx_word' id='word_1_456' title='bbox 1487 877 1626 906; x_wconf 83' lang='lat' dir='ltr'><strong>volucres</strong></span> <span class='ocrx_word' id='word_1_457' title='bbox 1641 878 1709 907; x_wconf 87' lang='lat' dir='ltr'><strong>eoeli</strong></span> <span class='ocrx_word' id='word_1_458' title='bbox 1723 879 1828 908; x_wconf 86' lang='lat' dir='ltr'><strong>nidos:</strong></span> 
     </span>
     <span class='ocr_line' id='line_1_67' title="bbox 1047 923 1832 964; baseline 0.005 -12"><span class='ocrx_word' id='word_1_459' title='bbox 1047 923 1126 952; x_wconf 89' lang='lat' dir='ltr'><strong>filius</strong></span> <span class='ocrx_word' id='word_1_460' title='bbox 1152 926 1252 953; x_wconf 88' lang='lat' dir='ltr'><strong>autem</strong></span> <span class='ocrx_word' id='word_1_461' title='bbox 1279 925 1410 953; x_wconf 91' lang='lat' dir='ltr'><strong>hominis</strong></span> <span class='ocrx_word' id='word_1_462' title='bbox 1438 933 1501 954; x_wconf 88' lang='lat' dir='ltr'><strong>non</strong></span> <span class='ocrx_word' id='word_1_463' title='bbox 1528 925 1636 962; x_wconf 81' lang='lat' dir='ltr'><strong>habet,</strong></span> <span class='ocrx_word' id='word_1_464' title='bbox 1662 926 1715 956; x_wconf 90' lang='lat' dir='ltr'><strong>ubi</strong></span> <span class='ocrx_word' id='word_1_465' title='bbox 1741 930 1832 964; x_wconf 80' lang='lat' dir='ltr'><strong>eaput</strong></span> 
     </span>
     <span class='ocr_line' id='line_1_68' title="bbox 1046 971 1831 1011; baseline 0.005 -12"><span class='ocrx_word' id='word_1_466' title='bbox 1046 979 1135 999; x_wconf 90' lang='lat' dir='ltr'><strong>suum</strong></span> <span class='ocrx_word' id='word_1_467' title='bbox 1155 971 1287 1000; x_wconf 86' lang='lat' dir='ltr'><strong>reclinet.</strong></span> <span class='ocrx_word' id='word_1_468' title='bbox 1313 982 1327 998; x_wconf 71' lang='grc' dir='ltr'><strong>υ</strong></span> <span class='ocrx_word' id='word_1_469' title='bbox 1344 973 1416 1001; x_wconf 87' lang='lat' dir='ltr'><strong>Vere</strong></span> <span class='ocrx_word' id='word_1_470' title='bbox 1441 972 1526 1001; x_wconf 77' lang='lat' dir='ltr'><strong>nulla</strong></span> <span class='ocrx_word' id='word_1_471' title='bbox 1549 972 1706 1010; x_wconf 77' lang='lat' dir='ltr'><strong>animalia,</strong></span> <span class='ocrx_word' id='word_1_472' title='bbox 1733 982 1831 1011; x_wconf 75' lang='lat' dir='ltr'><strong>quan-</strong></span> 
     </span>
     <span class='ocr_line' id='line_1_69' title="bbox 1047 1018 1832 1056; baseline 0.005 -10"><span class='ocrx_word' id='word_1_473' title='bbox 1047 1020 1242 1055; x_wconf 83' lang='lat' dir='ltr'><strong>tumcumque</strong></span> <span class='ocrx_word' id='word_1_474' title='bbox 1267 1018 1387 1047; x_wconf 85' lang='lat' dir='ltr'><strong>modica</strong></span> <span class='ocrx_word' id='word_1_475' title='bbox 1417 1021 1499 1053; x_wconf 88' lang='lat' dir='ltr'><strong>sunt,</strong></span> <span class='ocrx_word' id='word_1_476' title='bbox 1520 1027 1587 1056; x_wconf 71' lang='lat' dir='ltr'><strong>quie</strong></span> <span class='ocrx_word' id='word_1_477' title='bbox 1611 1028 1672 1049; x_wconf 90' lang='lat' dir='ltr'><strong>non</strong></span> <span class='ocrx_word' id='word_1_478' title='bbox 1700 1020 1832 1051; x_wconf 80' lang='lat' dir='ltr'><strong>habeant</strong></span> 
     </span>
     <span class='ocr_line' id='line_1_70' title="bbox 1049 1065 1829 1104; baseline 0.005 -11"><span class='ocrx_word' id='word_1_479' title='bbox 1049 1073 1103 1093; x_wconf 88' lang='lat' dir='ltr'><strong>sua</strong></span> <span class='ocrx_word' id='word_1_480' title='bbox 1112 1065 1252 1102; x_wconf 76' lang='lat' dir='ltr'><strong>latibula;</strong></span> <span class='ocrx_word' id='word_1_481' title='bbox 1264 1066 1347 1095; x_wconf 87' lang='lat' dir='ltr'><strong>nulla</strong></span> <span class='ocrx_word' id='word_1_482' title='bbox 1357 1067 1490 1096; x_wconf 84' lang='lat' dir='ltr'><strong>volatilia</strong></span> <span class='ocrx_word' id='word_1_483' title='bbox 1505 1070 1572 1096; x_wconf 91' lang='lat' dir='ltr'><strong>sunt</strong></span> <span class='ocrx_word' id='word_1_484' title='bbox 1586 1068 1649 1097; x_wconf 89' lang='lat' dir='ltr'><strong>sine</strong></span> <span class='ocrx_word' id='word_1_485' title='bbox 1664 1068 1743 1097; x_wconf 91' lang='lat' dir='ltr'><strong>nidis</strong></span> <span class='ocrx_word' id='word_1_486' title='bbox 1753 1069 1815 1097; x_wconf 86' lang='lat' dir='ltr'><strong>suis</strong></span> <span class='ocrx_word' id='word_1_487' title='bbox 1820 1079 1829 1104; x_wconf 89' lang='lat'>;</span> 
     </span>
     <span class='ocr_line' id='line_1_71' title="bbox 1049 1113 1832 1151; baseline 0.006 -11"><span class='ocrx_word' id='word_1_488' title='bbox 1049 1120 1154 1148; x_wconf 81' lang='lat' dir='ltr'><strong>regum</strong></span> <span class='ocrx_word' id='word_1_489' title='bbox 1170 1115 1252 1141; x_wconf 87' lang='lat' dir='ltr'><strong>terrae</strong></span> <span class='ocrx_word' id='word_1_490' title='bbox 1267 1113 1334 1142; x_wconf 80' lang='lat' dir='ltr'><strong>loca</strong></span> <span class='ocrx_word' id='word_1_491' title='bbox 1354 1116 1424 1142; x_wconf 88' lang='lat' dir='ltr'><strong>sunt</strong></span> <span class='ocrx_word' id='word_1_492' title='bbox 1441 1114 1542 1151; x_wconf 81' lang='lat' dir='ltr'><strong>ampla</strong></span> <span class='ocrx_word' id='word_1_493' title='bbox 1562 1115 1669 1148; x_wconf 81' lang='lat' dir='ltr'><strong>valde,</strong></span> <span class='ocrx_word' id='word_1_494' title='bbox 1689 1115 1832 1145; x_wconf 78' lang='lat' dir='ltr'><strong>habentia</strong></span> 
     </span>
     <span class='ocr_line' id='line_1_72' title="bbox 1050 1159 1830 1198; baseline 0.006 -11"><span class='ocrx_word' id='word_1_495' title='bbox 1050 1159 1161 1196; x_wconf 84' lang='lat' dir='ltr'><strong>palatia</strong></span> <span class='ocrx_word' id='word_1_496' title='bbox 1169 1159 1255 1188; x_wconf 88' lang='lat' dir='ltr'><strong>sectis</strong></span> <span class='ocrx_word' id='word_1_497' title='bbox 1269 1159 1423 1197; x_wconf 85' lang='lat' dir='ltr'><strong>lapidibus</strong></span> <span class='ocrx_word' id='word_1_498' title='bbox 1432 1160 1588 1195; x_wconf 74' lang='lat' dir='ltr'><strong>fabricata,</strong></span> <span class='ocrx_word' id='word_1_499' title='bbox 1599 1162 1730 1198; x_wconf 85' lang='lat' dir='ltr'><strong>pretiosa</strong></span> <span class='ocrx_word' id='word_1_500' title='bbox 1740 1162 1830 1192; x_wconf 72' lang='lat' dir='ltr'><strong>valde</strong></span> 
     </span>
     <span class='ocr_line' id='line_1_73' title="bbox 1046 1206 1830 1245; baseline 0.006 -12"><span class='ocrx_word' id='word_1_501' title='bbox 1046 1208 1114 1234; x_wconf 89' lang='lat' dir='ltr'><strong>sunt</strong></span> <span class='ocrx_word' id='word_1_502' title='bbox 1129 1206 1319 1242; x_wconf 78' lang='lat' dir='ltr'><strong>vestimenta,</strong></span> <span class='ocrx_word' id='word_1_503' title='bbox 1333 1210 1495 1236; x_wconf 79' lang='lat' dir='ltr'><strong>stramenta</strong></span> <span class='ocrx_word' id='word_1_504' title='bbox 1516 1207 1662 1237; x_wconf 86' lang='lat' dir='ltr'><strong>lectorum</strong></span> <span class='ocrx_word' id='word_1_505' title='bbox 1686 1209 1830 1245; x_wconf 81' lang='lat' dir='ltr'><strong>delicata,</strong></span> 
     </span>
     <span class='ocr_line' id='line_1_74' title="bbox 1046 1254 1830 1294; baseline 0.006 -13"><span class='ocrx_word' id='word_1_506' title='bbox 1046 1256 1073 1281; x_wconf 94' lang='lat' dir='ltr'><strong>et</strong></span> <span class='ocrx_word' id='word_1_507' title='bbox 1102 1254 1249 1290; x_wconf 81' lang='lat' dir='ltr'><strong>exquisita</strong></span> <span class='ocrx_word' id='word_1_508' title='bbox 1275 1254 1398 1283; x_wconf 84' lang='lat' dir='ltr'><strong>cibaria.</strong></span> <span class='ocrx_word' id='word_1_509' title='bbox 1423 1257 1532 1284; x_wconf 81' lang='lat' dir='ltr'><strong>Tamen</strong></span> <span class='ocrx_word' id='word_1_510' title='bbox 1557 1256 1660 1285; x_wconf 81' lang='lat' dir='ltr'><strong>divina</strong></span> <span class='ocrx_word' id='word_1_511' title='bbox 1685 1257 1830 1294; x_wconf 79' lang='lat' dir='ltr'><strong>sapientia</strong></span> 
     </span>
     <span class='ocr_line' id='line_1_75' title="bbox 1046 1302 1830 1341; baseline 0.006 -13"><span class='ocrx_word' id='word_1_512' title='bbox 1046 1303 1168 1337; x_wconf 87' lang='lat' dir='ltr'><strong>propter</strong></span> <span class='ocrx_word' id='word_1_513' title='bbox 1191 1309 1246 1329; x_wconf 92' lang='lat' dir='ltr'><strong>nos</strong></span> <span class='ocrx_word' id='word_1_514' title='bbox 1270 1305 1312 1330; x_wconf 86' lang='lat' dir='ltr'><strong>est</strong></span> <span class='ocrx_word' id='word_1_515' title='bbox 1335 1302 1424 1330; x_wconf 90' lang='lat' dir='ltr'><strong>bonis</strong></span> <span class='ocrx_word' id='word_1_516' title='bbox 1447 1303 1590 1331; x_wconf 89' lang='lat' dir='ltr'><strong>omnibus</strong></span> <span class='ocrx_word' id='word_1_517' title='bbox 1614 1304 1830 1341; x_wconf 80' lang='lat' dir='ltr'><strong>temporalibus</strong></span> 
     </span>
     <span class='ocr_line' id='line_1_76' title="bbox 1047 1347 1829 1387; baseline 0.006 -12"><span class='ocrx_word' id='word_1_518' title='bbox 1047 1347 1192 1376; x_wconf 77' lang='lat' dir='ltr'><strong>destituta.</strong></span> <span class='ocrx_word' id='word_1_519' title='bbox 1223 1349 1294 1383; x_wconf 91' lang='lat' dir='ltr'><strong>Quis</strong></span> <span class='ocrx_word' id='word_1_520' title='bbox 1323 1349 1414 1377; x_wconf 88' lang='lat' dir='ltr'><strong>hodie</strong></span> <span class='ocrx_word' id='word_1_521' title='bbox 1448 1352 1571 1387; x_wconf 90' lang='lat' dir='ltr'><strong>propter</strong></span> <span class='ocrx_word' id='word_1_522' title='bbox 1601 1350 1747 1379; x_wconf 85' lang='lat' dir='ltr'><strong>Christum</strong></span> <span class='ocrx_word' id='word_1_523' title='bbox 1776 1351 1829 1380; x_wconf 89' lang='lat' dir='ltr'><strong>de-</strong></span> 
     </span>
     <span class='ocr_line' id='line_1_77' title="bbox 1045 1394 1831 1433; baseline 0.006 -11"><span class='ocrx_word' id='word_1_524' title='bbox 1045 1394 1156 1423; x_wconf 83' lang='lat' dir='ltr'><strong>siderat</strong></span> <span class='ocrx_word' id='word_1_525' title='bbox 1184 1403 1246 1423; x_wconf 86' lang='lat' dir='ltr'><strong>esse</strong></span> <span class='ocrx_word' id='word_1_526' title='bbox 1275 1397 1418 1432; x_wconf 72' lang='lat' dir='ltr'><strong>pauper?</strong></span> <span class='ocrx_word' id='word_1_527' title='bbox 1445 1398 1506 1424; x_wconf 92' lang='lat' dir='ltr'><strong>lmo</strong></span> <span class='ocrx_word' id='word_1_528' title='bbox 1530 1397 1596 1433; x_wconf 87' lang='lat' dir='ltr'><strong>quis</strong></span> <span class='ocrx_word' id='word_1_529' title='bbox 1620 1405 1681 1426; x_wconf 90' lang='lat' dir='ltr'><strong>non</strong></span> <span class='ocrx_word' id='word_1_530' title='bbox 1710 1398 1831 1427; x_wconf 79' lang='lat' dir='ltr'><strong>anhelat</strong></span> 
     </span>
     <span class='ocr_line' id='line_1_78' title="bbox 1045 1442 1829 1481; baseline 0.005 -11"><span class='ocrx_word' id='word_1_531' title='bbox 1045 1442 1084 1470; x_wconf 86' lang='lat' dir='ltr'><strong>ud</strong></span> <span class='ocrx_word' id='word_1_532' title='bbox 1115 1442 1233 1471; x_wconf 80' lang='lat' dir='ltr'><strong>divitias</strong></span> <span class='ocrx_word' id='word_1_533' title='bbox 1262 1445 1323 1471; x_wconf 92' lang='lat' dir='ltr'><strong>toto</strong></span> <span class='ocrx_word' id='word_1_534' title='bbox 1356 1444 1463 1481; x_wconf 78' lang='lat' dir='ltr'><strong>posse?</strong></span> <span class='ocrx_word' id='word_1_535' title='bbox 1486 1445 1508 1472; x_wconf 94' lang='grc' dir='ltr'>Ο</span> <span class='ocrx_word' id='word_1_536' title='bbox 1533 1444 1666 1473; x_wconf 85' lang='lat' dir='ltr'><strong>humana</strong></span> <span class='ocrx_word' id='word_1_537' title='bbox 1689 1445 1829 1481; x_wconf 76' lang='lat' dir='ltr'><strong>avaritia,</strong></span> 
     </span>
     <span class='ocr_line' id='line_1_79' title="bbox 1045 1489 1830 1528; baseline 0.006 -12"><span class='ocrx_word' id='word_1_538' title='bbox 1045 1497 1112 1525; x_wconf 85' lang='lat' dir='ltr'><strong>quoe</strong></span> <span class='ocrx_word' id='word_1_539' title='bbox 1135 1489 1176 1517; x_wconf 87' lang='lat' dir='ltr'><strong>sic</strong></span> <span class='ocrx_word' id='word_1_540' title='bbox 1201 1497 1384 1525; x_wconf 75' lang='lat' dir='ltr'><strong>congregare</strong></span> <span class='ocrx_word' id='word_1_541' title='bbox 1410 1499 1441 1519; x_wconf 86' lang='lat' dir='ltr'><strong>es</strong></span> <span class='ocrx_word' id='word_1_542' title='bbox 1465 1491 1607 1525; x_wconf 84' lang='lat' dir='ltr'><strong>sollicita,</strong></span> <span class='ocrx_word' id='word_1_543' title='bbox 1629 1491 1754 1528; x_wconf 86' lang='lat' dir='ltr'><strong>quando</strong></span> <span class='ocrx_word' id='word_1_544' title='bbox 1768 1500 1830 1521; x_wconf 90' lang='lat' dir='ltr'><strong>non</strong></span> 
     </span>
     <span class='ocr_line' id='line_1_80' title="bbox 1045 1537 1832 1576; baseline 0.005 -13"><span class='ocrx_word' id='word_1_545' title='bbox 1045 1539 1227 1571; x_wconf 81' lang='lat' dir='ltr'><strong>congregant</strong></span> <span class='ocrx_word' id='word_1_546' title='bbox 1259 1537 1402 1566; x_wconf 75' lang='lat' dir='ltr'><strong>animalia</strong></span> <span class='ocrx_word' id='word_1_547' title='bbox 1433 1537 1533 1570; x_wconf 75' lang='lat' dir='ltr'><strong>bruta.</strong></span> <span class='ocrx_word' id='word_1_548' title='bbox 1568 1546 1629 1566; x_wconf 92' lang='lat' dir='ltr'><strong>non</strong></span> <span class='ocrx_word' id='word_1_549' title='bbox 1671 1539 1832 1576; x_wconf 87' lang='lat' dir='ltr'><strong>projiciunt</strong></span> 
     </span>
     <span class='ocr_line' id='line_1_81' title="bbox 1046 1583 1830 1620; baseline 0.006 -11"><span class='ocrx_word' id='word_1_550' title='bbox 1046 1583 1128 1610; x_wconf 80' lang='lat' dir='ltr'><strong>terris</strong></span> <span class='ocrx_word' id='word_1_551' title='bbox 1156 1583 1286 1617; x_wconf 79' lang='lat' dir='ltr'><strong>semina,</strong></span> <span class='ocrx_word' id='word_1_552' title='bbox 1313 1584 1396 1612; x_wconf 87' lang='lat' dir='ltr'><strong>nulla</strong></span> <span class='ocrx_word' id='word_1_553' title='bbox 1428 1585 1573 1613; x_wconf 74' lang='lat' dir='ltr'><strong>fabricant</strong></span> <span class='ocrx_word' id='word_1_554' title='bbox 1596 1585 1722 1620; x_wconf 81' lang='lat' dir='ltr'><strong>horren,</strong></span> <span class='ocrx_word' id='word_1_555' title='bbox 1747 1586 1830 1615; x_wconf 77' lang='lat' dir='ltr'><strong>nulla</strong></span> 
     </span>
     <span class='ocr_line' id='line_1_82' title="bbox 1044 1630 1830 1665; baseline 0.005 -8"><span class='ocrx_word' id='word_1_556' title='bbox 1044 1630 1159 1665; x_wconf 81' lang='lat' dir='ltr'><strong>replent</strong></span> <span class='ocrx_word' id='word_1_557' title='bbox 1191 1630 1311 1658; x_wconf 74' lang='lat' dir='ltr'><strong>cellaria</strong></span> <span class='ocrx_word' id='word_1_558' title='bbox 1328 1641 1334 1663; x_wconf 89' lang='lat'>;</span> <span class='ocrx_word' id='word_1_559' title='bbox 1370 1631 1421 1659; x_wconf 88' lang='lat' dir='ltr'><strong>sed</strong></span> <span class='ocrx_word' id='word_1_560' title='bbox 1453 1632 1509 1659; x_wconf 88' lang='lat' dir='ltr'><strong>sibi</strong></span> <span class='ocrx_word' id='word_1_561' title='bbox 1548 1632 1652 1660; x_wconf 78' lang='lat' dir='ltr'><strong>labore</strong></span> <span class='ocrx_word' id='word_1_562' title='bbox 1687 1633 1830 1662; x_wconf 89' lang='lat' dir='ltr'><strong>continuo</strong></span> 
     </span>
     <span class='ocr_line' id='line_1_83' title="bbox 1045 1678 1830 1713; baseline 0.008 -10"><span class='ocrx_word' id='word_1_563' title='bbox 1045 1680 1181 1713; x_wconf 69' lang='lat' dir='ltr'><strong>quierunt</strong></span> <span class='ocrx_word' id='word_1_564' title='bbox 1201 1686 1309 1705; x_wconf 76' lang='lat' dir='ltr'><strong>escam.</strong></span> <span class='ocrx_word' id='word_1_565' title='bbox 1333 1678 1375 1706; x_wconf 77' lang='lat' dir='ltr'><strong>Ad</strong></span> <span class='ocrx_word' id='word_1_566' title='bbox 1398 1678 1475 1706; x_wconf 82' lang='lat' dir='ltr'><strong>hanc</strong></span> <span class='ocrx_word' id='word_1_567' title='bbox 1496 1679 1767 1708; x_wconf 80' lang='lat' dir='ltr'><strong>considerationem</strong></span> <span class='ocrx_word' id='word_1_568' title='bbox 1787 1681 1830 1708; x_wconf 93' lang='lat' dir='ltr'><strong>in-</strong></span> 
     </span>
     <span class='ocr_line' id='line_1_84' title="bbox 1045 1724 1829 1763; baseline 0.005 -12"><span class='ocrx_word' id='word_1_569' title='bbox 1045 1724 1115 1751; x_wconf 76' lang='lat' dir='ltr'><strong>vitat</strong></span> <span class='ocrx_word' id='word_1_570' title='bbox 1139 1732 1193 1751; x_wconf 88' lang='lat' dir='ltr'><strong>nos</strong></span> <span class='ocrx_word' id='word_1_571' title='bbox 1218 1725 1358 1753; x_wconf 81' lang='lat' dir='ltr'><strong>Dominus</strong></span> <span class='ocrx_word' id='word_1_572' title='bbox 1375 1725 1477 1753; x_wconf 85' lang='lat' dir='ltr'><strong>dicens</strong></span> <span class='ocrx_word' id='word_1_573' title='bbox 1491 1728 1519 1753; x_wconf 73' lang='lat'><strong>‘2</strong></span> <span class='ocrx_word' id='word_1_574' title='bbox 1541 1738 1553 1750; x_wconf 86' lang='lat'>«</span> <span class='ocrx_word' id='word_1_575' title='bbox 1576 1727 1720 1763; x_wconf 79' lang='lat' dir='ltr'><strong>Respicite</strong></span> <span class='ocrx_word' id='word_1_576' title='bbox 1746 1727 1829 1756; x_wconf 76' lang='lat' dir='ltr'><strong>vola-</strong></span> 
     </span>
     <span class='ocr_line' id='line_1_85' title="bbox 1045 1771 1830 1810; baseline 0.005 -12"><span class='ocrx_word' id='word_1_577' title='bbox 1045 1771 1106 1799; x_wconf 80' lang='lat' dir='ltr'><strong>tilia</strong></span> <span class='ocrx_word' id='word_1_578' title='bbox 1121 1771 1202 1806; x_wconf 70' lang='lat' dir='ltr'><strong>esi—li,</strong></span> <span class='ocrx_word' id='word_1_579' title='bbox 1219 1780 1284 1808; x_wconf 70' lang='lat' dir='ltr'><strong>quw</strong></span> <span class='ocrx_word' id='word_1_580' title='bbox 1309 1780 1369 1800; x_wconf 91' lang='lat' dir='ltr'><strong>non</strong></span> <span class='ocrx_word' id='word_1_581' title='bbox 1389 1775 1512 1807; x_wconf 85' lang='lat' dir='ltr'><strong>metunt,</strong></span> <span class='ocrx_word' id='word_1_582' title='bbox 1535 1781 1633 1810; x_wconf 84' lang='lat' dir='ltr'><strong>neque</strong></span> <span class='ocrx_word' id='word_1_583' title='bbox 1648 1776 1760 1809; x_wconf 88' lang='lat' dir='ltr'><strong>serunt,</strong></span> <span class='ocrx_word' id='word_1_584' title='bbox 1779 1783 1830 1803; x_wconf 91' lang='lat' dir='ltr'><strong>ne-</strong></span> 
     </span>
     <span class='ocr_line' id='line_1_86' title="bbox 1045 1819 1830 1854; baseline 0.005 -9"><span class='ocrx_word' id='word_1_585' title='bbox 1045 1826 1103 1854; x_wconf 86' lang='lat' dir='ltr'><strong>que</strong></span> <span class='ocrx_word' id='word_1_586' title='bbox 1123 1821 1307 1854; x_wconf 78' lang='lat' dir='ltr'><strong>congregant</strong></span> <span class='ocrx_word' id='word_1_587' title='bbox 1327 1819 1355 1847; x_wconf 90' lang='lat' dir='ltr'><strong>in</strong></span> <span class='ocrx_word' id='word_1_588' title='bbox 1377 1819 1501 1854; x_wconf 83' lang='lat' dir='ltr'><strong>liorrea;</strong></span> <span class='ocrx_word' id='word_1_589' title='bbox 1523 1823 1549 1848; x_wconf 89' lang='lat' dir='ltr'><strong>et</strong></span> <span class='ocrx_word' id='word_1_590' title='bbox 1571 1823 1667 1848; x_wconf 73' lang='lat' dir='ltr'><strong>tamen</strong></span> <span class='ocrx_word' id='word_1_591' title='bbox 1684 1822 1766 1849; x_wconf 76' lang='lat' dir='ltr'><strong>Pater</strong></span> <span class='ocrx_word' id='word_1_592' title='bbox 1781 1829 1830 1850; x_wconf 90' lang='lat' dir='ltr'><strong>ve-</strong></span> 
     </span>
     <span class='ocr_line' id='line_1_87' title="bbox 1044 1865 1830 1905; baseline 0.006 -13"><span class='ocrx_word' id='word_1_593' title='bbox 1044 1868 1101 1893; x_wconf 82' lang='lat' dir='ltr'><strong>ster</strong></span> <span class='ocrx_word' id='word_1_594' title='bbox 1115 1865 1239 1893; x_wconf 74' lang='lat' dir='ltr'><strong>coelcstis</strong></span> <span class='ocrx_word' id='word_1_595' title='bbox 1260 1866 1353 1903; x_wconf 70' lang='lat' dir='ltr'><strong>pascit</strong></span> <span class='ocrx_word' id='word_1_596' title='bbox 1374 1867 1433 1894; x_wconf 84' lang='lat' dir='ltr'><strong>illa.</strong></span> <span class='ocrx_word' id='word_1_597' title='bbox 1453 1869 1484 1895; x_wconf 84' lang='lat' dir='ltr'><strong>Et</strong></span> <span class='ocrx_word' id='word_1_598' title='bbox 1502 1867 1539 1895; x_wconf 86' lang='lat' dir='ltr'><strong>de</strong></span> <span class='ocrx_word' id='word_1_599' title='bbox 1555 1867 1741 1903; x_wconf 77' lang='lat' dir='ltr'><strong>vestimento,</strong></span> <span class='ocrx_word' id='word_1_600' title='bbox 1755 1868 1830 1905; x_wconf 88' lang='lat' dir='ltr'><strong>quid</strong></span> 
     </span>
     <span class='ocr_line' id='line_1_88' title="bbox 1044 1912 1830 1951; baseline 0.006 -12"><span class='ocrx_word' id='word_1_601' title='bbox 1044 1912 1159 1940; x_wconf 82' lang='lat' dir='ltr'><strong>solliciti</strong></span> <span class='ocrx_word' id='word_1_602' title='bbox 1173 1912 1264 1940; x_wconf 67' lang='lat' dir='ltr'><strong>estis?</strong></span> <span class='ocrx_word' id='word_1_603' title='bbox 1285 1914 1474 1942; x_wconf 70' lang='lat' dir='ltr'><strong>Considerate</strong></span> <span class='ocrx_word' id='word_1_604' title='bbox 1495 1913 1557 1942; x_wconf 79' lang='lat' dir='ltr'><strong>lilia</strong></span> <span class='ocrx_word' id='word_1_605' title='bbox 1577 1915 1650 1950; x_wconf 80' lang='lat' dir='ltr'><strong>agri,</strong></span> <span class='ocrx_word' id='word_1_606' title='bbox 1674 1915 1830 1951; x_wconf 88' lang='lat' dir='ltr'><strong>quomodo</strong></span> 
     </span>
     <span class='ocr_line' id='line_1_89' title="bbox 1045 1960 1829 1998; baseline 0.005 -11"><span class='ocrx_word' id='word_1_607' title='bbox 1045 1962 1179 1988; x_wconf 84' lang='lat' dir='ltr'><strong>crescunt</strong></span> <span class='ocrx_word' id='word_1_608' title='bbox 1196 1969 1202 1987; x_wconf 88' lang='lat'>:</span> <span class='ocrx_word' id='word_1_609' title='bbox 1220 1968 1280 1988; x_wconf 92' lang='lat' dir='ltr'><strong>non</strong></span> <span class='ocrx_word' id='word_1_610' title='bbox 1296 1960 1444 1995; x_wconf 83' lang='lat' dir='ltr'><strong>laborant,</strong></span> <span class='ocrx_word' id='word_1_611' title='bbox 1467 1969 1563 1998; x_wconf 85' lang='lat' dir='ltr'><strong>neque</strong></span> <span class='ocrx_word' id='word_1_612' title='bbox 1586 1964 1666 1989; x_wconf 88' lang='lat' dir='ltr'><strong>nent.</strong></span> <span class='ocrx_word' id='word_1_613' title='bbox 1689 1963 1756 1990; x_wconf 87' lang='lat' dir='ltr'><strong>Dico</strong></span> <span class='ocrx_word' id='word_1_614' title='bbox 1777 1971 1829 1991; x_wconf 82' lang='lat' dir='ltr'><strong>au-</strong></span> 
     </span>
     <span class='ocr_line' id='line_1_90' title="bbox 1046 2008 1829 2045; baseline 0.004 -10"><span class='ocrx_word' id='word_1_615' title='bbox 1046 2011 1103 2035; x_wconf 79' lang='lat' dir='ltr'><strong>tein</strong></span> <span class='ocrx_word' id='word_1_616' title='bbox 1119 2008 1215 2041; x_wconf 73' lang='lat' dir='ltr'><strong>vobis,</strong></span> <span class='ocrx_word' id='word_1_617' title='bbox 1232 2009 1377 2045; x_wconf 85' lang='lat' dir='ltr'><strong>quoniam</strong></span> <span class='ocrx_word' id='word_1_618' title='bbox 1394 2017 1447 2037; x_wconf 83' lang='lat' dir='ltr'><strong>nec</strong></span> <span class='ocrx_word' id='word_1_619' title='bbox 1462 2009 1603 2037; x_wconf 79' lang='lat' dir='ltr'><strong>Salomon</strong></span> <span class='ocrx_word' id='word_1_620' title='bbox 1620 2010 1648 2037; x_wconf 92' lang='lat' dir='ltr'><strong>in</strong></span> <span class='ocrx_word' id='word_1_621' title='bbox 1664 2010 1746 2038; x_wconf 89' lang='lat' dir='ltr'><strong>omni</strong></span> <span class='ocrx_word' id='word_1_622' title='bbox 1762 2010 1829 2045; x_wconf 80' lang='lat' dir='ltr'><strong>glo-</strong></span> 
     </span>
     <span class='ocr_line' id='line_1_91' title="bbox 1045 2056 1827 2092; baseline -0.001 -9"><span class='ocrx_word' id='word_1_623' title='bbox 1045 2056 1087 2083; x_wconf 75' lang='lat' dir='ltr'><strong>ria</strong></span> <span class='ocrx_word' id='word_1_624' title='bbox 1103 2065 1156 2083; x_wconf 76' lang='lat' dir='ltr'><strong>suu</strong></span> <span class='ocrx_word' id='word_1_625' title='bbox 1171 2058 1329 2092; x_wconf 73' lang='lat' dir='ltr'><strong>coopertus</strong></span> <span class='ocrx_word' id='word_1_626' title='bbox 1345 2059 1397 2089; x_wconf 72' lang='lat' dir='ltr'><strong>est,</strong></span> <span class='ocrx_word' id='word_1_627' title='bbox 1416 2056 1488 2083; x_wconf 76' lang='lat' dir='ltr'><strong>sicut</strong></span> <span class='ocrx_word' id='word_1_628' title='bbox 1502 2064 1594 2084; x_wconf 89' lang='lat' dir='ltr'><strong>unum</strong></span> <span class='ocrx_word' id='word_1_629' title='bbox 1610 2065 1642 2084; x_wconf 85' lang='lat' dir='ltr'><strong>ex</strong></span> <span class='ocrx_word' id='word_1_630' title='bbox 1660 2056 1731 2092; x_wconf 65' lang='lat' dir='ltr'><strong>istis,</strong></span> <span class='ocrx_word' id='word_1_631' title='bbox 1745 2068 1758 2083; x_wconf 74' lang='lat' dir='ltr'><strong>n</strong></span> <span class='ocrx_word' id='word_1_632' title='bbox 1773 2061 1827 2086; x_wconf 80' lang='lat' dir='ltr'><strong>etc,</strong></span> 
     </span>
     <span class='ocr_line' id='line_1_92' title="bbox 1044 2103 1829 2138; baseline 0.003 -8"><span class='ocrx_word' id='word_1_633' title='bbox 1044 2103 1070 2131; x_wconf 87' lang='lat' dir='ltr'><strong>Si</strong></span> <span class='ocrx_word' id='word_1_634' title='bbox 1085 2103 1175 2136; x_wconf 81' lang='lat' dir='ltr'><strong>enim,</strong></span> <span class='ocrx_word' id='word_1_635' title='bbox 1191 2103 1265 2130; x_wconf 83' lang='lat' dir='ltr'><strong>sicut</strong></span> <span class='ocrx_word' id='word_1_636' title='bbox 1279 2103 1340 2138; x_wconf 79' lang='lat' dir='ltr'><strong>ipse</strong></span> <span class='ocrx_word' id='word_1_637' title='bbox 1357 2103 1470 2130; x_wconf 83' lang='lat' dir='ltr'><strong>ibidem</strong></span> <span class='ocrx_word' id='word_1_638' title='bbox 1481 2103 1642 2137; x_wconf 56' lang='lat' dir='ltr'><strong>docemus,</strong></span> <span class='ocrx_word' id='word_1_639' title='bbox 1654 2112 1756 2131; x_wconf 76' lang='lat' dir='ltr'><strong>sumus</strong></span> <span class='ocrx_word' id='word_1_640' title='bbox 1769 2113 1829 2132; x_wconf 80' lang='lat' dir='ltr'><strong>ma-</strong></span> 
     </span>
     <span class='ocr_line' id='line_1_93' title="bbox 1041 2150 1829 2186; baseline 0.003 -9"><span class='ocrx_word' id='word_1_641' title='bbox 1041 2150 1114 2185; x_wconf 79' lang='lat' dir='ltr'><strong>joris</strong></span> <span class='ocrx_word' id='word_1_642' title='bbox 1125 2150 1221 2186; x_wconf 87' lang='lat' dir='ltr'><strong>pretii,</strong></span> <span class='ocrx_word' id='word_1_643' title='bbox 1236 2159 1326 2186; x_wconf 84' lang='lat' dir='ltr'><strong>quam</strong></span> <span class='ocrx_word' id='word_1_644' title='bbox 1341 2150 1398 2177; x_wconf 87' lang='lat' dir='ltr'><strong>sint</strong></span> <span class='ocrx_word' id='word_1_645' title='bbox 1409 2150 1477 2184; x_wconf 79' lang='lat' dir='ltr'><strong>itla;</strong></span> <span class='ocrx_word' id='word_1_646' title='bbox 1491 2150 1513 2177; x_wconf 89' lang='lat' dir='ltr'><strong>si</strong></span> <span class='ocrx_word' id='word_1_647' title='bbox 1526 2150 1587 2186; x_wconf 86' lang='lat' dir='ltr'><strong>ipse</strong></span> <span class='ocrx_word' id='word_1_648' title='bbox 1604 2150 1661 2178; x_wconf 87' lang='lat' dir='ltr'><strong>illis</strong></span> <span class='ocrx_word' id='word_1_649' title='bbox 1677 2151 1829 2185; x_wconf 84' lang='lat' dir='ltr'><strong>alimenta,</strong></span> 
     </span>
     <span class='ocr_line' id='line_1_94' title="bbox 1045 2197 1829 2233; baseline 0.005 -10"><span class='ocrx_word' id='word_1_650' title='bbox 1045 2200 1072 2224; x_wconf 74' lang='lat' dir='ltr'><strong>vt</strong></span> <span class='ocrx_word' id='word_1_651' title='bbox 1089 2198 1148 2224; x_wconf 58' lang='lat' dir='ltr'><strong>istis</strong></span> <span class='ocrx_word' id='word_1_652' title='bbox 1167 2197 1338 2225; x_wconf 75' lang='lat' dir='ltr'><strong>vestimenta</strong></span> <span class='ocrx_word' id='word_1_653' title='bbox 1355 2197 1466 2231; x_wconf 85' lang='lat' dir='ltr'><strong>tribuit,</strong></span> <span class='ocrx_word' id='word_1_654' title='bbox 1487 2200 1599 2233; x_wconf 83' lang='lat' dir='ltr'><strong>quanto</strong></span> <span class='ocrx_word' id='word_1_655' title='bbox 1621 2198 1724 2225; x_wconf 77' lang='lat' dir='ltr'><strong>fortius</strong></span> <span class='ocrx_word' id='word_1_656' title='bbox 1745 2198 1829 2227; x_wconf 80' lang='lat' dir='ltr'><strong>dubit</strong></span> 
     </span>
     <span class='ocr_line' id='line_1_95' title="bbox 1044 2244 1828 2280; baseline 0.003 -9"><span class='ocrx_word' id='word_1_657' title='bbox 1044 2244 1152 2271; x_wconf 77' lang='lat' dir='ltr'><strong>nobis?</strong></span> <span class='ocrx_word' id='word_1_658' title='bbox 1173 2246 1248 2279; x_wconf 68' lang='lat' dir='ltr'><strong>Ergo</strong></span> <span class='ocrx_word' id='word_1_659' title='bbox 1270 2252 1463 2279; x_wconf 73' lang='lat' dir='ltr'><strong>congregare,</strong></span> <span class='ocrx_word' id='word_1_660' title='bbox 1484 2244 1601 2279; x_wconf 71' lang='lat' dir='ltr'><strong>signum</strong></span> <span class='ocrx_word' id='word_1_661' title='bbox 1624 2247 1666 2272; x_wconf 87' lang='lat' dir='ltr'><strong>est</strong></span> <span class='ocrx_word' id='word_1_662' title='bbox 1687 2245 1828 2280; x_wconf 82' lang='lat' dir='ltr'><strong>avaritioe,</strong></span> 
     </span>
     <span class='ocr_line' id='line_1_96' title="bbox 1045 2291 1828 2327; baseline 0.003 -9"><span class='ocrx_word' id='word_1_663' title='bbox 1045 2293 1071 2318; x_wconf 91' lang='lat' dir='ltr'><strong>et</strong></span> <span class='ocrx_word' id='word_1_664' title='bbox 1086 2291 1215 2318; x_wconf 67' lang='lat' dir='ltr'><strong>desectus</strong></span> <span class='ocrx_word' id='word_1_665' title='bbox 1231 2291 1300 2318; x_wconf 76' lang='lat' dir='ltr'><strong>fidei</strong></span> <span class='ocrx_word' id='word_1_666' title='bbox 1320 2291 1493 2318; x_wconf 68' lang='lat' dir='ltr'><strong>christinam.</strong></span> <span class='ocrx_word' id='word_1_667' title='bbox 1511 2291 1566 2318; x_wconf 83' lang='lat' dir='ltr'><strong>Sed</strong></span> <span class='ocrx_word' id='word_1_668' title='bbox 1583 2291 1688 2327; x_wconf 84' lang='lat' dir='ltr'><strong>objicis</strong></span> <span class='ocrx_word' id='word_1_669' title='bbox 1703 2301 1708 2318; x_wconf 88' lang='lat'>:</span> <span class='ocrx_word' id='word_1_670' title='bbox 1726 2294 1828 2320; x_wconf 73' lang='lat' dir='ltr'><strong>Nonne</strong></span> 
     </span>
     <span class='ocr_line' id='line_1_97' title="bbox 1045 2338 1827 2374; baseline 0 -8"><span class='ocrx_word' id='word_1_671' title='bbox 1045 2342 1227 2374; x_wconf 67' lang='lat' dir='ltr'><strong>congregant</strong></span> <span class='ocrx_word' id='word_1_672' title='bbox 1252 2338 1382 2366; x_wconf 75' lang='lat' dir='ltr'><strong>sormicoe</strong></span> <span class='ocrx_word' id='word_1_673' title='bbox 1406 2340 1432 2365; x_wconf 83' lang='lat' dir='ltr'><strong>et</strong></span> <span class='ocrx_word' id='word_1_674' title='bbox 1457 2346 1538 2373; x_wconf 79' lang='lat' dir='ltr'><strong>apeS,</strong></span> <span class='ocrx_word' id='word_1_675' title='bbox 1568 2338 1626 2365; x_wconf 78' lang='lat' dir='ltr'><strong>taxi</strong></span> <span class='ocrx_word' id='word_1_676' title='bbox 1656 2341 1683 2366; x_wconf 87' lang='lat' dir='ltr'><strong>et</strong></span> <span class='ocrx_word' id='word_1_677' title='bbox 1709 2340 1827 2367; x_wconf 73' lang='lat' dir='ltr'><strong>mures?</strong></span> 
     </span>
     <span class='ocr_line' id='line_1_98' title="bbox 1046 2385 1827 2421; baseline 0.003 -9"><span class='ocrx_word' id='word_1_678' title='bbox 1046 2385 1126 2419; x_wconf 84' lang='lat' dir='ltr'><strong>Dico,</strong></span> <span class='ocrx_word' id='word_1_679' title='bbox 1143 2385 1226 2421; x_wconf 90' lang='lat' dir='ltr'><strong>quod</strong></span> <span class='ocrx_word' id='word_1_680' title='bbox 1239 2385 1299 2419; x_wconf 69' lang='lat' dir='ltr'><strong>sic;</strong></span> <span class='ocrx_word' id='word_1_681' title='bbox 1316 2385 1367 2412; x_wconf 82' lang='lat' dir='ltr'><strong>sed</strong></span> <span class='ocrx_word' id='word_1_682' title='bbox 1389 2385 1443 2412; x_wconf 82' lang='lat' dir='ltr'><strong>hoc</strong></span> <span class='ocrx_word' id='word_1_683' title='bbox 1465 2385 1575 2412; x_wconf 83' lang='lat' dir='ltr'><strong>fuciunt</strong></span> <span class='ocrx_word' id='word_1_684' title='bbox 1596 2394 1631 2412; x_wconf 80' lang='lat' dir='ltr'><strong>ex</strong></span> <span class='ocrx_word' id='word_1_685' title='bbox 1656 2385 1827 2414; x_wconf 82' lang='lat' dir='ltr'><strong>necessitate</strong></span> 
     </span>
     <span class='ocr_line' id='line_1_99' title="bbox 1045 2432 1828 2468; baseline 0.001 -9"><span class='ocrx_word' id='word_1_686' title='bbox 1045 2434 1168 2461; x_wconf 74' lang='lat' dir='ltr'><strong>naturm.</strong></span> <span class='ocrx_word' id='word_1_687' title='bbox 1185 2440 1245 2460; x_wconf 90' lang='lat' dir='ltr'><strong>non</strong></span> <span class='ocrx_word' id='word_1_688' title='bbox 1262 2441 1296 2459; x_wconf 83' lang='lat' dir='ltr'><strong>ex</strong></span> <span class='ocrx_word' id='word_1_689' title='bbox 1314 2432 1437 2459; x_wconf 80' lang='lat' dir='ltr'><strong>libidine</strong></span> <span class='ocrx_word' id='word_1_690' title='bbox 1458 2432 1596 2460; x_wconf 73' lang='lat' dir='ltr'><strong>avaritiae.</strong></span> <span class='ocrx_word' id='word_1_691' title='bbox 1620 2433 1691 2460; x_wconf 76' lang='lat' dir='ltr'><strong>Nam</strong></span> <span class='ocrx_word' id='word_1_692' title='bbox 1710 2440 1781 2468; x_wconf 85' lang='lat' dir='ltr'><strong>apes</strong></span> <span class='ocrx_word' id='word_1_693' title='bbox 1800 2436 1828 2460; x_wconf 89' lang='lat' dir='ltr'><strong>et</strong></span> 
     </span>
     <span class='ocr_line' id='line_1_100' title="bbox 1045 2479 1826 2515; baseline 0.003 -10"><span class='ocrx_word' id='word_1_694' title='bbox 1045 2479 1188 2512; x_wconf 62' lang='lat' dir='ltr'><strong>formicae,</strong></span> <span class='ocrx_word' id='word_1_695' title='bbox 1204 2487 1272 2506; x_wconf 87' lang='lat' dir='ltr'><strong>cum</strong></span> <span class='ocrx_word' id='word_1_696' title='bbox 1287 2479 1343 2506; x_wconf 79' lang='lat' dir='ltr'><strong>sint</strong></span> <span class='ocrx_word' id='word_1_697' title='bbox 1359 2487 1484 2515; x_wconf 85' lang='lat' dir='ltr'><strong>corpore</strong></span> <span class='ocrx_word' id='word_1_698' title='bbox 1501 2482 1528 2506; x_wconf 91' lang='lat' dir='ltr'><strong>et</strong></span> <span class='ocrx_word' id='word_1_699' title='bbox 1542 2479 1655 2506; x_wconf 85' lang='lat' dir='ltr'><strong>viribus</strong></span> <span class='ocrx_word' id='word_1_700' title='bbox 1674 2487 1784 2515; x_wconf 69' lang='lat' dir='ltr'><strong>parvm,</strong></span> <span class='ocrx_word' id='word_1_701' title='bbox 1803 2481 1826 2507; x_wconf 83' lang='lat' dir='ltr'><strong>si</strong></span> 
     </span>
     <span class='ocr_line' id='line_1_101' title="bbox 1045 2526 1828 2561; baseline 0.003 -8"><span class='ocrx_word' id='word_1_702' title='bbox 1045 2534 1104 2553; x_wconf 92' lang='lat' dir='ltr'><strong>non</strong></span> <span class='ocrx_word' id='word_1_703' title='bbox 1122 2528 1337 2561; x_wconf 77' lang='lat' dir='ltr'><strong>congregarent</strong></span> <span class='ocrx_word' id='word_1_704' title='bbox 1353 2526 1380 2553; x_wconf 92' lang='lat' dir='ltr'><strong>in</strong></span> <span class='ocrx_word' id='word_1_705' title='bbox 1395 2529 1503 2560; x_wconf 73' lang='lat' dir='ltr'><strong>mstate,</strong></span> <span class='ocrx_word' id='word_1_706' title='bbox 1520 2534 1588 2554; x_wconf 90' lang='lat' dir='ltr'><strong>cum</strong></span> <span class='ocrx_word' id='word_1_707' title='bbox 1603 2534 1684 2554; x_wconf 79' lang='lat' dir='ltr'><strong>escas</strong></span> <span class='ocrx_word' id='word_1_708' title='bbox 1695 2527 1828 2556; x_wconf 86' lang='lat' dir='ltr'><strong>invenire</strong></span> 
     </span>
     <span class='ocr_line' id='line_1_102' title="bbox 1046 2573 1829 2609; baseline 0.003 -9"><span class='ocrx_word' id='word_1_709' title='bbox 1046 2581 1106 2600; x_wconf 92' lang='lat' dir='ltr'><strong>non</strong></span> <span class='ocrx_word' id='word_1_710' title='bbox 1122 2575 1241 2609; x_wconf 81' lang='lat' dir='ltr'><strong>possent</strong></span> <span class='ocrx_word' id='word_1_711' title='bbox 1266 2573 1295 2599; x_wconf 92' lang='lat' dir='ltr'><strong>in</strong></span> <span class='ocrx_word' id='word_1_712' title='bbox 1316 2573 1424 2607; x_wconf 77' lang='lat' dir='ltr'><strong>hicine,</strong></span> <span class='ocrx_word' id='word_1_713' title='bbox 1447 2573 1607 2601; x_wconf 84' lang='lat' dir='ltr'><strong>deficerent</strong></span> <span class='ocrx_word' id='word_1_714' title='bbox 1628 2573 1715 2600; x_wconf 81' lang='lat' dir='ltr'><strong>same.</strong></span> <span class='ocrx_word' id='word_1_715' title='bbox 1734 2575 1829 2602; x_wconf 74' lang='lat' dir='ltr'><strong>Taxus</strong></span> 
     </span>
     <span class='ocr_line' id='line_1_103' title="bbox 1048 2619 1827 2656; baseline 0.004 -10"><span class='ocrx_word' id='word_1_716' title='bbox 1048 2620 1170 2656; x_wconf 86' lang='lat' dir='ltr'><strong>quidem</strong></span> <span class='ocrx_word' id='word_1_717' title='bbox 1189 2622 1215 2647; x_wconf 88' lang='lat' dir='ltr'><strong>et</strong></span> <span class='ocrx_word' id='word_1_718' title='bbox 1231 2628 1329 2648; x_wconf 75' lang='lat' dir='ltr'><strong>mures</strong></span> <span class='ocrx_word' id='word_1_719' title='bbox 1344 2623 1526 2656; x_wconf 82' lang='lat' dir='ltr'><strong>congregant</strong></span> <span class='ocrx_word' id='word_1_720' title='bbox 1547 2619 1644 2655; x_wconf 81' lang='lat' dir='ltr'><strong>spicas</strong></span> <span class='ocrx_word' id='word_1_721' title='bbox 1664 2620 1694 2647; x_wconf 92' lang='lat' dir='ltr'><strong>in</strong></span> <span class='ocrx_word' id='word_1_722' title='bbox 1718 2623 1827 2656; x_wconf 68' lang='lat' dir='ltr'><strong>instate,</strong></span> 
     </span>
    </p>
   </div>
   <div class='ocr_carea' id='block_1_5' title="bbox 1082 2718 1741 2751">
    <p class='ocr_par' dir='ltr' id='par_1_6' title="bbox 1082 2718 1741 2751">
     <span class='ocr_line' id='line_1_104' title="bbox 1082 2718 1741 2751; baseline 0.005 -10"><span class='ocrx_word' id='word_1_723' title='bbox 1082 2721 1113 2749; x_wconf 68' lang='lat' dir='ltr'><strong>(a)</strong></span> <span class='ocrx_word' id='word_1_724' title='bbox 1133 2719 1206 2743; x_wconf 65' lang='lat' dir='ltr'><strong>Fmtz·</strong></span> <span class='ocrx_word' id='word_1_725' title='bbox 1222 2720 1268 2750; x_wconf 59' lang='grc' dir='ltr'><strong>Ιρῃ.</strong></span> <span class='ocrx_word' id='word_1_726' title='bbox 1289 2720 1371 2744; x_wconf 80' lang='lat' dir='ltr'><strong>viliter</strong></span> <span class='ocrx_word' id='word_1_727' title='bbox 1383 2720 1521 2751; x_wconf 60' lang='lat' dir='ltr'><strong>jacentem,</strong></span> <span class='ocrx_word' id='word_1_728' title='bbox 1538 2718 1576 2743; x_wconf 71' lang='lat' dir='ltr'><strong>rc!</strong></span> <span class='ocrx_word' id='word_1_729' title='bbox 1590 2719 1741 2751; x_wconf 65' lang='lat' dir='ltr'><strong>rugientem.</strong></span> 
     </span>
    </p>
   </div>
   <div class='ocr_carea' id='block_1_6' title="bbox 1996 0 2060 835">
    <p class='ocr_par' dir='ltr' id='par_1_7' title="bbox 1996 0 2060 835">
     <span class='ocr_line' id='line_1_105' title="bbox 1996 0 2060 835; baseline 0 0"><span class='ocrx_word' id='word_1_730' title='bbox 1996 0 2060 835; x_wconf 95' lang='lat' dir='ltr'><strong> </strong></span> 
     </span>
    </p>
   </div>
  </div>
 </body>
</html>
