2029 3052
217 292 308 347 DE
355 289 668 357 QUINQUE
713 287 1282 343 FESTIVITATIBUS
1326 287 1536 342 PUERI
1579 287 1611 341 J
1621 274 1773 342 ESU'

819 564 913 601 ARG
924 564 948 601 U
958 564 990 601 M
1001 563 1024 600 E
1034 563 1057 600 N
1070 563 1093 599 T
1105 563 1128 599 U
1141 564 1171 600 M

870 641 925 678 (Eoe
937 641 1004 669 edit.
1017 640 1122 676 vatic.)

233 721 346 755 Dulcis
358 720 435 754 Jesu
452 719 634 762 meditatio,
652 723 683 752 et
694 719 796 754 Verbi
807 718 970 752 incarnati
982 717 1096 751 divina
1106 716 1353 762 contemplatio,
1371 728 1471 762 quam
1486 717 1634 750 suaviter
1648 717 1801 751 devotam

188 779 334 813 animam
349 778 509 822 inebriet,
534 782 565 812 et
587 789 688 824 quam
707 777 848 823 perfecte
863 788 935 810 eam
950 776 1139 810 consoletur
1153 779 1253 821 atque
1267 775 1442 818 confortet,
1459 775 1553 809 docet
1566 775 1692 809 Auctor
1706 775 1803 810 initio

188 837 290 883 hujus
303 837 476 883 Opusculi,
489 836 578 883 quod
593 836 633 870 de
647 835 799 881 quinque
812 834 1061 868 Festivitatibus
1076 834 1172 880 pueri
1185 834 1261 867 Jesu
1275 837 1489 879 praenotatur.
1506 834 1594 868 Dum
1610 845 1689 868 vero
1704 834 1803 879 quin-

189 908 254 942 que
268 896 337 930 haec
354 896 436 929 festa
451 894 668 940 spiritualiter
683 893 836 939 explicat,
855 893 1054 926 mirabiliter
1067 904 1127 926 nos
1142 893 1253 935 docet,
1269 893 1436 938 quomodo
1455 892 1625 926 sensibilia
1647 893 1688 926 ad
1706 892 1804 926 intel-

188 954 334 999 ligibilia
355 953 492 996 referre,
518 952 686 998 quomodo
707 964 746 986 ex
770 951 997 996 corporalibus
1018 951 1205 996 spiritualia
1224 951 1378 995 colligere
1404 951 1604 994 debeanius;
1633 951 1802 996 quomodo

190 1012 288 1046 etiam
305 1012 412 1046 omnis
427 1011 549 1046 Christi
563 1011 647 1045 actio
661 1014 774 1045 nostra
788 1011 830 1044 sit
844 1014 876 1044 et
891 1010 1096 1055 temporalis,
1111 1013 1143 1043 et
1155 1013 1289 1053 aeterna,
1312 1013 1343 1043 et
1363 1010 1556 1054 corporalis,
1574 1013 1606 1043 et
1620 1010 1804 1055 spiritualis

187 1070 372 1104 instructio.

183 1268 361 1297 Festivitates
376 1268 509 1305 quinque
528 1268 614 1304 pueri
634 1269 711 1303 Jesu,
729 1268 767 1296 de
786 1268 897 1305 quibus
917 1266 1014 1303 agitur
1037 1267 1068 1294 in
1088 1266 1246 1303 Opusculo,
1261 1267 1306 1295 hae
1326 1268 1394 1295 sunt
1410 1276 1416 1295 z
1437 1269 1460 1295 1.
1478 1268 1515 1294 De
1533 1267 1712 1302 Conceptz'one
1730 1269 1811 1302 pueri

219 1315 291 1341 Jesu.
307 1329 343 1334 —
356 1315 383 1341 2.
401 1314 439 1341 De
454 1314 618 1343 Nativitate.
637 1329 673 1334 —
691 1316 717 1343 3.
740 1315 778 1341 De
796 1314 974 1348 Impositione
990 1313 1126 1341 Nominis.
1151 1327 1185 1332 —
1205 1313 1232 1339 4.
1255 1313 1291 1340 De
1307 1313 1448 1347 Magorum
1462 1312 1638 1340 Adoratz'one.
1666 1328 1700 1332 —
1725 1314 1750 1339 5.
1773 1313 1811 1341 De

220 1359 432 1386 Proesentatione
447 1359 477 1387 in
489 1359 628 1394 temptum.

873 1437 1160 1476 PRAEFATIO

226 1526 305 1557 Cum
336 1525 512 1556 secundum
543 1525 688 1556 virorum
717 1524 964 1563 venerabilium,

186 1589 268 1621 quos
287 1581 320 1611 in
339 1579 478 1610 Ecclesia
499 1579 554 1610 Dei
573 1579 683 1610 divina
708 1579 874 1610 irradiatio
896 1589 965 1610 am-

184 1634 270 1672 plius
293 1633 476 1671 illustravit,
500 1634 532 1664 et
550 1633 686 1664 coelestis
709 1633 836 1664 devotio
861 1633 964 1664 abun-

186 1689 314 1720 dantius
335 1687 562 1726 inflammavit,
587 1687 777 1718 sententiam
801 1689 831 1718 et
850 1687 968 1718 doctri-

186 1752 276 1780 nam,
292 1741 394 1773 dulcis
411 1741 483 1772 Jesu
503 1741 683 1779 meditatio,
701 1741 796 1773 Verbi
813 1741 969 1772 incarnati

186 1796 294 1827 divina
309 1795 534 1835 contemplatio
550 1795 699 1827 devotam
715 1795 858 1826 animam
873 1804 970 1835 super

186 1849 250 1880 mel
265 1851 294 1880 et
309 1849 419 1880 omnia
432 1851 679 1888 unguentorum
697 1849 874 1888 fragrantia
889 1849 968 1880 odo-

186 1904 330 1933 ramenta
351 1902 482 1932 suavius
508 1903 538 1933 et
557 1902 683 1933 dulcius
703 1901 849 1941 inebriet,
867 1903 970 1942 perfe-

186 1957 267 1987 ctius
282 1955 462 1987 consoletur
477 1957 507 1986 et
522 1956 679 1986 confortet
695 1966 701 1986 ;
719 1955 794 1986 hinc
809 1958 867 1993 est,
884 1957 969 1996 quod

186 2019 260 2041 cum
277 2018 327 2047 me
343 2018 362 2039 a
376 2008 611 2048 cogitationum
627 2009 837 2040 incidentium
850 2010 970 2041 tumul-

187 2066 223 2095 tu
238 2063 409 2103 paululum
428 2062 672 2100 subtraxissem,
690 2064 721 2094 et
736 2063 820 2094 intra
839 2066 970 2095 memet-

188 2117 295 2157 ipsum
311 2116 489 2156 cogitarem
506 2116 632 2154 tacitus,
649 2116 725 2156 quid
742 2117 780 2147 de
796 2117 904 2148 divina
918 2118 968 2148 in-

187 2171 372 2202 carnatione
386 2171 420 2201 in
435 2170 495 2201 hoc
510 2172 653 2210 tempore
668 2170 703 2201 in
720 2173 827 2201 mente
843 2173 968 2211 pertra-

188 2225 319 2262 ctarem,
337 2224 423 2255 unde
439 2224 581 2264 aliquam
605 2224 853 2256 consolationem
874 2226 970 2266 spiri-

188 2277 310 2309 tualem
330 2278 519 2317 reciperem,
535 2278 569 2308 in
584 2287 648 2318 qua
663 2278 807 2309 divinam
827 2278 968 2310 dulcedi-

188 2341 264 2363 nem
280 2332 314 2362 in
328 2332 388 2362 hac
404 2331 621 2371 lacrymarum
636 2332 719 2363 valle
733 2341 790 2372 per
803 2333 968 2373 speculum

189 2385 410 2425 degustarem,
427 2387 474 2422 ut,
488 2394 525 2416 ea
536 2385 773 2425 aliquantulum
787 2386 967 2426 degustata,

189 2439 397 2480 temporalem
421 2441 452 2470 et
476 2439 706 2479 phantasticam
722 2441 970 2472 consolationem

189 2493 358 2533 perfectius
373 2493 548 2524 fastidirem
561 2504 568 2531 ;
584 2493 694 2524 incidit
708 2494 807 2525 menti
824 2504 904 2526 meae
919 2504 968 2526 se-

191 2547 318 2585 cretius,
337 2547 422 2587 quod
442 2547 551 2578 anima
567 2547 681 2578 devota
695 2547 897 2579 benedictum
916 2548 970 2580 Dei

225 2610 230 2623 '
249 2610 288 2640 Cf.
305 2609 369 2634 Edit⁴
382 2609 524 2641 Argentin„
536 2616 579 2633 an.
596 2610 666 2640 1495,
681 2612 744 2640 part.
761 2611 790 2640 11,-
805 2611 864 2636 edit.
878 2611 970 2642 Vatic,y

192 2652 233 2670 an.
252 2647 320 2677 1596,
345 2647 406 2671 tom.
429 2646 472 2677 Vl,
490 2653 547 2677 pag.
571 2647 630 2676 4303
653 2646 713 2672 edit.
733 2647 808 2678 Ven„
832 2654 873 2672 an.
899 2649 969 2677 1611,

1026 1524 1128 1555 Patris
1142 1524 1285 1555 Verbum
1308 1525 1339 1554 et
1362 1523 1480 1555 Filium
1503 1524 1725 1564 unigenitum,
1742 1533 1809 1555 me-

1025 1578 1130 1608 diante
1165 1577 1282 1617 gratia,
1313 1577 1521 1616 spiritualiter
1554 1579 1661 1617 posset
1691 1577 1811 1608 virtute

1026 1631 1183 1662 Altissimi
1197 1631 1375 1671 concipere,
1400 1640 1523 1670 parere,
1540 1631 1720 1669 nominare,
1737 1641 1811 1662 cum

1026 1685 1127 1715 beatis
1143 1685 1247 1724 Magis
1265 1694 1413 1725 quaerere
1428 1687 1458 1716 et
1473 1685 1618 1724 adorare,
1635 1688 1666 1716 et
1681 1686 1812 1717 demum

1025 1740 1089 1771 Deo
1107 1739 1193 1771 Patri
1212 1740 1390 1770 secundum
1407 1739 1513 1779 legen]
1527 1739 1627 1780 Moysi
1644 1740 1677 1770 in
1694 1740 1812 1780 templo

1026 1794 1171 1825 faeliciter
1196 1797 1403 1834 praesentare,
1431 1795 1461 1824 et
1481 1793 1535 1831 sic,
1559 1796 1714 1834 tanquam
1735 1803 1813 1825 vera

1026 1848 1214 1879 Christianae
1238 1848 1404 1888 religionis
1425 1847 1591 1887 discipula,
1610 1848 1753 1888 quinque
1769 1848 1813 1878 fe-

1027 1905 1085 1940 sta,
1104 1911 1178 1942 quae
1193 1902 1231 1932 de
1248 1911 1350 1942 puero
1364 1901 1379 1932 J
1383 1910 1440 1932 esu
1455 1902 1524 1941 agit
1539 1901 1689 1940 Ecclesia,
1704 1904 1812 1932 mente

1027 1956 1142 1987 devota
1157 1965 1231 1986 cum
1249 1956 1337 1986 omni
1353 1955 1534 1986 reverentia
1550 1955 1653 1986 valeat
1668 1955 1811 1986 celebra-

1027 2019 1072 2040 re.
1103 2009 1207 2049 Igitur
1231 2009 1312 2040 sicut
1340 2009 1504 2040 humiliter
1532 2009 1673 2049 concepi,
1704 2009 1810 2040 verbis

1026 2062 1207 2093 humilibus
1226 2062 1409 2102 conscripsi,
1437 2062 1676 2093 concordantias
1698 2064 1809 2093 aucto-

1027 2116 1162 2147 ritatum
1180 2116 1348 2147 brevitatis
1365 2125 1459 2146 causa
1475 2116 1676 2156 praetermisi.
1696 2115 1729 2146 In
1746 2125 1810 2156 quo

1026 2171 1163 2200 tractatu
1179 2170 1268 2201 brevi
1285 2172 1315 2200 et
1328 2170 1456 2208 humili,
1474 2170 1498 2200 si
1522 2169 1573 2200 vel
1588 2170 1750 2201 modicum
1761 2169 1810 2200 de-

1027 2223 1175 2260 votionis,
1208 2223 1389 2254 meditando
1427 2223 1650 2255 dulcissimum
1685 2223 1807 2262 Jesum,

1026 2277 1098 2317 quis
1112 2277 1250 2317 legendo
1265 2277 1435 2317 concipiat,
1451 2277 1557 2318 ipsum
1575 2280 1729 2318 tanquam
1744 2287 1810 2309 om-

1026 2331 1116 2362 nium
1133 2331 1293 2362 bonorum
1307 2331 1513 2371 principium,
1528 2332 1651 2362 fontem
1663 2333 1694 2362 et
1704 2333 1810 2362 aucto-

1026 2394 1095 2416 rem
1111 2384 1228 2423 laudet,
1245 2384 1413 2424 glorificet,
1430 2387 1461 2416 et
1478 2385 1642 2416 benedicat
1655 2396 1662 2423 3
1683 2385 1709 2415 si
1728 2385 1809 2415 nihil

1027 2439 1079 2471 vel
1095 2438 1201 2469 minus
1217 2439 1410 2470 sufficienter
1426 2441 1457 2470 et
1472 2439 1571 2479 digne
1584 2438 1745 2477 scribenti,
1757 2439 1809 2470 vel

1027 2493 1107 2524 forte
1122 2492 1181 2523 sibi
1197 2492 1304 2524 minus
1321 2492 1434 2525 devote
1455 2494 1486 2524 et
1505 2492 1671 2524 humiliter
1686 2492 1808 2533 legenti

1026 2547 1162 2587 imputet
1177 2549 1208 2578 et
1223 2546 1370 2578 ascribat.

1028 2612 1091 2634 tom.
1109 2610 1146 2640 ll;
1163 2609 1222 2634 edit.
1241 2610 1334 2641 Lugd.,
1349 2616 1391 2634 an.
1409 2610 1478 2640 1647,
1494 2616 1553 2641 pag.
1575 2611 1633 2641 433;
1650 2609 1711 2634 edit.
1733 2600 1808 2641 Ven„

1028 2653 1069 2671 an.
1089 2647 1157 2677 1754,
1172 2648 1235 2671 tom.
1253 2646 1320 2676 Xlll,
1335 2652 1394 2677 pag.
1415 2648 1437 2669 1.
