1955 3021
1729 239 1764 261 lx

139 296 281 330 nominis
295 297 353 336 tui,
370 295 515 336 Domina,
531 295 721 338 propitietur
735 295 829 327 nobis
851 295 974 327 fruetus
997 296 1118 327 ventris
1140 295 1201 327 tui.
1225 295 1267 328 De
1290 297 1380 336 porta
1401 297 1509 336 inferi,
1525 300 1557 329 et
1580 297 1619 329 de
1643 299 1763 330 ventre

141 356 260 398 abyssi,
275 355 338 388 tuis
351 355 469 388 sanctis
483 355 632 396 precibus
645 355 748 386 libera
761 363 858 386 nos...
876 354 972 394 Deus,
987 354 1132 395 repulisti
1146 363 1204 386 nos
1221 357 1348 396 propter
1370 357 1499 396 peccata
1513 357 1635 396 nostra,
1648 357 1680 388 et
1695 356 1762 387 mi-
1787 345 1791 349 ”

140 416 246 446 sertus
258 422 292 446 es
305 413 399 446 nobis
413 415 545 455 propter
559 413 728 454 Virginem
742 414 890 446 Mariam.
907 413 1071 446 Intercede
1084 423 1143 455 pro
1157 415 1261 454 nobis,
1278 415 1443 448 salutifera
1455 415 1554 448 Mater
1568 415 1660 447 Dei...
1674 415 1761 447 Deus

141 473 329 505 misereatur
342 472 457 512 nostri,
472 473 503 504 et
516 472 683 504 benedicat
697 472 790 504 nobis
805 472 977 514 perillam,
989 482 1064 514 quae
1079 482 1155 504 eum
1172 474 1298 513 genuit.
1316 474 1467 507 Miserere
1482 475 1596 514 nostri,
1613 474 1759 514 Domina,

139 534 170 564 et
184 541 241 564 ora
251 541 310 573 pro
321 531 452 564 nobis...
469 531 631 564 Iutercede
645 540 704 572 pro
719 540 782 569 me,
798 531 945 571 Domina,
963 532 1051 573 apud
1065 531 1228 564 Christum
1244 534 1349 573 tuum,
1369 545 1384 563 υ
1404 535 1464 566 etc.

179 590 250 622 Jam
263 592 395 631 praestat
409 590 566 622 Arturum
582 591 702 631 ipsum,
716 600 782 622 non
800 591 1011 631 garrientem,
1030 591 1085 623 sed
1099 591 1224 622 erudite
1239 601 1276 622 ac
1291 592 1369 623 scite
1386 593 1424 624 de
1440 593 1501 624 hoc
1522 592 1680 625 psalterio
1696 593 1760 624 dis-

139 650 298 681 serentem
324 649 436 681 audire
456 660 463 681 :
490 660 505 679 α
527 649 607 680 Cum
633 649 702 690 ipse
730 651 860 682 sanctus
886 649 1112 681 Bonaventura
1140 650 1229 691 prius
1259 650 1398 683 Joannes
1432 654 1566 684 vocatus
1593 652 1701 692 fuerit,
1731 654 1762 684 et

138 707 173 740 B.
201 708 376 740 Alexandri
404 707 529 739 Alensis
557 716 794 749 nonnunquam
819 707 995 749 discipulus
1017 708 1157 740 creditus
1173 709 1231 747 sit:
1256 710 1296 741 de
1317 719 1356 742 eo
1377 710 1534 742 Simlerus
1560 711 1594 742 in
1619 711 1758 752 Epitom.

138 767 286 800 Biblioth.
305 767 458 799 Gnesneri
472 767 605 808 impune
618 767 746 799 locutus
761 768 828 799 est:
850 779 865 798 (ι
878 767 1018 799 Joannes
1039 768 1079 799 de
1102 768 1177 799 Ales
1201 769 1326 810 scripsit
1346 769 1539 802 Psalterium
1553 770 1709 811 Virginis,
1727 771 1762 802 in

136 837 151 856 »
170 835 236 867 quo
250 835 363 858 omnes
381 826 522 858 Psalmos
538 827 692 867 corrupit,
709 828 740 858 et
755 826 796 857 ad
809 825 979 867 Virginem
1004 827 1139 858 Mariam
1161 827 1318 860 convertit
1333 839 1340 860 :
1357 828 1552 869 impressum
1566 839 1670 871 nuper
1685 839 1761 862 cum

137 897 151 916 »
172 886 364 918 Praefatione
377 885 508 918 Joannis
532 885 652 917 Brentii
663 885 685 917 ¹.
701 896 716 914 »
735 885 816 916 Hinc
832 885 896 917 scio
910 885 1066 918 Jacobum
1080 886 1208 927 Magnae
1232 887 1409 920 Britanniae
1422 897 1548 929 regem,
1564 889 1597 920 in
1610 888 1694 921 libro
1709 889 1761 921 cui

137 944 248 977 titulus
260 947 327 976 est:
349 945 485 986 Triplici
509 944 593 978 nodo
607 945 728 985 triplex·
741 952 877 984 cuneus,
894 945 926 976 id
942 954 1024 986 opus
1040 946 1144 977 multa
1158 946 1381 987 indignatione
1396 948 1634 987 condemnasse,
1648 949 1679 980 et
1690 950 1762 980 tan-

137 1013 236 1045 quam
250 1004 328 1046 quid
340 1004 514 1036 nefandum
528 1005 716 1045 reprobasse
733 1013 850 1045 :quem
865 1006 974 1044 postea
989 1005 1090 1036 secuti
1105 1007 1181 1037 sunt
1195 1006 1308 1038 eodem
1322 1007 1454 1039 invidiae
1471 1007 1574 1040 livore
1588 1008 1761 1039 frementes

137 1064 284 1096 nonnulli
297 1064 440 1096 haeretici
451 1075 458 1102 ;
474 1064 594 1105 quibus
609 1066 716 1095 tamen
726 1066 858 1095 strenue
867 1064 1043 1096 obviarunt
1055 1064 1296 1097 illustrissimus
1305 1066 1475 1098 cardinalis
1485 1067 1657 1106 Peri-oum,
1666 1066 1762 1099 Seno-

136 1124 246 1155 nensis
261 1123 531 1164 archiepiscopus
550 1123 585 1154 in
606 1123 826 1164 Replicatione
841 1123 881 1155 ad
901 1123 1153 1165 Responsionem
1175 1125 1304 1165 Magnae
1327 1125 1503 1158 Britanniae
1520 1127 1761 1167 RegiszCoiffe-

136 1182 219 1214 telus
235 1182 441 1214 Marsiliensis
455 1182 669 1223 episcopusin
685 1181 902 1223 Responsione
914 1183 954 1214 ad
969 1183 1121 1214 eumdem
1136 1183 1279 1224 Regem:
1295 1186 1327 1216 et
1337 1184 1374 1216 R.
1388 1185 1424 1217 P.
1440 1185 1588 1225 Ignatius
1602 1186 1640 1217 de
1651 1185 1758 1224 Gault‚

136 1250 225 1273 nunc
238 1241 378 1273 vicarius
394 1241 554 1281 generalis
569 1242 600 1272 et
614 1241 855 1273 commissarius
877 1241 1071 1282 apostolicus
1093 1243 1241 1274 omnium
1265 1243 1522 1276 Recollectorum
1538 1244 1660 1283 Galliae,
1676 1245 1760 1277 libro

137 1300 175 1332 de
192 1299 317 1332 Sanctis
332 1300 416 1332 Eccl.
432 1300 534 1339 Rom„
552 1309 621 1340 cap.
639 1302 669 1338 2,
685 1302 761 1332 sect.
778 1304 808 1340 7,
826 1309 940 1333 versus
955 1302 1012 1332 fin.
1030 1301 1198 1343 Nusquam
1214 1302 1302 1333 enim
1329 1302 1542 1343 depravatum
1568 1305 1617 1334 est
1640 1302 1760 1335 Psalte-

137 1360 223 1391 rium
238 1359 426 1391 Davidicum
439 1368 497 1400 per
510 1358 545 1390 D.
566 1359 838 1399 Bonaventuram,
860 1369 918 1392 nec
932 1361 1121 1401 hujusmodi
1146 1361 1340 1393 Psalterium
1364 1362 1495 1393 Mariale
1510 1371 1529 1393 a
1544 1361 1577 1394 S.
1595 1361 1764 1394 Bonaven-

137 1422 210 1451 tura
225 1419 358 1458 editum,
371 1419 454 1450 inter
470 1419 569 1450 libros
584 1428 682 1450 sacrae
694 1419 868 1460 Scripturee
882 1420 1052 1451 canonicos
1063 1420 1257 1452 recensitum
1272 1423 1329 1460 est,
1344 1423 1400 1452 aut
1415 1430 1473 1462 pro
1488 1422 1642 1453 canonico
1653 1431 1672 1453 a
1682 1422 1759 1453 fide-

138 1478 223 1509 libus
238 1481 416 1519 acceptum,
431 1478 479 1509 uti
493 1478 671 1509 adversarii
693 1487 862 1518 perperam
877 1480 1060 1510 autumant.
1081 1478 1162 1510 Nam
1188 1489 1293 1520 neque
1311 1479 1519 1518 Trithemius,
1537 1489 1643 1521 neque
1662 1480 1759 1512 Gnes-

139 1546 247 1576 nerus,
256 1537 342 1568 illius
351 1546 497 1577 unquam
507 1537 696 1568 meminere.
706 1536 747 1568 At
757 1546 857 1577 quam
867 1537 965 1568 futilis
976 1537 1018 1568 sit
1032 1538 1103 1569 haec
1114 1538 1207 1577 ratio,
1217 1538 1332 1570 exinde
1343 1538 1551 1579 perspicuum
1562 1539 1622 1570 erit
1630 1539 1760 1579 intueri,

139 1596 226 1637 quod
240 1605 300 1627 nec
314 1596 445 1636 rejicere
458 1597 638 1633 teneamur,
655 1604 730 1636 quae
746 1606 765 1627 a
780 1596 958 1628 Trithemio
973 1599 1005 1628 et
1019 1596 1182 1628 Gnesnero
1196 1597 1326 1636 omissa,
1337 1606 1394 1629 seu
1402 1598 1521 1629 intacta
1533 1600 1619 1636 sunt,
1635 1608 1708 1630 eum
1721 1599 1761 1630 ab

140 1655 212 1686 aliis
226 1654 498 1695 praestantissimis
511 1654 589 1686 viris
602 1655 721 1686 fuerint
736 1656 997 1687 commemorata.
1016 1655 1216 1696 Quapropter
1233 1656 1473 1688 illustrissimus
1496 1657 1670 1688 Cardinalis
1690 1657 1761 1689 Bel-

140 1714 297 1746 larminus
312 1714 454 1754 ingenue
468 1713 598 1751 fatetur,
613 1713 646 1745 id
661 1713 747 1754 Opus
763 1723 831 1745 esse
854 1714 956 1755 ipsius
981 1715 1173 1746 sanctissimi
1196 1715 1338 1746 Doctoris
1361 1714 1536 1756 Seraphici,
1554 1716 1633 1747 dum
1657 1716 1690 1746 in
1704 1725 1763 1747 sua

141 1774 265 1806 erudita
278 1773 435 1814 Apologia
447 1782 505 1814 pro
519 1773 726 1813 responsione
742 1773 781 1804 ad
796 1773 916 1804 librum
931 1774 1106 1814 supradicti
1121 1773 1250 1813 Angliae
1267 1773 1376 1813 Regis,
1397 1783 1466 1814 cap.
1483 1783 1529 1811 XI,
1546 1775 1624 1805 tom.
1640 1773 1707 1813 VII,
1717 1767 1762 1805 sic

141 1834 205 1866 ait:
226 1845 240 1864 (ι
255 1833 385 1871 Quarto,
402 1832 478 1864 dicit
493 1842 511 1863 a
526 1832 558 1864 S.
577 1832 803 1864 Bonaventura
818 1833 975 1873 sacrilege
989 1835 1180 1873 corruptum
1195 1843 1262 1865 esse
1274 1833 1477 1872 Psalterium,
1495 1843 1570 1865 cum
1588 1834 1758 1866 Dominam

137 1904 152 1923 ³>
172 1903 230 1934 pro
246 1893 380 1926 Domino
394 1893 428 1923 in
441 1894 506 1924 toto
520 1892 674 1924 Psalterio
687 1893 831 1933 posuerit
854 1902 862 1924 :
893 1894 925 1924 at
949 1893 982 1924 S.
1009 1893 1237 1924 Bonaventura
1252 1892 1443 1923 Psalterium
1458 1892 1599 1931 Davidis,
1616 1893 1703 1933 quod
1718 1894 1758 1925 ad

138 1964 152 1982 n
172 1952 372 1993 Scripturam
387 1951 573 1983 canonicam
589 1951 738 1992 pertinet,
754 1951 887 1982 omnino
902 1960 969 1982 non
984 1951 1102 1991 tetigit,
1121 1952 1175 1982 sed
1201 1952 1241 1982 ad
1264 1951 1508 1983 similitudinem
1536 1951 1683 1983 Psalterii
1697 1953 1758 1983 Da-

141 2023 155 2041 »
171 2011 266 2051 vidis,
283 2011 368 2042 aliud
390 2010 580 2042 Psalterium
604 2010 672 2050 ipse
693 2009 882 2050 composuit,
904 2019 945 2041 ex
958 2010 1011 2050 pio
1027 2010 1066 2041 ad
1081 2009 1116 2041 B.
1134 2009 1304 2050 Virginem
1330 2010 1459 2042 affectu.
1479 2021 1494 2040 ι)
1523 2011 1580 2042 Cui
1604 2012 1760 2042 consentit

139 2071 330 2109 Coiffetelus,
346 2071 406 2102 loc.
425 2079 523 2110 supra
535 2070 628 2101 citato
646 2070 667 2100 ².
684 2069 822 2101 Hoccine
838 2072 886 2102 est
898 2079 978 2110 ergo
989 2072 1046 2102 aut
1060 2071 1198 2111 gyarrz're,
1217 2071 1271 2100 aut
1285 2068 1401 2100 nubem
1412 2068 1636 2102 modernorum
1651 2072 1760 2102 auclo-

139 2138 210 2163 rum
224 2130 352 2171 afferre,
366 2130 425 2170 qui
439 2137 503 2162 rem
515 2137 681 2169 nunquam
699 2129 936 2168 discusserunt,
962 2130 1027 2162 imo
1044 2130 1184 2168 forsitan
1208 2128 1398 2168 opusculum
1413 2136 1583 2169 nunquam
1603 2129 1759 2169 legerunt,

139 2194 175 2223 ut
189 2191 324 2231 leqz‘tz'me
337 2189 376 2222 de
391 2189 445 2221 illo
459 2189 672 2229 pronuntiare
687 2192 818 2229 possent
831 2189 847 2219 P

182 2249 317 2281 Censent
339 2249 468 2289 quidem
491 2248 636 2280 Editores
656 2248 825 2279 novissimi
840 2248 879 2279 ad
895 2248 1111 2279 retundendas
1125 2246 1354 2278 haereticorum
1370 2246 1555 2278 calumnias
1571 2247 1671 2278 satius
1693 2256 1762 2278 esse

140 2307 341 2348 respondere,
357 2307 545 2347 hujusmodi
562 2306 752 2338 psalterium
769 2307 812 2339 ad
824 2307 1004 2347 simplicem
1018 2307 1179 2339 hominem
1192 2307 1312 2346 potius,
1330 2315 1427 2347 queem
1443 2306 1488 2338 ad
1502 2307 1666 2346 eqreqz'um
1681 2306 1762 2338 Doe-

140 2370 239 2400 torem
265 2366 435 2407 pertinere.
458 2365 548 2397 Unde
569 2365 814 2406 reprehensione
836 2365 953 2406 cliqnos
976 2366 1066 2396 aiunt
1093 2364 1243 2397 Editores
1270 2364 1442 2402 Romanos,
1465 2365 1550 2405 quod
1568 2364 1761 2404 obloquendi

141 2434 254 2458 ansam
268 2425 465 2466 praebuerint
478 2424 620 2457 Marcino
635 2424 808 2463 Kemnitio‚
825 2427 897 2463 etc,5
919 2426 1097 2465 putantque
1118 2424 1153 2454 in
1171 2424 1255 2454 hanc
1269 2432 1339 2454 rem
1355 2423 1588 2454 consulendum
1604 2423 1761 2455 Joannem

140 2486 343 2525 coqnornento
363 2484 463 2523 Woyt.
482 2482 543 2513 Sed
558 2484 594 2514 ut
608 2483 648 2514 ab
664 2483 724 2514 hoc
738 2484 854 2515 ultimo
870 2484 1036 2524 occipiam,
1053 2483 1140 2514 haud
1164 2482 1340 2522 aequiorem
1362 2482 1429 2522 ipse
1449 2482 1588 2522 praebuit
1612 2482 1760 2513 animum

140 2544 262 2576 caeteris
283 2542 496 2580 heterodoxis,
513 2551 593 2582 quos
612 2543 746 2574 minime
762 2543 938 2575 audiendos
961 2543 1135 2574 catholicus
1159 2541 1295 2582 quisque
1318 2540 1408 2571 facile
1430 2540 1595 2581 intelligit.
1622 2540 1715 2578 Quod
1733 2541 1760 2571 si
1785 2550 1788 2552 ·

172 2645 250 2669 1Νοῑι
266 2643 384 2674 scriptor,
405 2642 458 2666 sive
476 2643 574 2672 auctor,
590 2641 635 2665 sed
650 2642 788 2673 impressor
803 2643 881 2674 hujus
897 2643 1013 2668 Psallerii
1027 2643 1073 2666 fuit
1090 2642 1194 2673 quidem
1211 2641 1319 2665 loannes
1334 2639 1363 2663 de
1378 2639 1470 2671 Hallss,
1490 2640 1614 2671 venetiis,
1632 2648 1673 2665 an.
1689 2642 1758 2672 1476,

141 2682 170 2705 ut
192 2680 267 2703 fidem
291 2679 387 2703 faciunt
410 2679 488 2702 Lucas
509 2677 633 2702 Osiander
656 2677 683 2701 in
709 2679 858 2703 Enclzz'rirlio
880 2682 989 2703 controv.
1011 2679 1154 2708 ναῖιῃίοηεϊς,
1178 2685 1202 2708 p.
1226 2678 1282 2707 2:54,
1313 2676 1373 2700 edit.
1401 2676 1572 2707 Witeberfsae,
1598 2678 1667 2706 1607γ
1692 2677 1758 2707 iti-8,

143 2716 303 2739 normannus
319 2713 521 2745 Empsyohovius
544 2713 569 2737 in
594 2720 640 2737 sua
663 2714 795 2745 Apoloyz'a,
820 2722 878 2746 pag.
905 2716 949 2745 65,
976 2714 1036 2738 edit.
1060 2713 1204 2738 Tremo-uice
1228 2714 1303 2741 1610,
1336 2718 1366 2736 ac
1392 2712 1505 2737 Joannes
1532 2713 1644 2737 =lacobus
1667 2711 1758 2742 Becks,

142 2749 322 2776 Lutlcermumh
336 2757 379 2774 υοιι
396 2749 512 2781 Lulhew,
528 2757 586 2781 pag.
603 2750 658 2781 219,
674 2749 790 2775 Francos.
808 2751 877 2775 1058.
893 2763 923 2768 -
940 2751 948 2764 ²
963 2751 1059 2781 Artur„
1073 2750 1121 2774 loc.
1138 2749 1179 2774 cit.
