2029 3052
285 221 345 251 560

284 287 350 317 tem
358 286 486 318 virtutis
495 287 693 326 obedientiae,
703 287 810 327 plures
819 287 915 318 babet
920 287 1040 327 gradus
1049 299 1057 320 ε

285 340 416 380 quidam
433 341 519 372 enim
540 341 575 372 in
598 341 750 372 omnibus
771 341 926 379 absolute,
942 343 979 372 ut
992 341 1058 372 dic-

283 395 355 424 tum
375 396 437 432 est;
462 394 592 435 quidam
611 403 689 426 vero
712 394 926 433 accommode,
949 396 1060 435 utpote

284 449 324 479 ad
346 449 598 481 mediocritatem
621 452 722 481 status
743 450 793 481 sui
813 449 1057 490 pertinentibus,

284 503 423 543 propriae
442 503 631 534 renuntiant
651 503 810 535 voluntati
828 514 835 534 :
852 504 929 544 quia
949 503 1060 535 Clerici

284 556 463 595 saeculares,
483 556 517 587 in
536 557 618 588 sacri
636 557 758 588 ordinis
779 557 988 598 susceptione,
1008 566 1059 588 re-

283 610 431 641 nuntiant
445 610 582 651 propriis
597 610 835 648 voluntatibuS,
863 613 894 642 et
916 620 958 642 ex
984 613 1060 642 tunc

283 663 376 704 plene
390 663 506 695 debent
520 664 635 704 subjici
653 664 874 695 ecclesiasticae
892 664 1058 705 potestati,

282 719 318 748 ut
333 717 462 757 legitur,
478 727 535 756 xu,
547 727 579 758 q.
591 720 620 756 1,
630 727 657 749 c.
669 718 740 751 Non
750 717 882 751 dicatis.
899 717 1057 758 Amplius,

282 771 450 802 sublimior
459 774 506 802 est
515 771 696 803 obedientia
706 771 950 810 monachorum,
959 780 1058 812 quam

281 826 487 858 saecularium
502 826 702 864 clericorum,
717 828 754 857 ut
767 827 854 866 patet
870 827 1003 865 Extra„
1019 826 1060 858 de

281 880 389 920 officio
397 879 581 918 Ordinarz'i,
589 889 616 910 c.
624 881 643 910 5
650 880 690 920 (a)
696 901 704 910 .
713 879 945 911 Monachorum
951 882 1058 911 autem

282 934 460 965 obedientia
467 934 592 966 duobus
598 934 844 973 constringitur:
855 934 971 974 primo,
981 935 1059 975 quia

281 997 339 1027 per
359 987 394 1028 (b)
417 988 630 1019 obedientiam
647 990 776 1027 vovent,
791 989 879 1020 salva
889 988 1058 1020 stabilitate

281 1042 322 1073 ad
344 1041 469 1080 locum;
496 1042 644 1080 secundo,
667 1041 744 1082 quia
763 1042 802 1073 ad
823 1042 904 1073 nihil
929 1043 1058 1074 obedire

282 1098 443 1134 tenentur,
459 1096 545 1137 quod
559 1096 709 1136 regulam
724 1105 815 1127 suam
834 1096 1057 1128 transcendere

281 1149 530 1181 demonstratur.
547 1149 648 1181 Altior
662 1151 710 1181 est
729 1158 808 1189 ergo
824 1150 1002 1181 obedientia
1019 1150 1056 1181 il-

280 1203 401 1241 lorum,
412 1203 467 1243 qui
477 1203 605 1234 nullum
615 1203 733 1234 habent
747 1203 782 1234 in
795 1204 854 1234 boc
867 1204 989 1235 mundo
997 1204 1057 1236 loci

277 1257 332 1296 ,ius
346 1256 524 1297 proprium,
539 1265 603 1297 quo
619 1266 677 1287 sua
691 1257 871 1288 obedientia
883 1257 1058 1298 restringa-

280 1313 345 1342 tur.
362 1310 441 1342 Item
456 1311 549 1342 altior
562 1313 609 1342 est
623 1310 754 1342 illorum
772 1311 962 1349 obedientia,
979 1321 1057 1352 quo-

280 1374 354 1396 rum
369 1365 461 1396 altior
476 1367 523 1396 est
537 1365 662 1405 regula,
674 1374 713 1396 ex
729 1374 792 1405 qua
806 1367 955 1397 tenentur
967 1367 1055 1406 ejus-

280 1420 352 1451 dem
369 1419 494 1459 regulae
510 1419 703 1459 professores
718 1418 798 1449 nihil
813 1428 977 1460 respuere,
995 1420 1055 1451 nisi

281 1474 321 1504 sit
340 1474 400 1513 ipsi
420 1472 545 1512 regulae
566 1472 775 1511 contrarium,
800 1473 851 1504 vel
873 1473 977 1512 saluti,
1004 1474 1054 1505 di-

279 1529 365 1558 recte
385 1526 437 1558 vel
454 1526 644 1566 aliqualiter.
670 1525 717 1556 Illi
734 1535 814 1565 ergo
838 1526 895 1557 soli
916 1528 1056 1567 abnega-

279 1579 374 1610 tionis
388 1580 556 1610 contrariae
570 1579 710 1610 secundo
722 1580 817 1611 modo
828 1580 919 1611 ‹lictae
934 1581 1056 1620 gradus

280 1633 446 1672 attingunt
474 1633 634 1673 perfecte,
656 1633 711 1672 qui
736 1633 769 1663 in
792 1633 943 1665 omnihus
957 1635 1054 1666 etiam

279 1688 535 1719 indifferentibus
556 1687 691 1717 subsunt
705 1687 909 1727 beneplacitis
925 1688 1052 1727 alienis,

279 1743 334 1782 qni
350 1742 476 1773 nullum
490 1742 610 1772 habent
620 1741 830 1781 patrocinium
846 1741 904 1772 loci
922 1742 1052 1780 stabilis,

278 1796 329 1827 vel
359 1795 522 1835 regionis,
546 1795 584 1825 ad
610 1804 707 1834 quam
736 1803 849 1825 corum
877 1795 1055 1827 obedientia

280 1848 507 1886 contrahatur,
531 1848 588 1888 qui
615 1847 695 1878 nihil
719 1847 778 1878 sibi
802 1848 1055 1880 obedientialiter

279 1903 465 1943 impositum
475 1904 607 1942 possunt
618 1902 781 1942 repellere,
794 1902 884 1941 qnasi
897 1905 1055 1933 transcen-

278 1957 356 1988 dens
384 1966 475 1988 suam
500 1955 661 1995 regulam,
692 1955 754 1986 nisi
782 1959 896 1995 vergat
925 1956 958 1986 in
986 1964 1053 1986 snae

278 2011 395 2042 animae
410 2011 647 2042 detrimentum.
673 2009 760 2040 Unde
782 2012 877 2049 patet,
902 2010 986 2049 quod
1006 2019 1055 2041 er-

278 2067 351 2095 rant
366 2065 420 2105 qui
442 2064 561 2101 dicunt,
585 2063 670 2103 quod
690 2063 724 2093 in
747 2063 898 2094 omnibus
913 2063 1054 2103 Religio-

279 2120 373 2150 nibus
387 2119 567 2150 obedientia
577 2119 618 2148 sit
630 2118 773 2158 aequalis.

319 2174 470 2214 Sequitur
487 2184 493 2203 :
509 2174 582 2204 Sine
596 2173 738 2212 proprio.
756 2171 794 2203 Et
808 2171 869 2203 hoc
879 2173 976 2203 etiam
990 2173 1053 2204 ha-

277 2228 330 2258 bet
352 2227 481 2266 gradus.
503 2226 584 2257 Nam
606 2226 781 2257 secundum
803 2226 933 2266 antiqua
953 2228 1051 2266 jura,

277 2282 398 2313 clericis
420 2281 535 2311 habere
558 2281 724 2320 proprium
742 2289 808 2311 non
828 2280 953 2312 licebat.
971 2281 1053 2312 Sunt

276 2336 381 2366 adhuc
392 2336 487 2366 etiam
507 2335 589 2365 bona
603 2335 811 2365 ecclesiastica
830 2344 895 2366 non
910 2336 1051 2375 propria,

277 2389 329 2420 sed
345 2388 539 2426 communia,
558 2388 589 2418 id
606 2391 662 2423 est,
684 2389 846 2419 communi
861 2389 991 2420 utilitati
1007 2390 1052 2419 vi-

276 2443 420 2474 ventium
442 2442 603 2482 deputata.
634 2441 693 2472 Sed
718 2442 792 2481 quia
818 2442 913 2473 etiam
937 2446 1052 2482 praeter

277 2496 345 2527 haec
359 2496 472 2526 licebat
487 2495 607 2526 clericis
622 2495 831 2525 saeeularibus
847 2495 963 2526 habere
979 2505 1052 2536 pro-

276 2551 345 2590 pria
368 2550 550 2590 peculiaria,
568 2551 653 2589 patet
674 2549 759 2589 quod
778 2549 872 2580 altior
890 2552 935 2580 est
951 2552 1050 2581 status

276 2605 508 2636 monachorum
529 2603 633 2644 quoad
657 2602 728 2641 hoc,
753 2602 869 2642 quibus
891 2612 955 2634 non
980 2603 1051 2634 lieet

309 2688 315 2703 ¹
333 2687 440 2715 Det-ret„
456 2692 484 2716 11,
499 2687 575 2716 part„
593 2692 661 2709 caus.
680 2690 726 2714 xt1,
742 2692 763 2708 c.
786 2687 822 2715 ll,
837 2684 891 2708 Non
907 2685 1008 2709 (Iit-atis,
1021 2697 1050 2702 —

276 2722 284 2737 ²
299 2722 415 2751 merom,
430 2721 463 2745 ml
477 2721 619 2751 Nepotian„
635 2720 707 2750 epist.
725 2726 752 2751 11,
768 2719 817 2744 col.
833 2727 869 2744 m.
884 2721 921 2744 17.

983 220 1192 254 EXPOSITIO

1113 289 1232 322 habere
1254 290 1420 332 proprium
1442 290 1510 322 ullo
1526 291 1622 323 modo
1635 291 1812 332 personale,
1833 293 1888 325 sed

1113 344 1238 375 tantum
1253 343 1286 375 in
1298 344 1474 376 communi.
1489 343 1551 376 Sed
1564 345 1640 386 quia
1649 345 1684 376 in
1697 346 1790 377 bonis
1799 355 1885 378 oom-

1113 397 1266 429 munibus
1280 400 1328 429 est
1336 398 1526 437 periculum,
1542 397 1626 430 sicut
1639 398 1672 430 in
1688 399 1836 440 propriis,
1851 401 1889 431 ut

1113 452 1200 491 patet
1221 460 1262 482 ex
1284 451 1438 490 avaritiis,
1462 453 1495 483 et
1513 451 1584 483 aliis
1607 452 1700 483 malis
1715 452 1889 485 affluentiae

1113 505 1249 536 terrenae
1269 504 1450 545 frequenter
1464 505 1610 544 annexis,
1632 508 1698 537 tam
1721 506 1891 546 religioso-

1113 566 1199 597 rum,
1216 567 1316 598 quam
1328 558 1531 590 saecularium
1544 559 1744 598 clericorum,
1758 559 1812 591 ille
1824 562 1888 592 sta-

1112 612 1166 642 tus
1179 613 1227 642 est
1251 612 1415 652 sincerior,
1440 615 1472 644 et
1489 622 1509 644 a
1530 613 1681 654 periculis
1703 614 1890 646 divitiarum

1112 665 1280 704 remotior,
1309 667 1366 707 qui
1389 675 1454 698 non
1476 666 1573 698 habet
1593 667 1788 698 affluentiam
1816 676 1890 708 pro-

1112 718 1228 758 priam,
1245 719 1297 751 vel
1313 728 1530 760 communem,
1546 720 1696 752 mobilem
1712 720 1764 752 vel
1775 721 1890 753 immo-

1113 771 1222 809 bilem,
1247 774 1282 804 ut
1303 773 1343 805 sit
1370 774 1399 804 ei
1417 783 1458 805 ex
1479 774 1598 806 divitiis
1619 775 1753 807 materia
1781 785 1890 817 super-

1112 824 1229 865 biendi,
1245 827 1296 858 vel
1315 829 1439 859 occasio
1454 828 1650 866 lasciviendi,
1670 829 1722 861 vel
1746 830 1889 862 avaritiae

1112 879 1320 913 incentivum.

1122 961 1221 986 Crescit
1234 968 1308 986 amor
1321 961 1431 994 nummi,
1442 964 1566 994 quantum
1579 962 1635 994 ipsa
1648 963 1757 994 pecunia
1771 963 1872 989 crescit.

1152 1041 1236 1073 Nihil
1253 1042 1354 1082 igitur
1378 1042 1475 1074 habet
1498 1043 1665 1084 proprium
1687 1043 1765 1075 ordo
1790 1043 1890 1076 Mino-

1111 1104 1184 1126 rum
1196 1095 1357 1135 Fratrum,
1373 1105 1432 1128 nec
1447 1096 1554 1137 aliqua
1567 1097 1667 1138 ipsius
1683 1098 1804 1129 ordinis
1819 1107 1889 1139 per-

1112 1158 1208 1188 sona·,
1233 1150 1286 1181 sed
1302 1150 1351 1181 uti
1376 1150 1459 1182 servi
1489 1150 1614 1189 Christi,
1634 1153 1666 1182 et
1686 1151 1816 1183 serviles
1830 1160 1888 1192 pro

1112 1203 1235 1235 Christo
1253 1203 1367 1243 effecti,
1384 1204 1441 1245 qui
1456 1213 1515 1245 pro
1528 1204 1620 1235 nobis
1639 1205 1777 1236 formam
1802 1206 1888 1237 servi

1111 1258 1249 1298 accepit,
1273 1259 1307 1289 in
1331 1258 1480 1290 domibus
1503 1259 1619 1289 vivunt
1640 1259 1769 1298 alienis,
1796 1259 1889 1291 illum

1110 1312 1282 1351 imitantes,
1300 1312 1355 1353 qui
1369 1312 1494 1343 nullum
1510 1312 1623 1343 habuit
1637 1312 1767 1344 titulum
1784 1313 1886 1344 domi-

1111 1366 1173 1398 cilii
1183 1389 1192 1404 ,
1208 1366 1264 1397 ubi
1279 1368 1374 1406 caput
1389 1375 1484 1397 suum
1503 1366 1737 1397 sanctissimum
1758 1366 1887 1398 reclina·

1110 1423 1169 1452 ret.
1187 1420 1225 1451 Et
1239 1422 1369 1460 propter
1384 1419 1502 1460 ipsum,
1526 1421 1662 1450 utuntur
1683 1419 1842 1451 librorum
1857 1413 1889 1451 et

1110 1474 1248 1505 aliarum
1271 1473 1445 1505 utilitatum
1460 1473 1688 1512 ustensilibus,
1713 1482 1786 1514 quae
1804 1474 1889 1514 juris

1110 1530 1185 1560 sunt
1200 1528 1304 1559 alieni.
1330 1527 1411 1559 Nam
1426 1529 1457 1558 et
1471 1527 1616 1558 Christus
1633 1538 1648 1556 α
1667 1527 1770 1558 alieno
1782 1536 1888 1558 vesce—

1110 1581 1205 1613 batur
1217 1582 1299 1620 cibo,
1317 1592 1331 1609 ι)
1356 1584 1390 1612 ut
1404 1581 1479 1612 dicit
1494 1580 1711 1621 Hieronymus
1725 1581 1769 1613 acl
1783 1581 1886 1621 Nepo-

1111 1636 1239 1668 tianum
1250 1636 1272 1666 ².
1288 1635 1377 1666 Unde
1393 1634 1567 1674 Gregorius
1582 1634 1632 1673 IX,
1649 1635 1731 1666 hanc
1741 1636 1886 1666 eamdem

1109 1690 1256 1729 regulam
1270 1689 1443 1727 elucidans,
1457 1691 1487 1719 et
1502 1689 1594 1719 istam
1609 1689 1836 1728 professionem
1847 1688 1887 1720 ab

1110 1743 1193 1772 omni
1214 1742 1276 1773 alia
1299 1742 1511 1782 distinguens,
1537 1742 1616 1773 hene
1631 1742 1694 1773 ait:
1710 1742 1884 1781 «Dicimus,

1110 1796 1195 1836 quod
1206 1795 1313 1827 necin
1327 1795 1503 1833 communi,
1520 1804 1577 1826 nec
1591 1796 1624 1826 in
1639 1795 1779 1836 speciali,
1796 1796 1888 1827 debet

1109 1850 1335 1890 proprietatem
1359 1849 1487 1887 habere,
1506 1849 1560 1880 sed
1579 1849 1781 1888 utensilium,
1798 1851 1829 1881 et
1851 1850 1886 1880 li-

1110 1904 1255 1942 brorum,
1280 1906 1312 1934 et
1327 1912 1439 1934 eorum
1456 1903 1636 1940 mobilium,
1652 1912 1726 1943 quae
1747 1903 1818 1934 licet
1832 1912 1884 1935 or-

1110 1957 1177 1989 dini
1199 1957 1334 1994 habere,
1357 1966 1454 1987 usum
1475 1956 1609 1995 habeat,
1631 1957 1720 1988 salvo
1743 1957 1885 1989 locorum

1109 2014 1140 2042 et
1154 2011 1323 2042 domorum
1345 2010 1487 2041 dominio
1508 2011 1567 2041 illis
1592 2011 1631 2041 ad
1653 2020 1733 2051 quos
1748 2020 1884 2043 noscun-

1109 2067 1162 2095 tur
1187 2065 1368 2105 pertinere3
1399 2074 1455 2095 nec
1480 2064 1575 2095 vendi
1596 2064 1711 2096 debent
1735 2065 1884 2104 mobilia,

1109 2127 1168 2149 nec
1186 2121 1277 2149 extra
1291 2118 1436 2149 ordinem
1458 2118 1661 2156 commutari,
1681 2121 1736 2149 aut
1754 2118 1886 2150 alienari

1109 2181 1240 2212 quoquo
1255 2171 1359 2209 modo,
1377 2171 1437 2201 nisi
1454 2171 1600 2202 Ecclesiae
1616 2171 1766 2203 Romanae
1782 2172 1885 2203 Cardi-

1109 2226 1202 2264 nalis,
1219 2225 1276 2266 qui
1290 2234 1347 2266 pro
1363 2227 1504 2265 tempore
1519 2225 1616 2256 fuerit
1629 2225 1749 2257 ordinis
1768 2226 1885 2265 guber-

1109 2282 1211 2317 nator,
1225 2278 1382 2316 Generali,
1392 2288 1448 2310 seu
1461 2278 1711 2309 Provincialibus
1723 2279 1884 2318 Ministris,

1109 2333 1329 2364 auctoritatem
1347 2342 1443 2373 super
1465 2333 1525 2363 hoe
1550 2333 1735 2372 praebuerit,
1759 2333 1809 2363 vel
1838 2342 1885 2363 as-

1108 2396 1249 2418 sensum.
1265 2397 1279 2414 »
1298 2386 1346 2417 Ex
1358 2395 1421 2426 quo
1432 2388 1517 2426 patet
1527 2386 1611 2426 quod
1623 2386 1732 2417 omnia
1742 2386 1881 2424 mobilia,

1108 2440 1227 2480 quibus
1247 2440 1324 2470 ordo
1346 2440 1457 2477 utitur,
1477 2442 1551 2470 sunt
1571 2439 1659 2470 nullo
1683 2439 1786 2470 medio
1801 2440 1883 2470 bona

1108 2493 1266 2531 Ecclesiae,
1281 2494 1403 2524 ratione
1418 2494 1467 2533 cuj
1474 2503 1522 2532 us,
1538 2496 1568 2524 et
1583 2493 1779 2530 auctoritate,
1797 2493 1884 2524 solus

1108 2548 1252 2588 ejusdem
1260 2548 1406 2580 Ecclesiae
1416 2547 1599 2586 Cardinalis,
1609 2550 1639 2578 et
1646 2547 1754 2578 nullus
1762 2557 1800 2578 eo
1807 2548 1883 2579 inse—

1107 2602 1174 2633 rior
1189 2601 1348 2632 licentiam
1364 2601 1459 2632 habet
1468 2602 1536 2632 sine
1548 2601 1626 2641 ipso,
1639 2601 1749 2631 eadem
1760 2601 1881 2641 dispen·

1140 2683 1175 2714 (a)
1198 2683 1274 2707 Forte
1299 2683 1348 2714 leq.
1374 2684 1411 2713 17,
1437 2682 1541 2707 scilicet.
1568 2682 1663 2705 Deci-et.
1689 2681 1775 2712 Greq„
1795 2681 1838 2706 lib.
1863 2683 1881 2713 i,

1107 2719 1145 2744 tit.
1161 2725 1234 2749 xxm,
1249 2726 1272 2743 c.
1291 2719 1419 2749 Utjuxta.
1435 2732 1464 2737 —
1481 2717 1514 2748 (b)
1531 2716 1587 2741 Del.
1597 2723 1652 2747 per.
