2029 3052
171 257 232 288 Cap.
253 257 276 281 6.
298 257 335 281 De
350 255 492 282 humilitate
507 257 532 282 et
544 256 703 288 obedientia,
718 258 744 282 et
760 257 792 283 de
811 264 871 284 con-

202 292 415 318 descensionibus
429 292 522 318 divinis
536 292 584 318 sibi
604 292 678 318 factis
691 293 723 318 ad
737 295 837 319 nutum.

170 327 233 360 Cap.
243 329 266 354 7.
277 328 313 353 De
325 334 412 353 amore
423 327 592 361 paupertatis,
603 330 628 354 et
635 328 702 354 mira
709 329 870 362 suppletione

201 363 360 389 defectuum.

169 399 231 431 Cap.
246 400 269 424 8.
284 400 321 424 De
340 400 441 431 pietatis
455 399 564 432 affectu,
580 401 606 425 et
624 401 756 432 quomodo
772 400 870 427 ratione

200 435 314 461 carentia
324 436 478 462 videbantur
491 437 522 461 ad
539 436 622 468 ipsum
636 436 712 461 attici.

168 471 231 502 cup.
247 472 271 495 9.
290 471 326 496 De
340 471 443 498 fervore
460 471 606 504 charitatis,
622 474 647 497 et
661 472 788 498 desiderio
803 480 870 499 mar-

199 506 267 539 tyrii.

168 542 231 574 Cap.
248 544 286 567 10.
301 543 337 568 De
350 543 434 568 studio
451 544 477 568 et
491 543 583 568 virtute
595 543 728 569 orationis.

167 578 272 611 Cap.11.
288 579 325 604 De
340 579 508 612 intelligentia
522 579 726 612 scripturarum,
742 581 768 604 et
782 579 871 612 spiritu

197 614 351 647 prophetiae.

166 651 228 682 Cap.
245 652 282 676 12.
300 652 337 676 De
352 651 465 677 efficacia
478 651 655 683 praedicandi,
669 654 695 677 et
708 651 790 684 gratia
803 651 870 677 eani-

197 693 289 716 tatum.

166 727 228 759 cap.
245 727 283 752 13.
300 727 335 752 De
347 726 510 757 stigmatibus
521 728 610 753 saeris.

165 763 227 795 cap.
242 765 279 788 14.
295 764 332 788 De
346 763 472 795 patientia
486 763 576 796 ipsius,
591 764 617 788 et
633 763 742 789 transitu
759 764 858 790 mortis.

166 798 228 830 Cap.
242 799 279 824 15.
295 799 331 824 De
349 798 553 830 canonizatione,
564 799 764 824 ettranslatione
779 799 868 831 ipsius.

165 833 295 865 incipiunt
308 833 427 865 quaedam
442 833 473 858 de
487 834 619 859 miraculis
633 834 713 865 ipsius
727 835 786 866 post
800 842 868 860 mor-

195 871 248 894 tem
262 869 381 894 ostensis.
394 870 424 894 Et
433 868 517 900 primo
532 869 564 894 de
579 869 672 895 virtute
683 877 814 894 sacrorum
828 871 870 896 sti-

196 906 323 937 gmatum.

165 942 202 966 De
217 941 326 966 mortuis
341 940 479 966 suscitatis.

164 977 201 1001 De
215 977 256 1001 his
270 983 335 1008 quos
350 983 365 1000 a
380 975 471 1000 mortis
481 976 597 1008 periculo
608 976 734 1002 liberavit.

165 1013 201 1037 De
216 1012 329 1038 liberatis
345 1019 359 1036 a
373 1011 519 1043 naufragio.

165 1049 202 1073 De
215 1048 330 1074 liberatis
344 1055 359 1072 a
373 1048 483 1072 vinculis
500 1049 525 1072 et
540 1048 695 1073 carceribus.

165 1085 202 1109 De
219 1083 335 1109 liberatis
349 1091 364 1108 a
378 1083 492 1115 periculo
504 1085 602 1115 partus.

166 1121 204 1145 De
220 1120 295 1145 caecis
309 1119 466 1144 illuminatis.

166 1158 202 1181 De
215 1156 329 1181 liberatis
343 1163 359 1180 a
373 1155 482 1180 diversis
496 1155 697 1180 infirmitatibus.

164 1194 202 1218 De
217 1200 270 1217 non
286 1192 486 1216 observantibus
498 1191 601 1223 festum,
615 1194 640 1216 et
652 1198 704 1216 non
719 1191 870 1216 honoranti-

195 1229 245 1253 bus
263 1229 398 1254 Sanctum.

165 1266 202 1290 De
217 1264 371 1296 quibusdam
391 1263 446 1287 aliis
465 1263 595 1288 miraculis
610 1263 773 1288 diversorum
791 1269 869 1295 gene-

197 1307 265 1325 rum.

165 1337 203 1361 DE
216 1341 386 1361 rauranum
397 1336 505 1359 CHRISTl
521 1340 624 1360 CONTRA
639 1340 793 1359 namsi-ami
811 1341 870 1360 Gni-

195 1378 317 1398 1.EL1th.
329 1386 358 1389 —
368 1372 564 1403 Argumentum.
578 1385 605 1389 —
623 1371 718 1400 Quaest.
730 1374 752 1396 1.
774 1372 827 1396 Art.
844 1375 865 1396 1.

197 1409 232 1433 De
245 1410 392 1440 paupertate
407 1409 530 1439 quantum
545 1407 578 1431 ad
592 1407 851 1432 abrenuntiationem.

164 1445 218 1469 Art.
234 1446 257 1469 2.
274 1445 311 1469 De
322 1445 473 1475 paupertate
486 1445 609 1474 quantum
622 1443 654 1467 ad
666 1443 867 1468 mendicitatem.

166 1480 263 1509 Quaest.
278 1481 299 1504 2.
315 1480 404 1504 Utrum
420 1485 546 1509 pauperes
560 1478 648 1507 validi,
665 1480 690 1502 et
704 1479 817 1503 maxime
832 1486 869 1503 re-

195 1515 313 1547 gulares,
333 1515 365 1539 ad
381 1521 459 1546 opera
479 1514 609 1538 manualia
627 1513 805 1539 universaliter
820 1515 870 1539 sint

196 1551 300 1576 astricti.

165 1589 303 1613 Aromata
322 1592 475 1612 rauranum.
493 1599 523 1604 —
538 1588 735 1618 Argumentum.
759 1600 787 1605 —
803 1588 869 1611 Pro-

197 1623 282 1655 logus.

163 1658 349 1690 Responsionis
361 1658 450 1688 prImae
460 1664 516 1688 cap.
536 1658 562 1687 1,
576 1657 602 1681 iu
613 1664 663 1689 quo
675 1657 867 1682 calumniatoris

194 1701 318 1726 perversa
333 1693 442 1718 intentio
460 1693 605 1724 detegitur,
620 1700 690 1718 verae
709 1694 870 1718 condescen-

194 1730 274 1754 sionis
286 1729 379 1753 Christi
394 1728 512 1752 sublimis
524 1729 648 1759 perfectio
660 1729 812 1753 declaratur.

163 1767 226 1797 Cap.
238 1765 298 1796 2,111
310 1772 361 1796 quo
375 1764 493 1795 capitalis
504 1771 577 1788 error
587 1760 654 1788 circa
664 1764 868 1788 notificationem

193 1800 359 1833 perfectionis
374 1803 399 1824 et
415 1800 617 1831 imperfectionis
627 1801 744 1829 eliditur,
756 1802 781 1824 et
796 1807 866 1824 verae

189 1836 358 1868 perfectionis
375 1835 573 1866 exemplaritaS,
591 1837 616 1859 et
631 1835 776 1859 differentia
789 1835 868 1866 ipsius

194 1872 226 1896 ad
241 1871 465 1902 imperfectionem
481 1870 601 1894 refertur.

163 1908 225 1939 Cap.
241 1909 265 1939 3,
279 1908 306 1931 in
321 1914 371 1938 quo
384 1906 540 1937 evangelicae
556 1906 720 1937 perfectiouis
734 1906 868 1938 integritas

194 1943 330 1975 panditur,
351 1942 457 1973 ejusque
487 1944 567 1966 status
593 1942 709 1966 sublimis
728 1944 753 1966 et
774 1942 869 1974 gradus

195 1979 358 2004 multiformis
369 1978 491 2009 aperitur.

163 2015 349 2047 Responsionis
374 2014 494 2039 secundae
516 2021 572 2045 cap.
597 2016 606 2038 1
618 2032 625 2044 ,
649 2013 675 2038 in
696 2020 747 2044 quo
769 2014 867 2045 appeti-

195 2053 235 2076 tus
258 2050 374 2082 martyrii
394 2050 425 2074 de
448 2056 474 2074 se
497 2049 626 2081 perfectus
654 2049 814 2078 ostenditur,
843 2051 868 2073 et

195 2089 286 2112 contra
306 2086 366 2118 fuga
380 2086 411 2110 de
427 2093 454 2110 se
471 2086 622 2117 imperfecta
636 2086 804 2109 monstratur.

164 2124 226 2154 Cap.
242 2125 267 2152 2,
285 2123 311 2146 111
330 2129 380 2153 quo
400 2121 562 2146 abstinentiae
577 2121 632 2145 laus
648 2122 673 2145 et
687 2120 809 2152 perfectio
824 2121 868 2146 de-

196 2159 323 2189 claratur,
352 2159 377 2182 et
396 2157 513 2189 ejusdem
530 2156 690 2188 impugnatio
710 2156 868 2182 calumniosa

195 2194 328 2218 refellitur.

164 2231 226 2262 Cap.
241 2232 264 2260 3,
277 2230 303 2254 iu
318 2237 369 2261 quo
388 2228 478 2260 jejunii
490 2228 617 2252 arctitudo
633 2230 661 2252 ut
679 2235 794 2252 consona
809 2235 867 2259 per-

196 2266 300 2290 fectioni
315 2265 469 2295 defenditur,
485 2266 509 2288 et
520 2264 576 2295 ejus
589 2263 722 2295 multiplex
737 2271 867 2288 commen-

195 2304 264 2328 datio
280 2303 448 2327 subinfertur.

164 2339 349 2370 Responsionis
366 2339 448 2363 tertiae
473 2346 529 2370 cap.
552 2342 580 2368 1,
605 2338 631 2362 in
649 2345 700 2369 quo
722 2338 866 2362 voluntaria

196 2377 220 2399 et
238 2375 375 2406 penuriosa
394 2377 532 2406 paupertas
546 2374 744 2398 tundamentum
756 2381 866 2406 evange-

195 2411 249 2436 lieae
262 2410 426 2442 perfectiouis
441 2410 576 2438 astruitur.
592 2411 617 2434 et
637 2417 693 2441 quae
712 2410 772 2434 huic
786 2410 867 2434 videri

196 2450 304 2477 possunt
317 2447 458 2476 contraria⁷
477 2446 663 2470 dissolvuntur.

167 2482 227 2513 Cap.
241 2485 264 2513 2,
277 2483 303 2506 iu
313 2490 364 2514 quo
377 2482 571 2513 possessionum
582 2481 742 2505 leviticarum
753 2483 778 2505 et
788 2481 867 2506 eccle-

197 2518 354 2543 siasticarum
379 2518 510 2542 affluentia
533 2519 690 2541 monstratur
713 2516 867 2547 perfectioni

197 2555 352 2586 paupertatis
373 2561 425 2578 non
447 2561 503 2578 esse
528 2553 675 2582 contraria,
691 2553 736 2577 sed
754 2555 779 2577 et
795 2560 865 2577 com-

196 2590 327 2614 mendatio
338 2590 484 2614 divitiarum
491 2589 634 2614 ostenditur
640 2596 692 2613 non
703 2596 758 2613 esse
768 2596 866 2613 secura.

165 2627 227 2657 Cap.
244 2628 267 2657 3,
287 2626 314 2650 iu
331 2633 382 2658 quo
403 2625 634 2650 abrenuntiationis
652 2625 716 2649 ratio
744 2625 807 2649 salsa
825 2626 868 2649 eli-

196 2662 272 2692 ditur,
284 2664 309 2686 et
315 2662 460 2693 peuuriosae
471 2662 627 2694 paupertatis
637 2661 795 2686 duodenaria
804 2668 868 2692 prae-

197 2698 312 2729 rogativa
322 2700 488 2723 monstratur.

909 189 1042 224 INDEX.

903 295 946 320 311

903 366 948 391 3¹5

903 439 949 463 319

903 509 948 534 323

903 545 949 569 326

903 617 948 641 329

902 694 947 718 333

902 729 947 754 337

902 765 945 789 341

902 800 947 824 343

902 908 946 932 345

902 943 946 967 348

902 978 946 1001 350

901 1013 947 1037 353

902 1049 947 1073 354

902 1084 948 1108 356

902 1121 947 1143 357

903 1157 946 1180 358

903 1229 946 1252 360

902 1300 944 1324 361

901 1408 946 1432 364

902 1445 946 1468 374

902 1552 946 1575 400

901 1623 946 1647 410

902 1729 943 1752 411

900 2448 944 2471 45¹.

901 2592 945 2615 11Ἶο

902 2700 945 2724 480

1003 259 1189 291 Responsionis
1226 261 1323 292 quartoe
1353 267 1409 292 cap.
1433 262 1463 292 1,
1488 261 1513 285 in
1540 267 1591 293 quo
1618 261 1708 294 religio

1036 295 1178 321 carentium
1196 295 1287 321 loculis
1300 296 1332 322 ab
1348 303 1436 322 errore
1448 297 1603 330 detenditur,
1620 299 1646 323 et
1660 305 1705 323 ve-

1035 338 1093 356 rum
1101 331 1144 363 jus
1154 332 1324 363 possessionis
1333 332 1511 358 ecclesiasticae
1524 333 1676 360 declaratur.

1005 367 1066 398 Cup.
1077 369 1101 398 2,
1117 367 1142 392 in
1157 374 1209 400 quo
1222 367 1350 399 professio
1362 368 1480 394 Fratrum
1495 369 1623 394 Minorum
1638 376 1710 394 verm

1035 403 1098 428 citer
1109 410 1196 428 carere
1209 404 1353 429 ostenditur
1365 407 1391 430 et
1397 405 1607 437 appropriatione
1621 412 1708 430 rerum

1035 438 1214 471 immobilium,
1225 439 1278 465 sive
1285 440 1427 471 mobilium,
1439 442 1464 466 et
1472 441 1628 473 proprietate
1635 448 1709 472 pecu-

1034 474 1144 506 niarum,
1163 476 1216 500 tam
1233 475 1260 500 in
1280 476 1396 508 proprio,
1421 483 1498 508 quam
1518 476 1545 501 in
1565 477 1706 502 communi.

1004 510 1065 541 Cap.
1082 511 1105 540 3,
1121 510 1148 535 111
1163 518 1215 542 quo
1230 511 1463 543 evangelizantium
1476 519 1622 545 pauperum
1636 512 1709 537 sruc-

1036 545 1139 571 tificatio
1174 547 1340 572 multiformis
1375 547 1519 573 ostenditur
1528 567 1537 579 ‚
1567 555 1709 580 eorumque

1035 583 1115 607 status
1134 589 1149 607 a
1172 582 1355 615 multiplicibus
1376 584 1567 609 cavillationum
1592 584 1710 610 versutiis

1035 617 1191 643 defensatur.

1005 654 1135 679 LmELLus
1148 661 1348 681 aromati-icus
1361 661 1389 681 m
1405 662 1454 682 zos
1471 662 1521 685 Qun
1539 661 1633 681 omnm
1649 662 1710 682 FRA-

1035 696 1106 715 Tmm
1117 696 1242 716 ulmorum
1254 697 1459 718 ADVERSANTUR.
1467 706 1498 710 —
1510 694 1706 725 Argumentum.

1034 739 1066 744 —
1080 726 1191 767 Quaestio
1218 727 1426 753 adversariorum
1449 728 1551 760 prima.
1573 735 1632 754 cum
1653 735 1702 752 ree·

1035 769 1173 793 poustone.

1003 798 1099 827 Quaest.
1115 800 1138 823 2.
1156 812 1182 817 -
1203 799 1356 830 Responsio.

1003 833 1099 863 Quaest.
1115 836 1137 859 3.
1154 848 1184 852 —
1199 834 1352 866 Responsio.

1004 869 1099 898 Quaest.
1115 871 1138 895 4.
1153 883 1183 888 —-
1197 870 1350 901 Responsio.

1003 905 1100 934 Quaest.
1112 907 1136 930 5.
1151 919 1182 924 —
1196 906 1352 937 Responsio.

1003 941 1098 969 Quaest.
1112 943 1136 966 6.
1150 955 1182 960 —-
1193 942 1347 973 Responsio.
1363 955 1394 961 -
1408 942 1504 971 Quoest.
1521 943 1545 966 7.

1002 977 1156 1008 Responsio.
1169 978 1302 1007 —Quaest.
1322 979 1345 1003 8.
1359 991 1391 996 -
1404 977 1558 1009 Responsio.

1003 1013 1099 1041 Quaest.
1113 1014 1136 1037 9.
1151 1027 1182 1031 —
1195 1013 1350 1044 Responsio.

1003 1049 1100 1078 Quaest.
1113 1050 1150 1073 10.
1161 1063 1192 1068 --
1206 1049 1360 1081 Responsio.

1003 1085 1099 1114 Quazst.
1113 1087 1149 1110 11.
1165 1099 1194 1103 —
1217 1085 1369 1117 Responsio.
1383 1097 1413 1104 —
1428 1086 1525 1115 Quaest.
1546 1086 1585 1110 12.
1601 1098 1631 1103 -
1647 1086 1707 1110 Res-

1034 1128 1134 1152 ponsio.

1003 1157 1099 1186 Quaest.
1112 1158 1150 1182 13.
1166 1171 1197 1176 -
1211 1157 1368 1188 Responsio.

1003 1193 1099 1222 Quaest.
1121 1195 1158 1218 14.
1175 1207 1204 1211 —
1222 1193 1376 1224 Responsio.
1391 1205 1420 1210 —-
1435 1193 1530 1221 Quaest.
1548 1195 1586 1218 tii.
1612 1207 1629 1211 -
1644 1194 1707 1218 Res-

1033 1229 1134 1260 ponsio.
1149 1243 1181 1247 —
1197 1229 1296 1258 Quaest.
1314 1230 1351 1253 16.
1374 1241 1405 1246 —
1420 1228 1574 1259 Responsio.

1003 1265 1098 1294 Quaest.
1114 1265 1152 1289 17.
1173 1278 1204 1282 —
1223 1264 1376 1296 Responsio.
1393 1277 1420 1282 —-
1435 1264 1531 1293 Quaest.
1546 1267 1582 1289 18.
1597 1278 1628 1283 -
1643 1265 1706 1289 Res-

1034 1300 1135 1332 ponsio.

1003 1337 1089 1366 Quest.
1103 1338 1142 1361 19.
1159 1351 1185 1354 —
1200 1336 1352 1367 Responsio.

1003 1373 1097 1402 Quaest.
1113 1375 1151 1398 20.
1170 1387 1196 1390 -
1213 1373 1366 1403 Responsio.

1003 1409 1098 1438 Quaest.
1113 1411 1152 1433 20.
1163 1422 1193 1427 ——
1210 1408 1362 1439 Responsio.

1003 1446 1098 1474 Quaest.
1114 1448 1153 1471 21.
1171 1459 1202 1463 -
1216 1445 1370 1476 Responsio.

1003 1482 1098 1511 Quaest.
1114 1483 1152 1506 22.
1168 1495 1195 1499 -—
1211 1481 1363 1512 Responsio.

1003 1518 1098 1546 QUARE
1115 1523 1231 1543 Faunus
1245 1522 1363 1541 nummis
1380 1521 1533 1540 PRAEmCENT
1551 1522 1582 1541 ET
1594 1521 1707 1540 00111115-

1036 1560 1130 1578 sones
1156 1559 1285 1578 aemam:
1314 1566 1343 1570 —
1365 1553 1560 1584 Argumentum.
1584 1565 1614 1569 —
1637 1552 1706 1582 Opus

1033 1590 1128 1621 ipsum.

1004 1626 1138 1650 Plenitudo
1157 1625 1290 1656 potestatis
1315 1625 1391 1655 Papae
1405 1624 1505 1654 triplex.
1524 1636 1555 1641 -—
1568 1623 1639 1648 Ratio
1654 1623 1706 1647 dis-

1034 1661 1163 1686 tinctionis
1178 1661 1345 1685 eeclesiarum
1364 1660 1391 1683 in
1407 1659 1493 1690 plures
1506 1659 1641 1683 dioeceses.

1003 1697 1120 1722 Officium
1133 1696 1304 1728 plebanorum
1323 1695 1397 1726 quale
1416 1695 1457 1719 sit.
1477 1708 1508 1712 —-
1528 1694 1566 1718 Ad
1584 1693 1644 1725 quid
1669 1696 1703 1717 te-

1033 1735 1144 1758 neantur
1162 1732 1257 1756 subditi
1276 1730 1392 1763 plebanis
1416 1731 1478 1754 suis.
1500 1744 1532 1748 —
1555 1730 1652 1758 Quibus
1673 1730 1703 1753 de

1034 1769 1117 1793 causis
1131 1770 1255 1792 statutum
1269 1768 1310 1798 sit,
1326 1769 1354 1791 ut
1368 1766 1474 1798 quilibet
1488 1765 1569 1790 fidelis
1583 1765 1662 1790 semel
1677 1765 1703 1788 111

1034 1811 1102 1828 anno
1114 1804 1217 1835 proprio
1230 1803 1357 1828 sacerdoti
1369 1802 1520 1826 confiteatur
1532 1803 1636 1832 peccata
1648 1808 1702 1825 sua.

1033 1854 1063 1857 —
1079 1840 1199 1871 Proprius
1214 1839 1335 1864 sacerdos
1349 1838 1414 1869 quis.

1002 1876 1224 1905 Quemadmodum
1239 1876 1364 1907 plebanus
1383 1876 1469 1905 potest
1483 1873 1611 1898 interdum
1632 1873 1703 1896 vices

1032 1919 1090 1936 suas
1100 1912 1142 1936 alii
1152 1912 1322 1941 committere,
1331 1912 1366 1935 ita
1377 1919 1392 1936 a
1401 1909 1502 1935 fortiori
1514 1916 1629 1933 summus
1640 1910 1704 1932 Pun-

1032 1948 1138 1972 tifex.—
1149 1948 1217 1973 Ordo
1229 1948 1347 1972 Fratrum
1359 1948 1487 1972 Minorum
1500 1946 1526 1969 in
1537 1945 1703 1969 sublevamen

1033 1985 1120 2008 oneris
1141 1984 1279 2014 institutus,
1300 1990 1353 2008 nou
1378 1984 1404 2007 in
1426 1981 1605 2014 praejudicium
1619 1980 1705 2012 pleba-

1032 2026 1136 2044 uorum.

1001 2055 1191 2080 Praedicationis
1206 2057 1231 2079 et
1239 2055 1408 2080 confessionis
1416 2053 1545 2086 praecipua
1554 2052 1701 2077 necessitas.

1001 2091 1088 2115 Bonus
1100 2091 1224 2122 plebanus
1236 2091 1291 2122 quis
1305 2091 1346 2116 sit.
1361 2105 1392 2108 —
1409 2089 1566 2114 insufficiens
1580 2088 1705 2120 plebanus

1033 2134 1098 2158 quis.

1002 2162 1128 2187 Plebanus
1141 2163 1225 2187 nullus
1241 2162 1306 2194 quis.
1324 2177 1350 2180 —
1366 2163 1404 2187 An
1415 2162 1459 2193 qui
1470 2161 1603 2186 confessus
1616 2162 1654 2184 est
1667 2167 1694 2183 re

1033 2198 1134 2230 ligioso,
1147 2201 1265 2223 teneatur
1279 2199 1371 2223 iterum
1387 2197 1505 2223 confiteri
1518 2197 1638 2228 plebane.

1001 2235 1090 2259 Causae
1112 2237 1219 2266 propter
1245 2242 1308 2265 quas
1331 2235 1433 2265 expedit
1455 2233 1589 2264 religiosos
1608 2232 1703 2255 haber-1·

1033 2270 1133 2301 copiam
1144 2270 1263 2294 audiendi
1274 2270 1458 2300 confessiones,
1475 2270 1500 2293 et
1516 2275 1590 2292 casus
1604 2267 1629 2291 in
1645 2267 1704 2298 qui-

1033 2306 1080 2330 bus
1095 2307 1203 2337 possunt
1213 2313 1256 2329 eas
1267 2306 1368 2339 audire.

1002 2342 1080 2366 Casus
1095 2342 1121 2366 111
1134 2342 1227 2373 quibus
1241 2341 1475 2366 excommunicatio
1491 2348 1544 2364 non
1555 2340 1625 2371 ligat.

1001 2378 1095 2402 Forma
1110 2378 1214 2409 petendi
1226 2378 1257 2402 ab
1273 2378 1392 2409 episeopo
1414 2377 1560 2402 facultatem
1584 2375 1703 2400 audiendi

1033 2414 1218 2438 consessiones.

1001 2451 1035 2474 Ex
1042 2456 1142 2474 Posmo
1169 2456 1196 2474 IN
1222 2455 1349 2474 111-1601.Αο
1375 2455 1498 2473 FRATRL'M
1518 2453 1652 2472 umanum.
1673 2460 1703 2464 -—

1032 2487 1226 2517 Argumentum.
1236 2500 1265 2503 —
1276 2485 1441 2509 Confirmatio
1455 2484 1606 2516 11εὲ11100.-
1622 2484 1704 2514 Expo-

1032 2522 1089 2546 sitio
1100 2521 1301 2546 confirmationis
1310 2521 1422 2552 Regulae.

1001 2558 1062 2588 Cap.
1076 2561 1098 2582 1.
1112 2559 1139 2581 ln
1152 2558 1260 2582 nomine
1277 2556 1381 2581 Domini
1396 2556 1484 2587 incipit
1495 2555 1600 2587 Regula,
1616 2556 1640 2578 et
1654 2554 1705 2577 rita

1033 2594 1148 2617 Fratrum
1162 2594 1300 2618 Minorum.
1316 2606 1347 2610 —
1357 2592 1500 2623 Expositio.

1001 2629 1062 2660 Cap.
1079 2631 1101 2653 2.
1122 2630 1158 2653 De
1175 2629 1215 2653 his
1228 2629 1270 2660 qui
1287 2628 1377 2653 volunt
1393 2628 1473 2652 vitam
1487 2627 1561 2652 istam
1576 2626 1704 2657 accipere,

1033 2668 1058 2690 et
1072 2666 1178 2697 qualiter
1188 2665 1268 2696 recipi
1283 2665 1403 2689 debeant.
1419 2678 1448 2682 —
1465 2664 1604 2695 Expositio.

1001 2702 1062 2733 Cap.
1080 2705 1102 2726 3.
1120 2703 1156 2726 De
1171 2701 1258 2725 (livino
1270 2700 1364 2731 officio,
1376 2703 1400 2724 et
1410 2700 1520 2731 jejunio,
1536 2703 1561 2723 et
1571 2698 1702 2730 quomodo

1725 196 1787 228 649

1742 335 1783 359 ⁴91

1741 478 1786 502 498

1742 621 1787 646 505

1740 765 1786 789 521

1741 801 1786 825 524

1741 837 1786 860 525

1741 873 1786 896 526

1740 907 1786 931 527

1742 943 1786 967 528

1740 979 1786 1003 529

1740 1014 1785 1037 530

1739 1051 1782 1074 :¹5:3¹

1740 1122 1786 1146 532

1741 1159 1786 1182 533

1739 1231 1785 1254 534

1740 1301 1785 1325 536

1740 1337 1784 1361 537

1740 1374 1785 1397 538

1741 1409 1785 1432 5:38

1740 1445 1785 1468 539

1740 1481 1785 1504 510

1738 1589 1782 1611 :713

1738 1659 1782 1682 543

1736 1837 1781 1860 544

1736 2017 1781 2040 545

1737 2053 1780 2076 5¹16

1736 2125 1780 2147 ΞΠ

1736 2195 1780 2219 548

1736 2340 1780 2361 5223

1734 2412 1779 2434 5335

1737 2519 1780 2542 556

1736 2590 1780 2611 55⁸

1736 2661 1781 2684 562
