2029 3052
188 217 247 248 ¹68

527 315 631 345 Oratio.

365 381 438 415 Ave,
453 380 531 414 lesu,
546 379 674 408 Verbum
692 378 752 414 Dei,

331 427 434 455 Faetor
448 425 540 462 orbis,
555 426 638 454 salus
650 425 704 462 rei,

330 473 493 501 Promissus
507 472 660 508 divinitus,

331 521 431 549 Honor
444 521 557 556 matris,
568 520 748 557 incarnatus,

331 568 370 596 De
385 567 473 595 Maria
484 567 622 596 nondum
635 570 732 604 natus,

332 614 505 643 praecursori
519 614 646 651 agnitus.

456 695 536 723 Feria
551 696 634 723 tertia
645 695 696 732 (a).

224 758 289 786 Flos
307 759 413 794 primus
430 767 438 785 ε
454 758 548 794 lesus,
571 757 720 787 mundum
741 758 924 796 ingrediens,
940 759 972 788 in

187 804 336 834 Bethleem
350 806 393 834 est
406 806 502 834 natus.

224 853 272 881 Ad
285 853 468 887 Matutinum,
484 855 537 881 tres
551 854 656 887 fruetus
669 853 794 882 attende:

189 902 368 929 Naturarum
382 899 624 928 convenientium
639 899 857 938 diversitatem,

188 946 481 975 Circumstantiarum
523 947 764 976 concurrentium
803 949 974 985 congruita-

260 996 320 1022 tem
330 1003 339 1030 3

189 1042 398 1071 Miraeulorum
413 1042 612 1071 attestantium
639 1043 812 1073 novitatem.

225 1090 285 1118 Flos
304 1089 461 1118 secundus:
483 1090 565 1118 Iesus
586 1090 681 1120 cultro
705 1091 768 1120 vim
790 1092 917 1129 patiens,
934 1093 973 1122 ab

261 1144 319 1165 avo
335 1137 368 1173 (b)
386 1136 428 1165 sic
443 1139 576 1166 vocatus.

226 1184 273 1212 Ad
285 1185 418 1220 primam,
434 1187 488 1212 tres
503 1185 611 1218 fructus
626 1185 757 1214 attendo.-

189 1231 274 1267 Legis
287 1238 410 1268 gravem
424 1231 566 1267 rigorem,
583 1232 613 1260 in
627 1240 681 1261 sua
696 1232 920 1269 observatione;

190 1278 274 1307 Pueri
294 1286 440 1315 magnum
468 1277 626 1315 honorem,
647 1279 678 1308 in
702 1280 832 1309 nominis
852 1280 975 1318 imposi-

263 1325 361 1361 fione;

191 1374 348 1402 Parentum
363 1381 507 1409 magnum
523 1373 672 1410 dolorem,
698 1375 728 1402 in
750 1375 835 1411 pueri
851 1375 976 1404 circum-

263 1420 384 1449 cisione.

227 1468 288 1496 Flos
305 1469 402 1496 tertius
419 1476 425 1495 :
443 1468 525 1496 lesus
539 1468 641 1505 Magis,
656 1468 702 1497 sol
716 1468 826 1505 oriem,
841 1478 895 1506 per
909 1471 977 1499 stel-

191 1514 251 1544 lam
266 1516 309 1543 est
322 1516 511 1544 monstratus.

228 1562 274 1590 Aa
291 1563 421 1597 Tertiam,
439 1564 490 1590 tres
507 1564 614 1596 fruetus
629 1563 737 1592 attende
753 1575 759 1590 :

194 1611 348 1646 Magorum
374 1617 515 1645 magnam
543 1610 739 1647 diligentiam,
755 1619 810 1648 pro
827 1620 921 1649 puero
938 1614 979 1641 vi-

265 1657 382 1692 dendo;

193 1704 365 1733 Judaeorum
380 1712 521 1740 magnam
536 1704 748 1742 insipientiam,
767 1707 850 1743 quod
869 1712 980 1738 norunt

266 1752 451 1787 refellendo;

196 1799 315 1828 Piorum
331 1807 472 1835 magnam
491 1799 698 1836 indigentiam,
723 1801 871 1831 desectum
894 1804 980 1832 susti-

268 1846 380 1874 nendo.

233 1894 292 1921 Flos
308 1896 421 1928 quartus
437 1902 445 1921 :
461 1895 543 1922 lesus
557 1901 625 1922 cum
646 1902 717 1931 pare
735 1897 880 1925 turturum
900 1897 982 1933 lega-

270 1940 334 1968 liter
349 1940 476 1969 oblatus.

234 1988 281 2015 Ad
295 1987 415 2023 Semtam,
432 1991 486 2015 tres
501 1990 609 2021 fructus
625 1990 735 2018 attende
751 2000 759 2017 .-

198 2035 390 2063 Oil'erentium
422 2035 529 2063 miram
560 2035 767 2072 humilitatem,
797 2041 824 2066 et
850 2039 984 2068 devotio-

270 2089 339 2110 nem
353 2091 361 2117 ;

201 2129 377 2158 Oblatorum
398 2130 504 2158 miram
531 2130 716 2167 dignitatem,
746 2135 774 2161 et
798 2134 985 2169 significatio-

272 2184 355 2212 nem3

203 2224 416 2260 Recipientium
429 2225 535 2253 miram
548 2226 775 2263 jucunditatem,
791 2231 818 2257 et
833 2229 985 2258 exultatio-

276 2281 357 2301 nem.

240 2322 298 2348 Flos
320 2322 432 2355 quintus
452 2330 458 2348 z
483 2323 575 2356 lesuS,
596 2322 699 2350 occisis
720 2324 829 2359 pueris,
851 2324 880 2351 in
901 2326 986 2361 AEgy-

275 2370 358 2403 ptum
373 2368 502 2403 fugatus.

240 2415 286 2442 Ad
299 2416 413 2450 Nonam,
429 2419 482 2443 tres
498 2417 604 2448 fructus
618 2418 725 2444 atlewle
738 2428 744 2444 .-

206 2463 326 2490 llerodis
348 2465 375 2490 et
395 2462 565 2491 Judaeorum
589 2464 821 2499 tumulationem,
842 2466 987 2494 Christum

279 2510 488 2545 persequendo
498 2519 506 2544 3

208 2558 369 2584 Puerorum
391 2559 419 2585 et
435 2559 563 2586 matrum
592 2558 801 2595 ejulationem,
827 2561 856 2589 in
880 2569 990 2597 pueros

279 2603 433 2639 perdendo
443 2614 450 2637 ;

243 2705 278 2736 (ιι)
295 2707 355 2731 Cael.
370 2706 430 2730 ellit.
449 2706 522 2730 [ἤν-ια
537 2707 620 2731 lor-lia.
638 2707 724 2732 flur-vs
738 2710 761 2732 vt
774 2707 879 2731 Fructus
943 2716 991 2732 ωω

742 215 845 248 OPUS
864 214 1251 248 CONTEMPLATIONIS.

1022 283 1143 313 Piorum
1155 284 1379 321 exultationem,
1394 285 1426 314 in
1439 284 1600 323 AEgyptum
1612 284 1766 324 fugiendo.

1058 332 1122 360 Flos
1134 334 1228 360 satias
1243 340 1254 361 .·
1267 333 1350 362 lesus
1368 332 1400 361 in
1422 332 1535 370 templo
1555 332 1701 370 perditus,
1720 336 1806 371 paret

1094 379 1184 408 matri
1196 381 1330 409 vocatus.

1060 426 1104 454 Aa
1119 427 1260 463 vesperas,
1275 429 1329 455 tres
1342 428 1448 462 mactus
1461 426 1590 455 attende:

1024 472 1093 502 lesu
1105 472 1276 502 mirabilem
1283 473 1470 510 sapientiam,
1478 473 1510 502 in
1520 473 1639 503 ludaeos
1649 473 1805 510 doeend03

1024 521 1182 549 Parentum
1199 519 1450 549 inconsolabilem
1472 520 1673 558 diligentiam,
1686 520 1718 550 in
1731 527 1807 558 pue-

1096 574 1166 595 rum
1177 566 1340 604 quaerendo
1349 576 1357 603 ;

1025 613 1088 643 Filii
1101 613 1279 642 imitabilem
1297 613 1510 650 obedientiam,
1524 614 1607 652 piam
1619 616 1746 644 matrem
1761 623 1808 644 se-

1098 661 1230 698 quendo.

1062 709 1124 737 Flos
1141 710 1273 745 septimus
1291 718 1299 736 :
1318 709 1400 738 lesus
1415 709 1448 746 (c)
1466 709 1604 739 Iordanis
1617 709 1740 740 flumine
1755 709 1808 747 (ἆ),

1026 756 1139 784 Ioanne
1155 755 1330 793 baptizatus.

1063 803 1110 831 Aa
1126 803 1346 840 CompIeton’um,
1362 806 1416 832 tres
1429 804 1536 838 fructus
1549 804 1658 833 attende
1669 812 1679 832 :

1027 851 1166 888 Baptizati
1180 851 1340 880 sublimem
1355 851 1540 888 dignitatem,
1556 852 1587 881 in
1601 852 1662 882 lato
1678 852 1809 881 testimo-

1099 907 1150 928 nio
1162 909 1171 935 ς

1028 946 1162 984 Baptistae
1181 946 1361 983 profundam
1381 936 1596 981 humilitatem,
1616 946 1647 976 in
1665 954 1721 976 suo
1736 954 1812 984 prae-

1100 1001 1189 1022 conio
1202 1002 1211 1029 ;

1030 1041 1213 1078 Baptismatis
1231 1040 1376 1077 grandem
1393 1040 1588 1076 sanctitatem,
1613 1041 1644 1069 in
1669 1048 1725 1070 suo
1747 1049 1814 1078 my-

1101 1087 1200 1116 sterio.

1367 1123 1474 1152 Oratio.

1246 1185 1316 1217 Ave,
1331 1183 1398 1210 lesu
1413 1189 1488 1218 puer
1501 1183 1598 1218 natus,

1210 1229 1414 1263 circumcisus,
1429 1229 1564 1257 visitatus

1210 1280 1231 1305 Α
1247 1276 1347 1312 Magia
1362 1276 1498 1312 legaliter

1210 1323 1393 1358 immolatus,
1408 1323 1565 1359 effugatus,

1210 1371 1290 1400 Matri
1305 1378 1424 1408 parens»,
1439 1370 1605 1407 baptizatus

1213 1419 1243 1446 ln
1263 1425 1342 1454 aqua
1361 1417 1489 1446 realiter.

1297 1499 1377 1527 Perta
1392 1500 1491 1534 quarta
1508 1499 1552 1534 (e).

1070 1563 1128 1590 Flos
1140 1563 1246 1598 primus
1259 1571 1269 1590 .·
1285 1563 1366 1590 iesus
1382 1561 1411 1590 iu
1428 1561 1544 1590 deserto
1560 1561 1720 1597 abstinens,
1731 1569 1750 1591 a
1760 1561 1817 1590 ἀω-

1104 1617 1194 1638 mone
1209 1611 1345 1637 tentatur.

1070 1657 1116 1685 Aa
1139 1657 1320 1691 Matutinum,
1342 1659 1395 1684 tres
1414 1657 1522 1690 fractus
1537 1655 1671 1684 attende:

1034 1706 1101 1732 lesu
1116 1703 1337 1738 abstinentiam,
1353 1703 1384 1731 in
1397 1702 1530 1739 corporis
1546 1703 1735 1738 domatione3

1035 1753 1102 1780 Jesu
1117 1750 1302 1787 sapientiam,
1319 1750 1350 1778 in
1365 1750 1457 1778 hostis
1472 1749 1673 1780 confutatione
1685 1761 1693 1786 ς

1034 1800 1101 1827 lesu
1120 1798 1326 1832 reverentiam,
1343 1797 1373 1825 in
1387 1797 1565 1833 angelorum
1590 1797 1814 1827 ministratione.

1073 1847 1132 1873 Flos
1145 1845 1276 1874 secundus
1293 1855 1299 1873 :
1316 1846 1399 1873 lesus
1414 1846 1502 1873 notus
1519 1844 1684 1881 discipulis,
1700 1845 1739 1874 ad
1761 1853 1817 1874 nu-

1109 1892 1183 1929 ptias
1198 1894 1330 1921 vocatur.

1075 1940 1120 1967 Ad
1139 1941 1269 1974 Primam,
1285 1943 1338 1967 tres
1353 1940 1459 1972 fractus
1473 1939 1581 1967 attende
1594 1949 1602 1966 .-

1039 1988 1104 2016 lesu
1119 1986 1318 2023 prudentiam,
1335 1986 1365 2014 in
1378 1985 1594 2022 discipulorum
1609 1987 1781 2022 vocatione;

1038 2034 1248 2071 Apostolorum
1275 2033 1489 2068 obedientiam,
1515 2033 1544 2061 in
1564 2035 1703 2069 prompta
1723 2033 1819 2062 imita-

1112 2081 1190 2110 tione
1204 2091 1210 2115 ;

1040 2129 1135 2158 Matris
1150 2127 1400 2162 benevolentiam,
1417 2127 1447 2155 in
1463 2126 1524 2155 vini
1540 2127 1759 2163 procuratione.

1076 2179 1136 2205 Flos
1159 2179 1256 2204 tertius
1281 2185 1288 2204 z
1313 2177 1394 2203 lesus
1418 2175 1520 2203 doctor
1540 2175 1696 2211 circuiens,
1718 2175 1822 2205 labore

1111 2224 1258 2259 fatigatur.

1077 2272 1123 2300 Ad
1140 2272 1269 2303 Tertiam,
1286 2274 1338 2298 tres
1351 2272 1456 2303 fructus
1471 2269 1599 2297 attende:

1041 2322 1196 2349 Doctorem
1214 2317 1447 2351 veracissimum,
1465 2315 1600 2344 moribus
1618 2319 1646 2344 et
1665 2324 1802 2345 sermone

1042 2368 1186 2397 Laborem
1198 2365 1418 2401 gravissimum,
1435 2363 1464 2391 in
1480 2363 1669 2398 circuitione;

1044 2415 1189 2452 Populum
1207 2412 1410 2446 rudissimam,
1427 2411 1456 2438 in
1473 2409 1691 2437 informatione.

1044 2465 1103 2491 Flos
1126 2464 1240 2498 quartus
1263 2470 1268 2488 :
1295 2461 1376 2487 lesus
1398 2460 1499 2494 pastor
1520 2456 1664 2491 reficiens.
1689 2464 1707 2485 a
1730 2457 1823 2485 turbis

1115 2510 1324 2545 frequentatur.

1080 2559 1122 2588 Ad
1134 2559 1254 2591 Sestum,
1267 2559 1320 2583 tres
1330 2555 1436 2588 fructus
1448 2552 1572 2580 attende:

1044 2609 1191 2636 Pastorem
1211 2601 1468 2639 benignissimum,
1481 2598 1639 2627 sollicitum
1653 2606 1708 2635 pro
1723 2607 1823 2635 grege;

1046 2671 1210 2695 m,3„!1·551·„,ffl
1225 2668 1290 2690 rim,
1307 2679 1335 2684 -
1355 2664 1389 2693 (Ιι)
1409 2664 1470 2688 Coel.
1485 2661 1546 2685 emt.
1565 2668 1631 2686 aevo.
1643 2675 1672 2680 —
1690 2663 1716 2692 (v)
1736 2663 1824 2694 Suppl.

1047 2709 1113 2733 in.›--
1126 2706 1161 2737 (A)
1175 2706 1233 2730 leem
1246 2711 1268 2728 a.
1282 2716 1296 2719 »ν
1313 2701 1413 2731 (1¹)Caet.
1426 2698 1486 2724 edit.
1501 2698 1559 2723 add.
1572 2698 1657 2723 flor-es
1667 2701 1691 2724 el
1709 2699 1823 2724 fructas.
