2029 3052
223 245 283 275 504

224 310 312 350 civit,
327 309 476 342 audacter
486 310 601 352 loquor
614 319 723 342 coram
749 309 897 348 Domino,
914 308 1001 350 quod

224 364 356 396 erravit.
368 375 382 394 n
394 363 456 396 Sed
469 366 617 396 constans
624 366 672 396 est
686 364 772 405 quod
783 364 895 395 beatus
903 362 926 394 F
928 371 1002 393 ran-

224 417 327 449 ciscus
339 427 406 449 non
420 418 461 449 ob
482 417 570 449 aliud
585 417 826 458 possessionem,
845 426 902 448 seu
925 424 1003 447 con-

224 471 444 503 trectationem
463 470 617 512 pecuniae,
635 471 849 504 imitatoribus
869 470 936 502 suis
953 471 1002 501 in-

224 525 332 556 hibuit
339 549 350 565 ,
366 525 427 556 nisi
442 525 519 565 quia
531 525 566 556 in
579 525 639 557 hoe
653 535 722 557 esse
735 525 878 567 aliquam
892 525 1005 557 sancti-

225 580 335 617 tatem,
355 580 386 610 et
399 579 452 619 pia
469 579 531 610 fide
546 579 692 618 credidit,
713 581 746 611 et
759 583 844 611 certa
870 579 1004 612 veritate

226 632 403 671 cognovit:
432 641 498 663 non
519 632 596 673 quia
619 633 704 664 mala
727 633 768 664 sit
783 634 932 674 pecunia,
953 633 1005 664 vel

227 685 304 725 quia
327 694 440 717 census
462 686 640 718 formaliter
653 687 720 719 sive
734 687 901 718 causaliter
916 687 957 718 sit
971 687 1005 718 in

227 738 331 779 culpa,
347 738 400 770 vel
407 739 483 780 quia
497 740 630 780 pecunia
645 744 677 772 et
690 741 879 772 contrectari
894 740 1004 781 possit,

227 795 259 825 et
286 803 352 825 non
378 794 478 835 possit
503 795 623 836 absque
651 798 794 836 peccat03
825 797 879 828 sed
904 796 1004 837 quia,

228 848 312 879 inter
321 849 436 879 caetera
446 857 519 889 quae
528 849 742 889 possidentur,
758 851 894 890 pecunia
906 851 1007 881 maxi-

229 911 282 933 me
301 904 349 933 est
369 902 564 942 illecebrosa,
585 906 617 934 et
637 903 676 934 de
697 903 780 935 facili
796 907 844 936 est
857 905 1005 943 illectiva,

230 958 261 987 et
275 956 460 987 distractiva
475 965 541 988 non
553 956 658 988 solum
670 957 940 998 imperfectorum,
953 959 1009 990 scd

230 1011 326 1042 etiam
349 1011 572 1051 perfectorum,
598 1014 629 1043 et
650 1012 725 1053 quia
748 1012 872 1053 Spiritu
898 1015 1007 1044 sancto

230 1065 368 1097 dictante
392 1066 542 1106 percepit,
568 1067 654 1107 quod
678 1067 851 1098 sanctitatis
871 1069 919 1098 est
943 1076 1009 1098 non

232 1122 356 1151 tantum
372 1121 499 1159 peccata
520 1129 643 1159 cavere,
667 1129 784 1152 verum
807 1121 903 1152 etiam
919 1130 1010 1152 occa-

233 1174 338 1205 siones
354 1175 556 1214 peccatorum
571 1174 720 1214 refugere
737 1185 743 1206 :
761 1174 831 1206 ideo
855 1174 1010 1206 veraciter

233 1228 267 1258 in
288 1227 349 1258 hoc
368 1227 567 1258 sanctitatem
581 1227 731 1266 credidit,
748 1230 780 1259 et
796 1238 861 1259 non
878 1230 1008 1260 erravit.

234 1281 324 1320 Quod
339 1281 441 1322 igitur
454 1282 542 1313 hunc
555 1282 670 1313 Christi
686 1282 880 1314 imitatorem
896 1284 1010 1324 praeci-

234 1345 348 1376 puum,
366 1335 465 1376 ipsius
477 1335 667 1375 insignitum
679 1337 898 1376 stigmatibus,
916 1339 1011 1369 ascri-

234 1391 327 1429 ptum
350 1389 496 1428 catalogo
521 1392 715 1428 sauctorum,
742 1393 773 1421 et
794 1391 834 1421 ab
860 1392 1013 1423 universa

235 1442 373 1474 Ecclesia
398 1443 431 1474 in
456 1444 660 1475 veneratione
682 1448 882 1485 susceptum,
903 1447 1013 1477 asserit

235 1506 344 1528 errore
362 1497 529 1537 deceptum
548 1498 654 1535 fuisse,
676 1499 816 1530 maxime
840 1500 873 1530 in
896 1501 1014 1540 profes-

237 1550 326 1581 sione
341 1553 372 1581 et
395 1551 597 1582 observantia
617 1552 811 1592 evangelicae
838 1554 924 1591 vita3,
951 1563 1013 1585 non

237 1604 342 1635 solum
358 1604 464 1644 ipsum
480 1606 663 1645 impugnat,
680 1608 710 1637 et
725 1607 940 1638 universalem
960 1608 1015 1639 Ec-

237 1658 375 1696 clesiam,
388 1658 442 1689 sed
453 1659 537 1698 quod
551 1659 623 1698 plus
633 1662 689 1696 est,
704 1659 848 1700 Magistri
860 1662 1013 1701 veritatis,

237 1714 269 1743 et
282 1713 499 1752 apostolorum
515 1714 584 1752 ejus
604 1713 780 1744 doctrinam
803 1715 1014 1755 blasphemat,

238 1768 269 1797 et
286 1766 397 1797 vitam.
425 1765 558 1806 Insuper
579 1769 610 1797 et
631 1767 821 1806 professores
844 1769 942 1809 huJus
965 1779 1015 1801 re-

238 1819 336 1859 gulae,
347 1822 502 1860 tanquam
515 1821 739 1860 approbatores
751 1822 879 1860 erroris,
893 1825 928 1854 ut
939 1823 1017 1854 alter

239 1873 343 1904 Aman
371 1873 636 1913 superbissimus,
661 1875 777 1914 dignos
806 1885 875 1907 esse
895 1877 1018 1916 Judicat

240 1927 396 1958 sententia
408 1928 591 1967 temporalis
610 1928 732 1967 mortis,
747 1932 777 1960 et
793 1933 921 1961 aeternae
933 1931 1019 1961 dam-

240 1981 390 2012 nationis.
421 1982 524 2021 Super
548 1992 611 2022 qua
642 1983 770 2022 quidem
800 1984 995 2016 absurditate
1008 2009 1015 2023 ,

241 2045 339 2076 quam
354 2045 447 2066 aures
462 2036 521 2076 pize
546 2037 657 2067 audire
679 2037 887 2069 vehementer
906 2039 1019 2070 abhor-

242 2092 324 2127 rent,
348 2090 423 2129 ipsis
447 2090 638 2121 zelatoribus
659 2092 855 2131 paupertatis
879 2095 1017 2131 sauctae,

244 2144 348 2183 magis
370 2145 546 2183 lugendum
570 2145 741 2184 credimus,
765 2156 863 2186 quam
890 2147 1019 2186 loquen-

243 2198 333 2235 dum,
350 2199 455 2237 magis
470 2198 642 2238 spiritualis
656 2198 770 2229 Esther
784 2199 1018 2239 implorandum

244 2252 441 2292 praesidium,
458 2262 555 2292 quam
567 2253 759 2283 versandum
776 2253 807 2283 in
824 2263 936 2293 pugna
951 2264 1021 2285 ver-

244 2307 370 2337 borum.
396 2305 439 2336 Te
458 2306 569 2345 igitur,
590 2309 788 2337 sacrosancta
807 2307 945 2338 liomaua
962 2308 1018 2339 Ec-

244 2360 350 2399 clesia,
367 2362 519 2400 tanquam
534 2359 665 2390 alteram
690 2360 802 2391 Esther
818 2361 972 2392 elevatam
988 2362 1020 2392 in

244 2414 380 2454 populis,
397 2416 434 2444 ut
459 2413 668 2444 Ecclesiarum
693 2415 838 2445 omnium
863 2418 1018 2454 matrem,

245 2468 394 2507 reginam
410 2470 504 2508 atque
520 2467 722 2506 magistram,
739 2469 776 2499 ad
795 2469 1019 2500 defensandam

245 2525 275 2552 et
289 2522 474 2560 docendam,
493 2524 557 2552 tam
574 2530 716 2560 morum,
735 2532 833 2562 quam
849 2523 919 2553 tidei
936 2524 1021 2554 veri-

245 2578 355 2614 tatem,
381 2575 569 2606 fiducialiter
583 2575 761 2615 interpellat
785 2578 912 2606 tuorum
938 2587 1021 2617 pau-

245 2639 359 2670 perum
381 2632 498 2666 coetus,
517 2632 553 2660 ut
576 2638 656 2669 quos
676 2629 815 2668 genuisti
840 2633 874 2660 nt
894 2633 994 2660 mater
1010 2655 1018 2667 ,

245 2683 385 2714 educasti
397 2686 430 2712 ut
447 2684 566 2719 nutrix,
583 2692 669 2714 nunc
684 2683 778 2714 etiam
794 2686 828 2713 ut
844 2683 955 2721 reg-ina
973 2694 1022 2723 pa-

277 2746 284 2764 ¹
300 2745 373 2776 Bed.‚
387 2745 412 2769 in
427 2745 493 2776 Luc„
508 2745 552 2769 lib.
570 2746 588 2776 l,
604 2752 627 2769 c.
645 2746 668 2770 8.

804 239 1016 274 APOLOGIAE
1038 238 1255 273 PAUPERUM

1055 309 1159 340 tenter
1182 309 1221 350 (a)
1243 319 1281 342 ac
1294 310 1383 350 ,iuste
1405 310 1553 343 defendas
1573 321 1581 342 :
1603 320 1677 343 cum
1703 311 1832 353 idcirco,

1057 361 1262 403 dispositione
1282 364 1417 396 faciente
1441 364 1560 404 divina,
1586 365 1777 406 pontificalis
1796 375 1835 398 ae

1057 416 1159 456 regiae
1188 418 1352 457 potestatis
1377 418 1529 450 verticem
1551 428 1741 460 supremum
1765 419 1835 451 adi-

1056 469 1135 510 pisci
1150 471 1318 510 merueris,
1333 474 1371 503 ut
1383 472 1418 503 in
1430 473 1538 504 arduis
1551 473 1749 505 necessitatis
1756 474 1835 505 arti-

1058 523 1155 561 culis,
1171 524 1212 555 ad
1225 524 1456 557 defensandum
1473 525 1588 558 Christi
1602 527 1761 568 populum
1777 537 1834 568 pa-

1058 576 1187 608 rareris.
1207 577 1341 619 Exurge
1361 579 1474 619 igitur,
1488 582 1595 612 sancta
1609 583 1723 620 mater,
1739 583 1771 612 et
1780 582 1835 621 ju-

1059 630 1128 662 dica
1147 640 1275 663 causam
1297 634 1400 672 tuam,
1428 633 1505 674 quia
1526 634 1555 665 si
1576 632 1754 675 pauperum
1783 635 1838 666 hic

1059 684 1138 716 ordo
1163 684 1326 717 Minorum
1353 689 1438 719 recte
1470 688 1637 728 profitetur
1669 688 1837 720 veritatem

1060 737 1240 779 Evangelii,
1256 741 1351 771 tuum
1365 742 1412 772 est
1427 750 1436 772 ε
1452 741 1478 771 si
1492 750 1512 772 a
1523 741 1657 773 veritate
1670 741 1706 773 in
1719 743 1837 782 profes-

1061 792 1148 824 sione
1164 802 1183 824 a
1197 795 1229 824 te
1246 795 1368 826 sancita
1388 783 1505 834 de'viat,
1527 796 1620 826 tuum
1638 798 1685 826 est
1702 807 1708 827 :
1731 805 1767 827 ac
1782 805 1840 836 per

1061 846 1122 878 hoc
1138 847 1164 878 si
1187 848 1373 888 professioni
1400 848 1587 889 huJusmodi
1611 851 1729 881 sanctae
1749 859 1840 881 error

1061 901 1266 941 impingitur,
1288 903 1325 933 tu
1350 911 1425 942 quae
1441 902 1527 933 illam
1550 903 1696 942 sanxisti,
1717 913 1840 936 errasse

1062 955 1224 994 assereriS,
1245 957 1276 986 et
1299 964 1372 996 quae
1392 956 1551 995 magistra
1569 956 1713 988 veritatis
1732 957 1840 989 hacte-

1063 1017 1126 1039 nns
1139 1008 1282 1048 extitisti,
1304 1018 1391 1040 nunc
1415 1010 1454 1040 de
1474 1010 1704 1050 approbatione
1726 1011 1842 1042 erroris

1065 1062 1222 1101 arg-uem,
1238 1065 1296 1093 eta
1310 1063 1503 1103 quibusdam
1512 1063 1675 1094 modernis
1686 1072 1841 1104 praesum-

1066 1116 1210 1156 ptoribus
1224 1116 1313 1147 velut
1330 1116 1413 1156 Juris
1427 1117 1528 1148 divini
1542 1120 1573 1148 et
1588 1117 1724 1148 humani
1738 1118 1843 1149 nescia

1066 1169 1227 1201 derideris.
1246 1169 1307 1202 Sed
1328 1173 1358 1202 et
1373 1173 1418 1209 tu,
1439 1170 1561 1210 Regina
1584 1171 1697 1203 mundi
1719 1171 1842 1211 dignis-

1067 1224 1158 1263 sima,
1181 1224 1373 1256 defensatrix
1396 1234 1587 1265 pauperum,
1611 1227 1642 1256 et
1670 1225 1843 1256 humilium

1067 1278 1230 1317 advocata,
1242 1278 1338 1318 longe
1347 1278 1517 1309 sublimius
1528 1288 1625 1319 quam
1638 1278 1751 1310 Esther
1760 1279 1846 1310 exal—

1068 1334 1133 1362 tata
1148 1332 1181 1362 in
1191 1331 1327 1372 populis,
1341 1334 1371 1363 et
1380 1337 1558 1372 praeparata
1567 1333 1600 1363 in
1612 1335 1754 1373 tempore
1767 1332 1846 1364 Mar-

1069 1385 1203 1422 dochaei,
1221 1385 1267 1416 tui
1285 1385 1440 1416 Francisci
1456 1386 1601 1417 videlicet
1623 1387 1764 1418 excitare
1781 1386 1845 1418 cla-

1070 1439 1224 1476 moribus,
1237 1441 1273 1470 ut
1289 1439 1490 1479 interpellare
1499 1440 1644 1479 digneris
1656 1440 1696 1471 ad
1713 1439 1846 1480 Regem,

1070 1496 1228 1533 quatenus
1249 1502 1427 1534 pauperum
1449 1496 1578 1532 statum,
1595 1503 1692 1534 quem
1713 1494 1771 1525 tibi
1791 1503 1847 1525 vo-

1070 1547 1129 1577 luit
1145 1556 1212 1577 csse
1227 1547 1436 1586 consimilem,
1449 1549 1479 1578 et
1488 1547 1614 1587 speciali
1625 1547 1764 1587 quadam
1775 1556 1848 1586 ger-

1072 1601 1222 1632 manitate
1235 1602 1456 1640 conjunctum,
1466 1601 1564 1632 sacris
1576 1601 1638 1632 tuis
1651 1601 1773 1632 meritis
1785 1602 1847 1632 cla-

1071 1656 1209 1687 rificetet
1218 1658 1393 1687 conservet.
1408 1656 1487 1693 Quid
1501 1656 1586 1687 enim
1599 1656 1702 1694 magis
1712 1655 1765 1686 dat
1776 1665 1850 1695 pau-

1071 1711 1200 1751 pertatis
1213 1710 1312 1740 amori
1328 1711 1518 1747 fomentum,
1531 1709 1699 1749 magisque
1714 1709 1850 1740 declarat

1073 1764 1321 1804 praerogativam
1333 1767 1365 1794 et
1375 1764 1524 1802 gloriam,
1533 1773 1629 1803 quam
1637 1766 1691 1794 tua
1698 1763 1800 1794 forma
1806 1763 1851 1794 vi-

1072 1818 1180 1855 vendi,
1189 1818 1368 1849 beatissima
1377 1817 1486 1857 Virgo,
1497 1817 1632 1848 etMater
1642 1817 1764 1848 Domini
1775 1827 1848 1849 nos-

1074 1873 1113 1903 tri
1128 1872 1203 1903 Jesu
1216 1871 1437 1911 Christi,quod
1451 1871 1528 1902 adeo
1544 1871 1630 1902 fuisti
1647 1871 1850 1911 paupercula,

1075 1929 1120 1963 ut,
1135 1925 1213 1955 sicut
1231 1925 1399 1964 Evangelii
1415 1925 1546 1956 historia
1561 1934 1648 1955 sacra
1664 1927 1809 1963 testatur,
1819 1925 1851 1956 in

1074 1980 1142 2021 ipso
1153 1979 1363 2010 sacratissimo
1376 1981 1467 2019 partu
1479 1988 1542 2010 uon
1558 1979 1691 2010 haberes
1700 1979 1754 2009 ubi
1766 1978 1852 2009 recli-

1075 2043 1168 2064 nares
1186 2033 1285 2064 Deum
1309 2033 1391 2070 coeli,
1408 2036 1439 2064 et
1452 2034 1623 2065 Dominum
1638 2033 1850 2071 exercituum,

1076 2088 1136 2118 nisi
1159 2088 1191 2117 in
1206 2087 1257 2118 via
1277 2087 1402 2126 publica
1424 2087 1655 2123 itinerantium,
1680 2089 1710 2117 et
1736 2095 1850 2126 praese-

1076 2142 1386 2182 piojumentorum‘?
1412 2140 1509 2171 Porro
1531 2141 1556 2170 si
1580 2142 1628 2177 tu,
1652 2139 1753 2179 Virgo
1782 2149 1853 2170 san-

1076 2195 1224 2232 ctissima,
1255 2194 1359 2225 omnis
1386 2204 1419 2223 es
1449 2194 1648 2234 perfectionis
1675 2193 1851 2233 exemplar,

1077 2249 1157 2279 sicut
1181 2248 1325 2288 perfectis
1343 2247 1496 2278 imitanda
1517 2250 1564 2278 est
1586 2250 1641 2278 tua
1664 2256 1738 2278 cum
1751 2247 1851 2286 virgi-

1078 2303 1175 2333 nitate
1197 2301 1371 2338 humilitas,
1397 2301 1440 2331 sic
1461 2301 1556 2331 etiam
1581 2301 1750 2341 penurIOSa
1771 2309 1851 2340 pau-

1078 2359 1192 2396 pertas.
1222 2356 1348 2386 Constat
1371 2357 1479 2385 autem
1508 2356 1573 2385 tam
1602 2364 1658 2394 per
1683 2353 1853 2393 Evangelii

1078 2413 1213 2448 textum,
1238 2418 1336 2449 quam
1358 2417 1415 2448 per
1437 2408 1642 2438 assertionem
1666 2407 1850 2444 Doctorum,

1077 2465 1162 2505 quod
1175 2468 1209 2495 tu
1227 2464 1258 2494 in
1276 2466 1418 2493 extrema
1438 2462 1546 2493 vixisti
1565 2462 1785 2502 temporalium
1808 2460 1853 2490 fa-

1079 2519 1233 2549 cultatum
1256 2517 1373 2556 inopia,
1391 2525 1464 2546 cum
1479 2516 1722 2556 Chrysostomus
1746 2513 1828 2544 dicat
1842 2537 1851 2551 ,

1078 2572 1163 2612 quod
1175 2575 1209 2602 tu
1224 2571 1279 2601 vix
1295 2570 1433 2600 habuisti
1456 2578 1554 2600 unam
1576 2567 1764 2603 tuniculam,
1787 2576 1852 2597 non

1079 2627 1117 2657 ad
1135 2625 1255 2655 decoris
1272 2627 1432 2661 ornatum,
1455 2623 1506 2653 sed
1530 2622 1566 2653 ad
1593 2622 1743 2652 nuditatis
1759 2623 1851 2660 tegu-

1080 2683 1224 2711 mentum
1246 2689 1252 2715 ;
1278 2681 1308 2708 et
1332 2678 1415 2708 Beda
1432 2678 1452 2715 ¹,
1478 2676 1563 2717 quod
1587 2676 1620 2706 in
1640 2675 1798 2706 oblatione
1822 2678 1853 2707 et

1112 2745 1145 2774 (a)
1160 2743 1234 2767 Forte
1249 2741 1296 2772 leq.
1313 2743 1439 2772 potenter.
