2029 3052
247 184 311 214 496

246 248 410 281 Ecclesiae:
438 257 553 280 verum
585 247 684 279 etiam
716 247 930 279 nihilominus
957 248 1025 286 est,

247 302 332 344 quod
346 301 561 343 possessiones
574 301 766 340 immobiles,
780 303 816 332 ut
830 301 915 341 agri,
928 300 1025 340 villae,

247 357 361 395 castra,
387 355 541 394 civitates,
565 355 745 393 comitatus,
767 363 834 386 non
853 356 979 386 tantum
993 354 1028 385 in

243 410 320 450 jure
335 409 456 447 divino,
482 408 536 440 sed
558 408 654 439 etiam
677 408 822 440 humano
844 408 880 439 in
903 416 1028 449 posses-

247 463 371 494 sionem
385 463 553 493 transeunt
567 461 792 493 Ecclesiarum.
809 461 901 500 Quod
925 471 1027 502 quan-

248 525 346 558 quam
362 514 573 556 prudentibus
587 515 737 546 omnibus
760 515 904 556 virisque
918 515 1029 556 peritis

248 569 317 600 luce
342 568 459 600 clarius
480 570 614 608 constat,
639 570 749 600 tamen
770 569 811 601 ad
832 569 970 610 imperiti
998 571 1030 601 et

247 622 389 663 procacis
410 622 551 654 hominis
574 623 791 655 revellendam
814 624 1028 664 proterviam,

248 676 346 708 sacris
358 676 538 707 Canonibus
558 677 790 708 ostendendum
807 679 865 708 est.
891 676 973 709 Nam
986 677 995 694 ¹
1019 685 1027 708 :

253 740 268 759 α
282 728 316 760 Si
331 729 404 769 quis
420 729 459 760 de
473 729 594 761 clericis
606 730 810 768 documenta,
827 730 946 770 quibus
961 738 1031 770 pos-

249 782 347 814 sessio
372 782 518 814 Ecclesiae
542 783 638 814 firma
659 786 797 822 tenetur,
820 785 877 814 aut
899 783 1028 824 suppri-

249 845 348 875 mere,
364 837 420 867 aut
435 845 566 876 negare,
582 838 738 875 avertere,
762 838 820 868 aut
839 837 881 877 (a)
898 837 1031 868 fortasse

249 889 374 921 tradere
389 889 564 920 damnabili
584 892 615 921 et
638 890 799 930 punienda
819 890 1031 923 obstinatione

249 944 499 984 praesumpserit,
525 944 683 984 quidquid
699 954 757 985 pro
772 945 913 976 absentia
929 945 1029 977 docu-

249 999 432 1029 mentorum
449 998 558 1029 damni
582 997 729 1030 Ecclesiae
751 998 876 1030 illatum
901 1002 968 1038 est,
992 999 1032 1030 de

249 1052 386 1092 propriis
406 1052 608 1083 facultatibus
625 1052 746 1083 reddat.
763 1063 777 1081 n
798 1052 876 1084 Item
896 1053 939 1083 ait
954 1052 1031 1083 Gre-

251 1105 363 1145 gorius
378 1105 487 1136 dicens
498 1106 509 1122 ²
523 1116 529 1136 :
542 1117 556 1134 «
571 1104 660 1137 Sicut
674 1105 812 1137 Ecclesia
822 1106 968 1147 proprias
980 1115 1032 1137 res

250 1159 398 1191 amittere
413 1168 478 1190 non
499 1159 602 1197 debet,
624 1159 667 1190 ita
684 1168 767 1198 eam,
784 1160 966 1200 rapacitatis
980 1169 1031 1191 ar-

250 1212 337 1251 dore,
353 1212 473 1243 alienas
498 1212 649 1244 invadere
674 1222 738 1244 non
760 1216 894 1253 oportet.
919 1224 933 1242 n
953 1213 1030 1244 Am-

250 1267 333 1307 plius
356 1263 396 1297 e'x
416 1265 550 1298 concilio
572 1266 747 1306 Agathensi
770 1267 781 1284 ³
807 1278 813 1298 :
835 1279 849 1296 α
869 1267 902 1299 Si
924 1277 1033 1299 servos

251 1319 398 1351 Ecclesioe
424 1320 568 1351 libertate
593 1320 761 1360 episcopus
788 1320 973 1360 donaverit,
996 1330 1034 1352 ea

251 1383 326 1414 quae
350 1374 383 1405 in
414 1374 666 1405 manumissione
693 1374 766 1405 data
794 1374 855 1405 illis
885 1375 1030 1414 fuerant,

251 1430 405 1468 perpetua
426 1428 576 1459 firmitate
596 1428 761 1459 tenebunt.
784 1439 797 1456 n
818 1428 893 1459 Ilaee
913 1428 1031 1460 Canon.

253 1481 354 1513 Habet
375 1482 477 1521 igitur
492 1481 631 1513 Ecclesia
650 1490 772 1512 servos
796 1481 857 1512 Sed
878 1482 934 1513 ubi
958 1492 1034 1514 vera

252 1536 403 1574 servitus,
419 1536 460 1566 ibi
474 1544 588 1566 verum
604 1535 794 1566 dominium.
812 1535 845 1565 Si
861 1535 964 1574 igitur
975 1535 1034 1566 Ee-

253 1589 349 1620 clesia
372 1589 489 1620 habere
513 1591 616 1629 potest
639 1598 749 1620 servos
772 1589 976 1628 originarios,
1003 1591 1036 1620 et

253 1643 456 1683 ascriptitios,
472 1652 582 1674 veram
603 1643 805 1674 concluditur
820 1644 938 1674 habere
965 1652 1035 1683 pro-

255 1698 433 1738 prietatem,
447 1706 622 1737 veramque
633 1698 874 1737 possessionem.
889 1697 1033 1738 Insuper,

255 1752 340 1792 quod
366 1751 522 1782 distinctis
546 1751 685 1782 ecclesiis
715 1751 861 1783 distincta
895 1751 1036 1782 dominia

255 1808 445 1846 competent,
462 1807 570 1845 aperte
593 1805 747 1844 probatur
771 1814 827 1844 per
845 1806 931 1844 jura.
957 1804 1037 1836 Nam

256 1869 351 1891 causa
364 1869 432 1898 xvi,
448 1869 480 1900 q.
496 1862 514 1890 2
531 1862 552 1897 ⁵,
577 1858 724 1890 Nicolaus
750 1858 832 1899 l‘apa
857 1870 863 1890 :
881 1871 895 1888 «
919 1859 951 1889 Si
967 1859 1039 1899 quis

256 1914 487 1954 Episcoporum
512 1913 543 1944 iu
567 1913 680 1944 aliena}
705 1913 842 1943 civitatis
863 1913 1036 1952 territorio,

256 1979 314 2009 pro
334 1977 539 2009 quacumque
561 1976 694 1998 suorum
719 1967 914 2005 infirmitate,
939 1967 1039 1998 eccle—

258 2023 339 2053 siam
355 2022 513 2052 a=diticare
535 2021 683 2061 disponit,
701 2030 765 2051 non
781 2023 957 2060 praesumat
981 2021 1038 2052 de-

258 2077 447 2107 dicationem
465 2076 579 2112 facero,
601 2084 675 2115 quae
698 2075 783 2105 illius
805 2076 861 2113 est,
888 2074 918 2104 in
946 2075 1039 2114 cujus

259 2130 416 2161 territorio
457 2129 588 2159 ecclesia
623 2131 747 2168 surget.
774 2139 788 2157 n
824 2128 902 2159 item
928 2129 1039 2160 eadem

259 2194 366 2223 causa,
386 2194 416 2224 q.
438 2188 467 2222 3,
487 2183 630 2214 (iclasius
646 2184 655 2200 ⁶
672 2194 678 2214 :
700 2196 714 2213 (ι
732 2183 817 2214 istud
836 2184 959 2214 annecti
976 2184 1040 2224 pla-

260 2240 336 2277 cuit,
353 2241 389 2269 ut
404 2239 442 2276 si,
463 2238 547 2277 quod
570 2237 668 2275 absit,
694 2238 858 2268 facultates
880 2238 1038 2277 Ecclesiae,

260 2301 387 2323 necnon
411 2292 560 2322 dioeceses
590 2291 630 2321 ab
655 2291 814 2331 aliquibus
839 2292 1041 2331 possidentur

261 2345 426 2385 episcopis,
439 2346 513 2384 jure
529 2344 588 2374 sibi
602 2345 782 2382 vendicent,
796 2346 881 2385 quod
897 2346 947 2377 lex
963 2346 1042 2377 dcci-

261 2399 354 2429 malis
367 2399 405 2438 (b)
429 2397 593 2436 conclusit,
612 2397 687 2437 quia
709 2400 739 2429 ot
754 2398 896 2430 tiliorum
915 2403 1039 2431 nostro-

293 2463 419 2486 ¹l)ci=rel.
443 2463 507 2492 part.
528 2462 557 2491 ll,
579 2467 648 2485 caus.
672 2467 724 2490 xii,
746 2469 771 2492 q.
797 2463 825 2491 Ξ,
848 2469 869 2486 c.
891 2469 988 2493 xxxiii,
1010 2472 1041 2489 ex

263 2506 337 2522 conc.
354 2497 455 2527 Agalla,
472 2505 494 2521 c.
511 2499 550 2521 26.
567 2509 596 2514 ——
611 2497 618 2511 ²
634 2498 752 2527 Gregor„
768 2497 801 2520 ml
817 2498 900 2528 Bonis.
920 2500 1042 2530 lteyi'vns„

263 2534 306 2557 lit).
333 2535 374 2561 ΙΙΙ,
391 2534 422 2556 al.
445 2539 474 2562 ll,
499 2533 573 2563 epist.
597 2538 666 2561 Xle,
686 2533 717 2556 al.
740 2539 819 2562 xniii,
842 2537 866 2558 et
889 2535 996 2559 rofi—rtur
1017 2537 1042 2561 in

265 2570 347 2597 l)‹·‹·r.,
363 2576 432 2592 caiis.
450 2574 501 2598 Mi,
521 2575 544 2598 11.
562 2570 585 2597 2,
599 2574 620 2591 c.
639 2569 677 2591 49.
693 2581 722 2584 —
739 2567 748 2584 ³
764 2569 841 2592 Cone.
859 2571 961 2598 Agelli..
980 2580 1001 2596 ιτ,
1018 2574 1041 2601 7,

263 2607 288 2629 et
303 2606 420 2633 retertur,
442 2611 511 2627 caus.
535 2610 583 2633 xii,
602 2611 628 2634 q.
648 2604 671 2633 2,
688 2610 711 2627 c.
731 2605 769 2628 57.
785 2617 815 2621 —
831 2605 839 2620 ‘
859 2607 961 2630 ὅρηαι-ει
976 2614 1000 2632 u.
1017 2610 1041 2638 2,

263 2641 295 2665 al.
312 2647 336 2670 ν,
351 2648 373 2664 c.
393 2643 412 2664 l.
429 2652 459 2656 —
474 2640 483 2656 ⁵
495 2639 591 2669 Gelas„
609 2639 642 2662 ml
659 2639 764 2669 Siculos,
785 2639 858 2670 episi.
881 2647 909 2667 ιι,
925 2642 957 2665 iil.
973 2649 996 2667 v.
1012 2657 1042 2661 —

264 2678 273 2692 ⁸
288 2677 399 2707 Scilicet,
414 2684 436 2700 c.
453 2677 477 2700 6.
494 2688 524 2692 -
547 2676 553 2688 ⁷
571 2675 687 2705 Scilicet,
703 2675 769 2700 c.27.
784 2688 813 2693 -
832 2675 843 2692 ⁸
857 2677 960 2707 Mattl1.,
978 2686 1041 2710 nii,

829 178 1042 212 APOLOGIAE
1063 179 1283 213 PAUPERUM

1085 257 1160 280 rum
1177 248 1358 290 principum
1386 247 1430 279 ita
1451 247 1617 280 mandavit
1639 247 1820 280 auctoritas.
1843 260 1860 279 »

1085 302 1243 344 Amplius,
1260 301 1437 343 quaestione
1456 301 1579 340 eadem,
1602 311 1630 333 c.
1646 301 1734 334 Inter
1746 302 1863 335 Memo-

1084 358 1174 389 ratos
1187 356 1197 373 ⁸
1213 380 1223 395 ‚
1237 356 1294 388 ubi
1315 355 1477 387 dirimitur
1493 355 1628 396 quaestio
1650 354 1804 392 limitum,
1819 354 1865 386 ait

1086 409 1314 442 Innocentius:
1335 422 1349 440 α
1362 409 1396 441 Si
1418 409 1510 441 limes
1534 409 1698 449 legitimus
1718 408 1864 440 eamdem

1086 463 1250 494 basilicam
1273 472 1339 494 non
1363 462 1523 494 concludit
1553 462 1601 503 (c),
1628 464 1658 494 et
1685 464 1794 494 tamen
1821 461 1865 503 (d)

1085 516 1176 557 longi
1195 516 1350 558 temporis
1379 517 1534 557 probatur
1564 516 1689 556 objecta
1720 515 1866 556 praescri-

1086 570 1172 610 ptio,
1195 569 1364 610 appellatio
1389 569 1556 610 praesentis
1582 569 1616 610 (e)
1640 569 1779 610 episcopi
1801 577 1867 600 non

1085 624 1216 663 valebit,
1229 624 1380 664 quoniam
1395 623 1457 654 illis
1473 623 1514 663 (Ῑ)
1532 622 1716 654 tricennalis
1731 623 1868 662 objectio

1087 678 1177 718 ponit
1194 678 1232 718 tq)
1253 677 1431 709 silentium.
1453 676 1529 708 Ilaec
1542 676 1637 708 etiam
1657 676 1867 708 saecularium

1087 731 1189 763 edicta
1204 730 1390 772 Principum
1412 730 1614 771 praecipiunt,
1637 732 1668 761 et
1687 730 1868 762 Praesulum

1089 786 1307 817 Romanorum
1322 786 1463 817 decrevit
1479 786 1664 817 auctoritas.
1685 796 1700 814 ι)
1721 785 1797 817 Haec
1810 785 1868 816 Ca·-

1087 849 1165 871 non.
1190 839 1226 870 ln
1248 839 1368 880 quibus
1390 848 1455 870 non
1476 838 1581 870 solum
1605 839 1759 870 astruitur
1782 838 1869 880 quod

1088 893 1236 925 Ecclesiae
1257 902 1374 925 verum
1403 892 1585 924 dominium
1607 892 1747 923 habeant
1773 895 1869 933 atque

1088 947 1291 985 distinctum,
1319 946 1395 987 quia
1419 948 1532 977 mutuo
1560 946 1642 977 inter
1665 955 1699 977 se
1722 945 1868 986 praescri-

1087 1001 1180 1039 bunt,
1203 1009 1319 1032 verum
1333 1000 1430 1031 etiam
1445 999 1531 1040 quod
1545 999 1577 1030 id
1599 999 1738 1030 habeant
1752 1008 1868 1031 secun-

1088 1055 1165 1086 dum
1179 1056 1235 1094 jus
1251 1054 1399 1085 divinum
1415 1053 1532 1094 pariter
1557 1055 1587 1084 et
1603 1053 1796 1092 humanum,
1809 1061 1869 1094 pro

1088 1117 1126 1139 eo
1147 1108 1234 1148 quod
1257 1107 1474 1148 praescriptio,
1497 1107 1579 1138 sicut
1599 1116 1640 1138 ex
1662 1107 1870 1147 praeallegato

1089 1171 1213 1193 canone
1237 1164 1345 1202 patet,
1373 1161 1413 1192 ab
1439 1161 1541 1193 edicto
1565 1160 1749 1201 Principum
1772 1160 1872 1192 trahit

1090 1217 1262 1256 originem,
1272 1215 1447 1256 approbato
1457 1214 1670 1246 nihilominus
1680 1224 1737 1255 per
1749 1214 1871 1246 summi

1090 1269 1252 1301 Pontificis
1266 1270 1498 1300 auctoritatem.
1518 1268 1582 1300 lIoc
1595 1271 1702 1299 autem
1718 1269 1871 1308 probatur

1089 1324 1249 1364 patentius
1263 1332 1358 1354 causa
1372 1332 1417 1360 xr,
1430 1324 1544 1363 quaest.
1558 1325 1572 1353 1
1586 1322 1611 1361 ⁷,
1626 1331 1667 1353 ex
1681 1321 1786 1353 verbis
1796 1322 1871 1353 Am-

1090 1377 1188 1409 brosii
1204 1379 1315 1409 contra
1329 1376 1529 1408 Auxentium
1546 1387 1552 1407 :
1568 1388 1582 1406 «
1596 1375 1628 1407 Si
1642 1375 1799 1407 tributum
1811 1374 1871 1406 lm—

1090 1434 1217 1472 perator
1232 1433 1328 1472 petat,
1351 1440 1416 1462 non
1439 1439 1608 1470 negamus,
1630 1429 1701 1468 agri
1725 1428 1870 1460 Ecclesiae

1090 1486 1216 1517 solvant
1239 1486 1409 1517 tributum.
1436 1497 1450 1513 ι)
1489 1483 1550 1515 Sed
1574 1483 1629 1523 qui
1648 1482 1687 1513 ad
1710 1482 1870 1513 tributum

1091 1540 1224 1572 Caesaris
1239 1542 1365 1570 tenetur
1385 1539 1508 1569 ratione
1527 1537 1733 1577 praediorum,
1751 1536 1872 1576 praedia

1091 1595 1144 1626 illa
1159 1604 1222 1625 nou
1242 1596 1306 1624 tam
1321 1593 1432 1623 (livino
1444 1594 1518 1632 jiire
1535 1590 1682 1631 possidet,
1696 1599 1794 1631 quam
1810 1589 1871 1620 hu-

1092 1658 1202 1686 mano,
1222 1648 1385 1679 Salvatore
1409 1649 1497 1683 teste,
1520 1645 1575 1685 qui
1597 1645 1641 1675 ait
1665 1646 1675 1663 ⁸
1701 1655 1706 1674 :
1734 1643 1870 1675 Reddite

1091 1711 1162 1743 quoe
1174 1705 1249 1733 sunt
1268 1701 1417 1738 &esuri-5,
1433 1699 1564 1736 Czesare',
1580 1702 1609 1730 ec
1624 1705 1695 1738 quoe
1709 1700 1785 1729 sunt
1800 1697 1868 1734 Dei,

1095 1758 1167 1789 Deo.
1184 1756 1340 1796 Amplius,
1355 1753 1556 1785 distinctione
1571 1761 1639 1789 vui,
1656 1754 1686 1790 8,
1703 1760 1744 1782 ex
1764 1750 1871 1782 verbis

1092 1810 1268 1850 Augustini
1283 1818 1379 1849 super
1394 1809 1550 1840 ¹Ioannem
1563 1807 1592 1838 ⁹:
1614 1818 1628 1835 «
1644 1805 1712 1844 Quo
1727 1806 1803 1844 jiire
1818 1804 1872 1835 de-

1093 1865 1195 1896 fendis
1210 1864 1302 1895 villas
1318 1862 1488 1894 Ecclesiae‘?
1502 1861 1613 1892 divino
1627 1861 1683 1890 aut
1706 1859 1871 1889 humano?

1095 1918 1244 1949 Divinum
1264 1918 1320 1958 jus
1336 1917 1367 1946 in
1387 1915 1503 1947 divinis
1527 1913 1700 1954 Scripturis
1722 1911 1871 1949 habetur,

1094 1973 1275 2003 humanum
1290 1971 1322 2001 in
1337 1970 1464 2009 legibus
1479 1977 1607 2008 regum.
1625 1966 1713 1998 Unde
1726 1964 1873 2006 quisquis

1094 2026 1232 2067 possidet
1258 2024 1344 2065 quod
1377 2022 1540 2063 possidet?
1564 2030 1670 2052 nonne
1698 2021 1773 2060 jure
1809 2019 1872 2049 liu-—

1095 2080 1212 2111 mano?
1228 2079 1390 2118 NamJure
1403 2076 1510 2107 divino
1524 2076 1557 2112 ¹⁰,
1574 2074 1706 2106 Domini
1718 2075 1762 2105 est
1775 2075 1870 2110 terra,

1095 2138 1125 2167 et
1138 2132 1303 2174 plenitudo
1320 2131 1398 2172 eJ‘us.
1416 2142 1429 2159 υ
1449 2129 1524 2160 lla—c
1546 2128 1761 2168 Augustinus.
1787 2125 1873 2157 Idem

1094 2196 1234 2228 quoque,
1244 2194 1339 2226 super
1350 2186 1501 2217 Joaimem
1510 2186 1529 2203 ¹¹
1543 2194 1572 2213 :a
1580 2181 1649 2213 Noli
1659 2181 1762 2212 dicere
1774 2178 1873 2217 :Quid

1096 2241 1177 2272 mihi
1192 2244 1223 2271 et
1238 2240 1328 2279 regi?
1347 2238 1428 2276 Quid
1440 2246 1519 2277 ergo
1534 2236 1589 2267 tibi
1605 2238 1636 2267 et
1658 2232 1873 2275 possessioni?

1097 2295 1157 2326 Per
1175 2296 1251 2334 ,iura
1269 2293 1355 2324 enim
1384 2300 1499 2331 regum
1525 2289 1727 2330 possidentur
1749 2295 1872 2327 posses-

1097 2350 1213 2380 siones.
1232 2347 1342 2378 Dixisti
1359 2357 1365 2377 z
1385 2346 1466 2384 Quid
1482 2344 1561 2376 mihi
1577 2346 1607 2374 ct
1631 2342 1720 2382 regi?
1739 2340 1809 2372 Noli
1823 2339 1872 2370 di-

1097 2422 1135 2445 2¹.
1156 2434 1185 2438 -—
1209 2420 1218 2434 ⁹
1234 2419 1343 2448 Scilicet,
1363 2425 1386 2441 c.
1410 2420 1430 2446 i,
1455 2424 1485 2441 cx
1508 2418 1583 2445 Aug..
1606 2416 1631 2438 in
1649 2414 1731 2442 Joan„
1748 2412 1820 2435 tract.
1837 2415 1872 2441 vr,

1097 2463 1125 2481 n.
1141 2458 1180 2480 25.
1200 2469 1230 2473 —
1250 2456 1271 2474 ¹0
1285 2454 1353 2479 Psiil.
1369 2459 1451 2483 xxm,
1474 2456 1493 2477 l.
1514 2465 1545 2470 —-
1564 2452 1582 2468 ¹¹
1598 2452 1714 2481 August„
1729 2447 1772 2472 ubi
1786 2453 1871 2477 prox„

1097 2500 1123 2517 u.
1140 2494 1179 2516 20.

1131 2537 1166 2568 (a)
1183 2535 1270 2567 suppl.
1286 2534 1448 2562 advorsariis,
1463 2535 1489 2557 ut
1504 2533 1528 2556 in
1541 2537 1648 2556 canone.
1662 2542 1692 2547 —
1708 2528 1740 2567 (b)
1757 2528 1814 2557 Loq.
1830 2526 1873 2566 tri-

1098 2572 1223 2601 cennalis,
1236 2574 1263 2594 ul
1279 2579 1304 2594 in
1322 2572 1423 2594 Dei-reto
1438 2572 1459 2593 e!
1476 2568 1542 2600 apud
1557 2566 1640 2595 Laba..
1658 2564 1693 2589 al.
1709 2567 1871 2588 tricennaria.

1097 2622 1127 2626 —
1140 2610 1172 2639 (ε)
1189 2608 1229 2631 ΑΙ.
1246 2607 1379 2631 conclusit.
1393 2619 1421 2623 —
1438 2605 1476 2636 (d)
1491 2605 1545 2635 Ley.
1562 2606 1623 2631 tum,
1640 2603 1665 2624 u!
1679 2602 1703 2624 iri
1719 2600 1827 2623 Decreta.
1843 2611 1873 2616 —

1099 2643 1130 2675 (e)
1155 2645 1193 2667 At.
1220 2643 1361 2673 repetentis
1375 2656 1400 2659 —
1423 2642 1457 2672 (f)
1474 2641 1530 2670 Ley.
1546 2638 1595 2668 illi,
1615 2638 1642 2660 ut
1668 2637 1694 2660 in
1718 2635 1828 2659 Decreto.
1843 2645 1875 2651 -

1097 2681 1134 2710 (y)
1150 2679 1210 2702 Item
1231 2678 1350 2709 imponit.
