2029 3052
185 191 244 221 328
750 183 938 217 LEGENDA
959 183 992 216 S.

184 264 245 297 pus
258 254 463 296 perlustratio
480 253 569 286 testis
584 255 676 285 esset.
693 252 740 284 Ibi
753 252 862 289 etiam,
878 251 961 282 sicut

185 309 278 342 certis
287 310 334 340 est
348 309 592 349 comprobatum
607 307 741 345 indiciis,
761 306 885 337 incerta
899 304 960 336 sibi

186 365 217 394 et
239 362 361 394 occulta
383 361 501 394 divinae
526 360 690 401 sapientiae
720 358 960 400 pandelsantur,

186 416 335 458 quamvis
358 415 413 447 illa
435 424 500 446 non
527 414 678 454 vulgaret
708 413 869 449 exterius,
901 412 963 443 nisi

187 470 344 510 quantum
359 467 474 500 Christi
487 466 627 507 urgebat
640 466 789 504 cliaritaS,
804 467 835 497 et
850 465 962 506 proxi-

190 532 318 555 morum
344 521 464 553 utilitas
495 520 657 560 exigebat.
689 519 817 550 Dicebat
844 518 931 550 enim
954 529 961 549 ε

189 577 266 609 Levi
281 575 425 608 mercede
447 583 516 606 rem
537 573 782 615 impretiabilem
808 571 965 611 contingit

190 630 304 669 amitti,
320 631 352 661 et
366 629 470 668 illum,
486 627 543 668 qui
563 627 658 666 dedit,
682 627 722 658 ad
736 635 801 657 non
825 626 965 657 dandum

191 686 308 717 iterum
330 683 421 715 facile
442 682 618 723 provocari.
640 681 772 719 Quando
795 690 813 712 a
835 680 967 720 privatis

191 739 314 771 redibat
336 737 542 775 orationibus,
566 736 683 776 quibus
700 744 781 775 pene
802 735 834 765 in
859 734 966 765 virum

193 793 330 824 alterum
363 791 566 829 mutabatur,
595 797 799 828 summopere
823 787 969 819 studebat

194 847 391 878 conformare
406 854 439 876 se
463 843 597 880 caeteris,
625 852 666 873 ne
689 842 769 872 forte
787 841 873 882 quod
894 841 969 872 soris

194 900 389 937 ostenderet,
421 907 501 929 aura
526 896 644 928 favoris
672 896 760 926 intus
783 904 802 926 a
827 894 970 926 mercede

194 954 373 986 evacuaret.
391 952 470 984 Cum
485 951 518 982 in
533 950 659 991 publico
674 949 779 980 subito
793 949 971 980 afficeretur

195 1008 342 1041 visitatus
363 1016 383 1038 a
398 1005 541 1043 Domino,
559 1012 683 1044 semper
702 1003 820 1043 aliquid
842 1002 972 1043 objicie-

196 1063 250 1093 bat
265 1060 452 1098 astantibus,
467 1068 506 1090 ne
521 1057 636 1098 Sponsi
652 1056 824 1087 familiares
837 1057 972 1086 attactus

198 1117 373 1148 formsecus
395 1113 619 1152 vulgarentur.
644 1110 883 1147 ExcreationeS,
913 1118 973 1148 ge-

199 1171 314 1208 mitus,
337 1168 433 1199 duros
457 1166 627 1202 anhelitus,
657 1164 852 1195 extrinsecos
877 1165 974 1193 nutus

199 1232 294 1256 orans
314 1223 397 1253 inter
423 1222 536 1252 fratres
559 1218 719 1250 devitabat
740 1217 884 1255 omnino,
907 1216 975 1246 sive

200 1278 275 1318 quia
291 1275 443 1315 diligebat
466 1275 637 1311 secretum,
655 1272 722 1302 sive
737 1271 813 1311 quia
835 1271 873 1301 ad
893 1270 973 1300 iute-

200 1332 286 1363 riora
297 1331 545 1362 reintranstotus
554 1326 752 1358 ferebatnrin
764 1325 873 1355 Deum.
885 1324 977 1364 Saepe

200 1386 277 1418 talia
292 1383 500 1415 familiaribus
520 1381 600 1412 dixit
618 1390 626 1411 z
646 1379 778 1417 Quando
794 1387 908 1409 servus
924 1377 976 1408 Dei

202 1448 298 1472 orans
316 1438 464 1470 visitatur
486 1435 651 1472 divinitus,
667 1434 770 1465 dicere
792 1433 884 1463 debet
902 1442 908 1461 :
932 1431 975 1461 ls-

204 1496 268 1525 tam
279 1491 525 1524 consolationem
540 1489 620 1520 mihi
637 1487 790 1528 peccatori
802 1489 831 1517 et
844 1486 979 1525 indigno

204 1549 242 1579 de
258 1547 336 1578 coelo
352 1545 477 1582 misisti,
502 1543 646 1579 Dominffi
670 1544 699 1572 et
720 1550 781 1579 ego
802 1540 889 1570 illam
916 1542 978 1570 tuae

205 1601 368 1633 committo
393 1598 563 1635 custodiae,
589 1596 665 1636 qnia
688 1594 829 1625 thesauri
854 1594 899 1624 tui
929 1603 980 1624 me

205 1655 307 1686 sentio
331 1662 397 1683 esse
419 1652 586 1682 latronem.
608 1650 687 1679 Cum
713 1650 818 1678 autem
843 1647 882 1677 ab
907 1656 978 1677 ora-

205 1709 290 1740 tione
314 1705 495 1741 revertitur,
523 1704 566 1733 sic
585 1703 675 1733 debet
694 1712 726 1731 se
750 1700 980 1741 pauperculum

205 1765 236 1794 et
259 1762 455 1801 peccatorem
480 1757 660 1794 ostendere,
688 1766 723 1786 ac
745 1755 768 1785 si
794 1755 913 1785 unllam
941 1754 982 1784 sit

206 1825 324 1847 novam
349 1813 487 1853 gratiam
510 1813 708 1841 cousemuus.
737 1809 852 1839 Orante
874 1810 980 1838 antem

207 1871 276 1901 viro
293 1869 343 1899 liei
360 1869 390 1898 in
409 1867 477 1897 loeo
491 1866 529 1895 de
547 1863 760 1899 portiuncula,
779 1863 911 1901 contigit
926 1862 982 1891 As-

206 1924 370 1954 sisinatem
387 1920 578 1960 Episcopum
596 1917 749 1948 veuircad
765 1926 851 1953 enni,
870 1919 901 1946 ut
915 1918 983 1946 erat

206 1977 329 2013 solitus,
346 1973 550 2005 visitandum.
570 1971 629 2008 Qui
653 1980 737 2008 mox,
758 1972 791 1999 ut
806 1970 910 1999 locuni
926 1970 982 1999 fuit

207 2031 383 2069 ingressus,
399 2028 437 2058 ad
454 2026 576 2063 cellam,
599 2026 631 2055 iu
651 2034 715 2064 qua
739 2023 851 2053 ‹tin-isti
870 2032 983 2053 servus

207 2084 327 2121 orabat⁷
346 2082 416 2122 plus
433 2081 536 2111 debito
560 2079 692 2109 fidenter
716 2078 856 2107 accessit.
876 2076 983 2107 Pulso-

207 2147 269 2178 que
286 2136 396 2167 ostiolo
412 2135 605 2165 intraturum
622 2142 654 2162 se
671 2133 832 2170 ingerens,
844 2130 919 2160 dum
936 2139 984 2160 ca-

207 2193 264 2231 put
278 2189 420 2226 immisit,
432 2190 640 2225 sanctumque
651 2187 795 2215 orantem
807 2183 981 2223 conspexit,

207 2244 372 2285 repentino
389 2244 500 2273 timore
512 2248 694 2276 concussus,
709 2238 984 2277 obrigescentibus

207 2298 359 2330 membris
375 2296 471 2326 etiam
487 2293 646 2333 loquelam
665 2292 782 2322 amisit.
807 2291 983 2330 Subitoqne

207 2353 371 2384 voluntate
393 2349 502 2380 divina
525 2356 580 2386 per
606 2346 670 2377 vim
693 2346 774 2375 foras
799 2345 981 2384 propulsus,

208 2404 396 2444 retrogrado
412 2402 489 2443 pede
506 2400 613 2441 procul
629 2400 783 2429 abdiu-tus
799 2401 855 2429 est.
874 2399 983 2438 Stupe—

207 2462 307 2491 factus
324 2457 497 2497 Episcopus
512 2455 551 2485 ad
567 2455 679 2484 fratres
695 2453 864 2485 festinavit.
884 2456 917 2483 ut
930 2463 983 2491 po-

206 2514 279 2550 tuit,
298 2512 421 2550 Deoque
430 2509 490 2539 sibi
503 2508 688 2538 restituente
704 2507 863 2545 linguam,
881 2507 983 2546 primo

207 2566 305 2598 verbo
322 2564 484 2594 confessus
505 2564 551 2592 est
573 2561 711 2600 culpam.
735 2560 874 2597 injungit
899 2562 982 2590 tem-

208 2628 283 2659 pore
298 2617 436 2658 quodam
449 2616 604 2646 Abbatem
616 2613 798 2643 monasterii
816 2613 847 2643 S.
866 2613 878 2643 ,1
887 2614 982 2644 ustini

210 2675 247 2704 de
263 2673 444 2714 episcopatu
467 2669 585 2700 l‘erusii
605 2668 733 2698 obviare
753 2668 869 2698 faniulo
892 2668 981 2697 (luri-

1014 183 1232 217 FRANGISGI.

1015 251 1066 283 sti.
1092 251 1160 290 Quo
1180 251 1270 288 viso,
1295 250 1402 282 Abbas
1430 250 1566 282 devotus
1587 250 1731 284 celeriter
1755 253 1794 285 de

1015 314 1098 346 equo
1109 304 1282 342 descendit,
1298 306 1334 335 ut
1355 305 1386 334 et
1405 303 1475 335 viro
1500 303 1556 335 Dei
1578 305 1793 337 reverentiam

1015 359 1143 398 faceret,
1160 362 1192 391 et
1206 359 1245 391 de
1259 358 1361 390 salute
1376 357 1494 389 animae
1515 357 1624 398 aliqua
1639 367 1714 390 cum
1728 359 1796 400 ipso

1018 413 1185 444 conferret.
1204 412 1358 450 Tandem,
1374 411 1484 442 habita
1504 411 1672 443 collatione
1689 413 1795 453 suavi,

1016 466 1125 498 Abbas
1140 465 1323 504 abscedens,
1339 464 1424 495 orari
1439 473 1497 504 pro
1511 473 1545 495 se
1561 464 1728 497 humiliter
1742 476 1798 507 pe-

1017 519 1079 551 tiit.
1106 518 1163 550 Cui
1177 518 1230 550 vir
1253 517 1317 549 Deo
1340 518 1456 548 charus
1480 518 1643 558 respondit
1664 530 1671 550 ε
1696 519 1799 551 Orabo

1017 574 1165 605 libenter.
1192 572 1312 604 Parum
1330 572 1438 612 itaque
1462 572 1640 604 discedente
1663 573 1796 613 Abbate‚

1019 627 1101 658 dixit
1113 626 1215 658 fidelis
1229 625 1418 657 Franciscus
1432 626 1473 657 ad
1487 626 1609 658 socium
1623 636 1631 658 :
1649 626 1797 668 Expecta,

1019 680 1127 719 frater,
1144 679 1317 719 modicum,
1331 679 1407 720 quia
1420 679 1563 711 debitum
1578 679 1651 711 volo
1664 680 1798 719 solvere,

1023 734 1109 774 quod
1124 733 1268 774 promisi.
1285 733 1401 765 Orante
1416 735 1525 764 autem
1539 733 1604 772 illo,
1624 733 1730 765 subito
1742 733 1802 764 Ab·

1022 788 1079 819 bas
1093 787 1257 819 insolitum
1272 787 1423 825 calorem,
1441 789 1472 818 et
1484 787 1684 818 dulcedinem
1699 787 1803 818 hacte-

1023 851 1085 873 nus
1109 842 1308 882 inexpertam
1329 841 1428 872 sensit
1446 840 1480 871 in
1505 841 1630 881 spiritu,
1658 841 1703 872 ita
1716 841 1803 881 quod

1024 896 1058 926 in
1074 904 1208 927 excessu
1221 895 1338 926 mentis
1357 894 1498 931 effeetus,
1518 895 1605 925 totus
1620 903 1639 925 a
1653 894 1756 934 seipso
1770 895 1804 925 in

1025 949 1125 981 Deum
1136 949 1260 980 defecit.
1276 949 1380 980 Parva
1394 947 1521 979 morula
1535 947 1693 986 substitit;
1719 950 1750 979 et
1771 948 1806 979 in

1025 1010 1058 1031 se
1073 1009 1231 1038 reversus,
1248 1000 1402 1031 virtutem
1425 998 1577 1030 orationis
1593 999 1625 1030 S.
1650 998 1806 1030 Francisci

1028 1056 1193 1095 cognovit.
1207 1054 1318 1095 Maiori
1330 1054 1462 1095 proinde
1470 1054 1553 1085 circa
1563 1053 1712 1086 Ordinem
1726 1062 1808 1085 sem-

1027 1119 1084 1150 per
1098 1118 1207 1140 amore
1227 1108 1390 1147 flagravit,
1415 1108 1588 1148 multisque
1610 1108 1729 1139 factum
1750 1117 1808 1148 pro

1029 1162 1185 1193 miraculo
1202 1162 1321 1193 retulit.
1334 1161 1452 1192 Solitas
1466 1163 1533 1192 erat
1546 1161 1596 1192 vir
1612 1163 1741 1192 sanctus
1753 1161 1810 1192 ho-

1029 1225 1081 1247 ras
1091 1215 1258 1247 canonicas
1280 1224 1344 1245 non
1358 1214 1466 1244 minus
1489 1214 1635 1245 timorate
1652 1214 1714 1245 Deo
1737 1223 1808 1255 per—

1029 1269 1163 1305 solvere,
1180 1278 1277 1309 quam
1301 1268 1424 1299 devote.
1444 1266 1523 1298 Nam
1542 1267 1614 1298 licet
1629 1267 1808 1306 oculorum,

1031 1322 1196 1359 stomachi,
1209 1321 1325 1362 splenis
1340 1323 1371 1352 et
1386 1321 1510 1361 hepatis
1524 1321 1715 1360 aegritudine
1727 1321 1811 1352 labo-

1032 1379 1128 1415 raret,
1142 1377 1269 1407 nolebat
1283 1378 1392 1406 tamen
1410 1384 1504 1406 muro
1518 1375 1571 1406 vel
1584 1375 1697 1415 parieti
1713 1375 1813 1407 inhae-

1032 1440 1114 1468 rere,
1131 1430 1209 1461 dum
1227 1429 1388 1469 psalleret;
1409 1428 1462 1458 sed
1477 1428 1572 1459 horas
1585 1437 1710 1468 semper
1725 1437 1812 1460 erec-

1033 1486 1095 1522 tus,
1113 1486 1144 1514 et
1158 1483 1225 1513 sine
1250 1482 1387 1522 caputio,
1415 1490 1478 1512 non
1499 1482 1676 1522 gyrovagis
1701 1481 1812 1521 oeulis,

1034 1547 1093 1569 nec
1119 1546 1193 1567 cum
1225 1535 1332 1575 aliqua
1361 1543 1502 1575 syncopa
1535 1534 1744 1574 persolvebat.
1781 1534 1815 1566 Si

1035 1591 1161 1632 quando
1178 1591 1256 1620 esset
1273 1589 1306 1619 in
1333 1589 1446 1619 itinere
1468 1588 1669 1626 constitutus,
1695 1588 1815 1627 figebat

1035 1647 1111 1675 tuuc
1129 1643 1281 1683 temporis
1297 1650 1459 1681 gressum,
1477 1641 1662 1681 hujusmodi
1677 1650 1813 1672 consue-

1035 1700 1178 1729 tudinem
1194 1698 1393 1728 reverentem
1409 1698 1439 1726 ct
1455 1705 1577 1726 sacram
1594 1698 1722 1735 propter
1738 1695 1813 1736 plu-

1037 1754 1163 1786 viarum
1180 1752 1401 1783 inundantiam
1418 1761 1482 1781 nou
1503 1751 1665 1782 omittens.
1686 1751 1812 1783 Dicebat

1037 1809 1139 1839 enim.
1152 1807 1183 1838 Si
1194 1806 1299 1847 quiete
1310 1806 1447 1836 comedit
1461 1814 1577 1845 corpus
1587 1805 1694 1835 cibum
1706 1815 1814 1844 suum,

1037 1863 1183 1893 futurum
1199 1860 1350 1899 cumipse
1366 1859 1526 1889 vermium
1538 1868 1619 1897 esca,
1633 1868 1705 1889 cum
1718 1868 1817 1899 quan-

1038 1919 1070 1947 ta
1086 1926 1159 1955 pace
1168 1917 1197 1945 et
1210 1913 1439 1953 tranquillitate
1451 1913 1593 1952 accipere
1604 1913 1695 1943 debet
1709 1913 1818 1944 anima

1038 1971 1144 2000 eibum
1164 1969 1258 1999 vitce‘?
1284 1967 1429 1997 Graviter
1451 1966 1546 1997 ctiam
1568 1975 1601 1996 se
1624 1966 1755 2006 putabat
1770 1967 1816 1997 of-

1038 2024 1174 2061 fendere,
1199 2023 1224 2051 si
1247 2021 1375 2061 quando
1401 2020 1535 2051 orationi
1562 2020 1703 2056 deditus,
1726 2021 1817 2051 vanis

1040 2075 1314 2117 pliantasmatiluis
1329 2073 1461 2103 interius
1474 2076 1660 2112 vagaretur.
1675 2073 1753 2104 Cum
1765 2073 1818 2104 ali-

1038 2131 1113 2172 quid
1129 2130 1189 2160 tale
1200 2128 1366 2165 accideret,
1380 2136 1444 2157 nou
1456 2127 1602 2166 parcebat
1614 2126 1815 2166 confessioni,

1039 2185 1116 2226 quin
1138 2183 1215 2213 illud
1240 2181 1386 2221 protinus
1408 2180 1560 2219 expiaret.
1587 2179 1651 2210 lloe
1675 2180 1816 2211 studium

1039 2239 1081 2269 sic
1099 2239 1130 2268 iu
1147 2245 1240 2267 usum
1262 2236 1473 2269 converterat,
1491 2235 1527 2262 ut
1551 2232 1711 2263 rarissime
1728 2242 1815 2264 mus-

1039 2302 1091 2323 cas
1106 2288 1289 2330 hujusmodi
1306 2289 1479 2328 pateretur.
1498 2286 1626 2317 Fecerat
1642 2287 1673 2316 in
1685 2287 1818 2326 quadra-

1040 2346 1162 2385 gesima
1181 2343 1321 2383 quadam
1338 2341 1506 2371 vasculum
1522 2349 1636 2378 unum,
1657 2342 1693 2371 ut
1708 2340 1814 2370 minu-

1038 2401 1096 2431 tias
1111 2398 1274 2437 temporis,
1292 2405 1330 2425 ue
1352 2394 1482 2425 omnino
1506 2394 1699 2431 exciderent,
1722 2402 1814 2423 occu-

1039 2454 1138 2493 paret.
1156 2450 1245 2488 Quod
1266 2458 1340 2479 cum
1356 2448 1470 2478 dicenti
1488 2448 1625 2478 Tertiam
1640 2447 1672 2477 in
1693 2455 1814 2477 memo—

1038 2507 1120 2538 riam
1156 2504 1287 2535 veniens
1324 2502 1493 2542 paululum
1530 2501 1628 2540 ipsius
1669 2500 1814 2530 animum

1037 2558 1243 2595 distinxisset,
1261 2558 1366 2587 motus
1383 2556 1508 2585 fervore
1531 2553 1670 2593 spiritua
1700 2561 1813 2582 vaseu-

1039 2615 1106 2645 lum
1129 2613 1204 2649 igne
1229 2609 1435 2649 consumpsit,
1462 2608 1568 2638 dicens
1592 2618 1597 2637 ι
1625 2606 1815 2638 Sacrificabo

1039 2667 1116 2697 illud
1140 2665 1282 2701 Domino,
1311 2663 1402 2702 cujus
1425 2660 1616 2692 sacrificium
1636 2660 1814 2700 impedivit.
