2029 3052
719 201 820 234 OPUS
842 200 1226 234 CONTEMPLATIONIS.

163 272 310 309 Populum
324 271 494 307 sollicitum,
509 278 564 308 pro
578 269 735 308 temporali
750 277 821 306 rege
828 279 837 306 ;

163 321 261 349 Jesum
275 319 373 349 laudis
385 318 545 354 inaurium,
561 326 627 355 quae
638 317 672 346 fit
685 317 817 346 humana
826 316 906 352 lege.

200 368 260 395 Flos
274 368 385 402 quintus
396 376 404 394 :
417 368 499 395 Jesus
514 365 649 394 infirmos
663 364 829 400 medicans,
845 372 863 393 a
877 363 946 392 scri-

237 414 284 443 bis
297 413 485 450 reprobatur.

201 464 248 493 Ad
261 464 378 497 Nonam,
394 465 446 491 tres
459 464 568 497 fructus
581 461 690 490 attende
704 470 714 489 .-

166 513 270 543 Medici
281 512 477 549 diligentiam,
493 511 674 540 medicinam
689 510 780 548 gratis
795 511 908 546 dantis3

166 560 259 590 Morbi
273 559 480 597 pestilentiam,
497 559 631 596 quotidie
646 558 880 595 augmentantis;

166 608 277 637 infirmi
300 608 529 645 negligentiam,
559 606 740 636 medicinam
767 614 830 635 non
858 614 911 634 cu-

238 656 340 685 rantis.

202 705 262 732 Flos
281 705 397 732 seaetus:
418 704 500 731 Jesus
514 703 626 731 naturae
649 702 816 738 imperans,
834 702 948 730 daemo-

238 751 295 779 niis
309 750 449 779 minatur.

202 799 249 827 Ad
267 799 408 834 Vosperas,
424 799 478 825 tres
494 798 601 831 fructus
616 796 726 824 attende
742 805 748 824 :

166 848 233 875 Jesu
247 845 354 873 miram
364 844 539 881 potentiam,
551 852 617 880 quae
632 843 784 872 daemones
794 843 889 878 coegit
895 853 904 878 3

166 895 274 922 Rerum
288 891 501 926 obedientiam,
519 899 593 927 quas
608 891 757 927 praecepto
778 890 912 926 subegit,

166 941 268 969 Miram
282 939 495 976 experientiam
509 938 631 966 illorum
644 946 721 975 quos
737 937 835 974 elegit.

202 989 262 1015 Flos
276 988 406 1022 septimus
420 987 517 1014 :Jesus
528 994 630 1014 coram
639 985 792 1022 discipulis
802 985 840 1021 (a)
849 986 951 1013 monte

239 1034 475 1070 transfiguratur.

203 1082 250 1110 Aoi
266 1082 484 1117 Completorz'um,
501 1083 553 1109 tres
566 1083 673 1116 fructus
688 1081 797 1109 attendo
813 1090 819 1108 z

167 1129 294 1158 Testium
309 1128 531 1163 auctoritatem,
548 1128 579 1156 in
593 1128 660 1156 visu
675 1130 703 1156 et
716 1136 853 1156 sermone
864 1138 872 1163 3

167 1179 233 1205 Jesu
247 1184 390 1212 magnam
404 1176 577 1211 claritatem,
594 1176 625 1203 in
640 1175 900 1211 transfiguratione
909 1185 917 1210 3

167 1223 384 1260 Discipulorum
397 1223 625 1259 jucunditatem,
648 1223 679 1250 in
695 1223 774 1251 dicta
788 1222 914 1251 visione.

507 1303 614 1330 Oratio.

312 1368 391 1402 Ave,
413 1367 480 1394 Jesu
499 1366 531 1394 in
550 1365 666 1394 deserto

278 1416 408 1449 Degens,
425 1420 536 1441 vocans
556 1412 587 1440 in
604 1414 706 1448 aperto

280 1461 424 1495 pastores,
444 1461 473 1487 et
490 1459 667 1495 praedicans,

279 1507 409 1536 Turbam
421 1514 562 1543 pascens,
579 1514 675 1542 aegros
690 1514 812 1542 curam,

280 1554 484 1583 Daemoniacos
507 1554 685 1590 conjurans,

280 1603 377 1631 Monte
396 1603 424 1630 te
444 1600 620 1629 clarificans.

430 1682 510 1709 Faria
532 1682 630 1717 quinta
654 1681 699 1716 (a).

210 1748 270 1775 Flos
283 1747 391 1782 primus
408 1754 414 1773 :
431 1746 512 1773 Jesus
530 1745 666 1780 jumento
694 1744 839 1780 insidens,
860 1744 960 1781 plorat

247 1801 299 1822 rex
313 1793 488 1822 honoratus.

212 1841 260 1868 Ad
279 1841 461 1874 Matutinum,
485 1842 538 1867 tres
556 1841 663 1873 fractus
684 1839 814 1867 attende.-

178 1890 245 1916 Jesu
259 1887 367 1915 miram
382 1886 591 1922 humilitatem,
608 1886 639 1914 in
657 1886 721 1922 ejus
735 1887 900 1915 asinatione
915 1897 923 1922 3

179 1935 282 1964 Turbae
297 1934 571 1970 obsequiositatem,
586 1934 616 1962 in
629 1934 838 1970 processione3

180 1982 263 2011 Urbis
277 1983 363 2010 tantae
377 1981 591 2016 calamitatem,
606 1981 637 2009 in
652 1981 878 2018 lacrymatione.

215 2031 275 2059 Flos
294 2029 425 2057 secundus
448 2038 455 2056 :
471 2030 552 2057 Jesus
564 2050 573 2064 ,
596 2029 742 2065 templum
767 2029 939 2065 ingrediens
952 2050 961 2064 ‚

250 2084 369 2105 mensas
382 2075 469 2104 vertit
488 2075 588 2104 iratus.

216 2124 262 2151 Act
276 2124 408 2158 Primam,
437 2125 490 2151 tres
513 2124 621 2157 fructus
650 2123 782 2151 attonde:

180 2173 247 2199 Jesu
261 2169 525 2206 exemplaritatem,
540 2169 571 2197 iu
583 2169 685 2206 templi
705 2170 890 2205 visitatione,

180 2219 247 2246 Jesu
270 2216 391 2252 dignam
415 2217 633 2252 auctoritatem,
659 2217 690 2245 in
711 2217 926 2246 Pharisaeorum

253 2264 452 2293 confutatione
463 2274 470 2299 ;

181 2314 248 2341 Jesu
267 2311 429 2340 amandam
450 2311 606 2347 pietatem,
635 2312 666 2340 in
689 2312 831 2341 adulterae
862 2313 965 2341 desen-

254 2360 347 2388 sione.

219 2409 280 2436 Flos
296 2409 392 2436 tertius
410 2416 417 2435 ε
433 2408 516 2435 Jesus
531 2406 673 2435 suscitans
691 2409 843 2444 Lazarum,
858 2417 875 2437 a
891 2411 965 2438 Mar—

255 2455 306 2483 tha
317 2455 492 2491 hospitatus.

222 2503 265 2530 Ad
283 2503 411 2535 Tertiam,
430 2504 483 2529 tres
499 2504 606 2535 fructus
620 2503 746 2530 attende:

185 2550 356 2578 ludaeorum
372 2549 626 2585 ingratitudinem,
646 2549 676 2577 in
696 2551 849 2579 esurientis
866 2551 969 2587 expul-

258 2606 364 2633 Sione3

187 2647 329 2675 Sororum
362 2645 610 2682 amaritudinem,
642 2646 672 2674 in
716 2646 813 2675 Lazari
845 2647 967 2676 suscita-

259 2692 355 2727 tione,

1726 205 1784 235 169

999 271 1067 298 Jesu
1082 269 1190 298 miram
1211 269 1434 306 gratitudinem,
1456 269 1488 298 in
1509 269 1634 306 hospitae
1649 270 1786 300 consola-

1071 316 1163 345 tione.

1039 363 1102 392 Flos
1116 366 1229 399 quartus
1243 372 1254 392 .·
1264 365 1358 398 Jesus,
1371 363 1403 392 in
1418 363 1511 393 domo
1524 364 1667 399 Simonis,
1683 366 1788 394 unctus

1075 410 1169 439 donat
1182 413 1291 440 reatus.

1039 458 1082 486 Ad
1095 457 1216 494 Sea-tam,
1233 462 1285 486 tres
1300 460 1408 493 fructus
1422 459 1531 487 attende
1547 467 1557 487 :

1003 504 1099 533 Mariae
1116 505 1331 541 poenitentiam,
1354 506 1385 534 in
1402 506 1525 543 publica
1540 506 1716 535 contritione
1724 516 1733 543 ;

1003 552 1142 581 Pharisaei
1157 553 1264 582 falsam
1278 553 1486 589 reverentiam,
1501 554 1532 582 in
1543 555 1611 582 Jesu
1625 554 1788 591 reprehen-

1076 600 1159 628 sione
1171 610 1179 636 3

1004 648 1072 676 Jesu
1091 647 1174 684 piam
1199 648 1390 684 sententiam,
1412 649 1443 676 in
1467 649 1639 685 peccatricis
1665 657 1790 678 excusa-

1076 695 1167 724 tione.

1041 743 1103 771 Flos
1124 744 1239 778 quintus
1256 752 1262 770 :
1290 744 1372 772 Jesus
1396 743 1500 771 matris
1527 743 1655 779 suspiria
1679 744 1792 773 solatur

1077 790 1278 826 perturbatus.

1042 837 1090 865 Ad
1103 839 1221 872 Nonam,
1245 840 1298 865 tres
1311 839 1420 872 fructus
1435 838 1546 866 attende
1562 847 1570 864 :

1007 884 1103 913 Matris
1118 885 1348 919 desolationem,
1372 893 1441 913 cum
1455 884 1506 921 pia
1520 885 1737 921 supplicatione
1747 895 1755 921 3

1007 932 1071 960 Filii
1086 932 1342 967 consolationem,
1364 940 1433 960 cum
1447 932 1497 969 pia
1509 932 1699 961 excusatione
1710 942 1718 968 ;

1008 979 1226 1016 Discipulorum
1240 979 1493 1015 compassionem,
1510 987 1578 1007 cum
1592 979 1644 1016 pia
1663 980 1793 1008 admira-

1080 1026 1171 1055 tione.

1046 1075 1106 1102 Flos
1119 1077 1211 1102 secatus
1231 1083 1239 1101 :
1255 1075 1336 1102 Jesus
1350 1081 1368 1101 a
1385 1073 1460 1102 Juda
1481 1073 1630 1110 venditus,
1652 1082 1667 1102 a
1688 1073 1795 1103 Judaeis

1083 1121 1251 1149 damnatus.

1046 1168 1092 1196 Ad
1112 1170 1254 1204 Vesperas,
1274 1171 1326 1197 tres
1341 1171 1449 1203 fructus
1465 1169 1576 1196 attende
1592 1177 1601 1196 .·

1010 1215 1092 1243 Judae
1106 1215 1311 1251 cupiditatem,
1328 1215 1359 1243 in
1374 1215 1509 1251 magistri
1525 1215 1697 1244 venditione
1706 1225 1714 1250 ;

1010 1264 1023 1290 J
1028 1263 1182 1291 udaeorum
1196 1263 1395 1299 iniquitatem,
1406 1263 1438 1291 in
1452 1271 1506 1291 sua
1519 1263 1723 1298 aemulatione3

1011 1311 1079 1338 Jesu
1094 1310 1363 1346 longanimitatem,
1386 1310 1418 1339 in
1431 1310 1539 1339 humili
1553 1310 1760 1346 permissione.

1048 1358 1109 1386 Flos
1124 1359 1256 1393 septimus
1273 1367 1279 1385 :
1302 1358 1384 1386 Jesus
1406 1357 1437 1385 in
1457 1365 1543 1386 coena
1564 1357 1715 1393 serviens,
1735 1357 1797 1386 suis

1084 1405 1171 1441 panis
1183 1406 1325 1433 sacratus.

1050 1452 1096 1479 Ad
1108 1452 1328 1487 completorium,
1346 1454 1400 1480 tres
1415 1453 1523 1486 fruetus
1540 1452 1650 1479 attende
1665 1460 1675 1479 .·

1013 1498 1166 1527 eharitatis
1180 1499 1372 1534 beneficium,
1399 1499 1430 1527 in
1444 1500 1511 1527 Jesu
1526 1499 1741 1527 ministratione
1752 1508 1761 1534 ;

1013 1546 1165 1574 pravitatis
1177 1547 1373 1581 veneficium,
1394 1546 1425 1574 in
1439 1546 1522 1574 Judae
1537 1546 1739 1574 obstinatione
1753 1556 1761 1581 ;

1014 1593 1129 1622 Pietatis
1135 1593 1318 1628 exercitium,
1328 1594 1358 1622 in
1367 1593 1584 1630 discipulorum
1591 1593 1763 1622 devotione.

1357 1674 1461 1701 Oratio.

1214 1740 1290 1773 Ave,
1317 1738 1384 1765 Jesu
1408 1736 1580 1771 suscitator,

1180 1786 1286 1813 Unctus
1295 1806 1304 1820 ,
1325 1784 1419 1821 culpae
1446 1784 1613 1818 relaxator,

1178 1833 1240 1860 Rex
1264 1831 1356 1860 asello
1381 1831 1530 1866 insidens,

1180 1879 1281 1906 Zelum
1295 1879 1427 1913 habens,
1444 1879 1615 1907 consolator

1181 1925 1293 1960 Matris,
1313 1925 1452 1953 venditus
1461 1947 1470 1961 ,
1489 1927 1620 1954 sacrator

1181 1974 1285 2010 Panis,
1303 1982 1420 2002 coenam
1436 1973 1557 2002 faciens.

1291 2056 1372 2083 Feria
1386 2056 1463 2083 seoeta
1480 2055 1525 2090 (b),

1057 2120 1117 2147 Flos
1135 2120 1242 2154 primus
1256 2127 1266 2151 ‚·
1291 2119 1373 2146 Jesus
1398 2125 1487 2146 orans
1503 2117 1700 2146 circumdatus
1710 2139 1719 2153 ,
1735 2125 1804 2154 cap-

1094 2168 1140 2194 tus
1155 2168 1183 2194 et
1197 2166 1406 2194 subsannatus.

1058 2214 1105 2240 Ad
1119 2215 1298 2247 Matutinum,
1314 2215 1367 2240 tres
1382 2213 1489 2246 fructus
1505 2213 1612 2240 attende
1626 2221 1635 2239 :

1023 2262 1088 2289 Jesu
1104 2269 1276 2297 processum
1292 2260 1478 2294 dolorosum,
1491 2259 1522 2287 in
1537 2267 1633 2295 poenae
1647 2260 1807 2295 praegusta-

1098 2308 1191 2342 Uone3

1024 2356 1174 2391 Luporum
1206 2361 1357 2382 accessum
1390 2354 1545 2388 dolosum,
1575 2353 1605 2381 in
1629 2354 1704 2389 Agni
1737 2361 1808 2389 cap-

1097 2403 1192 2436 lione3

1025 2449 1242 2486 Discipulorum
1257 2456 1406 2477 recessum
1421 2449 1613 2483 timorosum,
1632 2448 1662 2475 in
1684 2447 1810 2483 Magistri

1098 2496 1299 2524 derelictione.

1061 2545 1120 2572 Flos
1133 2544 1264 2572 secundus
1279 2552 1289 2571 :
1304 2545 1386 2572 Jesus
1400 2550 1502 2571 coram
1515 2541 1678 2578 judicibus,
1695 2542 1810 2578 spretus

1099 2593 1127 2620 et
1140 2592 1303 2620 accusatus.

1059 2695 1095 2727 (a)
1108 2693 1195 2727 Suppl.
1210 2694 1278 2719 iu.-—
1289 2692 1323 2724 (h)
1336 2693 1397 2717 Caet.
1410 2691 1470 2717 edit.
1484 2691 1542 2718 edd.
1554 2691 1641 2717 Flores
1652 2693 1675 2717 et
1691 2691 1807 2716 Fracto&
