2029 3052
630 205 746 239 (ΗΒΕΑ
767 204 958 238 REGULAM
980 205 1013 238 S.
1038 205 1259 239 FRANOESGI.

139 275 225 315 dine,
245 277 277 308 et
290 274 435 308 extranei
454 273 718 313 scandalizentur,
742 273 828 314 quod
848 273 922 304 talis

141 329 174 361 in
187 328 303 361 Ordine
313 328 535 366 sustineretur,
546 329 616 359 tum
631 329 761 369 propter
773 327 921 359 auferen-

142 383 221 415 dum
236 382 435 422 scandalum,
450 383 522 414 tum
536 383 666 423 propter
680 380 918 422 corruptionem

141 437 270 470 Ordinis
284 436 541 478 praecavendam,
556 436 649 468 debet
669 435 739 476 ejici
764 435 921 476 praevari-

141 492 229 522 cator
245 490 314 522 voti
332 493 364 522 et
377 490 459 531 pacti
482 490 534 522 sui
552 501 560 521 :
578 489 654 530 quia
667 491 738 530 jam
759 489 842 521 Ordo
856 497 923 520 non

140 546 269 577 tenetur
282 544 313 576 ei
327 544 366 576 de
380 544 540 586 promisso
558 544 688 576 tenendi
707 553 784 576 eum
799 551 921 581 secum,

143 598 201 639 qui
217 598 414 639 promissum
428 607 526 630 suum
547 597 789 639 praevaricando
803 596 924 638 pluries

141 652 286 692 violavit,
301 661 378 685 cum
389 652 460 684 ideo
474 652 515 684 sit
530 654 663 685 vocatus
680 651 774 690 Ordo,
787 651 873 692 quod
890 650 924 681 in

142 714 176 738 se
199 706 248 738 nil
269 706 489 738 inordinatum
509 705 660 747 patiatur.
685 705 775 743 Quod
792 705 836 743 si,
861 703 924 735 Deo

142 759 366 801 permittente,
385 760 458 792 talis
481 759 622 800 seipsum
646 759 784 799 ejiceret,
809 758 926 798 gratiae

143 816 219 846 sunt
241 813 305 846 Deo
317 813 504 852 referendae,
526 822 593 844 non
606 812 683 853 quia
695 812 749 844 ille
763 811 922 852 peccavit,

143 867 199 899 sed
212 867 299 909 quod
313 875 388 899 oves
398 875 472 898 suas
484 876 504 898 a
520 866 670 907 pestifera
681 866 876 906 contagione
889 865 926 896 li-

143 921 281 954 beravit.
296 921 428 955 Utinam
437 923 466 954 ec
477 920 712 953 abscindantur
723 921 844 960 quivos
856 927 927 952 0οη-

145 976 306 1016 turbanffi,
322 976 440 1008 scilicet
450 976 621 1017 puritatem
634 977 786 1014 vestram,
802 983 924 1015 pacem,

145 1032 177 1062 et
189 1031 320 1063 famam.
337 1030 371 1062 Si
386 1032 494 1062 autem
510 1030 672 1070 allegatur
682 1052 690 1068 ,
707 1029 794 1070 quod
809 1029 927 1060 misero

145 1085 193 1115 est
202 1084 366 1116 miseratio
376 1084 567 1124 adhibenda,
579 1084 742 1116 utiterum
751 1083 928 1129 recipiatur

145 1138 182 1169 in
199 1137 363 1178 Ordinem,
380 1138 442 1170 dici
462 1140 565 1178 potest
581 1148 588 1168 ε
611 1137 752 1170 Crudelis
770 1139 817 1168 est
831 1137 927 1168 mise·

145 1191 239 1231 ratio,
258 1192 344 1223 unde
362 1192 470 1232 plures
490 1194 522 1223 et
545 1191 693 1223 meliores
717 1191 862 1231 graviter
881 1191 929 1222 of-

147 1246 336 1285 fenduntur,
355 1246 438 1277 sicut
452 1246 510 1287 qui
531 1246 636 1277 furem
653 1246 820 1283 liberaret,
843 1245 929 1277 unde

147 1308 305 1340 pauperes
326 1300 557 1340 spoliarentur,
582 1299 724 1331 maxime
747 1309 822 1331 cum
836 1299 928 1338 tales,

147 1353 248 1393 longo
262 1362 325 1385 usu
337 1353 494 1393 tepefacti,
511 1353 674 1384 rarissime
683 1362 760 1384 vere
774 1355 806 1384 et
821 1362 929 1393 perse-

148 1409 298 1440 veranter
309 1407 533 1445 emendentur,
546 1408 578 1438 et
590 1407 690 1438 facilis
702 1407 851 1438 remissio
860 1407 931 1438 aliis

148 1460 315 1492 audaciam
333 1461 478 1501 praebeat
498 1460 714 1501 delinquendi.
739 1460 802 1492 Nec
828 1463 933 1501 potest

149 1515 289 1555 allegare
302 1514 362 1545 51111
376 1515 544 1555 injuriam,
561 1514 664 1545 sinon
673 1514 838 1555 recipitur,
855 1515 932 1555 quia

149 1568 218 1609 ipse
235 1569 333 1600 talem
353 1578 387 1600 se
407 1569 481 1600 fecit
498 1577 540 1599 ex
557 1568 652 1608 culpa
676 1567 821 1608 propria,
846 1567 930 1608 quod

150 1622 248 1663 recipi
263 1623 304 1654 sit
318 1622 490 1662 indignus3
507 1621 588 1662 quin
603 1621 708 1661 potius
728 1620 812 1653 Ordo
836 1621 933 1652 habet

150 1685 281 1708 causam
296 1678 408 1707 contra
419 1684 496 1707 eum
509 1675 626 1715 agendi
641 1684 701 1715 pro
716 1684 771 1714 eo,
789 1675 875 1715 quod
889 1675 933 1706 510

152 1739 185 1762 56
200 1729 431 1762 dehonestavit.
441 1728 531 1760 Unde
545 1730 650 1769 potest
659 1738 734 1759 eum
749 1729 865 1769 punire
875 1738 933 1769 pro

152 1784 293 1822 merids„
318 1783 372 1815 vel
387 1783 511 1814 tradere
528 1783 582 1814 cui
595 1782 740 1820 servivit,
759 1782 821 1813 nisi
840 1783 934 1814 faciat

152 1838 239 1878 quod
254 1839 392 1869 tenetur.
422 1836 519 1867 Sedes
534 1836 621 1867 enim
642 1836 839 1876 Apostolica,
860 1845 934 1876 quae

149 1892 205 1932 ,ius
219 1900 316 1923 suum
330 1889 507 1930 unicuique
520 1891 639 1928 servat,
651 1891 683 1920 et
696 1889 766 1921 vult
784 1889 934 1921 Ordinem

153 1945 188 1976 in
206 1954 265 1976 5113
286 1944 425 1985 puritate
447 1943 627 1983 persistere,
651 1952 717 1974 non
740 1943 829 1983 cogit
843 1943 933 1975 Ordi-

155 2008 231 2030 nem
245 2000 354 2030 tenere
365 1997 446 2035 illos,
460 2005 601 2037 quorum
611 1997 811 2028 conversatio
822 1998 936 2030 nociva

155 2054 237 2084 esset
251 2052 285 2083 in
300 2051 430 2090 Ordine,
447 2050 525 2091 quia
543 2052 621 2082 tunc
636 2051 767 2090 puniret
781 2051 933 2083 innocen-

155 2108 214 2146 tes,
230 2108 261 2138 et
275 2114 347 2137 reos
364 2105 499 2143 foveret,
515 2107 546 2135 et
559 2104 759 2136 occasionem
773 2105 864 2137 daret
878 2105 935 2137 Or-

156 2160 239 2191 dinis
253 2158 450 2198 corruptioni
465 2167 522 2198 per
536 2157 615 2189 tales
635 2158 811 2198 pestiferos,
833 2159 859 2190 si
883 2168 937 2191 605

156 2213 255 2253 recipi
270 2213 441 2253 oporteret.
459 2211 520 2243 Sed
530 2220 570 2243 ne
580 2211 804 2243 damnabiliter
813 2222 937 2252 vagen-

156 2269 211 2299 tur
228 2266 263 2297 in
285 2265 414 2304 saeculo,
441 2274 483 2296 ex
496 2265 602 2305 gratia
616 2265 707 2297 Sedis
721 2266 912 2306 Apostolicae
928 2292 937 2307 ,

161 2321 244 2353 Ordo
254 2320 309 2352 dat
323 2320 369 2351 615
384 2319 557 2359 licentiam,
573 2328 654 2360 quos
669 2320 788 2360 judicat
801 2331 868 2352 non
888 2331 938 2353 re-

159 2374 322 2415 cipiendos
332 2383 414 2412 esse,
426 2373 466 2404 ad
477 2373 575 2404 alium
584 2373 831 2406 determinatum
842 2377 941 2407 trans-

160 2428 269 2468 eundi,
291 2427 349 2460 ubi
364 2427 538 2465 salventur,
556 2427 595 2458 ad
610 2436 708 2467 quem
722 2428 818 2459 etiam
834 2431 941 2460 trans-

160 2483 208 2514 ire
221 2483 384 2521 tenentur,
403 2481 430 2512 si
442 2482 592 2521 possunt;
609 2480 754 2521 alioquin
768 2491 834 2513 non
849 2485 943 2514 erunt

162 2537 197 2568 in
210 2539 295 2568 statu
314 2535 427 2567 salutis
443 2546 450 2567 :
470 2535 553 2566 sieut
567 2534 624 2566 Lot
638 2544 705 2566 non
721 2536 833 2567 volens
846 2546 943 2569 mon-

164 2594 230 2623 tem
244 2590 465 2629 conscendere,
478 2589 669 2621 concedente
681 2590 799 2630 angelo
805 2592 828 2630 ²,
844 2592 880 2623 in
890 2591 944 2624 Se-

166 2654 227 2685 gor
255 2645 390 2685 parvula
415 2644 568 2675 salvatur.
597 2643 730 2684 Propria
757 2646 945 2678 auctoritate

199 2709 205 2724 ¹
223 2707 292 2737 Gal„
308 2713 334 2737 v,
348 2710 386 2732 12.
404 2721 433 2725 -
448 2709 456 2719 “
473 2707 546 2736 Gen„
562 2712 616 2737 iiix,
633 2709 672 2730 :32-

1696 209 1751 238 611

978 282 1043 306 non
1067 276 1203 315 possunt
1224 273 1371 306 ordinem
1388 273 1553 314 deserere,
1577 282 1675 315 quem
1698 283 1758 306 vo-

977 331 1103 368 verunt,
1126 338 1185 361 nec
1207 329 1309 361 alium
1326 329 1447 361 intrare
1467 329 1535 360 sine
1557 328 1683 361 Ordinis
1706 329 1759 360 sui

977 381 1118 421 licentia,
1143 383 1195 415 vel
1216 383 1334 415 summi
1359 382 1531 422 Pontificis,
1552 383 1640 424 quia,
1656 384 1693 414 ut
1709 382 1759 414 di-

979 438 1066 468 ctum
1085 440 1143 477 est,
1163 438 1203 469 ad
1222 438 1408 470 inferiorem
1425 437 1573 478 regulam
1594 445 1660 467 non
1685 435 1759 467 licet

979 489 1025 521 cis
1048 491 1198 530 transire,
1220 491 1334 523 altiora
1352 491 1510 532 professis.
1537 490 1629 529 Quod
1651 491 1759 521 autem

979 544 1050 575 talis
1073 545 1174 577 alium
1193 547 1323 586 cogitur
1344 546 1464 577 intrare
1487 545 1650 584 ordinem,
1676 544 1703 575 si
1726 544 1759 575 in

980 597 1041 629 isto
1064 608 1129 630 non
1150 600 1316 640 recipitur,
1339 609 1415 631 cum
1436 601 1544 631 tamen
1569 599 1670 630 alium
1694 605 1760 629 non

981 653 1106 684 voverit
1118 652 1180 684 11151
1194 653 1303 693 15111111,
1323 654 1396 686 inde
1416 656 1476 693 est,
1491 653 1568 695 quia
1581 662 1656 684 cum
1671 651 1762 685 vovit

981 706 1090 745 istum,
1106 707 1152 738 sic
1161 707 1310 747 alligavit
1325 717 1358 739 se
1370 707 1540 748 Religioni,
1550 707 1636 748 quod
1647 714 1760 738 secun-

982 760 1059 792 dum
1072 761 1126 801 jus
1140 762 1330 793 canonicum
1347 761 1530 793 nullatenus
1543 761 1647 793 redire
1661 761 1764 801 potest

983 814 1023 845 ad
1038 814 1206 854 saeculum,
1222 815 1275 847 vel
1288 816 1328 847 ad
1343 815 1499 847 laxiorem
1514 815 1615 847 vitam
1629 813 1764 845 transire

982 869 1011 899 ei
1035 869 1118 900 licet.
1140 869 1180 901 Et
1202 869 1294 909 ideo,
1319 871 1345 901 si
1367 870 1550 902 demeretur
1570 869 1605 900 in
1630 868 1762 906 ordine,

982 932 1080 963 quem
1102 923 1209 963 vovit,
1231 933 1297 955 non
1314 924 1458 963 retineri,
1478 933 1553 955 cum
1572 932 1613 954 ex
1636 923 1765 963 peccato

983 985 1043 1008 5110
1057 986 1123 1008 non
1135 978 1175 1008 sit
1189 978 1328 1010 conditio
1339 979 1409 1018 ejus
1424 978 1536 1009 melior
1548 978 1641 1016 facta,
1653 978 1689 1008 111
1695 978 1763 1017 jam

983 1030 1081 1070 possit
1095 1040 1164 1062 esse
1178 1031 1270 1070 liber,
1289 1032 1343 1063 sed
1357 1032 1462 1073 potius
1473 1032 1621 1070 deterior,
1638 1031 1766 1071 oportet

984 1092 1059 1115 eum
1083 1085 1184 1116 alium
1206 1085 1356 1117 Ordinem
1379 1086 1509 1125 intrare,
1532 1087 1563 1117 et
1586 1085 1679 1116 illum
1698 1093 1766 1115 ser—

984 1147 1073 1177 vare,
1098 1139 1125 1170 si
1147 1140 1216 1171 vult
1237 1140 1355 1171 salvari
1379 1150 1387 1172 :
1410 1143 1441 1172 et
1454 1141 1493 1172 ad
1509 1140 1571 1171 hoc
1590 1140 1679 1180 cogit
1690 1148 1765 1171 eum

985 1194 1140 1224 statutum
1172 1194 1364 1225 universalis
1392 1194 1540 1227 Ecclesiae
1555 1219 1563 1234 ,
1597 1203 1663 1226 non
1688 1193 1767 1225 ordo

986 1244 1055 1283 iste,
1071 1248 1102 1276 et
1116 1247 1186 1286 eJ'us
1201 1247 1306 1286 gratia
1322 1247 1519 1288 permittitur
1534 1247 1562 1279 61
1577 1247 1616 1278 ad
1635 1247 1767 1278 inferio-

986 1308 1055 1330 rem
1066 1298 1215 1331 Ordinem
1230 1301 1380 1339 transire,
1397 1311 1473 1333 cum
1487 1301 1686 1342 superiorem
1700 1310 1767 1332 non

986 1353 1119 1392 invenit,
1136 1363 1178 1385 ne
1195 1354 1299 1386 aditus
1320 1355 1349 1386 61
1364 1355 1474 1387 53111115
1488 1355 1716 1396 praecludatur.
1735 1355 1768 1386 Si

986 1408 1095 1438 autem
1109 1407 1186 1439 velit
1206 1408 1241 1439 in
1261 1409 1378 1440 saeculo
1400 1410 1528 1449 vagari,
1543 1419 1585 1441 ex
1604 1418 1670 1450 quo
1684 1408 1768 1441 Ordo

987 1469 1054 1492 non
1073 1461 1144 1492 vult
1169 1470 1245 1493 eum
1264 1462 1416 1503 recipere,
1437 1472 1494 1494 nec
1512 1463 1551 1494 ad
1576 1463 1768 1503 religionem

988 1515 1179 1547 concedatur
1201 1516 1262 1547 51111
1286 1516 1422 1548 transire
1442 1517 1477 1548 in
1493 1517 1594 1557 spatio
1615 1517 1769 1557 temporis

987 1569 1048 1600 51111
1069 1569 1297 1609 determinato,
1320 1570 1393 1601 licet
1405 1572 1474 1611 J'am
1495 1571 1641 1603 videatur
1655 1571 1696 1602 311
1710 1570 1769 1602 Or-

988 1623 1069 1654 dinis
1082 1623 1303 1663 jurisdictione
1317 1626 1499 1665 exemptus,
1511 1634 1587 1656 cum
1602 1625 1682 1656 nolit
1693 1634 1769 1656 611111

988 1677 1126 1717 amplius
1137 1679 1258 1716 tenere,
1272 1679 1378 1709 tamen
1389 1688 1430 1710 ex
1446 1679 1633 1710 auctoritate
1644 1678 1770 1710 Summi

989 1731 1163 1770 Pontificis,
1190 1733 1284 1771 cujus
1303 1732 1517 1771 jurisdictioni
1537 1742 1602 1764 non
1626 1735 1673 1764 est
1692 1732 1769 1764 suh-

988 1787 1118 1823 traetus,
1144 1787 1246 1826 potest
1270 1795 1344 1817 eum
1371 1785 1454 1818 Ordo
1476 1787 1640 1827 impetere,
1662 1789 1693 1818 et
1713 1796 1771 1827 per

989 1848 1159 1870 censuram
1180 1839 1434 1878 ecclesiasticam,
1452 1840 1504 1872 vel
1518 1841 1615 1872 etiam
1634 1841 1675 1872 ad
1692 1841 1770 1873 alias

989 1901 1100 1932 poenas
1113 1892 1302 1933 corporales,
1318 1895 1422 1933 potest
1434 1903 1580 1926 coercere
1594 1903 1681 1933 eum,
1702 1895 1771 1927 vice

990 1946 1111 1977 domini
1129 1946 1236 1987 Papae,
1253 1947 1410 1987 quamdiu
1423 1957 1488 1979 non
1507 1948 1658 1980 habuerit
1671 1948 1771 1980 alium

987 2001 1131 2040 ι1111110010
1145 2001 1345 2041 regularem,
1362 2001 1415 2032 cui
1428 2011 1462 2033 se
1471 2003 1653 2043 subJecerit,
1670 2012 1770 2043 regu-

990 2054 1056 2085 lam
1076 2056 1108 2086 et
1128 2055 1274 2086 ordinem
1293 2054 1380 2086 illius
1399 2055 1552 2087 stabiliter
1566 2057 1770 2089 assumendo.

992 2108 1112 2150 Sponte
1141 2109 1237 2140 6113111
1261 2118 1413 2148 egressus
1438 2110 1585 2141 ordinem
1606 2111 1720 2151 istum,
1746 2111 1773 2142 si

992 2172 1059 2194 11011
1073 2162 1201 2194 licentia
1215 2164 1286 2203 ejus
1301 2163 1471 2196 intraverit
1494 2164 1595 2196 alium
1613 2165 1771 2204 ordinem,

993 2217 1033 2248 ad
1053 2225 1152 2257 quem
1173 2216 1329 2248 licentiari
1352 2219 1474 2257 posset,
1496 2220 1600 2258 potest
1614 2219 1771 2259 compelli,

995 2272 1031 2301 ut
1052 2270 1178 2309 redeat,
1199 2279 1273 2302 cum
1297 2271 1403 2302 adhuc
1422 2271 1462 2302 sit
1478 2272 1538 2303 51111
1554 2272 1774 2312 jurisdictione

995 2323 1117 2355 ordinis
1129 2323 1236 2363 istius,
1259 2334 1276 2355 e
1290 2333 1355 2364 qua
1370 2334 1435 2357 non
1450 2328 1552 2366 potest
1567 2327 1775 2367 semetipsum

996 2377 1149 2416 eximere,
1175 2378 1238 2408 nisi
1260 2378 1375 2409 fratres
1396 2379 1471 2410 dent
1492 2380 1522 2410 ei
1545 2380 1707 2412 licentiam
1730 2381 1776 2412 ihi

997 2429 1115 2467 standi,
1141 2431 1172 2460 et
1192 2429 1295 2460 nolint
1317 2439 1393 2461 eum
1417 2431 1556 2471 recipere
1579 2432 1632 2463 vel
1655 2434 1775 2463 tenere.

998 2483 1073 2515 Haec
1088 2483 1197 2515 omnia
1207 2484 1278 2523 jam
1294 2485 1411 2515 statuta
1422 2487 1509 2522 sunt,
1522 2494 1562 2516 ne
1577 2486 1649 2526 quis
1664 2486 1778 2526 pedem

999 2540 1096 2579 ponat
1123 2538 1156 2568 in
1179 2538 1319 2577 lubrico,
1346 2541 1377 2569 et
1404 2539 1593 2570 obscuratus
1619 2539 1777 2578 offendat,

1000 2592 1134 2633 sumptis
1156 2592 1284 2624 levibus
1307 2592 1526 2624 occasionibus
1549 2593 1715 2625 recedendi
1739 2594 1779 2625 ab

1000 2646 1122 2685 ordine,
1139 2646 1191 2678 vel
1201 2646 1241 2677 ad
1256 2646 1357 2677 alium
1368 2646 1566 2686 prohibitum
1578 2648 1777 2686 transeundi,

1003 2701 1053 2731 vel
1067 2702 1163 2732 etiam
1184 2700 1362 2730 inordinate
1377 2701 1516 2732 vivendi.
