2029 3052
228 366 293 406 DE
321 365 495 406 TRIBUS
524 363 891 413 QUAESTIONlBUS
920 362 984 402 AD
1013 361 1300 404 MAGISTRUM
1329 361 1671 403 INNOMINATUM

725 479 1179 548 EPISTOLA¹

783 779 810 815 A
819 778 847 814 R
855 777 879 814 G
887 777 911 814 U
922 777 953 815 M
964 777 988 814 E
997 777 1022 814 N
1032 777 1056 813 T
1068 777 1091 813 U
1101 777 1132 813 M

833 860 887 895 (Eae
901 859 965 888 edit.
980 859 1086 894 Vatia.)

197 942 298 988 Apud
312 942 535 976 Trithemium
550 942 599 975 De
617 941 720 975 tribus
735 940 970 986 quaestionibus
985 940 1150 986 reperitur
1165 940 1225 973 hoc
1240 939 1448 985 Opusculum
1462 939 1670 985 inscriptum,
1687 940 1766 985 quia

154 1002 190 1036 in
205 1013 243 1036 eo
260 1001 365 1036 tribus
379 1001 619 1047 quaestionibus
637 1000 793 1034 satisfacit
806 1000 890 1033 circa
908 1003 972 1033 tres
987 999 1155 1040 articulos,
1175 999 1215 1032 de
1230 999 1352 1044 quibus
1367 998 1524 1043 magister
1538 999 1767 1033 innominatus

156 1060 307 1095 dubitare
319 1072 352 1094 se
366 1060 485 1101 aiebat,
517 1071 636 1105 nempe
657 1059 697 1093 de
719 1062 924 1104 paupertate,
947 1058 986 1092 de
1008 1058 1120 1092 labore
1144 1069 1320 1100 manuum,
1337 1061 1369 1090 et
1393 1057 1503 1090 studio
1522 1057 1722 1091 scholarium
1736 1061 1768 1091 et

157 1120 392 1164 magistrorum
410 1132 417 1152 :
434 1119 471 1152 in
485 1119 608 1164 quibus
619 1117 797 1151 tractandis
811 1118 857 1151 ita
878 1130 911 1151 se
930 1117 1014 1161 gerit
1029 1117 1167 1159 Auctor,
1186 1120 1221 1149 ut
1236 1127 1346 1150 errore
1361 1119 1477 1150 contra
1496 1116 1647 1160 regulam
1661 1116 1768 1149 elimi-

156 1183 250 1222 nato,
271 1179 377 1224 ipsam
401 1177 539 1212 mirifice
567 1177 744 1211 defendat:
764 1188 831 1222 qua
854 1176 894 1210 de
915 1187 1025 1219 causa,
1044 1179 1200 1210 tractatus
1222 1175 1283 1209 iste
1307 1175 1389 1209 solet
1412 1175 1512 1209 etiam
1536 1176 1767 1220 Desensorium

155 1238 288 1283 Requloe
302 1237 450 1272 inscribi.

199 1445 402 1477 Innominato
417 1444 571 1484 Magistro
586 1444 683 1474 frater
700 1442 936 1480 Bonaventura,

159 1499 308 1540 spiritum
319 1498 542 1538 intelligentiae
555 1497 699 1530 veritatis
710 1497 850 1536 exoptat.
867 1494 939 1526 Pro-

158 1553 261 1594 ponis,
278 1553 474 1591 charissime,
490 1553 527 1583 ut
543 1551 598 1583 tibi
625 1553 688 1581 tres
703 1549 828 1580 articuli
843 1549 881 1580 de
894 1557 940 1579 re-

158 1606 234 1646 gula
248 1606 386 1637 fratrum
400 1605 561 1637 Minorum
573 1604 794 1642 absolvantur,
815 1603 854 1633 de
869 1602 940 1642 qui-

158 1661 219 1692 bus
232 1662 262 1692 te
268 1660 408 1691 ostendis
422 1660 570 1701 pluribus
585 1658 762 1690 rationibus
777 1657 938 1695 dubitare,

159 1714 277 1745 scilicet
300 1714 339 1746 de
360 1716 565 1755 paupertate,
586 1713 694 1744 labore
717 1720 887 1749 manuum,
911 1713 942 1741 et

160 1767 264 1799 studio
296 1767 492 1799 scholarium
524 1770 555 1799 et
583 1766 827 1806 magistrorum.
860 1764 940 1795 Cum

161 1823 247 1854 enim
260 1822 375 1863 regula
387 1823 481 1860 dicat,
493 1822 578 1862 quod
588 1822 701 1852 fratres
714 1830 778 1851 non
788 1819 942 1860 recipient

161 1877 332 1918 pecuniam
346 1886 403 1917 per
417 1886 460 1915 se,
487 1876 537 1907 vel
551 1885 608 1916 per
624 1874 845 1915 interpositam
868 1882 942 1913 per-

161 1940 285 1970 sonam,
303 1932 333 1961 et
347 1939 478 1961 rursum
497 1939 556 1960 nec
583 1929 702 1968 locum,
719 1937 778 1959 uec
799 1928 942 1968 aliquam

161 1995 231 2017 rem
246 1985 306 2017 sibi
321 1984 539 2026 appropriant,
555 1983 706 2015 videntur
718 1982 775 2014 tibi
788 1981 943 2012 fratresin

162 2040 223 2071 hoc
238 2039 363 2079 regulae
376 2038 544 2077 contraire,
561 2046 636 2068 cum
645 2037 702 2068 tibi
711 2036 883 2068 videantur
891 2045 943 2076 pe-

163 2094 294 2126 cuniam
305 2102 362 2133 per
373 2092 594 2133 interpositam
608 2099 779 2132 personam
789 2090 941 2130 recipere,

162 2148 261 2179 libros
283 2147 403 2179 habere
425 2150 456 2178 ct
478 2146 602 2184 domos,
631 2154 706 2176 cum
729 2154 796 2176 non
820 2144 944 2185 possint

163 2203 280 2234 harum
305 2210 427 2240 rerum,
452 2209 532 2241 quas
553 2200 683 2238 habent,
700 2199 850 2231 dominos
864 2198 944 2229 assi—

165 2266 279 2297 gnare.
293 2256 330 2287 In
345 2255 455 2287 labore
471 2255 569 2286 etiam
587 2262 747 2285 manuum
761 2253 821 2284 sibi
836 2253 945 2293 inJun-

166 2313 228 2351 cto,
237 2312 275 2342 ut
282 2310 422 2349 videtur,
434 2309 494 2341 sub
509 2309 679 2350 praecepto,
701 2307 874 2347 culpabiles
886 2306 944 2337 tibi

166 2366 330 2404 videntur,
346 2373 420 2396 cum
430 2373 489 2395 nec
498 2363 572 2394 laici
586 2362 732 2394 laborent
746 2363 780 2392 in
795 2361 945 2402 operibus

166 2419 371 2458 mechanicis,
388 2427 447 2450 nec
465 2417 570 2449 clerici
593 2426 692 2448 manu
708 2416 839 2457 propria
854 2416 887 2446 in
903 2415 944 2446 li-

166 2474 233 2506 bris
257 2472 444 2510 scribendis;
474 2471 555 2512 quin
579 2470 686 2511 potius
713 2479 788 2501 cum
816 2469 945 2509 magnis

167 2527 349 2568 sumptibus
369 2525 490 2557 faciunt
509 2533 563 2556 eos
586 2524 692 2562 scribi,
716 2533 753 2554 ac
773 2523 798 2554 si
813 2523 898 2563 apud
913 2532 946 2553 se

167 2582 324 2613 haberent
351 2579 586 2611 numismatum
621 2586 836 2617 percussores.
869 2577 946 2608 Pos-

168 2637 270 2667 tremo
284 2635 320 2667 in
335 2634 451 2674 studio,
467 2635 498 2664 et
516 2631 714 2673 magisterio,
736 2632 849 2663 fratres
870 2640 945 2662 con-

202 2717 213 2734 Β
228 2718 270 2748 Cf.
289 2717 354 2742 Edit.
376 2715 520 2747 Argentiu„
540 2721 583 2739 an.
604 2715 679 2744 1495,
698 2714 725 2743 6,
744 2719 810 2744 parS.
829 2713 867 2741 113
886 2712 946 2736 edit.

172 2754 265 2784 Vatic.‚
279 2760 321 2777 an.
339 2754 408 2783 1596,
424 2754 486 2776 tom.
505 2752 560 2781 Vll,
576 2758 635 2781 pars
656 2750 698 2779 lV,
717 2751 777 2779 3⁸43
795 2748 853 2773 edit.
873 2749 947 2778 Veii„

994 1440 1136 1478 dem11a5‚
1150 1449 1223 1471 cum
1235 1440 1349 1480 regula
1357 1440 1449 1480 dicat,
1459 1441 1544 1481 quod
1557 1453 1570 1471 (ι
1584 1451 1651 1474 non
1662 1445 1777 1474 curent

996 1494 1171 1526 nescientes
1184 1494 1320 1532 litteras,
1336 1494 1459 1526 litteras
1474 1496 1614 1535 discere;
1634 1508 1648 1526 »
1664 1497 1778 1529 fratres

996 1549 1186 1589 plerumque
1203 1551 1268 1580 tam
1291 1549 1392 1580 clerici
1404 1573 1415 1589 ,
1432 1559 1530 1591 quam
1541 1552 1700 1591 magistri,
1721 1553 1777 1593 qui

996 1603 1091 1634 etiam
1106 1603 1141 1633 in
1158 1603 1218 1634 hoc
1234 1603 1352 1634 saeculo
1365 1613 1481 1644 parum
1497 1608 1552 1636 aut
1566 1606 1648 1637 nihil
1663 1607 1701 1638 de
1709 1607 1779 1647 phi-

995 1657 1139 1697 losophia
1155 1657 1340 1696 audierunt,
1357 1657 1496 1697 student,
1516 1659 1660 1699 recitant,
1678 1660 1779 1700 scrip-

997 1711 1101 1750 titant,
1129 1711 1194 1742 imo
1218 1711 1304 1752 quod
1319 1712 1420 1752 pluris
1442 1715 1500 1752 est,
1524 1713 1657 1753 laniant,
1683 1715 1777 1746 dissi-

997 1768 1084 1806 pant,
1101 1765 1271 1796 aedificant.
1287 1765 1351 1797 Nec
1361 1766 1489 1798 videtur
1504 1769 1601 1799 tantae
1615 1768 1779 1801 humilita-

997 1820 1037 1849 tis
1050 1819 1282 1859 professoribus
1290 1829 1382 1860 posse
1392 1823 1573 1861 competere
1588 1831 1707 1854 nomen
1717 1823 1779 1855 Ma-

998 1874 1104 1914 gistri,
1121 1883 1194 1904 cum
1210 1874 1271 1905 hoc
1286 1874 1433 1906 videatur
1449 1875 1602 1907 Dominus
1618 1877 1651 1907 in
1666 1877 1778 1910 Evan-

1000 1928 1085 1968 gelio
1099 1928 1239 1959 Matthaei
1256 1928 1322 1959 suis
1337 1928 1503 1969 discipulis
1512 1929 1658 1962 inhibere
1668 1932 1689 1970 ²,
1701 1941 1780 1972 quo-

998 1992 1073 2014 rum
1088 1991 1147 2013 nos
1162 1982 1301 2013 dicimur
1323 1982 1510 2022 imitatores,
1526 1985 1681 2025 tanquam
1702 1995 1780 2025 pro-

998 2038 1133 2068 fessores
1149 2035 1320 2076 Evangelii
1341 2036 1417 2067 lesu
1433 2037 1560 2069 Christi.
1576 2037 1663 2077 Haec,
1678 2041 1714 2071 ut
1727 2049 1780 2071 as-

999 2091 1089 2130 seris,
1106 2091 1161 2122 tibi
1172 2091 1206 2122 in
1221 2090 1314 2122 corde
1329 2091 1367 2122 de
1382 2093 1466 2123 statu
1482 2093 1513 2123 et
1525 2092 1627 2124 salute
1641 2094 1779 2126 fratrum

1000 2145 1190 2186 scrupulum
1208 2147 1377 2185 generant,
1403 2147 1433 2177 et
1448 2147 1537 2177 tuam
1555 2148 1780 2179 conscientiam

1000 2200 1188 2240 inquietant.
1221 2200 1324 2240 Super
1352 2200 1422 2231 haec
1453 2200 1542 2232 addis
1570 2202 1780 2234 assertionem

1000 2253 1227 2294 quorumdam,
1252 2253 1308 2293 qui
1331 2253 1389 2284 tibi
1414 2254 1477 2285 nisi
1498 2257 1573 2286 sunt
1600 2256 1682 2287 hanc
1705 2266 1781 2288 con-

1001 2308 1167 2339 scientiam
1183 2308 1221 2339 de
1236 2307 1389 2338 fratribus
1412 2308 1577 2340 fabricare.

1044 2362 1175 2393 Intende
1190 2362 1292 2402 igitur
1307 2362 1341 2393 iu
1356 2371 1394 2393 ea
1417 2372 1490 2403 quae
1514 2363 1657 2395 dicturus
1680 2373 1780 2396 sum:

1002 2416 1090 2448 dabit
1104 2416 1191 2447 enim
1206 2416 1264 2447 tibi
1280 2416 1444 2455 Dominus,
1463 2417 1609 2457 precibus
1632 2418 1782 2457 gloriosae

1002 2470 1159 2510 Virginis,
1171 2471 1203 2501 et
1216 2469 1250 2501 B.
1268 2470 1439 2509 Francisci,
1451 2472 1577 2502 rectum
1587 2472 1621 2502 in
1632 2473 1784 2504 omnibus

1003 2524 1211 2556 intellectum.
1229 2523 1402 2564 SupponiS,
1420 2524 1508 2564 quod
1520 2526 1636 2565 regula
1650 2536 1784 2567 pauper-

1003 2581 1101 2610 tatem
1122 2578 1278 2619 praecipit,
1295 2579 1497 2610 commendat
1520 2579 1674 2619 laborem,
1698 2583 1785 2613 vetat
1805 2610 1807 2613 ,

1006 2633 1225 2664 curiositatem
1243 2643 1249 2662 z
1268 2640 1414 2672 suppono
1430 2634 1460 2664 et
1474 2641 1549 2672 ego.
1562 2633 1730 2666 Detestaris
1745 2635 1785 2666 ob

1006 2722 1046 2739 an,
1065 2717 1134 2745 1611,
1150 2717 1189 2744 13,
1209 2716 1271 2739 lom.
1287 2715 1319 2744 ll,
1339 2699 1398 2738 edit.
1417 2715 1493 2746 ven„
1509 2722 1549 2741 an.
1568 2718 1637 2747 1754,
1654 2718 1716 2742 tom.
1730 2718 1785 2749 Vll,

1008 2753 1062 2775 7:34,
1079 2765 1109 2768 —
1124 2750 1343 2780 ²,ilat1‘hffxmm
1364 2752 1400 2774 10.
