2029 3052
519 177 586 218 QUI
608 175 744 211 ORDlNI
764 175 958 209 FRATRUM
980 175 1066 209 MIN.
1089 173 1397 209 ADVERSANTUR.

146 251 284 285 dictione
295 248 418 292 pateret
436 258 443 279 :
461 247 542 279 sicut
561 247 656 289 lupis,
670 246 729 279 ubi
744 254 839 278 canes
860 255 926 278 non

147 306 308 345 metuunt,
323 305 355 336 et
369 304 512 344 pastores
524 303 600 334 sunt
614 301 747 341 desideS,
764 301 859 333 datur
871 310 927 332 au-

147 360 237 393 dacia
253 366 330 392 oves
353 357 538 390 invadendi.
552 355 619 389 Nisi
639 355 727 388 enim
749 357 853 387 essent
872 354 926 386 isti

147 414 274 447 ordines
293 412 327 444 in
346 411 494 450 Ecclesia,
510 411 567 453 qui
588 420 629 443 ex
647 410 751 443 officio
769 409 925 452 praedica-

147 468 244 501 tionis
253 467 362 500 fideles
378 467 574 505 illuminant,
590 466 652 498 cito
667 465 800 507 plurimi
817 465 925 497 effice-

146 524 260 555 rentur
274 521 414 554 haeretici
430 521 464 553 in
484 521 534 553 his
552 520 657 561 terris,
674 519 733 552 ubi
747 522 815 552 tam
831 519 926 561 pauci

145 577 358 611 inveniuntur
367 576 472 608 clerici
485 576 519 608 in
533 584 623 607 sacra
637 574 803 616 Scriptura
815 574 922 615 periti,

147 641 222 664 cum
244 630 404 663 nescirent
433 630 663 662 haereticorum
693 628 845 662 versutiis
871 629 926 660 ob-

146 686 246 720 viare.
259 685 327 717 Imo
347 685 409 726 ipsi
427 684 534 717 clerici
547 684 609 716 cito
623 684 663 716 ab
685 683 845 715 haereticis
855 682 928 714 suh-

145 741 348 773 verterentur
371 747 429 780 per
449 738 577 770 callidas
598 738 813 779 expositiones
843 737 926 769 Scri-

145 796 260 836 pturae,
270 793 305 825 in
315 793 433 834 quibus
446 792 605 824 nescirent
618 801 732 824 eorum
746 791 928 832 deprehen-

146 848 221 880 dere
234 847 383 886 fallacias,
400 846 452 879 vel
470 856 527 888 per
549 846 778 888 promissiones
799 845 926 877 seduce-

145 903 218 934 rent
233 911 298 942 eos,
317 901 508 942 spondentes
521 900 607 941 quod
621 900 736 940 magni
749 900 865 932 fierent
879 899 926 931 in-

147 957 196 988 ter
214 957 311 998 ipsos.
327 957 365 987 Et
385 965 460 987 cum
480 954 577 986 laicos
592 954 789 986 attraherent
809 953 925 993 clerici,

147 1011 245 1043 etiam
275 1010 382 1051 potius
413 1009 616 1041 adhaererent
643 1009 688 1040 eis
703 1034 713 1049 ,
735 1018 833 1049 quam
868 1008 927 1040 soli

147 1065 249 1097 relicti
270 1065 411 1106 perirent
431 1064 549 1104 inopia,
575 1072 650 1095 cum
673 1063 783 1095 nullus
800 1064 927 1094 curaret

149 1127 216 1157 eOS,
232 1128 291 1150 nec
307 1119 397 1150 daret
425 1118 470 1149 eis
492 1118 667 1149 oblationes
689 1117 742 1149 vel
765 1117 924 1156 decimas;

146 1174 203 1205 aut
217 1174 300 1204 certe
314 1172 588 1213 persecutionibus
602 1180 714 1203 eorum
729 1171 927 1203 extermina-

145 1229 268 1267 rentur,
288 1236 362 1258 cum
382 1228 451 1267 jam
472 1226 628 1257 haberent
647 1225 744 1257 laicos
765 1226 929 1266 adjutores

148 1283 258 1314 contra
271 1281 405 1320 clerum,
422 1281 504 1312 sicut
519 1281 614 1312 modo
634 1280 740 1311 clerici
761 1280 930 1312 haereticos

149 1337 399 1377 persequuntur.

189 1391 245 1422 His
255 1400 334 1431 ergo
350 1391 388 1422 de
405 1390 523 1429 causis,
539 1391 571 1422 et
584 1390 667 1430 aliis,
684 1391 721 1422 ut
734 1390 837 1421 multa
846 1390 932 1421 mala

147 1445 303 1484 vitentur,
324 1445 435 1477 utilius
455 1445 636 1485 judicamus
657 1447 761 1476 tacere
781 1445 931 1485 quaedam

148 1500 233 1531 mala
247 1499 448 1539 clericorum,
460 1509 559 1540 quam
578 1499 697 1541 populo
712 1500 857 1540 prodere,
873 1499 931 1531 ubi

149 1555 218 1586 sine
233 1554 380 1586 scandalo
389 1563 559 1596 possumus
571 1555 703 1594 evitare,
720 1557 757 1586 ut
767 1557 843 1586 sunt
857 1555 929 1586 ista.

149 1609 422 1650 Quandocumque
436 1610 533 1641 habet
547 1610 654 1650 plures
665 1609 812 1641 ecclesias
820 1619 931 1641 curam

148 1664 333 1696 animarum
347 1664 512 1703 habentes,
523 1665 592 1695 sine
606 1664 843 1705 dispensatione
857 1674 933 1705 apo-

148 1718 268 1758 stolica,
283 1727 396 1750 omnes
409 1721 525 1751 vacant
548 1719 618 1759 ipso
631 1720 707 1759 jure
726 1720 843 1759 praeter
858 1718 932 1749 ulti-

148 1783 254 1812 mam,
274 1775 306 1804 et
321 1773 448 1805 nullum
467 1774 523 1813 jus
544 1773 641 1804 habet
664 1773 698 1803 in
719 1772 789 1803 aliis
808 1772 933 1812 ligandi

148 1827 201 1859 vel
224 1827 378 1865 solvendi,
394 1836 453 1858 nec
472 1828 542 1867 ejus
559 1827 710 1866 vicariuS,
728 1836 787 1858 nec
805 1827 931 1867 aliquos

149 1882 224 1913 inde
237 1882 379 1913 redditus
387 1882 592 1922 percipiendi.
607 1881 686 1912 Item
697 1881 863 1920 illegitime
874 1889 934 1911 na-

149 1937 201 1967 tus
224 1935 351 1967 nullum
376 1937 431 1976 jus
455 1936 551 1967 habet
579 1936 613 1966 in
638 1935 794 1966 beneficio
818 1943 932 1966 curam

150 1990 333 2023 animarum
362 1991 511 2021 habente.
527 1989 606 2021 Item
623 1990 680 2030 qui
705 1989 816 2029 recipit
834 1989 932 2020 eccle-

151 2044 233 2076 siam
255 2054 311 2085 per
326 2054 563 2085 quamcumque
583 2044 766 2076 simoniam.
779 2043 858 2074 Item
879 2043 934 2083 qui

150 2099 262 2140 recipit
271 2098 436 2130 ecclesiam
447 2099 486 2130 ab
497 2108 546 2138 eo,
560 2099 692 2139 quinon
707 2098 804 2129 habet
817 2107 934 2130 verum

148 2155 202 2194 jus
213 2153 394 2185 conferendi
408 2163 490 2184 eam.
509 2153 619 2185 Omnis
634 2153 779 2184 notorius
793 2152 933 2184 fornica-

151 2210 212 2247 tor,
237 2208 331 2248 cujus
355 2207 496 2238 criminis
517 2207 604 2239 testis
623 2209 668 2239 est
688 2207 839 2248 populus,
860 2207 934 2247 jure

152 2264 299 2300 taxatus,
317 2262 386 2294 sive
409 2262 442 2293 in
465 2262 560 2293 domo
584 2271 643 2293 sua
665 2263 771 2293 teneat
795 2261 934 2292 fornica-

151 2317 248 2355 riam,
265 2316 333 2348 sive
348 2318 449 2355 extra,
466 2316 518 2347 vel
536 2325 636 2347 unam
651 2316 777 2354 habeat,
793 2315 845 2347 vel
860 2315 935 2355 plu-

152 2380 221 2411 res,
246 2373 292 2402 est
311 2371 380 2411 ipso
399 2372 475 2411 jure
497 2379 672 2411 suspensus
692 2370 732 2401 ab
753 2370 872 2408 officio,
892 2370 936 2400 ita

153 2426 239 2467 quod
248 2425 366 2467 subditi
376 2434 441 2456 non
456 2425 571 2456 debent
583 2426 652 2465 ejus
667 2425 799 2456 missam
811 2424 934 2462 audire,

153 2489 212 2511 nec
226 2480 370 2511 confiteri
395 2480 435 2519 ei,
454 2489 512 2511 nec
531 2479 593 2511 alia
617 2480 656 2510 ab
673 2488 710 2510 eo
733 2480 934 2510 sacramenta

154 2534 313 2575 recipere,
339 2544 398 2565 nec
423 2535 525 2575 potest
553 2543 606 2565 eos
634 2533 934 2572 excommunicare,

154 2597 213 2619 nec
236 2588 413 2621 absolvere.
437 2588 515 2620 Item
539 2589 565 2619 si
589 2597 762 2629 suspensus
782 2587 935 2626 celebrat,

156 2645 187 2674 et
200 2643 316 2674 officiat
330 2643 506 2682 ecclesiam,
524 2643 576 2676 vel
593 2652 796 2684 quacumque
811 2651 938 2674 excom-

157 2697 372 2730 municatione
398 2699 516 2739 ligatus
532 2723 540 2738 ,
564 2708 620 2730 seu
653 2698 763 2739 recipit
792 2696 936 2729 ordinem

1706 178 1766 211 523

981 245 1172 286 clericalem,
1182 245 1284 277 autin
1299 253 1337 277 eo
1351 243 1540 277 solemniter
1554 245 1764 286 ministravit,

979 300 1082 332 factus
1101 302 1148 332 est
1171 299 1374 340 irregularis
1396 300 1427 331 et
1453 308 1520 332 non
1545 301 1648 341 potest
1670 309 1766 333 exer-

981 363 1052 386 cere
1068 354 1210 386 officium
1229 353 1388 393 clericale,
1407 354 1506 386 etiam
1526 354 1555 386 si
1572 355 1641 395 jam
1664 356 1764 388 forni-

981 408 1047 440 cari
1059 408 1228 441 cessaverit
1238 409 1291 449 (a),
1308 409 1360 441 vel
1375 409 1415 440 ab
1431 409 1767 442 excommunicatione

981 463 1105 495 solutus
1120 463 1227 502 fuerit,
1249 463 1311 494 nisi
1336 472 1411 495 cum
1432 472 1470 495 eo
1489 472 1587 504 super
1607 463 1766 504 irregula-

980 517 1075 549 ritate
1089 518 1252 548 contracta
1271 526 1328 558 per
1343 517 1458 550 Sedem
1471 518 1690 559 Apostolicam
1706 519 1768 551 dis-

980 573 1143 613 pensetur,
1160 571 1303 603 maxime
1333 572 1360 603 si
1381 582 1401 603 a
1418 573 1527 613 judice
1547 574 1768 615 suspensionis

982 626 1139 658 sententIa
1150 626 1212 657 fuit
1226 626 1299 657 lata.
1317 625 1510 667 Hujusmodi
1524 629 1634 660 autem
1645 630 1770 660 senten-

981 681 1035 713 tiae
1044 682 1115 722 Jam
1129 689 1216 722 saepe
1230 681 1380 712 feruntur
1394 681 1428 712 in
1443 681 1582 722 clericos,
1600 685 1632 715 et
1645 683 1687 715 ab
1700 684 1770 716 offi-

982 735 1127 775 cialibus,
1144 737 1175 767 et
1196 735 1439 776 archidiaconis,
1453 737 1484 767 et
1499 737 1666 777 judicibus
1679 738 1769 770 ordi-

981 791 1092 829 nariis,
1115 790 1168 822 vel
1192 790 1355 830 delegatiS,
1378 792 1410 822 et
1432 800 1551 832 parum
1578 794 1734 825 curantur
1750 803 1770 825 a

982 845 1105 876 multis.
1122 844 1276 878 Videmus
1291 846 1327 877 in
1350 845 1443 877 terris
1462 845 1532 878 istis
1553 847 1600 878 tot
1617 856 1686 879 esse
1707 847 1770 878 im-

982 899 1101 940 peritos
1113 901 1183 940 Jam
1202 899 1334 932 clericos
1348 901 1382 932 in
1405 901 1455 932 his
1469 911 1543 942 quae
1561 902 1600 933 ad
1619 902 1770 943 regimen

983 954 1143 994 pertinent
1156 954 1351 994 animarum,
1365 955 1439 987 licet
1453 955 1534 987 forte
1555 956 1589 987 in
1609 966 1772 997 gramma-

983 1007 1046 1038 tica
1061 1008 1112 1040 vel
1127 1008 1190 1039 alia
1204 1009 1336 1040 scientia
1351 1010 1416 1040 sint
1437 1010 1597 1049 instructi,
1614 1011 1701 1051 quod
1714 1011 1772 1043 ubi

984 1064 1114 1094 centum
1131 1063 1183 1094 vel
1207 1063 1316 1104 plures
1329 1064 1458 1105 plebani
1472 1066 1503 1097 ct
1525 1065 1640 1097 vicarii
1654 1075 1772 1098 conve-

984 1117 1090 1156 niunt,
1104 1118 1161 1150 vix
1176 1118 1271 1159 pauci
1287 1119 1361 1157 sint,
1373 1119 1429 1160 qui
1443 1129 1518 1151 vere
1532 1120 1635 1151 sciant
1649 1121 1773 1152 animas

985 1180 1060 1203 suas
1075 1173 1127 1204 vel
1140 1172 1214 1212 alia,
1231 1182 1305 1213 quae
1323 1173 1363 1204 ad
1385 1173 1521 1204 salutem
1537 1176 1612 1206 sunt
1627 1184 1772 1206 neeessa-

983 1226 1044 1266 ria,
1057 1226 1091 1257 in
1110 1227 1161 1258 his
1176 1236 1233 1267 per
1245 1227 1483 1268 Scripturarum
1499 1229 1665 1260 scientiam
1679 1239 1772 1271 expe-

985 1281 1064 1312 dire.
1082 1281 1120 1312 Et
1140 1281 1260 1313 talibus
1286 1283 1442 1323 imperitis
1461 1293 1528 1315 non
1550 1284 1704 1316 deberent
1718 1293 1774 1316 eo-

985 1345 1059 1367 rum
1086 1336 1206 1368 subditi
1232 1337 1377 1368 confiteri
1409 1340 1538 1379 propter
1567 1339 1771 1379 periculum,

985 1399 1026 1421 ne
1054 1391 1135 1422 forte
1162 1400 1202 1422 ex
1229 1391 1416 1431 ignorantia
1441 1393 1627 1433 relinquant
1659 1402 1713 1425 eos
1740 1394 1774 1425 in

986 1446 1072 1477 statu
1087 1445 1312 1485 damnationis,
1337 1447 1479 1479 docendo
1493 1457 1559 1479 non
1578 1457 1647 1479 esse
1666 1458 1774 1489 pecca-

986 1501 1069 1539 tum,
1091 1500 1178 1540 quod
1201 1502 1249 1531 est
1272 1501 1406 1533 mortale
1429 1504 1608 1542 peccatum,
1630 1504 1686 1534 aut
1709 1512 1775 1535 non

987 1554 1182 1586 ostendendo
1195 1555 1333 1586 formam
1349 1556 1488 1588 debitam
1504 1557 1728 1589 satisfactionis
1736 1558 1775 1589 de

986 1610 1114 1649 peccato
1129 1609 1281 1648 confesso,
1299 1610 1357 1641 ubi
1372 1612 1457 1641 certa
1473 1611 1576 1642 forma
1592 1612 1775 1643 satisfactio-

987 1663 1037 1694 nis
1048 1665 1094 1694 est
1105 1664 1294 1703 necessaria,
1305 1666 1341 1695 ut
1349 1664 1387 1696 de
1399 1665 1656 1699 restitutionibus
1664 1676 1775 1698 rerum

988 1717 1096 1748 illicite
1117 1718 1361 1759 acquisitarum,
1379 1720 1473 1750 certis
1493 1720 1569 1751 locis
1587 1721 1639 1753 vel
1663 1730 1774 1762 perso-

991 1771 1051 1810 nis,
1063 1771 1115 1803 vel
1129 1772 1314 1804 haeredibus
1328 1773 1490 1813 faciendis,
1509 1774 1564 1805 uhi
1579 1775 1673 1806 multi
1686 1775 1776 1806 sedu-

989 1827 1119 1857 cuntur.
1137 1826 1264 1858 Scimus
1280 1827 1388 1866 etiam,
1401 1828 1486 1868 quod
1507 1829 1563 1868 qui
1586 1829 1720 1860 scienter
1743 1830 1777 1860 in

990 1880 1119 1911 mortali
1149 1883 1278 1921 peccato
1303 1881 1427 1921 positus
1449 1881 1587 1914 celebrat
1616 1882 1749 1914 missam
1765 1907 1774 1923 ,

993 1934 1135 1974 qualibet
1151 1935 1219 1967 vice
1239 1935 1416 1967 mortaliter
1439 1938 1469 1967 et
1494 1937 1638 1976 graviter
1656 1940 1776 1978 peccat,

991 1990 1022 2019 et
1047 1991 1206 2029 quantum
1229 1990 1262 2020 in
1285 1990 1353 2031 ipso
1377 1992 1435 2030 est,
1458 2000 1589 2023 rursum
1612 1991 1775 2023 Christum

992 2044 1163 2084 crucifigit,
1182 2054 1280 2085 quem
1303 2046 1333 2075 et
1356 2054 1415 2086 pro
1440 2046 1596 2084 denariis,
1616 2056 1697 2087 quos
1715 2046 1776 2078 sibi

993 2100 1099 2139 sperat
1114 2099 1233 2137 offerri,
1248 2101 1280 2130 et
1298 2099 1405 2130 illicite
1426 2101 1456 2130 et
1479 2100 1613 2140 indigne
1633 2103 1776 2133 contrec-

992 2154 1049 2184 tat.
1065 2152 1126 2190 Qui
1142 2162 1220 2193 ergo
1235 2154 1330 2185 offert
1342 2154 1371 2185 ei
1386 2163 1483 2194 quem
1497 2154 1593 2186 talem
1608 2164 1677 2187 esse
1691 2165 1777 2197 prae-

992 2207 1091 2238 sumit
1116 2207 1167 2239 vel
1187 2208 1255 2246 scit,
1273 2210 1304 2239 et
1326 2213 1423 2248 rogat
1446 2219 1521 2240 eum
1542 2210 1676 2241 missam
1701 2211 1780 2242 cele-

992 2262 1096 2300 brare,
1114 2261 1189 2292 facit
1203 2271 1279 2293 eum
1295 2262 1419 2294 Christo
1434 2265 1557 2295 tantam
1575 2264 1693 2296 inferre
1707 2274 1779 2296 con-

993 2316 1180 2355 tumeliam,
1205 2318 1240 2348 ut
1266 2326 1339 2348 eum
1368 2318 1504 2357 indigne
1531 2321 1722 2358 contrectet,
1748 2321 1779 2351 et

995 2372 1103 2411 peccat
1118 2370 1305 2402 mortaliter.
1317 2370 1377 2402 Sed
1393 2372 1448 2412 qui
1463 2372 1537 2403 facit
1553 2373 1691 2413 aliquem
1708 2383 1778 2414 pec-

994 2434 1065 2455 care
1088 2425 1274 2464 mortaliter,
1292 2425 1359 2465 ipse
1379 2428 1498 2466 peccat,
1513 2426 1569 2457 ubi
1593 2427 1780 2467 ignorantia

994 2488 1059 2510 non
1086 2481 1235 2518 excusat3
1260 2482 1291 2511 et
1319 2480 1495 2511 secundum
1525 2481 1594 2521 ista,
1617 2483 1643 2513 si
1669 2483 1779 2515 nullus

995 2533 1125 2565 offerret
1144 2535 1195 2566 vel
1214 2535 1339 2566 audiret
1361 2535 1474 2565 missas
1489 2544 1614 2575 eorum,
1632 2537 1688 2577 qui
1716 2537 1777 2568 illi-

995 2588 1056 2620 cite
1080 2589 1250 2628 cclebrant,
1266 2591 1422 2620 cessarent
1442 2599 1461 2620 a
1483 2589 1707 2632 celebratione,
1725 2592 1777 2624 vel

996 2642 1196 2682 cor1·Igerent
1217 2643 1316 2674 vitain
1339 2652 1442 2682 suam,
1460 2645 1490 2675 et
1513 2644 1557 2675 sic
1579 2645 1681 2677 multa
1705 2655 1777 2687 pec-

1030 2706 1064 2737 (a)
1080 2706 1139 2730 Coef.
1155 2706 1216 2730 edit.
1235 2706 1350 2730 cessat-ii.
