1955 3021
608 229 659 262 DE
681 229 737 262 SS.
761 229 990 262 APOSTOLIS.
1016 230 1148 263 SERMO
1172 231 1197 262 I.
1696 232 1715 261 3

91 299 214 336 rapinae,
230 300 258 327 et
271 298 394 337 praedae,
408 299 440 326 ut
453 298 547 326 nostri
561 297 705 335 temporis
718 298 856 326 homines
866 299 879 326 ’ἰ

91 347 165 375 Nam
180 347 241 382 leo,
257 347 377 383 accepta
395 345 507 382 praeda,
533 345 659 382 quiescit
680 345 719 373 ad
740 347 858 381 tempus
869 355 877 380 ;

92 394 147 421 sed
172 401 329 430 nunquam
353 393 478 429 quiescit
497 392 650 421 usurarius
668 401 674 419 τ
697 392 759 420 imo
779 392 879 428 ipsum

93 442 209 477 tempus
223 443 413 475 nocturnum,
438 439 521 476 quod
541 448 577 468 cx
598 441 705 468 natura
729 439 820 476 quieti
837 441 880 467 est

94 488 280 524 deputatum,
295 488 440 516 convertit
453 487 483 515 in
498 489 673 524 computum
690 496 696 514 :
723 487 775 523 qui
791 487 879 515 etiam

91 535 114 563 si
137 535 279 571 quiescat,
308 543 400 563 usura
426 534 529 570 vigilat
552 543 558 562 τ
583 534 690 562 dicitur
715 535 751 562 dc
767 533 877 562 divite.

91 581 173 609 Unde
194 581 392 618 Hieronymus
407 581 446 609 ait
461 582 488 608 ¹:
506 592 519 607 a
536 581 628 609 Bestia
650 589 806 617 nunquam
828 581 880 609 ha-

91 631 142 659 het
161 631 339 659 memoriam
363 631 485 666 praedae,
510 630 568 658 nisi
596 630 674 658 fame
698 630 880 658 necessitatis

90 680 226 714 urgente.
256 679 335 706 Tunc
364 678 455 712 enim,
483 686 552 705 cum
580 677 708 705 nimium
736 677 878 712 famescit,

91 726 224 761 praedam
240 726 345 762 quaerit
368 735 374 754 :
400 733 461 762 qua
485 727 617 762 accepta,
637 733 708 753 mox
723 725 880 761 praedandi

92 772 190 808 perdit
219 772 409 800 memoriam.
433 782 447 799 ›>
473 773 495 801 Ο
519 772 654 800 confusio
681 773 825 806 humana,
849 775 882 800 ut

90 826 152 846 non
167 819 317 855 praedetur
332 819 428 847 bestia
448 819 521 854 fera,
543 819 600 847 nisi
618 819 793 847 necessitate
814 819 881 847 vitae

89 869 224 902 urgente,
246 868 274 894 et
289 867 437 902 praedetur
452 866 642 894 nobilissima
657 868 803 900 creatura,
817 866 881 894 sola

89 913 214 946 libidine
230 914 360 942 avaritiae
374 914 534 942 inducente
546 916 552 942 1

125 960 232 995 Tertio,
260 963 327 989 sunt
352 961 443 989 stellae
459 961 564 997 figurae
584 961 731 996 rotundae,
755 963 783 989 et
811 961 880 989 ideo

90 1008 130 1036 ad
153 1010 269 1036 motum
288 1009 457 1045 aptissimae.
488 1011 562 1037 Nam
587 1009 672 1038 decet
693 1009 882 1038 nobilissima

91 1063 219 1091 corpora
252 1056 472 1084 nobilissimam
502 1056 614 1084 habere
651 1056 790 1092 figuram.
823 1057 881 1085 Sed

90 1102 180 1130 stcllae
200 1105 268 1130 sunt
288 1111 416 1140 corpora
435 1103 635 1137 nobilissima,
662 1104 735 1140 quia
759 1113 795 1131 ex
813 1103 880 1132 luce

89 1148 227 1184 formata,
255 1158 321 1186 quae
351 1151 393 1178 est
421 1150 498 1178 inter
532 1150 636 1178 omnia
665 1159 794 1187 corpora
823 1159 881 1179 no-

89 1197 243 1232 bilissima,
276 1199 304 1225 et
330 1197 466 1225 omnium
508 1205 670 1233 corporum
704 1199 881 1226 universalis

88 1243 188 1272 forma
218 1253 225 1271 ε
261 1252 333 1279 ergo
368 1244 479 1272 debent
511 1244 623 1273 habere
660 1245 881 1273 nobilissimam

89 1291 227 1326 figuram.
250 1291 307 1319 Sed
327 1291 494 1326 figurarum
516 1291 704 1319 nobilissima
725 1294 767 1319 est
788 1292 882 1328 sphae-

89 1337 152 1365 rica
180 1337 287 1373 figura,
312 1346 378 1365 cum
412 1338 449 1365 sit
479 1337 712 1374 simplicissima,
742 1341 880 1366 constans

91 1386 205 1412 tantum
219 1393 257 1412 ex
270 1393 331 1413 una
345 1385 436 1418 linea,
452 1385 488 1413 sit
504 1385 711 1421 capacissima,
727 1385 881 1413 formosis-

90 1432 177 1466 sima,
199 1431 235 1458 sit
252 1432 340 1460 etiam
363 1432 587 1468 perfectissima,
608 1433 723 1460 habens
741 1432 772 1460 in
788 1441 818 1460 se
834 1441 878 1460 se-

89 1480 206 1507 nariam
232 1480 458 1515 perfectionem.
492 1481 556 1508 Haee
585 1481 687 1508 omnia
712 1481 880 1517 probantur

91 1529 170 1554 certa
189 1527 381 1563 experientia.
405 1529 479 1562 Ergo
505 1529 620 1555 constat
642 1527 794 1556 stellarum
812 1536 878 1556 cor-

90 1581 166 1609 pora
189 1581 252 1601 esse
277 1573 420 1610 sphaeriea
443 1575 475 1601 in
495 1574 592 1609 figura
610 1583 615 1602 ε
641 1583 733 1610 quare
754 1577 822 1602 sunt
839 1576 878 1603 ad

90 1623 206 1648 molum
221 1621 383 1655 aptissima.
400 1624 513 1657 Corpus
524 1621 602 1649 enim
613 1622 777 1649 rotundum
788 1622 878 1650 valde

90 1667 176 1695 facile
191 1670 233 1696 est
246 1668 286 1696 ad
299 1670 425 1696 motum.
448 1668 493 1696 Sic
517 1671 544 1696 et
564 1669 656 1696 sancti
677 1669 808 1705 Apostoli
826 1669 876 1697 toti

88 1714 157 1742 facti
182 1717 250 1742 sunt
275 1715 409 1751 sphaerici
436 1724 442 1742 :
464 1715 503 1743 ad
533 1715 710 1743 obedientiae
738 1716 877 1744 meritum

89 1761 232 1796 aptissimi
258 1770 352 1798 usque
375 1762 415 1790 ad
437 1762 579 1790 terminos
599 1762 714 1790 mundi.
736 1763 818 1790 Unde
839 1763 875 1791 de

88 1808 129 1835 eis
144 1809 350 1844 propriissime
366 1809 474 1837 dicitur
494 1809 590 1837 illud²
617 1819 623 1837 :
646 1820 659 1836 «
677 1810 772 1838 Stellas¹
787 1810 876 1838 dede-

87 1859 155 1884 runt
177 1856 279 1884 lumen
300 1857 331 1884 in
347 1857 488 1885 custodiis
505 1857 565 1885 suis
581 1866 587 1885 z
606 1860 718 1885 vocatae
735 1857 773 1894 (a)
790 1858 875 1885 dixe-

87 1905 177 1930 runt:
195 1905 267 1930 Ecce
283 1903 438 1931 adsumus.
458 1914 471 1929 ι)
498 1905 527 1931 tn
549 1912 609 1940 quo
631 1904 761 1940 perfecta
787 1913 874 1932 mon-

87 1952 193 1977 stratur
208 1950 379 1978 obedientia
394 1960 399 1978 :
416 1958 486 1978 nam
502 1951 597 1978 vocati
610 1959 627 1978 a
645 1952 780 1985 Domino,
791 1959 873 1985 mox,

91 2006 104 2021 «
123 1996 231 2024 relictis
247 1997 397 2031 omnibus,
413 1998 530 2033 sequuti
545 1999 614 2025 sunt
629 2006 709 2032 eum,
725 2008 738 2024 »ι
756 2000 788 2025 ut
804 1998 874 2025 dici-

89 2044 135 2070 tur
159 2043 178 2071 ³.
199 2045 296 2071 Tantoe
323 2044 411 2071 etiam
437 2044 614 2072 obedientiae
641 2045 770 2079 fuerunt,
791 2045 873 2081 quod

88 2090 187 2117 nullos
203 2090 320 2125 gladios
337 2091 508 2126 timuerunt,
520 2091 619 2119 nullos
629 2100 713 2127 reges
723 2093 873 2128 fugerunt,

87 2137 239 2164 nullorum
251 2138 428 2173 sapientiam
444 2138 697 2172 formidaverunt3
713 2139 776 2174 sed,
794 2148 874 2167 acce-

87 2186 138 2218 pto
161 2183 298 2219 imperio,
319 2192 423 2212 omnes
445 2185 573 2220 angulos
598 2188 680 2213 terrm
697 2188 872 2222 penetrave-

87 2231 165 2257 runt.
189 2230 341 2258 Psalmista
359 2230 369 2246 ⁶
393 2240 399 2258 ε
426 2241 439 2256 «
458 2233 522 2259 Non
543 2235 610 2259 sunt
631 2232 769 2268 loquelae,
784 2244 797 2258 ι)
817 2235 870 2260 etc.

87 2278 157 2305 Item
174 2277 184 2293 5
202 2287 208 2304 2
228 2287 241 2302 «
261 2279 292 2305 ln
313 2285 434 2305 omnem
455 2280 566 2306 terram
592 2279 682 2307 exivit
705 2288 796 2307 sonus
822 2288 871 2308 eo-

87 2332 164 2351 rum.
181 2334 194 2350 »
212 2325 309 2351 Tantas
331 2324 420 2351 etiam
444 2324 563 2353 fuerunt
581 2326 767 2361 obedientiae,
789 2327 872 2362 quod

87 2380 149 2399 non
171 2372 268 2400 solum
284 2372 387 2400 omnia
410 2381 463 2400 sua
485 2374 679 2409 reliquerunt,
695 2374 747 2402 sed
760 2375 872 2410 seipsos

88 2420 116 2446 et
136 2419 273 2455 proprias
294 2419 462 2447 voluntates
483 2420 717 2455 abnegaverunt.
737 2421 874 2449 Sciebant

120 2516 127 2531 ¹
147 2515 251 2539 Hieron.
266 2528 295 2532 —
311 2516 319 2529 ’λ
334 2516 406 2546 Bau,
428 2522 468 2545 ιιι,
486 2516 524 2539 34.
541 2528 570 2532 -·
591 2515 600 2532 ³
617 2517 719 2546 Mami„
736 2523 769 2547 iv,
786 2520 826 2540 ΞΔ.
844 2531 870 2534 —-

87 2550 97 2566 ⁸
113 2551 179 2575 Psal.
203 2557 282 2581 xviii,
299 2552 322 2574 4.
343 2564 372 2568 —
393 2552 403 2568 ¹⁵
423 2551 579 2581 ιι)ι(1.,ῑι.μ
602 2552 610 2567 ὅ
626 2552 693 2582 Luc„
714 2559 766 2583 MV,
783 2555 823 2576 33.
841 2566 871 2570 -

88 2585 95 2599 ⁷
111 2586 212 2614 Mami„
230 2592 286 2613 xv¹¹
304 2588 342 2610 2¹2.
360 2599 385 2602 —
403 2586 413 2602 ⁸
429 2587 515 2617 Greg,
533 2587 558 2609 in
576 2587 663 2617 Emmy
676 2604 682 2611 .
697 2588 769 2611 honi.
787 2594 872 2619 xxxii,

87 2627 114 2644 n.
138 2624 159 2645 l.
182 2634 213 2638 —-
233 2623 242 2636 ⁹
265 2621 359 2651 Eccle„
377 2628 407 2652 x,
430 2623 470 2646 1¹).
491 2635 521 2639 -
541 2623 560 2638 ¹⁰
583 2622 672 2652 ccclix,
690 2629 766 2653 xxm,
786 2626 825 2647 ΞΟ.
841 2637 870 2641 --

90 2657 107 2673 ¹¹
122 2657 209 2687 Pron„
230 2663 247 2688 1,
262 2659 301 2688 2³»,
319 2660 358 2681 20.

935 299 1015 326 enim
1034 299 1192 327 Dominum
1218 306 1280 327 non
1304 298 1404 327 solum
1433 297 1542 326 dixisse
1560 299 1571 316 ⁶
1592 307 1598 326 :
1623 307 1636 325 «
1658 297 1717 326 Nisi

935 346 1001 382 quis
1021 347 1231 375 renuntiaverit
1247 346 1399 381 omnibus,
1416 354 1483 383 quae
1498 345 1641 382 possidet,
1656 353 1718 373 non

933 394 1029 428 potest
1042 402 1127 421 meus
1142 402 1203 422 esse
1219 393 1401 430 discipulus;
1418 404 1431 419 »
1449 393 1503 421 sed
1521 393 1643 429 insuper
1664 392 1718 420 ad-

934 440 1044 468 didisse
1060 441 1070 458 ⁷
1087 449 1093 468 :
1114 452 1126 465 «
1142 441 1197 475 Qui
1219 441 1283 469 vult
1304 441 1406 469 venire
1426 442 1495 477 post
1513 448 1572 474 me,
1592 440 1721 474 abneget

933 487 1135 524 semetipsum,
1151 498 1164 513 »
1183 490 1236 516 ete.
1251 490 1335 523 Nam,
1351 488 1425 516 sicut
1440 488 1511 516 dicit
1524 487 1718 523 Gregorius⁸z

938 544 951 560 «
971 537 1034 563 Non
1060 535 1188 562 multum
1212 535 1399 563 laboriosum
1425 538 1468 563 est
1493 535 1610 563 homini
1633 534 1722 562 relin-

935 590 1026 618 quere
1049 582 1133 618 quod
1155 582 1264 618 habet,
1289 583 1342 610 sed
1364 582 1454 611 valde
1473 582 1660 611 laboriosum
1679 583 1722 609 est

933 629 1060 663 homini,
1077 629 1246 665 relinquere
1268 630 1409 666 seipsum.
1431 630 1525 658 Minus
1540 629 1652 666 quippe
1668 631 1720 664 est,

935 676 1084 711 abnegare
1101 676 1184 712 quod
1205 676 1314 712 hahet;
1337 677 1390 705 sed
1414 677 1499 705 valde
1521 677 1650 705 multum
1667 679 1721 710 est,

935 723 1086 759 abnegare
1103 724 1186 759 quod
1205 725 1256 752 est.
1273 734 1287 750 ›>
1303 725 1425 758 Quantae
1448 732 1519 760 ergo
1545 723 1722 752 ohedientiae

934 770 1064 805 fuerunt,
1083 771 1134 806 qui
1150 779 1211 799 non
1226 771 1325 799 solum
1340 779 1405 806 sua,
1427 771 1480 799 sed
1502 771 1615 808 seipsos
1635 773 1663 799 et
1681 771 1723 798 vi-

935 818 995 844 tam
1011 818 1164 854 propriam
1180 818 1381 854 reliquerunt!
1406 818 1463 846 Sed
1479 818 1545 854 quis
1563 817 1654 846 hodie
1669 819 1721 852 est,

936 864 998 900 qui,
1013 872 1075 892 non
1090 865 1157 892 dieo
1173 865 1315 901 seipsum,
1335 865 1385 893 sed
1407 873 1461 893 sua
1475 873 1531 901 pro
1546 865 1660 893 Christo
1675 873 1723 892 re-

935 911 1074 947 linquat?
1096 912 1186 947 Magis
1205 912 1297 940 hodie
1315 912 1452 940 homines
1471 912 1618 940 obediunt
1637 920 1721 947 auro,

936 968 1028 995 quam
1062 960 1186 988 Christo.
1217 960 1299 989 Unde
1329 961 1360 988 in
1387 962 1548 988 Ecclesiaste
1581 960 1724 996 scriptum

936 1010 978 1035 est
992 1007 1002 1023 ⁹
1019 1017 1024 1035 :
1046 1018 1059 1033 «
1074 1008 1207 1035 Pecuniae
1223 1008 1369 1036 obediunt
1384 1008 1495 1036 omnia.
1513 1018 1526 1034 »
1545 1008 1567 1035 Ο
1588 1007 1723 1035 confusio

936 1056 1073 1083 summa!
1091 1056 1113 1084 Ο
1128 1056 1279 1091 perversio
1294 1056 1468 1083 detestanda
1483 1057 1488 1083 !
1510 1055 1583 1092 quia
1601 1054 1724 1090 majoris

936 1105 1004 1130 sunt
1025 1103 1203 1131 obedientiae
1231 1103 1328 1137 bruta,
1356 1111 1448 1139 quam
1469 1102 1637 1137 rationalia,
1655 1110 1724 1130 cum

937 1152 1035 1177 tamen
1052 1150 1105 1177 illa
1120 1158 1138 1177 a
1153 1158 1207 1177 suo
1223 1158 1293 1185 rege
1309 1150 1393 1177 nulla
1408 1150 1554 1186 accipiant
1563 1150 1655 1183 hona,
1668 1157 1724 1177 nos

936 1199 1036 1224 autem
1052 1205 1069 1224 a
1084 1198 1162 1232 Rege
1182 1199 1283 1224 nostro
1308 1197 1470 1233 accipimus
1485 1196 1588 1224 omnia
1603 1199 1723 1224 natura-

936 1244 987 1277 lia,
1016 1244 1119 1271 omnia
1148 1245 1285 1279 gratuita,
1315 1246 1343 1272 et
1370 1244 1504 1280 accipere
1533 1246 1723 1280 expectamus

936 1292 1056 1318 aeterna.
1078 1292 1152 1318 Nam
1175 1299 1256 1326 apeS‚
1279 1299 1345 1327 quae
1367 1299 1384 1318 a
1408 1299 1476 1326 rege
1493 1299 1555 1319 esse
1570 1299 1633 1319 non
1648 1291 1724 1319 acci-

936 1338 1032 1374 piunt,
1054 1338 1106 1366 sed
1126 1339 1240 1374 eligunt
1254 1338 1311 1366 sibi
1326 1347 1417 1375 quem
1431 1339 1547 1373 volunt,
1563 1339 1594 1366 in
1609 1341 1723 1367 tantum

936 1385 962 1412 ei
978 1385 1154 1413 obedientes
1168 1387 1245 1420 sunt,
1262 1387 1294 1413 ut
1304 1386 1342 1413 ad
1357 1386 1419 1421 ejus
1435 1385 1594 1422 imperium
1606 1389 1722 1421 exeant,

936 1435 963 1460 et
977 1432 1156 1467 subsistant3
1173 1433 1295 1468 vadant,
1312 1435 1339 1460 et
1354 1433 1488 1467 redeant,
1508 1434 1535 1461 et
1555 1435 1650 1461 castra
1671 1442 1724 1470 po-

936 1482 1007 1507 nant
1024 1489 1030 1507 2
1047 1482 1074 1507 et
1087 1480 1171 1515 quod
1186 1480 1283 1515 majus
1301 1481 1353 1515 est,
1376 1488 1442 1516 quae
1463 1488 1532 1508 eum
1551 1480 1722 1516 offenderit,

936 1526 972 1554 de
989 1527 1086 1562 seipsa
1101 1526 1244 1554 ultionem
1260 1527 1358 1561 sumit,
1374 1529 1401 1554 et
1416 1527 1512 1555 aculei
1527 1527 1641 1563 proprii
1655 1528 1721 1555 vul-

935 1581 1005 1601 nere
1021 1582 1050 1601 se
1066 1574 1184 1601 occidit.
1205 1574 1274 1607 Quis
1294 1574 1453 1602 hominum
1472 1574 1527 1602 ista
1546 1574 1638 1602 facit?
1654 1575 1723 1608 Quis

935 1622 988 1655 est,
1004 1621 1055 1656 qui
1072 1620 1194 1649 obediat
1217 1621 1254 1656 ei,
1278 1629 1296 1649 a
1317 1629 1378 1657 quo
1400 1629 1462 1649 esse
1484 1621 1607 1657 accepit,
1624 1630 1641 1649 a
1660 1630 1720 1658 quo

934 1675 1037 1695 sensus
1066 1669 1094 1695 et
1120 1667 1303 1695 intellectum
1326 1676 1357 1696 se
1381 1668 1493 1696 habere
1514 1668 1611 1703 sentit,
1627 1677 1644 1696 a
1660 1677 1722 1705 quo

932 1714 1106 1750 redemptus
1122 1716 1203 1742 tanto
1220 1715 1315 1751 pretio
1337 1715 1399 1750 suit,
1421 1719 1448 1744 et
1465 1716 1497 1743 in
1517 1724 1579 1744 esse
1603 1724 1723 1743 conser-

932 1762 1028 1794 vatur,
1047 1762 1074 1788 et
1090 1761 1182 1797 ipsius
1198 1762 1262 1790 sola
1277 1763 1372 1797 gratia
1394 1762 1550 1790 subsistit?
1569 1764 1603 1790 Et
1620 1764 1720 1790 tamea

933 1808 1040 1836 dieitur
1055 1808 1075 1825 ¹⁰
1092 1818 1098 1836 τ
1119 1820 1132 1833 (ι
1147 1809 1278 1836 Gratiam
1293 1809 1478 1844 fidejussoris
1503 1809 1546 1837 tui
1561 1817 1598 1837 ne
1614 1809 1722 1837 oblivi-

932 1855 1022 1882 scaris
1045 1865 1050 1882 :
1073 1855 1156 1883 dedit
1181 1856 1260 1884 enim
1286 1864 1342 1892 pro
1370 1858 1397 1884 tc
1425 1856 1558 1884 animam
1587 1865 1682 1884 suam.
1706 1867 1720 1883 n

931 1903 1007 1936 Quid
1022 1903 1073 1930 tibi
1090 1904 1220 1939 amplius
1237 1904 1333 1932 facere
1352 1904 1471 1940 potuit?
1494 1912 1565 1932 nam
1588 1904 1638 1932 tibi
1659 1905 1721 1940 pri—

930 1958 980 1977 mo
994 1950 1076 1977 bona
1090 1952 1206 1978 naturae
1218 1951 1358 1986 tradidit3
1375 1951 1507 1978 secundo
1530 1951 1612 1979 bona
1628 1951 1721 1979 sortu-

930 2004 984 2031 noe,
999 1999 1111 2024 naturae
1129 1997 1289 2032 auxilium,
1302 1989 1401 2032 dedi⁴t3
1414 1997 1510 2033 tertio,
1525 1998 1578 2026 tibi
1594 1998 1721 2033 gratiam

930 2043 1071 2078 contulit3
1095 2046 1216 2079 quarto,
1236 2046 1266 2071 ut
1283 2044 1335 2072 tibi
1350 2045 1425 2072 nihil
1445 2044 1571 2079 deesset,
1590 2045 1720 2081 seipsum

929 2091 1024 2117 totum
1040 2090 1197 2126 impendit.
1216 2093 1291 2126 Ergo
1307 2091 1333 2119 ei
1349 2099 1410 2119 non
1426 2091 1573 2119 obediens
1588 2091 1655 2127 eris,
1673 2092 1720 2119 cui

930 2137 1074 2164 obediunt
1089 2137 1221 2165 coelestia
1235 2138 1365 2173 agmina,
1382 2138 1540 2172 obediunt,
1555 2138 1648 2166 velint
1663 2147 1718 2166 no-

929 2183 993 2217 lint,
1003 2184 1163 2219 daemonia,
1174 2185 1320 2212 obediunt
1331 2185 1432 2213 omnia
1441 2185 1570 2213 coelestia
1581 2193 1718 2221 corpora,

930 2233 958 2257 et
972 2231 1118 2258 obediunt
1136 2234 1264 2267 quatuor
1279 2232 1424 2260 elementa
1444 2234 1471 2259 et
1486 2232 1588 2260 omnia
1605 2232 1719 2260 anima-

929 2277 969 2305 lia
984 2278 1096 2305 bruta?
1113 2280 1176 2314 lpse
1200 2278 1280 2306 enim
1294 2279 1363 2307 dicit
1378 2279 1396 2296 ¹¹
1413 2288 1419 2307 z
1440 2290 1453 2305 «
1469 2279 1543 2313 Quia
1557 2279 1674 2313 vocavi,
1691 2281 1718 2306 et

928 2325 1067 2352 renuistis
1078 2335 1085 2360 3
1103 2326 1223 2353 extendi
1233 2334 1356 2354 manum
1367 2335 1476 2361 meam,
1490 2329 1518 2354 et
1528 2326 1696 2362 neglexistis
1709 2335 1715 2353 2

929 2380 985 2406 ego
1010 2380 1133 2408 quoque
1154 2373 1184 2400 in
1206 2373 1324 2401 interitu
1349 2376 1447 2401 vestro
1470 2374 1587 2408 ridebo,
1607 2376 1634 2401 et
1648 2373 1717 2400 sub-

928 2419 1077 2453 sannabo,
1091 2428 1159 2447 cum
1173 2420 1270 2454 vobis,
1285 2420 1368 2456 quod
1380 2421 1538 2454 timebatis,
1551 2420 1713 2448 evenerit.»

929 2465 1058 2494 Christus
1076 2474 1147 2501 ergo
1163 2468 1244 2494 Jesus
1259 2467 1308 2494 det
1322 2467 1410 2495 nobis
1425 2467 1465 2494 sic
1480 2475 1548 2494 cuni
1568 2466 1716 2503 Apostolis

928 2520 1020 2548 puros
1035 2521 1110 2547 esse,
1125 2514 1166 2541 sic
1181 2515 1386 2550 paupertatem
1409 2523 1519 2549 amare,
1541 2516 1569 2542 et
1592 2514 1715 2542 obedire

928 2559 959 2586 in
975 2559 1117 2588 omnibus
1132 2561 1284 2597 praeceptis
1297 2561 1367 2589 suis.

965 2658 999 2688 ιζιι)
1018 2659 1079 2682 Cael.
1098 2659 1160 2683 alit.
1177 2660 1269 2684 vocati.

1767 1160 1846 1181 Exem-

1738 1191 1809 1217 plum.
