2029 3052
58 759 86 779 Β.
96 758 167 780 Maria

59 791 94 811 ent
103 790 166 818 virga

77 821 149 842 ferrea

58 851 152 873 doemoni
157 864 165 869 ·

58 882 108 904 bns.

60 2028 84 2046 ln
93 2027 165 2046 alua-

60 2057 91 2078 ria
127 2057 165 2077 fuit

67 2090 106 2109 nos
119 2088 163 2108 vir·

59 2119 164 2146 ginitutis.

182 167 243 198 268
622 163 832 198 SPECULUM
851 160 994 196 BEATAE
1013 159 1155 194 MARIAE
1176 160 1363 195 leGINIS.

180 232 267 268 virgo
278 232 369 261 Maria
377 231 623 269 contemplationi
631 233 659 260 et
667 231 819 261 devotioni
829 230 965 267 eiusdem

181 279 290 308 animae
302 281 363 307 tam
377 279 429 316 pia
441 281 470 308 et
485 279 581 308 dulcis
595 279 749 315 ingeritur,
759 278 844 315 quod
857 285 895 306 ex
905 277 964 306 hoc

180 325 247 363 ipsa
260 325 362 354 anima
385 328 489 355 contra
507 328 650 354 terrorem
673 325 782 354 divinae
802 325 921 361 ,iustitias
935 325 964 352 et

180 372 373 409 splendorem
401 372 510 401 divinae
536 371 638 408 gloriae
660 371 855 400 confortatur.
883 372 963 400 Hanc

181 419 298 456 virgam
310 419 363 448 illa
382 418 614 456 contemplativa
628 418 759 447 Anselmi
771 419 872 447 anima
882 418 921 446 ad
931 426 963 447 se

182 466 301 495 extendi
316 466 511 501 desideravit,
528 465 651 502 quando
667 468 727 494 tam
745 465 852 494 devote
866 465 964 494 excla-

182 523 267 543 mans
280 515 371 543 dicit:
388 525 402 540 «
423 515 445 543 Ο
459 514 586 551 pulchra
607 515 647 543 ad
669 514 858 548 intuendum,
879 521 962 542 ama-

181 561 250 590 bilis
263 562 303 590 ad
317 561 594 598 contemplandum,
612 561 795 590 delectabilis
806 561 846 589 ad
861 568 963 589 aman-

182 608 275 643 dum,
292 616 359 645 quae
372 607 476 637 evadis
490 608 528 644 (a)
545 608 739 645 capacitatem
753 607 866 643 cordis,
883 615 962 636 nune

180 655 360 692 praestolare,
383 654 519 690 Domina,
541 655 691 684 infirmam
713 655 846 684 animam
868 656 895 682 te
918 662 962 682 se-

182 704 333 739 quentem.
349 713 362 728 n

217 750 288 777 Item
302 749 387 786 virgo
399 750 491 779 Maria
505 752 548 779 est
565 750 649 786 virga
663 749 759 778 ferrea
773 749 962 777 doemonibus

181 797 209 824 et
220 796 483 833 incorrigibilibus.
501 799 539 825 De
553 797 609 825 hac
621 797 706 832 virga
720 804 783 824 non
797 796 962 831 incongrue

180 843 274 880 accipi
287 845 384 880 potest
403 844 477 872 illud
501 843 628 872 Psalmi¹
648 853 655 871 ε
678 845 761 878 Reges
776 851 818 871 eos
838 845 868 870 in
882 844 962 878 virga

179 892 279 925 ferrea.
295 892 318 919 Ο
331 891 430 926 Maria,
446 891 532 926 virga
546 898 637 929 aurea
652 889 798 926 perfectis,
814 890 898 926 virga
910 898 962 918 au-

179 945 229 966 rea
245 937 339 973 duris,
359 937 442 973 virga
457 945 548 966 aurea
569 937 754 972 hominibus,
769 937 853 973 virga
866 937 962 965 ferrea

179 987 207 1012 et
222 984 298 1013 dura
312 984 510 1019 daemonibus,
533 992 634 1012 arceas
656 984 806 1012 doemones
822 992 840 1012 a
862 984 960 1012 nobis.

180 1034 251 1066 Hoc,
267 1032 401 1065 Domina,
413 1032 551 1068 petimus,
573 1034 600 1060 et
615 1032 722 1059 devote
741 1031 868 1067 petimus
892 1039 961 1059 eum

180 1078 351 1107 Innocentio
367 1080 494 1114 petente,
504 1080 532 1106 et
542 1079 657 1106 dicente
670 1079 711 1107 sic
724 1087 751 1106 2«
760 1081 829 1113 Ave,
841 1078 890 1106 Dei
902 1086 962 1106 ma-

179 1127 222 1153 ter
237 1125 328 1162 alma,
340 1133 408 1163 quae
428 1133 464 1154 ex
488 1125 641 1161 dignitate,
657 1133 718 1161 qua
734 1125 782 1152 Dei
806 1127 901 1152 mater
915 1133 960 1159 es,

180 1171 326 1207 imperare
339 1174 424 1209 potes
446 1172 644 1200 daemonibus
666 1173 825 1208 Compesce
847 1171 960 1199 daemo-

178 1226 241 1252 nes,
261 1226 298 1246 ne
314 1219 401 1247 nobis
414 1221 556 1254 noceant3
573 1218 700 1254 praecipe
715 1218 839 1254 angelis,
856 1221 887 1246 ut
906 1226 961 1246 nos

178 1266 379 1294 custodiant.»
394 1266 440 1294 Sic
457 1274 528 1302 ergo
544 1266 632 1294 beata
647 1267 730 1302 virgo
745 1266 833 1294 Maria
849 1268 890 1294 est
906 1274 960 1294 no-

178 1313 225 1340 bis
239 1313 324 1348 virga
344 1313 445 1341 fumea
468 1313 497 1341 in
522 1316 622 1341 nostra
647 1314 852 1344 conversione,
875 1313 960 1348 virga

178 1360 285 1388 florida
300 1360 330 1388 in
345 1362 445 1388 nostra
468 1360 702 1394 conversatione,
719 1360 803 1395 virga
825 1367 916 1388 aurea
930 1360 959 1387 in

177 1409 278 1435 nostra
299 1407 563 1443 contemplatione,
586 1407 670 1442 virga
691 1407 786 1435 ferrea
809 1407 838 1434 in
860 1409 960 1434 nostra

178 1454 359 1482 defensione.
385 1455 463 1481 lianc
486 1454 600 1488 virgam
624 1462 692 1481 vere
715 1454 918 1490 contemplans
933 1456 961 1482 et

179 1500 267 1535 digne
291 1500 444 1528 admirans
470 1501 574 1528 beatus
597 1500 762 1528 Bernartius
783 1501 823 1528 ait
843 1502 853 1517 ²
876 1510 882 1528 :
909 1511 922 1526 (ι
938 1502 960 1529 0

179 1548 277 1583 Virgo,
294 1548 378 1582 virga
389 1547 536 1582 sublimis,
548 1547 586 1575 ad
601 1549 743 1583 quantam
756 1547 959 1576 celsitudinem

178 1595 318 1623 verticem
332 1598 466 1623 sanctum
481 1596 584 1631 erigis!
604 1604 696 1632 usquc
714 1596 752 1623 ad
768 1596 919 1623 sedentem
932 1596 960 1623 in

179 1642 297 1677 throno,
314 1650 408 1678 usque
425 1643 463 1670 ad
481 1643 637 1670 Dominum
653 1644 686 1679 (b)
703 1643 872 1678 majestatis,
885 1651 961 1678 quo-

180 1689 260 1717 niam
276 1689 306 1716 in
324 1689 417 1717 altum
432 1690 521 1717 mittis
536 1690 650 1717 radices
663 1690 844 1717 humilitatis.
858 1700 872 1714 i)
889 1691 961 1717 Con-

179 1738 336 1772 sequenter
348 1736 582 1770 consideremus,
598 1736 773 1771 charissimi,
788 1737 891 1764 tlorem
907 1737 961 1763 hu-

176 1783 225 1818 jus
240 1783 345 1818 virgoe;
363 1783 597 1817 consideremus,
618 1783 753 1819 inquam,
769 1783 798 1810 in
814 1783 899 1817 virga
914 1791 960 1810 re-

180 1830 246 1865 gia,
263 1833 291 1858 et
307 1830 336 1858 in
358 1830 471 1866 virgine
491 1830 577 1859 Maria
594 1831 820 1867 quadruplicem
840 1832 960 1865 liorem,

180 1877 318 1905 videlicet
347 1877 451 1905 ssorcm
480 1878 629 1913 pretiosoe,
657 1878 761 1905 florem
790 1877 962 1912 virginitatis

180 1924 317 1952 virtuosae
344 1924 522 1958 honestatis,
558 1926 661 1951 liorem
691 1924 877 1952 miraculosae
909 1924 961 1951 su»-

180 1971 358 2005 cunditatis,
379 1974 407 1999 et
433 1973 536 1998 tlorem
558 1971 694 2006 gloriosae
723 1971 959 1999 immortalitatis.

182 2019 218 2045 lic
250 2018 322 2045 ssore
353 2018 449 2053 primo
479 2018 713 2052 consideremus,
736 2019 911 2052 charissimi,
932 2019 962 2046 in

182 2064 269 2092 Maria
285 2065 389 2092 liorem
409 2065 545 2101 pretiosae
562 2065 752 2100 virginitatis,
776 2066 827 2101 qui
844 2067 886 2092 est
899 2066 962 2101 ipsa

182 2111 342 2147 virginitas,
362 2113 398 2139 Dc
416 2112 472 2140 hoc
493 2112 600 2140 dicitur
621 2112 649 2139 in
676 2114 752 2139 isaia
768 2113 778 2129 ³
793 2122 798 2139 :
816 2113 961 2139 multati!

179 2158 315 2193 solitudo,
334 2162 358 2186 et
384 2160 489 2192 florebit
511 2161 591 2194 quasi
616 2160 715 2186 lilium.
743 2159 830 2186 Maria
854 2167 962 2187 conve—

180 2204 294 2232 nienter
327 2205 459 2233 solitudo
494 2206 550 2233 dici
590 2206 701 2241 potuit,
736 2214 801 2242 quie
838 2208 897 2233 tam
927 2206 962 2233 li-

180 2251 282 2279 benter
303 2251 434 2279 solitaria
460 2252 636 2288 suit,-quain
661 2253 749 2280 etiam
770 2255 911 2288 tanquam
931 2253 963 2280 li-

180 2298 284 2325 benter
313 2298 475 2326 solitariam
506 2299 633 2333 Angelus
665 2299 800 2327 visitavit.
834 2300 962 2335 ideoque

181 2344 256 2372 bone
271 2346 300 2372 B.
320 2345 494 2373 Ambrosius
508 2345 548 2373 ait
562 2347 571 2362 '⁴
587 2355 592 2372 :
611 2356 625 2371 a
641 2346 739 2374 Solam
760 2347 789 2373 in
804 2347 962 2381 penetrali-

181 2391 246 2425 bus,
264 2399 357 2427 quam
372 2400 461 2420 nemo
477 2392 609 2420 virorum
630 2393 752 2426 videret,
769 2393 850 2420 solus
864 2396 962 2421 autem

181 2438 290 2474 reperit
305 2439 399 2466 solam
415 2439 477 2467 sine
489 2439 606 2472 comite,
620 2442 669 2466 aut
678 2440 771 2468 solam
782 2440 843 2468 sine
856 2442 935 2468 teste.
947 2452 959 2466 »

215 2524 221 2540 ¹
244 2524 311 2547 l'snl.
333 2531 366 2555 11,
385 2526 406 2548 9.
429 2538 459 2542 —
481 2525 489 2539 ²
508 2525 595 2555 Bern.,
615 2524 645 2548 (Ie
664 2524 725 2549 Adv.
744 2526 825 2556 Dona,
841 2533 918 2549 serm.
936 2532 962 2557 lt,

183 2566 209 2582 n.
230 2560 283 2582 4.-
301 2560 311 2576 ³
325 2561 384 2590 Isa„
402 2567 480 2588 xxxv,
500 2563 560 2584 i.—
576 2561 583 2574 ⁴
602 2560 730 2589 Ambros.y
747 2561 770 2583 ιἰι
789 2562 854 2591 Luc,
872 2561 916 2586 hb.
932 2562 963 2592 11,

184 2602 210 2618 n.
227 2597 250 2617 S.
266 2609 296 2613 —
312 2597 322 2613 ⁶
339 2597 407 2625 Luc.,
427 2598 495 2627 1‚·i7.
514 2610 538 2614 —-
556 2597 566 2613 θ
583 2597 671 2626 Bern.,
683 2596 726 2620 ubi
745 2604 821 2627 supra
837 2600 963 2628 proxime,

185 2638 211 2655 n.
227 2632 306 2656 3.—⁷
325 2633 410 2662 Ecca„
426 2639 498 2664 xxiv,
515 2634 553 2658 23.
568 2647 593 2650 -
612 2633 715 2661 ieeur„
732 2639 764 2663 ιι,
783 2637 815 2657 ιι,
827 2647 854 2651 -
870 2636 874 2644 “
890 2634 963 2664 ibid„

1018 228 1178 263 Quomodo
1191 231 1292 258 autem
1309 229 1366 259 ista
1379 229 1522 267 solitudo,
1537 231 1693 268 quomodo
1705 233 1797 262 Maria

1016 275 1103 311 virgo
1117 275 1302 313 exultaverit,
1318 277 1384 314 ipsa
1393 277 1482 312 dicat,
1491 277 1590 314 ipsam
1599 277 1775 308 audiamus·
1785 290 1796 309 .-

1016 324 1053 351 Et
1075 324 1212 352 exultavit
1232 325 1352 360 spiritus
1370 332 1443 353 meus
1466 326 1498 352 in
1516 326 1570 353 Deo
1594 326 1714 354 salutari
1725 333 1794 356 meo.

1017 370 1082 398 llaec
1093 371 1177 398 terrae
1189 370 1320 400 solitudo
1334 371 1435 400 floruit
1450 371 1536 408 quasi
1549 371 1646 400 lilium
1666 380 1720 409 per
1734 372 1795 402 vir-

1017 415 1180 452 ginitatem.
1196 418 1219 446 0
1233 417 1329 446 lilium
1344 418 1531 454 angelicum!
1546 427 1564 448 ο
1577 418 1635 447 flos
1650 418 1794 448 coelestis!

1017 464 1039 492 O
1053 471 1123 492 vere
1136 463 1193 492 flos
1206 464 1332 493 coelestis
1340 485 1351 500 ,
1373 473 1465 502 quem
1486 466 1597 494 tantum
1614 464 1718 494 dilexit
1731 465 1798 502 apis

1015 509 1069 538 illa
1081 510 1310 546 superooelestis!
1336 511 1408 540 Dicit
1431 511 1512 540 enim
1525 512 1555 540 B.
1579 511 1745 540 Bernardus
1760 513 1771 530 ⁶
1786 520 1794 540 t

1019 567 1033 582 «
1049 556 1119 598 Apis
1132 557 1184 585 illa
1196 565 1263 594 quae
1278 557 1408 594 pascitur
1421 557 1496 586 inter
1509 557 1583 593 lilia,
1596 566 1663 595 quai
1676 558 1797 595 florige-

1015 611 1081 632 ram
1109 603 1256 633 inhabitat
1275 604 1403 641 patriam
1414 625 1424 640 ,
1447 604 1570 642 quando
1589 605 1631 633 ad
1649 605 1798 634 civitatem

1016 651 1168 686 Nazareth,
1184 652 1269 688 quod
1283 651 1490 688 interpretatur
1508 652 1576 687 flos,
1590 651 1755 687 advolavit,
1769 654 1798 681 et

1016 699 1056 727 ad
1076 699 1301 728 suaveolentem
1321 701 1472 736 perpetum
1495 699 1672 735 virginitatis
1690 699 1797 728 florem

1016 746 1161 783 pervenit,
1177 746 1220 774 illi
1235 746 1352 782 insedit,
1368 747 1410 775 illi
1424 746 1548 775 inhaesit.
1565 757 1578 773 n
1596 748 1664 776 Flos
1677 746 1797 782 virgini-

1017 794 1082 822 tatis
1090 793 1176 830 quasi
1188 795 1231 822 tot
1243 794 1334 822 habet
1343 794 1416 823 solia
1423 816 1432 830 ‚
1444 797 1518 831 quot
1527 794 1680 831 virginitas
1695 795 1797 824 condi-

1017 841 1111 869 tiones
1135 843 1163 869 et
1189 841 1348 877 praeconia.
1376 842 1398 870 Ο
1428 844 1574 878 quantum
1601 841 1690 877 hujus
1715 841 1797 871 ssoris

1016 895 1134 916 coronae
1160 896 1214 924 per
1236 888 1356 917 Mariam
1378 890 1446 916 sunt
1471 888 1688 924 multiplicatae!
1714 888 1796 917 Unde

1016 937 1045 963 Β.
1075 935 1247 964 Ambrosius
1272 935 1313 964 ait
1339 945 1346 963 :
1384 945 1397 962 «
1425 936 1498 964 Cum
1529 935 1559 963 in
1588 937 1649 964 toto
1681 935 1796 964 mundo

1015 981 1166 1018 virgineus
1200 982 1255 1010 flos
1294 982 1383 1010 Maria
1418 982 1678 1010 immarcessibiles
1710 989 1797 1011 coro-

1015 1037 1069 1058 nas
1096 1030 1239 1064 innectat,
1267 1032 1295 1058 et
1314 1029 1524 1066 sceptrigeram
1541 1030 1572 1065 (r.)
1595 1029 1720 1066 pudoris
1741 1037 1795 1058 au-

1015 1076 1075 1104 lam
1106 1076 1299 1105 immaculato
1321 1079 1475 1104 conservet
1498 1076 1615 1110 affeetu,
1639 1084 1796 1113 quousque

1015 1123 1167 1158 integritas
1195 1123 1396 1159 perseveravit
1430 1123 1469 1152 ad
1511 1123 1644 1160 palmam
1658 1144 1667 1157 ‚
1701 1125 1732 1152 ut
1766 1125 1798 1152 in

1015 1169 1123 1206 puellis
1144 1170 1312 1206 trophaeum
1329 1170 1489 1199 sanctitatis
1511 1170 1668 1207 arriperet,
1695 1173 1723 1198 et
1744 1178 1798 1206 per

1015 1217 1138 1253 vestigia
1152 1218 1247 1246 Matris
1268 1218 1392 1253 Virginis
1406 1218 1445 1246 ad
1461 1217 1610 1246 eoelestem
1633 1218 1798 1246 thalamum

1015 1264 1192 1300 perveniret.
1209 1274 1222 1290 ι)

1052 1312 1188 1340 Secundo
1209 1311 1446 1346 consideremus,
1465 1311 1641 1347 charissimi,
1663 1311 1693 1340 in
1708 1311 1798 1340 Maria
1813 1323 1837 1342 iu
1846 1322 1920 1342 nma-

1016 1359 1120 1387 ssorem
1136 1359 1273 1387 virtuosae
1293 1359 1465 1394 honestatis,
1488 1367 1607 1387 morum
1628 1362 1656 1388 et
1677 1360 1754 1394 vitoe,
1769 1362 1798 1388 et
1813 1353 1920 1406 ζὲὶοεῗξζ

1016 1405 1053 1434 de
1068 1406 1124 1434 hoc
1140 1406 1213 1442 quid
1227 1406 1291 1442 ipsa
1307 1405 1395 1440 dicut,
1409 1405 1567 1434 audiamus
1582 1407 1592 1423 ⁷
1606 1416 1614 1434 :
1632 1407 1721 1434 Flores
1734 1409 1796 1442 mei,
1812 1415 1848 1436 tin.

1016 1453 1121 1489 inquit,
1136 1455 1244 1486 fructus
1259 1453 1366 1480 honoris
1377 1456 1402 1479 et
1415 1453 1572 1481 honestatis.
1589 1454 1611 1481 Ο
1628 1461 1719 1489 quam
1733 1454 1798 1490 pul-

1017 1500 1086 1528 cher
1100 1503 1142 1527 est
1158 1499 1293 1527 virtuosae
1307 1502 1333 1527 et
1345 1500 1474 1527 honestae
1488 1499 1554 1527 vitaz
1568 1500 1623 1528 ssos
1638 1508 1756 1528 morum
1771 1503 1799 1529 et

1018 1547 1195 1583 disciplinae!
1217 1546 1273 1573 Sed
1286 1548 1363 1574 certe
1383 1546 1536 1582 pluraliter
1551 1546 1680 1574 dicitur:
1707 1548 1798 1576 Flores

1016 1597 1087 1621 mei:
1104 1594 1172 1621 ideo
1188 1593 1332 1627 dicamus,
1354 1593 1437 1629 quod
1461 1596 1500 1621 tot
1521 1595 1589 1621 sunt
1614 1593 1642 1620 in
1663 1594 1799 1622 moribus

1018 1642 1115 1675 tiores,
1132 1643 1205 1676 quot
1220 1641 1356 1675 virtutcs;
1374 1643 1414 1668 tot
1430 1643 1496 1668 sunt
1513 1640 1643 1668 honestae
1660 1641 1726 1668 vitae
1741 1641 1796 1669 sso-

1017 1696 1073 1722 rcs,
1099 1689 1172 1723 quot
1193 1689 1261 1715 sunt
1284 1687 1404 1714 virtutes
1425 1687 1515 1714 vitam
1534 1687 1731 1715 honestantes.
1759 1689 1796 1716 De

1017 1735 1061 1762 his
1077 1734 1199 1762 tloribus
1214 1733 1340 1761 dicitur³
1358 1734 1465 1761 :Flores
1479 1739 1667 1768 apparuerunt
1684 1736 1713 1762 in
1725 1738 1798 1763 terra

1017 1785 1119 1809 nostra.
1138 1783 1174 1809 De
1195 1780 1240 1808 his
1255 1781 1344 1808 ctiam
1365 1780 1472 1808 dicitur
1495 1782 1505 1796 ‘³
1531 1790 1537 1808 z
1564 1782 1687 1809 Lectulus
1710 1785 1798 1810 noster

1017 1831 1107 1863 slot-uie
1122 1829 1166 1865 (c).
1189 1829 1259 1856 Eece
1286 1828 1374 1856 flores
1395 1828 1424 1855 in
1449 1830 1535 1862 terra,
1562 1828 1650 1856 flores
1670 1828 1701 1856 in
1722 1829 1797 1857 lecto

1018 1876 1194 1903 invenimus
1216 1877 1303 1902 Terra
1324 1882 1408 1902 mens
1433 1874 1597 1903 activorum
1604 1884 1613 1910 3
1630 1875 1721 1903 lectus
1743 1884 1798 1904 au-

1020 1926 1077 1950 tem
1100 1930 1182 1950 mens
1205 1922 1515 1958 contemplativorum.
1539 1925 1636 1956 Terra,
1662 1923 1797 1959 inquam,

1020 1972 1061 1997 est
1077 1977 1160 1997 mens
1179 1968 1358 1996 fructificans
1375 1969 1405 1996 in
1424 1969 1505 1996 bona
1523 1970 1651 2003 actione;
1675 1970 1798 1998 lectulus

1019 2020 1128 2048 autem,
1140 2024 1223 2044 mens
1234 2016 1362 2051 quictem
1379 2016 1481 2043 fovens
1494 2016 1523 2043 in
1536 2017 1795 2053 contemplatione.

1019 2063 1082 2091 Sive
1097 2071 1167 2097 ergo
1183 2063 1217 2090 sit
1239 2071 1323 2090 mens
1343 2063 1449 2097 activa,
1473 2063 1533 2090 sive
1555 2063 1797 2099 contemplativa,

1020 2118 1137 2146 semper
1156 2109 1243 2137 debet
1260 2109 1382 2137 floribus
1401 2117 1463 2137 esse
1484 2111 1616 2137 venusta.
1640 2111 1699 2137 Hoc
1720 2118 1796 2146 quo-

1020 2165 1077 2193 que
1100 2157 1264 2184 notandum
1285 2158 1343 2191 cst,
1366 2155 1449 2192 quod
1475 2156 1530 2184 ilos
1550 2156 1720 2191 honestatis,
1736 2156 1797 2185 imo

1020 2206 1074 2232 ilos
1097 2203 1253 2239 cujuslibet
1279 2203 1392 2230 virtutis
1426 2203 1509 2238 quasi
1540 2205 1580 2231 tot
1603 2203 1694 2231 habet
1714 2203 1795 2239 solia,

1020 2253 1093 2287 quot
1107 2251 1188 2279 bona
1203 2252 1230 2278 et
1249 2249 1398 2277 meritoria
1425 2249 1514 2278 habet
1537 2258 1638 2286 opera.
1660 2252 1682 2278 Ο
1705 2258 1797 2287 quam

1020 2298 1127 2326 florida
1151 2297 1203 2325 suit
1225 2299 1316 2331 terra>
1337 2305 1428 2333 quam
1450 2296 1574 2324 floridus
1596 2297 1649 2325 suit
1673 2297 1797 2325 lectulus

1021 2345 1124 2379 Merite,
1139 2353 1205 2380 qum
1229 2344 1257 2371 in
1284 2343 1396 2371 tlorithe
1415 2343 1478 2371 vitae
1502 2344 1653 2371 honestate
1674 2344 1798 2372 florebat

1020 2392 1155 2420 omnium
1193 2391 1335 2418 virtutum
1368 2392 1519 2418 venustate
1535 2411 1542 2425 ‚
1579 2390 1654 2418 sieut
1678 2392 1797 2418 testatur

1020 2440 1124 2467 heatus
1159 2437 1340 2472 Bernartius,
1371 2437 1471 2465 dicens
1496 2438 1516 2455 ¹⁰
1543 2447 1549 2465 :
1582 2448 1595 2463 «
1609 2439 1650 2465 Tu
1678 2440 1795 2466 sancto-

1023 2522 1041 2546 1,
1055 2518 1090 2539 16.
1105 2527 1128 2532 -
1147 2516 1163 2528 '¹'
1180 2515 1266 2545 Bern.‚
1280 2514 1318 2538 vel
1336 2514 1446 2544 Ecbcrt„
1463 2514 1562 2542 Delu-ec.
1573 2516 1596 2537 et
1611 2513 1679 2537 laud.
1691 2514 1724 2537 ml
1734 2514 1794 2539 Bi.

1023 2552 1100 2581 Mar„
1117 2558 1142 2574 u.
1160 2552 1182 2574 4.

1054 2598 1086 2624 ἀ)
1099 2596 1160 2620 Cwl.
1172 2595 1232 2619 edil.
1245 2596 1337 2619 evadit.
1347 2608 1375 2612 —
1387 2595 1419 2625 (b)
1432 2595 1491 2618 uem
1508 2595 1637 2618 thronum.
1649 2608 1680 2612 --
1693 2595 1722 2625 (c)
1737 2596 1795 2620 Item

1023 2633 1185 2664 septigvram.
1202 2645 1231 2650 —
1251 2632 1288 2662 (d)
1308 2631 1379 2662 iulg.
1395 2630 1510 2662 floridus.
