2029 3052
540 221 721 258 CARMiNA
743 221 872 254 SUPER
894 220 1096 253 CAN'l'tCUM
1119 221 1247 253 SALVE
1272 221 1430 254 REGlNA.
1733 225 1791 255 197

517 323 606 361 Salve.

170 391 266 426 Salve,
279 390 332 418 lux
343 389 488 424 fidelium,
503 387 619 424 fulgens
634 388 666 415 ut
678 393 798 420 aurora,

171 440 240 473 Quae
254 446 284 466 es
299 445 388 474 supra
402 436 498 464 lilium
508 434 634 471 pulchra
649 436 677 462 et
692 433 812 465 decora,

172 486 265 514 Omne
280 484 363 522 quod
379 484 422 512 est
437 483 561 511 noxium
570 481 641 510 tolle
653 481 716 509 sine
730 487 827 514 mora,

171 534 203 561 Et
217 532 266 561 Dei
280 531 424 560 auxilium
437 538 492 567 pro
506 529 594 558 nobis
608 528 748 566 implora.

513 611 558 638 Ad
574 613 607 639 te.

170 675 215 704 Ad
229 676 256 704 te
271 675 436 704 clamamus
449 674 559 708 miseri,
571 673 699 702 multum
714 671 850 701 desolati.

170 723 259 752 Nobis
275 731 361 751 aures
374 722 456 758 aperi
471 722 598 758 pectoris
612 720 718 749 sacrati
731 729 738 748 :

171 772 203 799 Ut
214 779 232 799 a
244 770 331 799 fauce
345 769 431 798 inferi
441 777 494 805 per
503 770 530 797 te
540 768 669 803 liberati,

169 819 394 854 consequamur
408 815 495 845 liberi
511 816 592 844 viam
606 815 648 843 tui
663 815 734 844 nati.

474 895 638 924 Clamamus.

169 960 337 989 clamamus
348 959 484 988 devotius
500 959 539 987 ad
554 960 581 987 te
596 958 786 996 suspirantes,

168 1009 201 1036 Et
212 1007 401 1036 affectuosius
415 1009 443 1035 te
458 1007 506 1043 pie
521 1008 685 1043 precantes.

169 1054 237 1083 Dele
252 1055 336 1092 quod
350 1054 472 1083 interius
486 1054 565 1083 male
581 1054 742 1090 cogitantes

170 1102 317 1130 Gessimus
332 1101 459 1130 exterius
474 1109 563 1138 opere
578 1102 745 1138 peccantes.

504 1180 615 1207 Exules.

171 1241 277 1270 Exules
291 1241 382 1269 exilio
397 1249 502 1270 omnes
518 1250 620 1270 sumus
634 1242 705 1278 dati,

168 1290 224 1317 Pro
236 1291 393 1325 parentum
407 1289 479 1317 vitio
494 1289 591 1325 gloria
604 1290 722 1325 privati,

169 1335 299 1363 Paradisi
316 1336 428 1371 gaudio
444 1338 471 1364 et
487 1336 655 1370 exorbitati,

169 1384 230 1411 Tuo
242 1382 388 1411 beneficio
404 1391 506 1411 sumus
519 1383 657 1419 reparati.

523 1463 602 1490 Filii.

171 1524 235 1552 Filii
249 1525 524 1561 suspiriis-prodere
540 1526 687 1561 coguntur

170 1572 270 1600 Mundi
288 1572 438 1600 miseriam
453 1572 502 1608 (a),
517 1580 571 1608 per
585 1580 678 1608 quam
693 1573 895 1602 involvuntur.

170 1619 215 1647 Ad
227 1619 368 1647 damnata
382 1619 450 1647 vitia
467 1628 544 1655 saepe
559 1620 748 1656 dilabuntur3

171 1666 227 1694 Sed
246 1666 449 1695 misericordia
464 1668 514 1695 tua
530 1667 699 1695 fulciuntur.

530 1748 601 1774 Evoe.

171 1810 236 1836 Evae
251 1808 352 1844 lapsus
367 1808 464 1839 intulit
478 1809 625 1838 damnum
641 1811 842 1847 desperatum,

172 1857 204 1882 Et
219 1863 237 1882 a
250 1855 338 1882 nobis
354 1855 474 1883 abstulit
489 1857 633 1891 gaudium
647 1858 778 1886 beatum.

172 1905 203 1930 Et
218 1905 286 1938 post
299 1905 391 1930 Evam
405 1904 529 1932 contulit
541 1905 651 1940 Virgini
665 1906 862 1942 incarnatum,

172 1951 235 1984 Quo
250 1950 343 1978 modo
358 1953 484 1978 mortem
499 1951 624 1987 sustulit,
642 1952 727 1981 diluit
740 1956 903 1989 peccatum.

509 2029 555 2056 Ad
577 2031 610 2057 te.

170 2092 216 2120 Ad
230 2094 256 2120 te
272 2092 401 2120 clamant
417 2092 526 2127 jugiter
543 2093 584 2121 tui
598 2093 786 2130 famulantes,

171 2141 203 2167 Et
218 2139 249 2166 in
260 2141 287 2167 te
301 2139 428 2167 fideliter
439 2147 543 2167 omnes
555 2141 745 2176 suspirantes,

171 2187 315 2213 Juvamen
329 2185 479 2214 humiliter
495 2188 579 2214 tuum
593 2187 798 2225 implorantes,

172 2233 250 2266 Quos
264 2232 493 2261 misericorditer
507 2234 612 2262 audias
628 2235 799 2265 clamantes.

470 2313 652 2349 suspiramus.

172 2375 360 2412 Suspiramus
374 2375 492 2404 fletibus
504 2378 612 2405 nostris
626 2386 681 2414 pro
696 2380 835 2415 peccatis,

171 2425 204 2450 Et
218 2423 318 2451 multis
333 2423 492 2458 gemitibus
507 2432 560 2459 per
579 2432 633 2452 nos
648 2427 830 2462 perpetratis

172 2470 229 2498 Sed
243 2470 274 2497 in
289 2471 316 2497 te
333 2469 520 2504 confidimus,
537 2472 630 2498 mater
645 2472 770 2507 pietatis.

171 2519 244 2545 Vere
258 2517 469 2553 poenitentibus
484 2518 603 2546 veniam
615 2518 654 2546 da
666 2520 766 2554 gratis

496 2597 641 2625 Gementes.

175 2661 326 2688 Gementes
342 2660 500 2688 recolimus
515 2661 594 2688 mala
610 2663 765 2695 retroacta,

175 2707 243 2741 Quae
258 2707 358 2743 inique
374 2707 517 2742 gessimus
532 2710 629 2735 menie
645 2716 704 2736 non
720 2711 832 2737 coacta.

1008 289 1066 317 Sed
1080 289 1111 317 in
1126 291 1152 317 te
1167 289 1358 325 confidimus,
1373 290 1464 319 Maria
1477 289 1597 325 intacta,

1009 337 1042 364 Ut
1056 344 1074 364 a
1087 337 1125 372 te,
1138 345 1204 373 quoe
1217 338 1355 374 petimus,
1376 337 1434 366 sint
1446 337 1478 366 in
1492 338 1580 366 nobis
1595 337 1682 366 sacta.

1323 419 1358 446 Et
1373 419 1475 453 flentes.

1010 479 1043 506 Et
1055 478 1159 507 flentes
1173 479 1330 509 doloribus
1342 483 1440 509 mente
1456 481 1638 516 verecunda,

1009 527 1120 554 Lumen
1136 527 1243 555 nostris
1254 528 1396 556 cordibus
1410 529 1535 557 infunde
1547 528 1678 558 secunda
1695 529 1728 564 (b)
1747 537 1754 556 ι

1009 573 1151 601 Vitiorum
1167 574 1307 602 sordibus
1321 575 1451 611 benigne
1466 578 1498 604 tu
1513 576 1646 612 munden

1008 621 1100 656 Junge
1115 628 1170 649 nos
1185 621 1363 658 coelestibus,
1380 623 1470 651 Maria
1482 623 1627 659 jucunda.

1304 702 1338 728 In
1353 701 1402 728 hac
1416 702 1496 729 valle.

1009 764 1040 791 In
1054 763 1110 792 hac
1124 763 1202 792 valle
1216 764 1325 792 misera
1339 764 1467 792 multum
1482 765 1651 801 tenebrosa,

1009 811 1167 839 Hominum
1181 813 1248 839 sunt
1262 819 1372 847 genera
1387 812 1516 840 multum
1530 812 1661 848 foedosa3

1007 859 1080 885 Nam
1095 866 1200 886 eorum
1213 866 1305 895 opera
1319 860 1388 886 sunt
1402 859 1585 895 contagiosa,

1008 906 1129 940 Propter
1142 905 1219 934 facta
1234 905 1346 933 scelera
1361 907 1389 934 et
1404 907 1614 943 opprobriosa.

1298 986 1498 1020 Lacrymarum.

1007 1049 1218 1084 Lacrymarum
1234 1049 1345 1076 cumuli
1360 1057 1422 1077 non
1435 1050 1570 1085 prosunt,
1584 1049 1633 1077 vel
1648 1057 1751 1085 aquae:

1008 1096 1081 1123 Cum
1094 1103 1177 1123 senes
1192 1097 1221 1123 et
1234 1096 1364 1131 parvuli,
1378 1098 1406 1124 et
1419 1095 1505 1132 plebs
1519 1104 1701 1133 unaquaque

1008 1143 1149 1178 Timeant,
1168 1143 1251 1178 quod
1270 1143 1369 1171 aemuli
1389 1145 1525 1179 quaerunt
1545 1143 1789 1180 circumquaque,

1010 1191 1042 1217 Et
1055 1189 1158 1217 fratres
1172 1190 1260 1226 hujus
1275 1190 1373 1218 saeculi
1386 1191 1507 1218 trahunt
1522 1199 1750 1228 usquequaque.

1331 1271 1385 1298 Eia
1397 1278 1466 1305 erqo.

1009 1332 1060 1360 Eia
1074 1340 1146 1368 ergo
1161 1332 1255 1368 dirige
1271 1333 1304 1369 (c)
1321 1334 1359 1361 ad
1375 1335 1401 1361 te
1415 1336 1530 1362 nostras
1545 1336 1668 1370 mentes,

1009 1381 1103 1415 Atque
1118 1379 1218 1416 lapsos
1234 1380 1272 1417 (d)
1285 1380 1384 1416 erige:
1402 1381 1537 1409 conforta
1548 1384 1717 1418 trementes,

1009 1428 1042 1453 Et
1052 1429 1181 1455 errantes
1196 1427 1311 1463 corrige
1326 1431 1352 1455 te
1366 1428 1414 1464 pie
1428 1431 1601 1465 quaerentes,

1009 1473 1128 1501 Miseros
1143 1482 1197 1502 nos
1212 1476 1334 1510 protege
1351 1475 1384 1510 (e)
1400 1475 1431 1502 in
1448 1477 1474 1504 te
1491 1476 1682 1504 confidentes.

1323 1556 1475 1583 Advocata.

1008 1618 1158 1646 Advocata
1172 1618 1276 1654 libera,
1293 1627 1395 1647 coram
1410 1620 1560 1648 salvatore

1009 1665 1158 1693 Postulare
1177 1674 1317 1702 propera,
1333 1670 1535 1704 consuetoque
1550 1677 1646 1703 more,

1008 1713 1040 1739 Et
1053 1720 1108 1747 pro
1124 1715 1209 1748 gente
1224 1713 1343 1748 misera,
1360 1714 1492 1750 benigno
1506 1715 1619 1750 favore,

1008 1761 1113 1787 Natum
1128 1763 1212 1788 tuum
1228 1761 1330 1797 mitiga
1342 1764 1477 1791 materno
1491 1771 1603 1791 amore.

1343 1843 1455 1871 Nostra.

1007 1904 1110 1930 Nostra
1125 1911 1191 1939 spes
1207 1904 1343 1932 fidelium
1361 1913 1478 1940 semper
1493 1905 1547 1933 fuit
1561 1905 1637 1940 talis

1007 1952 1054 1978 hst
1068 1952 1095 1978 et
1111 1951 1164 1978 erit
1181 1951 1327 1986 omnium,
1343 1953 1431 1979 Mater
1446 1952 1616 1987 virginalis,

1008 1999 1041 2025 Ut
1055 1998 1142 2025 nobis
1157 1998 1327 2034 praesidium
1339 1999 1440 2027 civitas
1452 2000 1561 2035 regalis

1007 2045 1056 2080 Sit,
1073 2048 1162 2082 atque
1176 2046 1354 2081 remedium,
1370 2046 1463 2082 pulsis
1478 2047 1584 2083 procul
1597 2047 1692 2076 malis.

1050 2127 1113 2153 Illos
1130 2129 1187 2153 tuos
1203 2126 1390 2154 misericordes
1407 2128 1493 2154 oculos
1509 2127 1545 2154 ad
1560 2135 1606 2154 nos
1621 2131 1753 2156 converte.

1007 2189 1076 2217 lllos
1090 2189 1156 2225 pios
1172 2189 1276 2217 oculos
1292 2191 1319 2217 et
1331 2189 1537 2217 misericordes

1008 2238 1152 2264 Converte
1167 2236 1206 2264 ad
1217 2236 1345 2263 famulos
1360 2237 1390 2264 in
1406 2237 1488 2264 bono
1502 2237 1654 2266 discordes
1664 2260 1673 2273 ,

1009 2285 1040 2311 Et
1057 2284 1096 2311 ad
1112 2283 1225 2310 malum
1239 2283 1360 2311 sedulos
1375 2283 1479 2311 fortius
1495 2286 1669 2321 concordes,

1008 2332 1117 2358 Nostrae
1131 2330 1226 2358 carnis
1237 2330 1373 2358 stimulos
1388 2330 1498 2365 deleas,
1516 2334 1542 2360 et
1557 2333 1669 2360 sordes.

1165 2411 1201 2437 Ec
1215 2411 1304 2438 Jesum
1320 2411 1487 2440 benedictum
1502 2414 1631 2446 fructum.

1009 2476 1041 2502 Et
1055 2475 1153 2501 Jesum
1168 2473 1354 2509 unigenitum
1368 2475 1496 2503 fructum
1512 2476 1714 2512 benedictum,

1009 2523 1134 2549 Monstra
1148 2522 1236 2549 nobis
1251 2522 1407 2559 inclytum,
1423 2524 1524 2559 pium,
1548 2526 1575 2551 et
1596 2532 1658 2552 non
1677 2525 1791 2560 fictum,

1009 2571 1062 2596 Per
1069 2577 1158 2605 quem
1168 2577 1258 2604 genus
1270 2570 1417 2605 perditum
1427 2579 1444 2598 a
1454 2572 1512 2598 Deo
1524 2570 1554 2598 in
1563 2579 1659 2599 aevum
1668 2572 1789 2607 victum,

1009 2618 1112 2644 Datum
1127 2616 1157 2643 in
1172 2616 1332 2651 interitum,
1348 2617 1452 2645 rev'mit
1466 2617 1619 2646 invictum.

1042 2680 1073 2711 (ιι)
1095 2680 1156 2704 Coet.
1177 2679 1237 2703 edil.
1254 2687 1299 2711 pro
1319 2681 1430 2704 miseria.
1446 2694 1475 2697 —
1492 2681 1525 2711 (b)
1543 2681 1603 2705 Item
1625 2682 1746 2706 facunda.
1760 2695 1791 2699 --

1011 2717 1041 2746 (c)
1055 2716 1116 2740 Item
1132 2716 1218 2747 digne.
1236 2729 1263 2733 —
1281 2716 1317 2746 (sl)
1334 2717 1394 2741 Item
1408 2716 1505 2747 lapsus.
1523 2718 1554 2747 (ε)
1572 2719 1633 2742 Item
1651 2718 1741 2748 dirige.
