2029 3052
568 227 607 260 IN
630 225 820 260 REGULAM
841 225 1033 259 FRATRUM
1056 225 1253 259 MlNORUM.

143 299 192 330 Ad
213 298 364 340 quintum
384 297 574 337 dicendum,
590 295 676 338 quod
698 293 818 336 duplex
836 298 883 326 est

103 362 182 386 usus
207 362 330 385 rerum.
359 353 494 392 Quidam
516 352 601 384 enim
624 351 762 382 utuntur
782 348 882 380 rebus

104 407 290 438 auctoritate
323 407 468 448 propria,
502 408 538 438 ut
572 403 711 442 domini3
748 402 881 444 quidam

105 459 219 499 aliena,
236 461 274 492 ut
285 461 382 499 servi,
391 460 478 501 quia,
494 462 531 492 ut
547 459 625 492 dicit
638 458 702 497 lex,
718 456 754 488 ff.
771 456 815 489 De
826 463 882 497 pe-

52 512 55 514 ’
105 512 202 553 culio,
219 513 317 545 vestis
330 523 394 555 qua
404 515 507 546 utitur
514 521 638 551 servus,
649 514 697 544 est
706 511 744 543 de
757 509 882 552 peculio

104 567 237 599 domini.
263 567 300 599 Et
319 568 394 600 alibi
408 568 484 600 dicit
497 568 550 599 lex
560 591 570 607 ,
587 566 673 608 quod
691 565 771 597 iliud
796 564 883 605 quod

105 629 199 653 servo
213 621 403 662 acquiritur,
421 621 552 653 domino
566 619 757 661 acquiritur.
774 617 811 649 In
820 626 883 649 usu

104 683 185 714 ergo
203 674 343 715 illorum,
363 675 440 716 quia
461 684 520 706 sua
537 673 724 706 auctoritate
745 673 883 703 utuntur

104 728 219 768 rebus,
246 728 280 759 in
306 728 493 769 huiusmodi
513 736 578 759 non
609 727 716 758 differt
745 733 824 757 usus
864 733 884 755 a

104 782 257 814 dominio.
289 783 326 814 In
353 791 415 814 usu
450 783 558 813 autem
593 781 730 813 aliorum
763 779 880 811 differt.

104 836 185 874 Quia
211 845 290 876 ergo
314 836 426 868 fratres
439 835 575 868 Minores
599 844 657 876 pro
674 834 797 866 Christo
815 842 883 865 ser-

103 889 182 921 viles
203 889 305 921 6116611
327 891 420 930 sunt,
438 892 575 921 utuntur
593 889 690 921 rebus
712 897 792 929 quas
821 896 883 919 usu

103 946 319 983 consumunt,
349 953 408 975 nec
434 946 543 975 tamen
569 944 614 974 eis
648 942 880 974 dominantur:

103 1000 134 1030 et
156 998 191 1029 in
211 999 273 1029 hoc
290 998 396 1039 ipsum
420 998 594 1030 Dominum
617 997 801 1036 imitantur,
825 996 881 1037 qui

103 1053 176 1084 cibo
195 1053 385 1085 vescebatur
408 1053 532 1091 alieno,
548 1053 581 1084 in
598 1051 712 1083 alienis
733 1050 882 1082 domibus

102 1107 255 1138 continue
264 1107 466 1148 hospitando.

144 1160 204 1192 Sed
220 1161 396 1201 quaeritur,
411 1170 453 1192 ex
467 1169 531 1201 quo
547 1160 661 1191 fratres
682 1161 808 1190 tantum
824 1159 884 1190 ha-

102 1215 178 1246 hent
199 1223 296 1245 usum
314 1223 437 1252 rerum,
454 1215 589 1254 possunt
602 1223 644 1244 ne
657 1213 776 1244 habere
787 1222 884 1245 usum

102 1277 382 1308 quarumcumque
396 1270 427 1299 et
442 1269 742 1308 quantumcumque
752 1269 884 1299 rerum?

103 1321 141 1352 Et
162 1322 291 1353 videtur
307 1322 394 1362 quod
411 1322 467 1360 sie,
490 1321 566 1362 quia
586 1323 666 1353 teste
683 1321 838 1361 Gregorio
851 1322 860 1339 ²
874 1333 881 1353 ε

107 1387 121 1406 a
133 1375 253 1408 Census
280 1385 345 1407 non
372 1378 418 1407 est
434 1376 468 1407 in
490 1376 586 1416 culpa
598 1399 606 1413 ,
633 1375 688 1407 sed
703 1375 848 1407 affectus.
865 1387 880 1405 ›)

102 1430 190 1470 Ergo
212 1430 329 1461 sufficit
361 1430 480 1461 habere
504 1430 705 1462 affectionem
727 1430 861 1461 liberam
874 1454 884 1468 ,

102 1493 161 1516 1166
176 1486 223 1515 651
239 1484 289 1516 vis
309 1484 348 1515 de
368 1485 476 1524 rebus,
492 1484 560 1516 sive
575 1484 639 1515 sint
656 1493 799 1524 magnae,
817 1485 885 1517 sive

103 1547 224 1578 parvae.

142 1592 222 1623 Item
233 1594 264 1623 ἐ
285 1592 379 1625 Vidit
393 1594 474 1625 Deus
496 1594 610 1625 cuncta
622 1600 695 1633 quae
709 1593 839 1632 fecerat,
857 1595 886 1625 et

104 1650 198 1679 erant
221 1646 315 1679 valete
336 1646 428 1679 bona.
454 1646 580 1678 Bonum
603 1649 712 1678 autem
739 1647 885 1678 additum

104 1700 205 1739 bono,
226 1702 326 1740 auget
340 1700 448 1740 ipsum
470 1709 477 1729 :
495 1709 576 1740 ergo
598 1701 738 1732 carentia
756 1701 885 1733 divitia-

105 1763 179 1785 rum
191 1753 272 1784 nihil
282 1754 356 1784 facit
370 1754 409 1785 ad
420 1754 657 1794 perfectionem.

147 1807 237 1846 Item,
249 1816 356 1838 nonne
366 1808 459 1838 multi
469 1808 568 1838 sancti
582 1808 739 1847 leguntur
753 1809 786 1839 in
802 1810 886 1840 utro-

106 1871 170 1902 que
182 1861 395 1899 Testamento,
409 1861 443 1891 in
454 1861 575 1892 divitiis
589 1862 789 1892 abundasse?

147 1915 332 1956 Respondeo
347 1915 385 1946 ad
401 1915 625 1955 quaestionem,
637 1916 722 1955 quod
737 1924 812 1946 cum
824 1916 887 1947 fra-

108 1972 170 2000 tres
191 1969 255 2000 sint
280 1969 473 2009 professores
493 1968 656 2000 altissimae
676 1971 884 2009 paupertatis,

106 2024 231 2063 oportet
251 2023 337 2063 quod
357 2022 480 2060 omnia,
504 2031 578 2062 quae
599 2023 635 2053 in
657 2031 770 2054 eorum
790 2033 886 2055 usum

107 2077 252 2115 veniunt,
268 2076 425 2115 habeant,
442 2078 478 2107 ut
499 2078 546 2107 est
567 2076 726 2116 possibile,
746 2078 885 2117 parvita-

108 2132 184 2170 tem,
203 2130 358 2162 vilitatem
371 2133 402 2161 et
418 2130 631 2171 asperitatem,
646 2139 720 2171 quae
736 2131 798 2162 tria
812 2140 887 2172 pau-

108 2186 263 2225 pertatem
278 2184 464 2215 altissimam
479 2184 667 2215 naturaliter
687 2193 887 2224 consequun-

108 2240 171 2270 tur.
187 2238 211 2269 E
224 2240 333 2269 contra
349 2238 462 2270 divites
482 2238 602 2269 habent
622 2238 819 2270 affluentiam
831 2263 838 2277 ,
857 2241 887 2270 et

109 2292 257 2332 gloriam,
274 2294 305 2322 et
319 2292 539 2332 apparentiam
554 2315 562 2329 ,
579 2294 609 2323 et
625 2292 884 2331 consolationem,

109 2355 182 2386 quae
201 2348 333 2386 possunt
356 2345 475 2376 divitiis
499 2345 690 2385 comparari.
713 2345 792 2383 Quia
807 2355 887 2386 ergo

108 2402 290 2440 paupertas,
308 2399 341 2429 in
351 2401 510 2439 quantum
523 2401 568 2430 est
581 2399 741 2430 contraria
755 2399 884 2439 divitiis,

109 2455 195 2484 caret
210 2453 261 2483 his
271 2453 386 2490 tribus,
404 2452 430 2482 si
444 2455 530 2483 caret
544 2452 672 2491 divitiis,
685 2461 813 2484 necesse
828 2456 885 2492 est,

109 2510 146 2537 ut
167 2509 338 2548 paupertas
353 2506 506 2537 altissima
516 2530 526 2545 ,
542 2508 579 2537 ut
594 2508 641 2537 est
656 2506 821 2546 possibile,
835 2516 886 2538 ca-

110 2563 178 2592 reat
192 2561 243 2591 his
257 2561 361 2592 tribus
376 2561 409 2591 in
425 2569 565 2592 summo.
580 2559 651 2591 Non
665 2569 744 2600 ergo
759 2569 887 2601 compe-

143 2659 150 2675 1
167 2659 252 2689 Greg.,
268 2659 370 2690 Moral„
388 2659 432 2683 lib.
452 2660 483 2689 X,
500 2666 523 2683 c.
538 2665 606 2690 xvn,
622 2659 654 2683 al.
671 2665 753 2683 xxvm
771 2659 810 2683 vel
825 2665 887 2691 xxx,

111 2701 128 2718 n
155 2695 194 2718 49.
211 2707 242 2712 —
260 2694 268 2708 ²
287 2694 359 2726 Gen„
376 2701 395 2725 1,
411 2697 450 2720 31.
468 2708 494 2712 -
513 2695 523 2712 ³
539 2695 593 2719 lmo
609 2695 733 2726 Gaufrid.,
752 2695 782 2719 de
798 2695 887 2727 colloq.

111 2730 206 2754 Simon.
226 2737 280 2753 cum
299 2731 365 2760 lesu,
385 2738 409 2755 n.
425 2731 453 2761 2,
476 2731 542 2756 inter
563 2731 648 2763 spuria
667 2731 756 2762 Rern„
771 2733 833 2755 tom.
857 2733 888 2763 ll,

1659 230 1717 261 585

936 294 974 326 tit
992 294 1073 327 viris
1093 294 1288 335 pauperibus
1308 293 1428 326 habere
1454 303 1592 335 magnas
1614 305 1716 337 areas,

937 348 988 379 vel
1016 350 1204 389 sumptuosa
1236 348 1372 380 aedisseia
1383 372 1391 387 ‚
1419 350 1476 379 aut
1503 357 1718 391 quaecumque

937 402 1068 440 similia,
1085 410 1149 433 non
1163 411 1241 433 vasa
1258 404 1388 441 ornata,
1405 411 1470 434 non
1485 402 1614 434 cellaria
1627 404 1718 436 vina-

937 455 985 486 ria
995 479 1003 494 ,
1030 464 1096 486 non
1121 456 1340 496 promptuaria
1367 456 1545 487 instaurata
1562 467 1569 494 ;
1601 457 1655 488 sed
1684 459 1720 488 ut

937 509 1046 540 omnia
1060 533 1070 547 ‚
1086 511 1244 550 quantum
1263 509 1383 550 patitur
1397 510 1566 550 fragilitaS,
1582 511 1621 542 ad
1639 519 1720 551 pau-

937 563 1067 603 pertatis
1088 563 1321 594 strictissimam
1343 564 1491 603 regulam
1508 564 1714 596 reducantur.

938 616 1010 648 ldeo
1031 616 1117 648 addit
1137 626 1145 647 ε
1167 616 1226 648 Sed
1248 619 1405 657 tanquam
1418 618 1587 658 pereqrini
1609 618 1646 650 in
1661 618 1719 651 hoc

938 670 1062 709 soeculo,
1079 672 1108 702 et
1121 669 1265 702 advenoe.

978 723 1016 755 Et
1030 724 1070 755 ad
1083 724 1204 755 dictum
1219 723 1364 764 Gregorii
1386 724 1557 756 dicendum
1578 736 1585 756 :
1609 725 1722 757 Fateor

937 777 1067 818 quiden:
1084 778 1169 818 quod
1184 786 1299 809 census
1314 787 1379 809 non
1400 780 1447 809 est
1461 778 1494 809 in
1509 779 1603 819 culpa
1615 788 1722 811 essen-

937 831 1073 870 tialiter,
1095 832 1147 863 vel
1172 832 1359 871 causaliter;
1387 832 1443 864 sed
1466 833 1718 872 occasionaliter,

938 886 1014 926 quia
1030 886 1194 917 affluentia
1215 886 1325 918 habita
1345 886 1435 918 illicit
1452 887 1596 918 animum
1617 888 1721 928 possi-

937 939 1052 970 dentis.
1064 938 1152 971 Unde
1164 940 1346 972 Bernartius
1357 941 1385 972 ³:
1402 952 1416 970 α
1426 941 1500 973 Haec
1511 942 1557 972 est
1569 941 1649 973 ratio
1657 950 1723 973 non

938 992 1160 1024 habendarum
1175 994 1363 1025 divitiarum
1378 995 1551 1035 praecipue,
1567 995 1644 1035 quia
1654 995 1724 1026 sine

937 1056 1047 1079 amore
1060 1048 1118 1080 vix
1133 1050 1188 1079 aut
1198 1058 1367 1089 nunquam
1383 1048 1496 1080 haberi
1514 1052 1659 1089 possunt.
1670 1060 1685 1078 n

978 1101 1017 1132 Et
1035 1111 1091 1142 per
1107 1102 1168 1133 1106
1187 1104 1274 1143 patet
1293 1103 1457 1143 responsio
1471 1103 1511 1134 ad
1527 1103 1722 1142 secundum,

938 1155 1014 1195 quia
1035 1156 1146 1186 omnia
1166 1158 1242 1187 sunt
1264 1156 1346 1187 bona
1361 1157 1580 1195 essentialiter,
1598 1157 1653 1188 sed
1673 1166 1723 1188 oc-

938 1209 1138 1240 casionaliter
1154 1210 1236 1241 mala
1257 1213 1331 1241 sunt
1352 1220 1392 1242 ex
1410 1211 1554 1242 humana
1577 1211 1721 1242 infirmi-

938 1265 1013 1294 tate.
1031 1262 1120 1295 Unde
1134 1264 1169 1295 in
1183 1265 1357 1305 Sapientia
1374 1264 1491 1296 dieitur
1505 1267 1515 1284 ⁶
1531 1274 1539 1295 :
1560 1265 1724 1297 creaturae

939 1318 999 1350 Dei
1012 1319 1049 1350 in
1063 1318 1175 1350 odium
1189 1319 1286 1358 factae
1300 1322 1395 1357 sunt,
1412 1322 1442 1352 et
1457 1319 1494 1351 in
1510 1321 1723 1352 tentationem

940 1372 1060 1404 animae
1075 1372 1251 1412 hominum,
1268 1374 1344 1405 etin
1356 1372 1569 1413 muscipulam
1583 1372 1721 1413 pedibus

939 1426 1182 1466 insipientium.
1201 1426 1289 1458 Unde
1303 1426 1379 1457 dicit
1393 1426 1491 1458 Poeta
1510 1437 1518 1457 ι

951 1506 1047 1531 Crescit
1056 1513 1129 1531 amor
1142 1506 1251 1538 nummi,
1264 1508 1387 1538 quantum
1401 1507 1456 1539 ipsa
1470 1507 1578 1539 pecunia
1593 1508 1697 1532 crescit.

983 1588 1032 1619 Ad
1050 1587 1181 1619 tertium
1202 1587 1385 1626 dicendum,
1400 1589 1486 1629 quod
1505 1589 1607 1630 aliqui
1621 1589 1722 1620 sancti

939 1643 1070 1674 suerunt
1085 1642 1209 1680 divites,
1226 1643 1279 1673 sed
1290 1643 1486 1683 paucissimi.
1504 1643 1593 1675 Unde
1608 1644 1723 1675 divites

939 1697 973 1727 in
998 1696 1160 1736 singulari
1192 1706 1329 1728 numero
1344 1721 1355 1736 ,
1377 1700 1408 1728 et
1442 1706 1517 1728 eum
1545 1697 1723 1728 conditione

940 1750 1205 1782 commendantur
1219 1760 1238 1781 a
1254 1750 1403 1790 Sapiente
1419 1751 1428 1768 ⁵
1447 1760 1454 1782 :
1470 1752 1588 1784 Beatus
1614 1751 1722 1790 clives,

941 1807 998 1846 qui
1013 1806 1167 1838 inventus
1183 1809 1227 1837 est
1243 1807 1313 1837 sine
1331 1806 1470 1844 macula,
1490 1806 1543 1837 sed
1559 1806 1725 1846 pluraliter

941 1859 1136 1890 damnantur
1150 1868 1168 1889 a
1184 1858 1307 1890 Christo
1318 1859 1328 1875 ⁶
1343 1868 1350 1889 :
1368 1859 1422 1890 Voe
1435 1859 1524 1891 vobis
1547 1858 1718 1898 divitibus,

942 1913 1000 1952 qui
1014 1912 1138 1944 habetis
1153 1912 1206 1944 hic
1221 1913 1468 1945 consolationem
1489 1916 1642 1945 vestram.
1660 1913 1724 1943 11115

941 1968 1052 1997 tamen
1060 1966 1211 1997 omnibus
1223 1965 1368 1997 Christus
1378 1966 1501 1997 infinite
1511 1966 1721 2006 praeponitur,

942 2021 997 2061 qui
1017 2030 1050 2051 se
1065 2020 1214 2051 exhibuit
1233 2020 1610 2060 doctorempaupertatis
1625 2021 1724 2051 verbo

941 2075 1060 2115 pariter
1074 2076 1105 2105 et
1120 2073 1278 2113 exemplo.
1301 2073 1391 2111 Quod
1408 2076 1515 2105 autem
1532 2073 1646 2105 melior
1659 2074 1725 2105 ele-

942 2129 1000 2168 git,
1018 2127 1123 2167 magis
1137 2129 1185 2158 est
1201 2127 1402 2166 eligendum.

982 2182 1134 2222 Sequitur
1158 2181 1296 2212 secunda
1315 2190 1389 2221 pars
1408 2181 1546 2212 rubricae
1564 2192 1570 2212 z
1594 2181 1725 2214 Vadam

939 2244 998 2276 pro
1013 2235 1210 2275 eleemosyna
1230 2234 1434 2274 confidenter,
1447 2237 1506 2266 etc.
1533 2235 1593 2266 Sed
1614 2237 1725 2266 contra

942 2291 1002 2321 hoc
1017 2290 1155 2327 videtur,
1172 2289 1249 2329 quia
1267 2289 1306 2320 de
1328 2290 1445 2320 sanctis
1469 2289 1666 2330 pauperibus
1690 2289 1724 2319 in

943 2343 1142 2375 Hierusalem
1159 2343 1366 2382 congregatis
1381 2343 1499 2374 dicitur
1511 2344 1521 2359 ⁷
1539 2353 1546 2373 ι
1564 2343 1626 2374 Nec
1638 2343 1724 2382 quis-

942 2406 1039 2438 quam
1053 2405 1142 2437 eqens
1157 2399 1224 2428 erat
1238 2397 1323 2428 inter
1338 2396 1421 2428 illos.
1446 2396 1506 2427 Sed
1524 2396 1563 2426 ad
1584 2396 1644 2426 hoc
1671 2405 1724 2435 pa-

943 2454 987 2483 tet
1008 2451 1172 2491 responsio
1195 2459 1234 2481 ex
1260 2450 1420 2490 praedictis
1448 2450 1481 2480 in
1506 2450 1646 2480 secunda
1673 2458 1724 2479 ru-

943 2506 1042 2545 brica,
1058 2505 1135 2545 quia
1149 2504 1194 2535 illi
1210 2513 1365 2544 pauperes
1378 2513 1444 2534 non
1457 2503 1588 2534 omnino
1602 2503 1724 2534 distric-

943 2560 1062 2591 tionem
1077 2558 1258 2599 apostolicae
1270 2557 1464 2598 paupertatis
1475 2556 1721 2597 profitebantur,

944 2617 981 2646 ut
994 2615 1100 2646 visum
1114 2616 1171 2652 est,
1191 2614 1274 2644 inter
1289 2622 1370 2653 quos
1385 2615 1474 2644 erant
1493 2611 1647 2652 neophyti
1662 2611 1723 2642 viri

945 2696 1005 2720 edit.
1025 2696 1092 2719 1690.
1106 2708 1137 2712 -
1151 2695 1161 2711 ⁶
1175 2694 1245 2725 Sap„
1264 2699 1316 2724 nv,
1337 2696 1371 2717 11.
1390 2707 1420 2711 -
1437 2693 1447 2710 ⁵
1463 2692 1549 2723 Eccli„
1566 2698 1638 2723 111111,
1655 2693 1678 2717 8.
1693 2704 1724 2710 —

946 2733 954 2747 ⁶
967 2733 1034 2761 Luc,
1051 2737 1085 2762 v1,
1102 2732 1141 2755 24.
1158 2744 1188 2748 —
1203 2730 1213 2747 ⁷
1229 2731 1294 2760 Act„
1312 2736 1346 2760 ιν,
1363 2730 1401 2753 34.
