2029 3052
589 227 874 261 RESPONsioNIS
896 228 1033 261 PRlMAE
1056 228 1185 263 CAPUT
1207 230 1260 263 111.

118 293 240 333 bolum,
256 295 293 326 ut
306 294 397 334 illud,
413 294 498 336 quod
510 295 582 335 post
591 294 716 326 dierum
729 304 786 327 sex
797 305 893 336 opera

117 347 233 380 dicItur
247 349 255 366 ¹
273 359 280 380 :
295 349 403 389 Igitur
414 349 546 390 perfecti
554 351 630 382 sunt
643 349 725 388 coelz‘,
742 352 773 383 et
791 352 890 389 terra,

117 405 146 436 et
161 403 265 435 omnis
279 404 412 436 ornatus
431 410 550 442 eorum,
574 403 606 434 in
625 403 734 434 anima
748 403 811 436 viri
825 413 892 444 per-

119 456 188 488 fecti
205 456 350 489 videatur
363 466 430 489 esse
442 457 646 498 completum.
663 457 794 498 Propter
805 457 891 498 quod

117 511 218 542 instar
236 511 336 543 trium
356 511 534 552 primorum
556 520 702 552 operum,
723 520 796 552 quae
816 513 892 543 sunt

118 564 230 596 mundi
252 564 472 605 fundamenta,
501 567 533 596 et
553 565 650 597 trium
675 565 890 606 sequentium,

116 627 191 659 quae
214 620 289 650 sunt
311 618 551 659 complementa,
577 619 638 650 tria
661 619 764 660 prima
785 628 826 650 ex
841 619 891 650 his

116 672 234 703 cadunt
246 672 305 703 sub
321 674 406 711 voto,
424 672 484 704 tria
498 681 574 704 vero
584 673 750 714 sequentia
766 673 826 704 sub
842 673 892 705 de-

115 725 242 757 siderio.
273 725 311 757 In
333 726 427 766 cujus
449 726 495 757 rei
517 726 736 758 testimonium
750 751 758 765 ‚
779 727 891 759 beatus

116 788 293 820 pauperum
308 779 487 819 patriarcha
500 779 698 818 Franciscus,
723 780 757 811 in
771 781 891 820 princi-

115 832 168 872 pio
183 831 315 872 Regulae
328 841 407 870 suae,
424 833 486 863 tria
500 833 606 873 prima
618 833 767 873 proponit
781 835 819 865 ut
833 843 889 866 vo-

115 886 231 925 venda,
246 888 400 927 tanquam
414 886 634 925 fundamenta,
649 887 755 918 dicens
772 898 778 918 :
801 899 816 917 «
831 887 892 919 Re-

115 939 194 979 gula
209 942 240 971 et
252 940 318 972 vita
331 940 467 972 fratrum
482 940 642 972 Minorum
655 940 725 972 haec
735 943 792 980 est,
810 941 891 972 scili-

116 997 165 1026 cet
172 994 298 1026 Domini
306 995 406 1027 nostri
415 995 432 1027 J
435 1004 467 1026 es
472 1006 491 1026 u
498 995 611 1027 Christi
627 998 772 1027 sanctum
788 996 892 1028 Evan—

117 1048 241 1088 gelium
263 1049 451 1087 observare,
479 1049 617 1081 vivendo
633 1050 667 1080 in
691 1050 889 1089 obedientia,

117 1103 185 1134 sine
194 1103 334 1143 proprio,
349 1103 426 1134 etin
437 1104 588 1135 castitate.
607 1114 621 1132 ))
644 1103 717 1135 Alia
731 1113 808 1135 vero
830 1104 892 1135 tria

116 1156 320 1196 postmodum
337 1158 371 1188 ut
380 1157 587 1188 desideranda
598 1158 813 1196 commendat,
822 1160 891 1189 tan-

115 1219 212 1251 quam
223 1210 465 1251 complementa,
479 1211 586 1242 dicens
599 1222 605 1242 :
621 1222 636 1240 «
645 1211 817 1242 Attendant
827 1212 892 1243 fra-

114 1267 188 1303 tres,
212 1264 299 1305 quod
326 1273 421 1304 super
445 1264 554 1295 omnia
573 1265 750 1296 desiderare
776 1265 892 1297 debent

114 1319 233 1350 habere
254 1318 409 1359 Spiritum
435 1318 571 1358 Domini,
598 1320 628 1350 et
649 1321 790 1350 sanctam
818 1321 889 1359 eJus

115 1372 342 1413 operationem,
365 1381 458 1403 orare
476 1381 602 1412 semper
622 1372 661 1403 ad
684 1372 785 1404 Deum
810 1383 891 1413 puro

116 1427 219 1465 corde,
243 1428 274 1457 et
292 1426 410 1458 habere
428 1427 642 1458 humilitatem
658 1429 689 1458 et
703 1427 890 1467 patientiam

115 1480 150 1511 in
176 1481 396 1521 persecutione
423 1482 455 1511 et
478 1481 674 1520 infirmitate,
702 1483 732 1512 et
756 1481 891 1521 diligere

115 1542 180 1573 eOS,
194 1534 250 1574 qui
266 1544 325 1565 nos
337 1536 583 1575 persequuntur,
597 1536 628 1566 et
639 1535 888 1575 reprehendunt,

115 1590 145 1619 et
159 1589 314 1627 arguunt.
329 1599 343 1617 ›)
362 1588 420 1620 Ubi
437 1589 490 1619 illa
504 1589 564 1619 trIa
577 1589 692 1629 tangit.
710 1589 791 1620 Nam
805 1599 889 1630 prae-

113 1640 211 1670 mittit
225 1649 353 1671 sursum
365 1641 521 1672 actionem
533 1641 566 1672 in
578 1641 689 1681 Deum,
706 1644 737 1673 et
753 1643 888 1682 subjun-

113 1694 162 1734 git
182 1693 296 1725 ultimo
317 1694 614 1726 condescensionem
630 1695 670 1726 ad
690 1696 887 1735 proximum,

114 1747 319 1788 interponens
338 1748 371 1778 in
393 1748 497 1779 medio
521 1749 722 1780 tolerantiam
737 1750 889 1782 adverso-

113 1810 198 1831 rum.
222 1801 324 1840 Igitur
346 1801 381 1831 in
399 1802 502 1832 tribus
526 1803 637 1842 primis
660 1804 709 1834 vir
730 1805 889 1843 perfectus

114 1854 314 1893 crucifigitur
328 1855 464 1892 mundo;
481 1855 585 1886 tribus
597 1858 803 1896 sequentibus
817 1868 889 1889 con-

113 1908 222 1940 formis
237 1908 374 1939 efficitur
394 1908 468 1947 Deo,
485 1910 522 1939 ut
543 1910 634 1949 quasi
656 1919 712 1941 sex
734 1911 791 1942 alis
804 1920 888 1943 sera-

112 1961 214 2002 phicis
229 1971 248 1992 a
262 1962 477 1992 mundialibus
498 1962 650 2001 elevetur,
677 1965 707 1994 et
730 1964 764 1994 in
779 1965 887 1996 divina

112 2015 243 2047 feratur.
259 2014 394 2046 Proinde
416 2015 512 2055 digne
528 2016 604 2047 huic
626 2018 819 2057 pauperculo
841 2028 887 2050 sa-

112 2079 177 2107 cro,
193 2069 248 2109 qui
261 2069 484 2109 perfectionem
495 2070 665 2110 Evangelii
674 2072 809 2112 perfecte
824 2082 888 2104 ser-

111 2123 209 2161 vavit,
237 2125 268 2153 et
288 2123 413 2161 docuit,
438 2123 471 2153 in
495 2125 693 2164 apparitione
717 2127 884 2166 seraphica

111 2176 263 2215 stigmata
279 2185 338 2207 sua
356 2179 510 2217 tanquam
531 2178 676 2217 sigillum
701 2181 885 2220 approbati-

111 2238 190 2261 vum
201 2229 369 2269 impressit,
382 2232 418 2260 ut
428 2232 537 2262 contra
546 2231 693 2263 finalium
704 2235 885 2274 temporum

110 2283 321 2323 periculosam
348 2283 531 2323 caliginem,
562 2286 765 2317 manifestum
794 2288 886 2319 nobis

111 2337 145 2368 in
161 2337 212 2368 via
233 2337 432 2377 perfectionis
453 2339 631 2370 ostenderet
646 2340 790 2380 signnm,
819 2351 885 2382 quo

109 2392 337 2423 reduceremur
352 2391 384 2421 iu
400 2391 571 2430 Christum,
596 2394 742 2433 perfectae
758 2395 885 2427 virtutis

111 2446 273 2485 exemplar
287 2447 317 2476 et
327 2446 436 2484 finem,
453 2455 489 2476 ac
502 2455 557 2486 per
574 2447 632 2477 hoc
645 2448 832 2480 doceremur
844 2452 884 2481 ad

110 2500 335 2539 perfectionem
355 2499 526 2538 attingere,
552 2500 578 2530 si
594 2502 702 2532 tamen
724 2503 884 2535 discamus

111 2561 177 2584 non
191 2553 254 2584 alta
273 2562 394 2593 sapere,
420 2553 475 2584 sed
495 2553 671 2585 humilibus
693 2558 880 2589 consentire.

152 2605 231 2636 Cum
262 2608 369 2638 autem
399 2607 548 2647 perfectio
571 2609 754 2647 evangelica
767 2634 774 2649 ,
800 2612 884 2642 circa

110 2668 209 2699 quam
223 2660 316 2691 modo
326 2669 432 2692 sermo
442 2663 598 2700 versatur,
613 2662 647 2692 in
661 2663 711 2693 his
726 2673 798 2704 quae
809 2668 884 2696 sunt

141 2722 149 2738 ¹
167 2722 237 2752 Gen.‚
251 2728 280 2753 11,
295 2725 316 2747 1.
327 2736 357 2741 —
372 2725 381 2740 ²
396 2724 464 2748 Psac.
477 2731 566 2755 cxxxi,
581 2727 604 2750 2.
618 2738 648 2744 -—
662 2726 671 2740 ³
683 2728 759 2759 Aug„
773 2726 799 2751 in
814 2727 882 2753 hunc

1653 243 1655 245 ’
1671 239 1730 268 425

949 299 1252 338 supererogationis,
1269 300 1310 331 sit
1323 300 1357 331 in
1372 301 1625 341 praecedentibus
1639 313 1729 336 mon-

948 351 1046 382 strata
1069 352 1256 392 consistere;
1278 363 1316 385 ea
1331 363 1407 386 vero
1423 364 1497 395 quae
1512 365 1727 397 supereroga-

948 403 1044 436 tionis
1057 407 1147 445 sunt,
1163 415 1228 438 non
1242 407 1347 438 solum
1361 409 1538 449 respiciunt
1551 410 1635 442 dona
1649 411 1726 442 cha-

948 457 1130 498 rismatum,
1147 461 1360 493 verumetiam
1376 463 1527 495 exercitia
1541 464 1702 496 virtutum
1720 477 1726 497 :

949 512 1113 543 manifeste
1133 513 1315 554 colligitur,
1333 516 1419 556 quod
1442 517 1631 558 huiusmodi
1655 528 1728 559 per-

947 564 1039 596 fectio
1054 574 1120 597 non
1134 566 1202 598 sine
1218 567 1438 601 virtuosorum
1452 570 1624 603 habituum
1640 581 1730 605 exer-

948 618 1095 650 citatione
1108 620 1498 661 possidetur.Hujusmodi
1513 627 1620 656 autem
1636 635 1727 658 exer-

948 672 1020 703 citia
1042 673 1203 705 virtutum
1228 677 1533 716 supererogantium
1548 702 1556 717 ,
1573 682 1629 711 aut
1644 680 1728 712 fiunt

947 735 988 757 ex
1010 735 1099 758 mera
1121 728 1283 760 voluntate
1308 730 1428 770 absque
1455 732 1673 773 obligatione,
1698 736 1729 765 et

947 782 1024 811 tunc
1038 781 1147 812 dicunt
1161 782 1334 822 quamdam
1350 784 1577 824 perfectionem
1597 787 1728 819 actionis

948 836 979 865 et
993 835 1117 874 meriti;
1135 838 1191 878 aut
1206 846 1281 868 cum
1298 837 1464 870 voluntate
1482 840 1591 872 dicunt
1611 851 1726 882 quam-

948 887 1023 919 dam
1045 889 1276 929 obligationem
1299 893 1560 933 superinductam
1583 904 1624 926 ex
1652 898 1727 928 voto

949 941 1076 979 emisso,
1093 942 1144 973 vel
1164 951 1204 973 ex
1225 943 1329 975 officio
1349 944 1495 984 injuncto
1507 971 1515 985 ,
1533 949 1563 978 et
1581 949 1659 979 tunc
1679 949 1727 980 di-

950 996 1026 1025 cunt
1049 996 1275 1035 perfectionem
1294 998 1394 1029 status
1415 1001 1445 1030 et
1460 1000 1592 1040 ordinis,
1608 1001 1641 1033 in
1661 1012 1727 1043 quo

948 1050 1094 1082 videlicet
1114 1052 1186 1092 quis
1209 1053 1333 1084 actibus
1358 1055 1506 1094 perfectis
1531 1065 1597 1088 non
1621 1058 1727 1090 solum

948 1105 996 1135 est
1009 1104 1131 1136 deditus
1142 1129 1150 1144 ,
1166 1108 1379 1139 verumetiam
1401 1108 1441 1140 ad
1456 1111 1544 1140 actus
1559 1111 1725 1150 perfectio-

948 1157 998 1188 nis
1012 1159 1170 1191 astrictus.
1195 1160 1272 1198 Quae
1294 1162 1424 1202 quidem
1444 1164 1583 1195 astrictio
1598 1165 1638 1196 de
1654 1175 1728 1206 per-

947 1211 1082 1243 fectione
1103 1222 1169 1244 non
1190 1214 1324 1253 minuit,
1341 1216 1395 1246 sed
1410 1217 1515 1256 potius
1531 1218 1658 1250 culmen
1673 1229 1725 1251 su-

948 1266 1136 1305 perinducit,
1149 1267 1227 1307 quia
1237 1268 1274 1299 de
1289 1270 1457 1309 temporali
1469 1271 1543 1302 facit
1553 1274 1724 1312 aeternum,

948 1319 1025 1350 dum
1042 1329 1107 1351 non
1128 1321 1199 1352 licet
1220 1322 1344 1354 resilire
1358 1333 1377 1354 a
1392 1326 1483 1363 voto;
1503 1327 1533 1356 et
1556 1326 1595 1357 de
1614 1329 1726 1359 nostro

948 1372 1094 1404 divinum
1114 1374 1207 1414 facit,
1224 1375 1302 1406 dum
1324 1386 1389 1407 non
1413 1377 1518 1409 solum
1533 1381 1653 1419 actum⁷
1671 1381 1725 1414 sed

947 1426 1043 1457 etiam
1065 1427 1263 1460 voluntatem
1284 1430 1432 1462 dedicans
1455 1431 1528 1471 Deo,
1550 1434 1653 1464 totum
1678 1434 1725 1465 illi

947 1480 1059 1520 offert,
1076 1483 1107 1512 et
1126 1482 1243 1522 redigit
1263 1484 1323 1515 sub
1336 1486 1411 1525 Jure
1432 1486 1560 1526 divino,
1583 1488 1726 1529 dumque

947 1535 1110 1574 propriam
1125 1536 1279 1568 sacrificat
1292 1538 1502 1578 voluntatem,
1520 1550 1592 1581 quae
1606 1544 1652 1573 est
1668 1543 1726 1574 im-

945 1589 1110 1627 pretiabile
1118 1589 1251 1629 bonum,
1262 1593 1293 1622 et
1307 1592 1447 1624 maxime
1456 1593 1592 1625 charum
1606 1597 1636 1626 et
1651 1596 1723 1627 inti-

946 1651 1057 1680 mum,
1082 1643 1175 1674 offert
1200 1644 1262 1675 Deo
1286 1646 1478 1677 sacrificium
1501 1648 1723 1688 medullatum,

945 1704 981 1726 ac
995 1705 1052 1735 per
1066 1696 1127 1727 hoc
1140 1698 1315 1737 perfectum
1326 1723 1334 1738 ,
1349 1701 1380 1730 et
1394 1700 1558 1740 integrum
1569 1725 1577 1740 ,
1596 1704 1627 1733 et
1642 1703 1723 1743 opti-

945 1757 1052 1789 mum,
1069 1750 1132 1781 Deo
1146 1760 1273 1782 summe
1289 1755 1464 1793 acceptum.
1482 1753 1571 1786 Unde
1587 1756 1721 1796 Augus-

944 1803 1043 1840 tinus,
1061 1806 1197 1835 tractaus
1212 1805 1290 1836 illud
1312 1806 1430 1837 Psalmi
1445 1808 1474 1838 ²:
1493 1808 1583 1841 Sicut
1594 1809 1724 1849 ,furavit

944 1856 1092 1895 Domino,
1118 1861 1227 1890 votum
1250 1860 1337 1891 vovit
1358 1860 1419 1892 Deo
1437 1861 1551 1901 Jacob,
1570 1863 1613 1893 ait
1631 1863 1676 1894 sic
1688 1866 1719 1894 ³:

945 1921 959 1939 «
978 1910 1057 1947 Quid
1074 1920 1229 1942 vovemus
1244 1912 1318 1951 Deo,
1336 1914 1396 1944 nisi
1407 1917 1442 1945 ut
1454 1915 1555 1946 simus
1565 1917 1721 1957 templum

943 1963 1020 1995 Dei?
1035 1964 1060 1995 N
1065 1965 1214 1996 ihilenin]
1228 1967 1350 2006 gratius
1362 1977 1532 2007 possumus
1547 1970 1575 2000 ei
1591 1971 1719 2009 offerre,

942 2028 1041 2059 quam
1056 2022 1093 2051 ut
1105 2020 1247 2052 dicamus
1262 2022 1291 2052 ei
1306 2023 1390 2062 quod
1407 2023 1522 2055 dicitur
1540 2025 1573 2055 in
1589 2025 1670 2056 Isaia
1684 2026 1693 2042 ⁶
1709 2037 1716 2057 :

943 2072 1073 2105 Posside
1096 2082 1164 2106 nos.
1186 2086 1200 2103 »
1220 2075 1295 2106 Haec
1318 2076 1531 2116 Augustinus.
1556 2078 1589 2109 Si
1617 2079 1720 2119 igitur

942 2128 1110 2166 perfectius
1125 2128 1273 2168 possidet,
1289 2130 1345 2170 qui
1360 2131 1498 2170 possidet
1518 2132 1559 2163 ad
1574 2142 1671 2163 usum
1689 2136 1719 2165 et

941 2181 1176 2221 proprietatem,
1186 2192 1284 2222 quam
1294 2184 1346 2224 qui
1355 2185 1459 2224 quoad
1469 2194 1565 2216 usum
1574 2189 1715 2226 tantum,

941 2235 1110 2275 perfectius
1130 2245 1163 2267 se
1184 2237 1323 2276 dedicat,
1349 2239 1404 2278 qui
1419 2238 1482 2269 Deo
1509 2249 1542 2270 se
1564 2240 1670 2280 offert,
1688 2243 1717 2272 et

941 2289 1047 2329 quoad
1061 2299 1156 2320 usum
1170 2291 1274 2330 operis
1284 2315 1291 2328 ,
1309 2294 1339 2322 et
1354 2292 1458 2332 quoad
1475 2293 1645 2325 arhItrium
1660 2304 1716 2326 vo-

939 2342 1081 2374 luntatis.
1092 2343 1366 2388 Quemadmodum
1377 2345 1549 2377 Anselmus
1561 2350 1581 2386 ⁵,
1593 2346 1625 2377 in
1636 2348 1717 2379 libro

940 2397 986 2428 De
1000 2396 1285 2436 similitudinibus,
1302 2408 1358 2439 per
1372 2400 1715 2443 exemplumrsensibile

939 2452 1083 2489 patenter
1105 2451 1240 2482 ostendit
1261 2451 1293 2482 in
1316 2452 1459 2490 duobus,
1476 2462 1615 2492 quorum
1631 2463 1716 2484 unus

939 2512 997 2543 pro
1012 2506 1154 2544 tempore
1171 2504 1263 2535 offert
1284 2505 1414 2536 domino
1427 2506 1548 2536 arboris
1561 2507 1714 2547 fructum,

939 2557 993 2588 sed
1008 2558 1120 2588 retinet
1133 2559 1375 2598 proprietatem3
1392 2559 1471 2590 alter
1487 2569 1562 2590 vero
1575 2560 1715 2599 largitur

939 2614 1093 2652 utraque:
1108 2614 1138 2642 et
1151 2612 1249 2652 hujus
1265 2613 1394 2644 secundi
1404 2613 1522 2643 donum
1534 2615 1565 2644 et
1577 2614 1711 2645 oblatio-

938 2694 1016 2724 Psal„
1033 2701 1057 2718 n.
1074 2695 1097 2718 3.
1113 2707 1142 2711 —
1157 2695 1164 2708 4
1182 2694 1241 2724 Ista,
1257 2700 1327 2724 xxvx,
1350 2696 1385 2719 13.
1402 2708 1432 2712 —
1447 2695 1457 2711 5
1473 2695 1526 2719 Imo
1545 2696 1670 2726 lfiadnier„
1684 2696 1713 2721 de

937 2730 1051 2754 Anselmi
1066 2730 1180 2760 similit„
1196 2738 1218 2754 c.
1233 2735 1338 2755 inMV.
