2029 3052
844 213 972 246 CAPUT
993 213 1072 247 XIV.

149 280 268 320 stratis,
283 280 375 321 quasi
395 289 451 312 sex
467 280 621 320 gradibus
641 281 681 313 ad
705 281 798 313 istam
825 282 924 322 septi-

149 343 247 373 mam,
259 334 293 365 in
307 343 372 375 qua
386 334 524 366 finaliter
539 335 723 376 requiescis,
737 335 924 376 pervenisti.

150 388 265 421 Christi
290 397 429 429 namque
455 397 535 420 crux
559 389 592 420 in
621 390 684 420 tuae
708 389 926 421 conversionis

149 442 325 483 primordio
333 445 398 474 tam
408 443 579 484 proposita,
587 453 685 484 quam
696 445 859 485 assumpta
871 444 924 485 (a),

149 499 180 529 et
203 497 318 529 dehinc
341 497 375 528 in
398 498 648 530 conversationis
671 507 847 539 progressu
870 508 927 539 per

149 551 249 584 vitam
264 551 519 592 probatissimam
532 551 674 591 bajulata
687 552 719 582 in
733 552 832 592 teipso
849 561 924 584 con-

149 605 253 644 tinue,
279 606 310 636 et
334 604 368 635 in
391 605 576 645 exemplum
604 605 673 636 aliis
695 605 925 645 demonstrata,

149 660 238 690 tanta
250 658 449 690 certitudinis
463 659 606 690 claritate
627 659 763 691 ostendit
781 669 924 701 evange-

149 712 218 744 licae
233 712 432 753 perfectionis
443 712 567 753 apicem
587 715 618 744 te
639 713 778 744 finaliter
797 713 926 745 conclu-

149 766 224 798 sisse
233 765 284 807 (b),
294 767 330 797 ut
340 766 644 798 demonstrationem
654 767 738 798 hanc
745 767 926 799 christiana}

148 819 311 860 sapientia}
324 819 358 850 in
372 821 439 851 tuae
460 820 565 850 carnis
588 820 722 860 pulvere
746 822 924 860 exaratam,

148 873 256 905 nullus
280 882 356 906 vere
379 873 514 906 devotus
542 874 690 915 abjiciat,
715 874 823 906 nullus
852 884 927 906 vere

147 927 248 958 fidelis
262 927 444 968 impugnet,
460 927 569 959 nullus
582 937 659 960 vere
674 928 806 960 humilis
823 929 927 969 parvi-

147 982 276 1022 pendat,
293 991 367 1013 cum
382 982 423 1013 sit
446 991 522 1014 vere
543 982 697 1015 divinitus
717 992 876 1024 expressa,
896 985 927 1015 et

148 1035 237 1066 omni
252 1035 432 1076 acceptione
447 1036 618 1076 condigna.

413 1147 556 1181 CAPUT
580 1148 672 1183 XIV.

223 1231 261 1258 De
277 1231 416 1265 patientia
434 1231 538 1266 ipsius,
559 1233 584 1258 et
603 1232 722 1258 transitu
741 1233 848 1259 mortis.

186 1307 310 1338 Christo
327 1308 397 1347 jam
421 1306 522 1346 igitur
542 1307 630 1338 cruci
652 1307 799 1339 confixus
825 1308 924 1339 Fran-

146 1361 249 1392 ciscus
263 1363 329 1392 tam
350 1369 455 1399 carne,
473 1370 571 1401 quam
595 1361 718 1401 spiritu,
743 1371 808 1392 non
821 1362 926 1393 solum

146 1415 310 1455 seraphico
335 1424 443 1446 amore
467 1415 598 1446 ardebat
620 1415 656 1446 in
677 1415 788 1455 Deum,
810 1425 925 1447 verum

146 1469 241 1501 etiam
251 1469 375 1500 sitiebat
392 1478 467 1500 cum
476 1466 597 1500 Christo
608 1469 761 1500 crucifixo
777 1470 923 1500 multitu-

145 1523 253 1554 dinem
269 1522 508 1554 salvandorum.
521 1521 667 1553 Faciebat
682 1522 826 1562 proinde,
844 1532 923 1563 quo-

146 1577 233 1609 niam
249 1578 379 1617 propter
393 1577 610 1607 excrescentes
624 1576 658 1606 in
670 1575 805 1616 pedibus
820 1576 926 1608 clavos

145 1632 311 1663 ambulare
339 1640 406 1662 non
428 1632 563 1671 poterat,
593 1639 711 1670 corpus
738 1633 923 1662 emortuum

145 1695 202 1726 per
216 1685 359 1717 civitates
371 1687 402 1715 et
416 1686 518 1714 castra
529 1683 737 1722 circumvehi,
753 1686 790 1715 ut
802 1685 842 1715 ad
857 1694 926 1716 cru-

145 1749 214 1771 cem
223 1738 337 1770 Christi
348 1737 512 1769 ferendam
523 1739 655 1768 caeteros
670 1737 838 1769 animaret.
853 1738 926 1770 Fra-

145 1794 247 1825 tribus
261 1802 389 1833 quoque
403 1792 526 1823 dicebat
543 1803 549 1822 :
569 1791 774 1832 Incipiamus,
798 1793 923 1830 autres,

144 1847 264 1879 servire
279 1846 413 1877 Domino
427 1846 490 1877 Deo
500 1848 620 1884 nostro,
633 1846 709 1886 quia
719 1855 823 1886 usque
838 1856 924 1878 nunc

144 1910 259 1940 parum
276 1899 478 1940 profecImus.
501 1899 674 1938 Flagrabat
689 1900 785 1930 etiam
801 1901 923 1932 deside-

144 1955 191 1986 rio
206 1963 327 1994 magno
343 1954 381 1984 ad
396 1953 586 1984 humilitatis
601 1953 706 1984 redire
728 1954 920 1994 primordia,

144 2010 179 2040 ut
193 2008 324 2048 leprosis
337 2007 418 2038 sicut
433 2016 452 2037 a
462 2007 616 2047 principio
631 2007 836 2047 ministraret,
854 2017 923 2039 eor-

143 2071 266 2103 pusque
277 2062 346 2102 jam
362 2069 427 2101 prae
446 2060 553 2092 labore
569 2061 743 2101 collapsum
758 2065 923 2093 revocaret

144 2116 184 2147 ad
198 2116 365 2156 pristinam
387 2115 586 2147 servitutem.
609 2115 812 2156 Proponebat
832 2117 923 2147 Chri-

144 2171 192 2200 sto
206 2169 285 2200 duce
300 2178 333 2200 se
347 2169 508 2200 facturum
525 2170 680 2209 ingentia,
701 2172 732 2202 et
749 2171 923 2202 fatiscenti-

143 2224 204 2254 bus
218 2222 380 2261 membris,
395 2223 509 2262 spiritu
524 2223 613 2254 fortis
628 2226 658 2254 et
671 2224 823 2263 fervidus,
839 2235 923 2257 novo

142 2276 290 2317 sperabat
316 2276 488 2307 certamine
517 2276 555 2307 de
582 2277 672 2308 hoste
705 2278 920 2319 triumphum.

143 2330 253 2371 Neque
268 2330 354 2361 enim
370 2330 507 2369 languor
522 2330 573 2361 vel
597 2331 717 2362 desidia
738 2332 844 2363 locum
863 2334 922 2364 ha-

143 2386 207 2425 bet,
224 2385 280 2416 ubi
295 2385 413 2416 amoris
427 2385 577 2415 stimulus
592 2394 716 2426 semper
736 2387 775 2417 ad
800 2389 922 2427 majora

143 2441 308 2480 perurget.
325 2438 425 2469 Tanta
438 2440 545 2469 autem
560 2439 594 2469 in
609 2448 646 2470 eo
661 2441 811 2471 carnisad
828 2442 921 2481 spiri·-

143 2494 213 2523 tum
231 2494 297 2523 erat
314 2491 492 2530 concordia,
513 2493 600 2522 tanta
615 2493 801 2525 obedientia}
813 2504 921 2534 prom-

143 2546 277 2586 ptitudo,
293 2546 377 2586 quod
393 2554 467 2576 cum
492 2545 543 2576 ille
563 2545 602 2576 ad
617 2555 746 2577 omnem
767 2548 922 2579 niteretur

143 2600 339 2630 sanctitatem
356 2599 550 2639 pertingere,
566 2599 634 2639 ipsa
649 2609 715 2631 non
732 2601 836 2632 solum
856 2612 922 2633 non

144 2655 350 2693 repugnaret,
379 2654 434 2684 sed
460 2662 656 2693 praecurrere
686 2655 852 2687 niteretur.
883 2656 921 2688 Ut

178 2715 210 2746 (a)
228 2715 288 2739 Coet.
304 2715 366 2739 eclzt.
383 2716 525 2747 absumpta.
543 2729 571 2734 —
587 2716 619 2747 (b)
634 2717 688 2748 Ley.
703 2718 850 2749 contigisse.

1707 222 1761 251 341

985 283 1095 314 antem
1118 283 1186 315 viro
1208 283 1261 315 Dei
1285 285 1436 317 cumulus
1451 285 1641 317 meritorum
1657 295 1765 318 accre-

983 338 1094 375 sceret,
1111 346 1184 377 quae
1198 338 1306 370 omnia
1320 348 1395 371 vere
1408 339 1440 370 in
1452 339 1603 380 patientia
1615 349 1767 372 consum-

984 392 1124 430 mantur,
1141 392 1236 432 coepit
1250 392 1491 424 infirmitatibus
1507 393 1703 425 multimodis
1717 394 1765 426 la-

984 443 1097 475 borare
1110 445 1176 475 tam
1191 446 1390 486 graviter,ut
1405 447 1462 479 vix
1475 447 1508 478 in
1523 456 1561 478 eo
1577 448 1764 479 membrum

983 497 1113 539 aliquod
1127 502 1307 531 remaneret
1331 501 1450 542 absque
1465 502 1591 542 ingenti
1609 503 1766 543 passionis

983 552 1102 583 dolore.
1126 552 1174 584 Ad
1196 553 1257 585 hoc
1277 555 1405 586 tandem
1428 565 1485 596 per
1506 557 1622 595 varias,
1647 559 1678 588 et
1693 557 1765 589 diu-

984 608 1111 645 turnas,
1129 616 1166 638 ac
1187 607 1354 639 continuas
1374 609 1585 649 aegritudines
1610 611 1766 643 deductus

983 662 1041 699 est,
1060 662 1106 700 ut,
1123 662 1322 702 consumptis
1333 664 1403 703 Jam
1416 664 1576 703 carnibus,
1593 665 1684 705 quasi
1700 665 1766 697 sola

983 715 1064 746 cutis
1078 711 1201 747 ossibus
1221 716 1407 748 cohaereret.
1425 718 1570 758 Cumque
1589 719 1677 750 duris
1692 729 1764 752 cor-

984 768 1070 808 poris
1085 771 1261 809 angeretur
1284 770 1459 810 doloribus,
1483 771 1552 802 illas
1566 781 1640 804 suas
1655 783 1765 814 angu-

983 823 1057 854 stias
1080 833 1145 855 non
1166 834 1335 865 poenarum
1360 826 1507 857 censebat
1529 827 1683 866 nomine,
1712 829 1767 860 sed

983 886 1143 910 sororum.
1166 879 1245 910 Cum
1265 882 1374 912 autem
1396 880 1496 912 semel
1516 881 1652 920 gravius
1671 882 1764 914 solito

983 931 1130 963 dolorum
1155 937 1329 972 urgeretur
1352 934 1479 972 aculeis,
1511 935 1642 975 quidam
1668 935 1766 967 frater

983 985 1119 1026 simplex
1128 986 1208 1017 dixit
1218 986 1256 1017 ad
1268 996 1361 1018 eum:
1378 987 1499 1026 Frater,
1510 997 1566 1019 ora
1578 988 1764 1029 Dominum,

983 1041 1019 1070 ut
1042 1039 1150 1070 mitius
1172 1042 1278 1071 tecum
1303 1043 1393 1081 agat;
1420 1051 1555 1073 manum
1570 1043 1656 1073 enim
1671 1053 1764 1075 suam

983 1094 1055 1134 plus
1075 1094 1180 1125 debito
1204 1104 1300 1135 super
1323 1097 1353 1126 te
1376 1104 1514 1135 gravare
1533 1096 1672 1128 videtur.
1697 1098 1766 1135 Quo

984 1148 1103 1187 audito,
1121 1148 1171 1179 vir
1187 1150 1314 1179 sanctus
1334 1158 1409 1180 cum
1432 1149 1554 1189 eiulatu
1569 1150 1763 1191 exclamans,

983 1202 1046 1232 ait:
1064 1201 1129 1233 Nisi
1151 1211 1315 1233 noscerem
1336 1202 1369 1233 in
1390 1204 1420 1234 te
1445 1204 1623 1244 simplicem
1644 1206 1766 1246 purita-

983 1257 1058 1293 tem,
1076 1257 1171 1287 tuum
1190 1266 1230 1287 ex
1244 1259 1321 1287 tunc
1331 1257 1539 1288 abhorrerem
1554 1260 1764 1298 consortium,

984 1310 1040 1351 qui
1054 1320 1153 1341 ausus
1167 1310 1267 1341 fueris
1282 1311 1364 1341 circa
1380 1320 1431 1341 me
1452 1311 1562 1343 divina
1579 1313 1701 1352 judicia
1715 1323 1765 1345 re-

982 1365 1210 1406 prehensibilia
1231 1365 1386 1404 Judicare.
1421 1365 1459 1396 Et
1476 1365 1549 1396 licet
1572 1368 1658 1398 totus
1683 1371 1766 1400 esset

982 1420 1110 1450 attritus
1124 1419 1233 1458 gravis
1250 1419 1431 1459 prolixitate
1454 1419 1639 1460 languoris,
1663 1423 1764 1462 proji-

982 1474 1068 1504 ciens
1095 1482 1128 1504 se
1152 1473 1187 1503 in
1209 1475 1339 1510 terram,
1368 1481 1439 1503 ossa
1455 1473 1570 1504 debilia
1594 1474 1675 1506 duro
1690 1485 1764 1507 casu

982 1527 1105 1558 collisit.
1125 1527 1163 1558 Et
1178 1526 1364 1557 deosculans
1376 1526 1516 1557 humum
1534 1538 1539 1557 ε
1561 1527 1693 1567 Gratias,
1710 1529 1761 1560 in-

982 1581 1061 1621 quit,
1080 1580 1134 1611 tibi
1149 1590 1224 1620 ago,
1241 1580 1374 1611 Domine
1390 1581 1483 1618 Deus,
1497 1581 1535 1612 de
1548 1579 1765 1614 omnibushis

981 1634 1144 1665 doloribus
1159 1634 1249 1671 meis,
1266 1636 1372 1674 teque,
1390 1634 1433 1664 mi
1449 1634 1593 1673 Domine,
1618 1644 1711 1675 rogo,
1728 1639 1765 1668 ut

981 1688 1187 1728 centuplum,
1213 1687 1239 1717 si
1262 1687 1318 1717 tibi
1345 1687 1510 1727 placuerit,
1537 1688 1658 1719 addas:
1686 1690 1764 1730 quia

980 1742 1041 1772 hoc
1055 1742 1115 1772 erit
1128 1741 1206 1771 mihi
1220 1741 1487 1781 acceptissimum,
1504 1744 1541 1772 ut
1551 1742 1699 1782 affligens
1712 1752 1763 1774 me

980 1795 1088 1826 dolore
1101 1803 1167 1825 non
1183 1804 1304 1834 parcas,
1321 1804 1396 1826 cum
1407 1797 1472 1826 tuae
1487 1797 1603 1826 sanctae
1617 1796 1762 1827 volunta-

981 1849 1019 1879 tis
1034 1848 1216 1888 adimpletio
1227 1849 1266 1879 sit
1277 1848 1356 1878 mihi
1370 1849 1544 1880 consolatio
1559 1850 1759 1890 superplena.

980 1902 1153 1933 Videbatur
1174 1905 1341 1942 propterea
1363 1903 1536 1941 fratribus,
1563 1903 1647 1943 quod
1670 1905 1761 1944 quasi

979 1956 1116 1987 alterum
1131 1956 1190 1988 Job
1205 1957 1359 1995 viderent,
1376 1956 1427 1987 cui
1443 1966 1516 1987 cum
1536 1957 1675 1996 languor
1692 1967 1759 1989 cre—

980 2012 1080 2040 sceret
1094 2010 1210 2048 carnis,
1226 2010 1386 2041 crescebat
1401 2010 1497 2041 simul
1513 2012 1542 2040 et
1557 2011 1654 2050 vigor
1669 2020 1760 2042 men-

979 2064 1031 2094 tis.
1060 2064 1128 2104 Ipse
1152 2065 1261 2095 autem
1286 2064 1408 2094 obitum
1437 2072 1533 2094 suum
1561 2064 1659 2104 longe
1688 2067 1761 2096 ante

980 2118 1152 2158 praescivit,
1171 2118 1286 2158 dieque
1301 2118 1452 2148 transitus
1468 2117 1666 2157 imminente,
1681 2119 1762 2150 dixit

979 2172 1130 2202 fratribus
1152 2172 1201 2203 sui
1231 2172 1372 2212 corporis
1394 2171 1636 2202 tabernaculum
1664 2172 1762 2212 depo-

978 2225 1120 2256 nendum
1144 2226 1176 2255 in
1202 2225 1368 2265 proximo,
1397 2225 1671 2265 quemadmodum
1700 2227 1758 2257 sibi

978 2281 1080 2310 fuerat
1096 2279 1273 2310 revelatum
1291 2288 1309 2309 a
1325 2279 1459 2310 Christo.
1486 2279 1566 2310 Cum
1580 2280 1688 2321 itaque
1704 2290 1760 2321 per

978 2334 1143 2365 biennium
1160 2334 1199 2364 ab
1215 2333 1424 2373 impressione
1440 2343 1605 2366 sacrorum
1621 2337 1759 2375 stigma—-

978 2391 1060 2427 tum,
1076 2396 1161 2418 anno
1175 2387 1320 2419 videlicet
1334 2397 1352 2418 a
1370 2397 1428 2418 sua
1443 2389 1648 2420 conversione
1665 2390 1758 2429 vige-

978 2442 1069 2479 simo,
1089 2441 1199 2472 multis
1223 2442 1332 2472 fuisset
1347 2443 1605 2481 angustiantium
1621 2443 1758 2474 infirmi—

977 2499 1079 2527 tatum
1102 2496 1277 2536 probativis
1293 2496 1495 2526 tunsionibus
1510 2496 1755 2536 conquadratus,

978 2553 1128 2590 tanquam
1154 2550 1234 2590 lapis
1248 2551 1281 2580 in
1301 2559 1450 2590 supernae
1467 2549 1667 2580 Hierusalem
1683 2551 1756 2581 aedi-
1787 2579 1790 2581 Α

977 2605 1048 2635 ficio
1073 2604 1284 2642 collocandus,
1306 2606 1337 2634 et
1361 2606 1514 2643 tanquam
1533 2603 1650 2634 ductile
1676 2613 1757 2644 opus

977 2658 1036 2688 sub
1052 2656 1234 2696 multiplicis
1258 2656 1470 2687 tribulationis
1492 2656 1606 2687 malleo
1629 2657 1667 2687 ad
1683 2666 1756 2697 per-

978 2711 1145 2742 fectionem
1161 2710 1330 2748 adductus3
1348 2710 1386 2740 ad
1405 2712 1546 2740 sanctam
1570 2710 1701 2741 Mariam
1717 2711 1755 2742 de
