1955 3021
1693 179 1762 203 xvn

140 239 283 279 dierunt,
298 237 389 270 facile
403 235 508 278 potuit
525 232 700 272 ConraduS,
714 232 794 264 dum
808 230 1067 273 proficisceretur
1081 231 1122 264 ad
1136 232 1272 274 populos
1287 234 1566 275 evangelizandos,
1581 244 1691 269 secum
1709 247 1761 270 as-

139 300 268 340 portare
285 295 467 334 confratrisu
483 293 541 336 qui
551 294 621 335 jam
635 291 810 330 devixerat,
827 289 1064 323 Bonaventurae
1078 291 1260 331 Sermones,
1279 294 1375 333 atque
1389 293 1499 333 etiam,
1517 296 1677 335 quantum
1686 296 1758 337 loci,

138 356 356 399 temporisque
383 352 624 386 circumstantia
654 350 856 392 requirebat,
880 350 1069 388 retractare,
1097 350 1207 391 eisque
1236 360 1356 383 nomen
1385 353 1553 393 proprium
1581 354 1759 395 imponere.

140 416 232 455 Quod
246 415 272 447 si
286 422 399 455 reapse
411 412 595 453 contigerit,
609 410 782 443 dicendum
796 408 960 440 videbitur
974 409 1130 441 editiones
1144 410 1350 450 Sermonum,
1366 421 1419 442 an.
1434 414 1524 451 1521,
1538 414 1617 445 1596
1628 415 1759 454 et1597‚

139 475 270 508 Parisiis
283 474 336 507 vel
346 473 464 505 Brixiae
476 472 562 514 typis
576 478 724 509 excusaS,
734 478 800 500 una
810 477 886 500 eum
900 467 1006 499 codice
1020 467 1170 508 Dunensi⁷
1186 470 1306 502 referre
1321 470 1496 503 Sermones
1506 481 1525 503 a
1535 471 1763 506 Bonaventura

139 544 216 568 vere
230 535 406 573 confectos;
423 533 566 574 reliquas
580 541 668 570 vero,
685 530 858 563 Sermones
870 538 889 560 a
901 528 1047 560 Conrado
1061 529 1257 560 retractatos.
1275 528 1367 566 Quod
1381 529 1408 560 si
1423 530 1544 561 iterum
1558 530 1760 571 admittatur,

138 596 305 637 Speculum
317 595 424 628 Beatoe
435 593 552 627 Μανία»
570 591 726 633 Virqim's,
741 590 780 622 de
794 598 859 631 quo
873 589 914 620 lis
929 590 987 628 est,
1004 588 1131 620 Doctori
1150 590 1260 620 nostro
1276 587 1449 629 Seraphico
1465 589 1673 622 revendicare
1685 590 1761 622 lice-

139 655 187 687 hit
202 656 239 687 ut
252 654 313 696 ipsi
327 653 507 696 proprium.

458 754 475 790 ἓ
494 754 549 782 XV.
569 768 605 774 -
622 753 746 782 LEGENDA
765 759 854 780 smcri
872 752 1016 780 Faancrscr.
1040 750 1206 788 (Prodrom.,
1227 751 1278 780 col.
1299 752 1443 787 588-597.)

180 838 211 866 1.
229 834 274 866 De
288 834 350 866 hac
364 832 516 874 Legenda
530 833 577 864 tot
591 830 770 872 spectabilis
791 829 991 871 antiquitatis
1014 831 1119 869 testes,
1141 831 1189 861 tot
1207 829 1444 862 vetustissimos
1468 830 1600 871 codices,
1626 833 1675 862 tot
1696 832 1763 864 edi-

139 893 242 926 tiones
256 893 309 927 vel
324 893 364 924 ab
379 892 457 933 ipsis
471 892 550 924 artis
573 890 819 932 typographicae
836 890 1021 931 primordiis
1045 889 1198 930 vulgatas
1220 890 1397 930 producere
1422 890 1457 921 in
1482 893 1635 932 promptu
1653 893 1711 931 est,
1729 894 1766 924 ut

138 962 206 986 non
220 953 283 985 nisi
294 954 416 985 temere
429 962 449 983 a
459 951 688 984 Bonaventura
704 952 815 982 nostro
832 950 947 982 litteris
963 950 1157 990 consignata
1168 951 1354 989 negaretur.

181 1014 211 1044 2.
223 1011 327 1050 Quam
338 1021 417 1045 vero
432 1010 594 1043 abfuerint
604 1010 730 1051 anuqis
744 1013 753 1030 ¹
765 1009 847 1042 Vitae
856 1009 889 1041 S.
898 1009 1059 1041 Francisci
1070 1008 1308 1047 interserendiS,
1322 1008 1480 1040 Minoritae
1491 1009 1523 1041 S.
1538 1009 1766 1042 Bonaventura

141 1070 349 1112 antiquiores,
365 1071 451 1111 patet
466 1079 507 1101 ex
523 1069 669 1111 sequenti
689 1069 850 1100 Prooemio
869 1068 902 1099 in
922 1067 1028 1100 Vitam
1053 1067 1198 1108 eiusdem
1214 1067 1246 1099 S.
1273 1066 1435 1099 Francisci
1454 1068 1494 1099 ab
1519 1069 1590 1109 ejus
1612 1069 1766 1110 discipulo

141 1129 294 1170 scriptam
309 1129 393 1161 circa
405 1138 458 1160 an.
479 1130 570 1168 1230,
587 1128 672 1169 quod
689 1128 821 1169 quidem
843 1127 1040 1168 prooemium
1060 1136 1101 1159 ex
1121 1126 1188 1158 MS.
1213 1126 1396 1167 Joyacensis
1417 1127 1604 1158 monasterii
1618 1128 1767 1168 deprom-

139 1190 283 1229 pserunt,
299 1188 484 1229 publicique
504 1187 590 1228 juris
612 1188 758 1219 fecerunt
777 1187 813 1218 in
831 1187 989 1220 Thesauro
1013 1194 1093 1220 ηουο
1109 1186 1343 1219 Anecdotorum
1357 1187 1598 1227 praeclarissimi
1614 1187 1766 1220 Benedic-

141 1246 200 1277 tini
215 1246 308 1278 Edm.
325 1246 467 1278 Martene
481 1248 513 1278 et
529 1246 598 1277 Urs.
613 1246 740 1277 Durand
751 1247 772 1278 ².
792 1247 844 1279 Sic
858 1249 971 1279 sonat:
993 1259 1008 1277 α
1023 1247 1123 1278 Actus
1138 1248 1168 1278 et
1180 1245 1286 1278 Vitam
1305 1245 1345 1286 (α)
1361 1246 1539 1277 beatissimi
1552 1245 1654 1278 Patris
1662 1248 1766 1279 nostri

143 1304 303 1337 Francisci
317 1305 371 1346 pia
385 1305 565 1345 devotione,
582 1305 718 1338 veritate
731 1314 859 1346 semper
873 1306 996 1346 praevia
1007 1307 1038 1337 et
1052 1305 1222 1345 magistra,
1239 1304 1383 1335 seriatim
1400 1305 1532 1345 cupiens
1548 1314 1699 1337 enarrare
1711 1317 1719 1344 ;
1733 1308 1765 1338 et

141 1365 219 1405 quia
232 1364 353 1403 omnia,
370 1373 444 1405 quae
464 1364 536 1396 fecit
549 1366 580 1395 et
595 1364 714 1403 docuit,
731 1365 898 1396 nullorum
913 1365 953 1396 ad
973 1364 1107 1405 plenum
1129 1366 1216 1396 tenet
1240 1364 1407 1404 memoria,
1431 1374 1469 1396 ea
1491 1365 1605 1396 saltem
1628 1375 1702 1406 quae
1726 1375 1766 1397 ex

140 1423 241 1464 ipsius
254 1433 310 1455 ore
323 1423 446 1463 audivi,
463 1423 516 1456 vel
529 1433 548 1455 a
567 1423 732 1463 fidelibus,
751 1425 782 1455 et
800 1433 819 1454 a
840 1424 982 1464 probatis
1004 1423 1138 1455 testibus
1153 1423 1308 1463 intellexi,
1326 1424 1463 1464 Jubente
1477 1424 1625 1464 Domino,
1642 1427 1673 1456 et
1689 1425 1764 1465 glo-

139 1482 226 1513 rioso
241 1482 328 1523 Papa
344 1482 512 1522 Gregorio,
530 1484 626 1522 prout
640 1482 741 1522 potui,
762 1482 870 1514 verbis
882 1482 955 1513 licet
970 1482 1138 1522 imperitiS,
1156 1483 1265 1514 studui
1284 1483 1456 1523 explicare.
1474 1483 1537 1515 Sed
1550 1483 1677 1515 utinam
1694 1485 1766 1524 ejus

140 1549 264 1573 merear
279 1550 348 1573 esse
363 1541 550 1582 discipulUS‚
574 1540 631 1582 qui
655 1550 781 1581 semper
802 1541 1004 1573 locutionum
1028 1542 1144 1574 vitavit
1167 1542 1354 1582 aenigmata,
1371 1544 1402 1574 et
1417 1543 1593 1574 verborum
1616 1543 1764 1584 phaleras

141 1599 319 1640 ignoravit.
336 1610 351 1629 ))

181 1660 211 1689 3.
233 1657 330 1697 Eum,
356 1658 412 1699 qui
437 1658 482 1689 ita
503 1658 670 1698 praefatur,
697 1658 870 1690 indulsisse
891 1659 999 1700 potius
1023 1661 1133 1700 παρτε,
1150 1670 1250 1701 quam
1267 1661 1394 1693 veritati
1418 1661 1535 1701 litasse,
1554 1662 1640 1694 solus
1658 1663 1766 1695 credat

140 1717 358 1749 heterodoxus
373 1717 528 1749 Oudinus.
546 1717 636 1749 Certe
652 1718 686 1749 S.
700 1717 929 1751 Bonaventura
942 1721 1008 1750 tam
1023 1719 1135 1759 procul
1149 1719 1220 1759 fuit,
1249 1722 1285 1751 ut
1305 1729 1412 1762 nugas
1428 1729 1470 1753 6oe
1486 1721 1589 1754 relatu
1608 1723 1765 1755 Fratrum

140 1776 306 1809 Minorum
320 1777 422 1810 nimis
439 1777 639 1817 simplicium
655 1777 811 1817 profectas
825 1778 977 1817 crederet,
995 1780 1033 1809 ut
1052 1778 1103 1811 vel
1118 1779 1197 1819 ipse,
1214 1779 1254 1811 ad
1269 1790 1386 1821 puram
1402 1783 1578 1822 putamque
1594 1782 1765 1814 veritatem

140 1836 380 1875 addiscendam,
402 1835 475 1867 illos
491 1835 703 1867 consulendos
726 1837 896 1869 censuerit.
926 1836 1016 1868 Unde
1034 1837 1138 1877 inquit
1161 1838 1195 1868 in
1221 1837 1360 1878 Prologo
1385 1849 1465 1871 suo:
1488 1851 1503 1870 α
1518 1839 1557 1871 Ut
1572 1840 1675 1880 igitur
1687 1841 1765 1873 vitae

140 1896 242 1937 ipsius
271 1896 393 1929 veritas
415 1895 455 1927 ad
477 1897 623 1936 posteros
644 1896 891 1928 transmittenda
912 1896 1029 1928 certius
1043 1896 1126 1927 mihi
1145 1899 1316 1936 constaret,
1333 1899 1407 1937 etc„
1429 1899 1632 1932 collationem
1653 1901 1692 1932 de
1714 1901 1765 1932 his

140 1954 242 1987 habui
264 1955 465 1996 diligentem,
483 1956 515 1986 et
534 1955 678 1987 maxime
695 1965 769 1987 cum
784 1955 989 1996 quibusdam,
1006 1955 1063 1996 qui
1085 1956 1261 1987 sanctitatis
1285 1957 1355 1997 ejus
1374 1959 1405 1988 et
1429 1958 1547 1989 conscii
1571 1959 1714 1999 fuerunt,
1735 1962 1767 1992 et

142 2016 314 2047 sectatores
335 2014 502 2055 praecipui,
519 2014 639 2055 quibus
653 2016 785 2056 propter
803 2015 946 2055 agnitam
963 2015 1134 2047 veritatem
1160 2015 1394 2056 probatamque
1415 2017 1589 2057 virtutem,
1612 2019 1690 2050 fides
1719 2021 1766 2050 est

141 2074 364 2106 indubitabilis
378 2074 590 2106 adhibenda³.
599 2085 614 2104 ›)
626 2074 676 2105 Ab
690 2074 742 2105 his
756 2074 858 2114 igitur
872 2084 936 2115 quo
949 2074 1211 2115 simplicioribus,
1227 2083 1265 2106 eo
1279 2075 1319 2106 ab
1335 2075 1424 2106 omni
1436 2076 1509 2108 fuco
1524 2078 1555 2109 et
1564 2077 1676 2109 fraude
1686 2078 1764 2110 alie-

142 2132 300 2171 nioribus,
312 2142 370 2165 ceu
388 2142 407 2164 a
423 2132 547 2173 puriori
562 2132 658 2172 fonte,
676 2133 812 2175 simplex
828 2136 859 2166 et
872 2134 960 2166 nuda
974 2135 1093 2167 veritas
1110 2134 1200 2165 facile
1213 2134 1316 2174 potuit
1330 2134 1467 2167 hauriri.

184 2195 216 2226 4.
234 2192 393 2225 Caeterum
407 2193 519 2224 mirari
534 2193 609 2224 satis
622 2202 689 2225 non
703 2202 837 2234 possum
852 2192 977 2232 Oudini,
995 2193 1075 2224 alias
1094 2193 1258 2233 rigidioris
1277 2203 1314 2224 ac
1331 2194 1528 2235 morosioris,
1545 2205 1676 2228 omnem
1690 2205 1764 2229 eva-

144 2250 223 2283 sisse
238 2260 407 2284 censuram
423 2252 455 2284 id
470 2252 555 2293 quod
569 2253 673 2284 exstat
686 2253 721 2284 in
736 2252 876 2292 Prologo
892 2251 1064 2292 Legendae,
1081 2252 1228 2284 videlicet
1244 2252 1282 2283 de
1307 2252 1343 2284 Β.
1360 2252 1538 2294 Francisco,
1557 2263 1616 2286 ceu
1634 2267 1649 2285 (ι
1665 2255 1764 2287 altero

145 2310 263 2352 angelo
285 2312 474 2344 ascendente
497 2313 537 2344 ab
554 2314 628 2344 ortu
643 2312 728 2353 solis,
747 2312 880 2353 signum
895 2312 928 2343 in
943 2320 977 2343 se
992 2312 1131 2344 habente
1156 2311 1209 2344 Dei
1233 2311 1299 2344 vivi
1309 2312 1331 2351 4,
1348 2323 1362 2342 »
1382 2313 1528 2355 nihilque
1552 2315 1593 2346 ab
1614 2324 1651 2347 eo
1665 2315 1764 2347 fuisse

178 2413 214 2445 (a)
232 2413 361 2438 Prodrom.
381 2413 447 2438 Vita.

174 2450 183 2466 ¹
192 2449 296 2480 Oudin.,
305 2451 369 2474 tom.
379 2450 421 2479 Ill,
433 2449 482 2474 col.
497 2450 679 2475 425.—2T0m.
694 2451 712 2481 l,
721 2457 780 2481 pag.
792 2458 827 2475 m.
838 2452 893 2475 956.
902 2463 929 2467 -
940 2449 1016 2480 ³Huj.
1029 2451 1093 2474 tom.
1104 2456 1162 2480 pag.
1171 2450 1225 2478 294,
1235 2449 1284 2474 col.
1299 2452 1355 2474 2.-
1366 2450 1373 2463 ⁶
1386 2450 1455 2474 Inter
1465 2457 1566 2474 errores
1579 2450 1684 2482 quidem
1695 2452 1763 2476 Petri

144 2485 250 2510 Joannis
267 2486 333 2510 Olivi
350 2485 508 2517 proscriptos
522 2485 563 2509 ille
584 2486 660 2510 etiam
675 2488 840 2516 recensetur,
855 2486 923 2517 quod
940 2486 1045 2516 dixerit,
1062 2486 1088 2510 S.
1105 2485 1269 2510 Franciscum
1282 2486 1360 2510 fuisse
1371 2486 1442 2510 illum
1454 2486 1484 2510 de
1500 2494 1551 2517 quo
1570 2487 1596 2510 in
1610 2488 1763 2520 Apocalypsi

144 2522 268 2553 scriptum
277 2524 316 2546 est
327 2529 332 2545 :
350 2522 523 2546 Vidialterum
536 2522 654 2553 arzyelum
664 2522 833 2546 ascendentem
844 2522 876 2546 ab
886 2523 942 2546 ortu
954 2522 1024 2551 solis,
1038 2521 1169 2546 habentem
1184 2522 1285 2552 siquam
1294 2523 1341 2546 Dei
1351 2522 1410 2546 vz'uz'.
1422 2523 1518 2548 Verum
1529 2529 1581 2547 non
1592 2523 1650 2548 ideo
1660 2524 1762 2555 nigrum

144 2558 226 2583 Theta
239 2558 312 2582 Olivo
329 2558 474 2589 praefixum,
487 2557 546 2589 quia
561 2565 607 2589 per
621 2559 741 2590 angelum
758 2558 927 2589 Apocalypsis
940 2558 1078 2582 habentem
1093 2558 1195 2589 signum
1210 2559 1255 2582 Dei
1270 2558 1319 2582 vivi
1331 2558 1525 2589 intelligendum
1539 2560 1636 2584 censuit
1648 2563 1673 2585 S.
1688 2562 1763 2585 Fran-

144 2594 241 2618 ciscum
251 2613 257 2624 ,
274 2594 317 2618 sed
341 2594 400 2625 quia
413 2593 472 2618 inde
488 2594 599 2618 absurda
618 2596 644 2618 et
661 2594 807 2618 damnanda
822 2594 936 2625 deduxit,
952 2601 1009 2625 quae
1024 2596 1115 2625 postea
1132 2594 1289 2625 retractavit,
1305 2594 1463 2625 obsequutus
1479 2595 1616 2626 praecipuis
1630 2596 1670 2620 sui
1684 2597 1764 2628 ipsius

145 2629 246 2654 Ordinis
265 2628 394 2660 Patribus,
418 2629 461 2661 qui
485 2629 519 2654 ita
543 2629 597 2662 ejus
618 2629 698 2654 libros
721 2631 888 2658 damnarunt,
908 2633 936 2655 ut
959 2630 1029 2654 nullo
1047 2632 1122 2661 pacto
1140 2630 1248 2654 fuissent
1269 2630 1336 2661 passi
1356 2630 1406 2661 jam
1427 2631 1598 2662 proscriptam
1620 2632 1763 2658 doctrinam

145 2665 238 2690 intrudi
253 2666 484 2690 Bonaventurianae
500 2667 637 2697 Legendae.
654 2666 719 2690 Hinc
736 2667 770 2690 illi
788 2667 836 2697 ipsi
850 2667 893 2698 qui
909 2666 974 2691 Olivi
990 2667 1134 2691 ‹lm—trinam
1152 2667 1178 2690 in
1194 2667 1296 2691 Postilla
1311 2674 1388 2698 super
1406 2667 1499 2691 librum
1515 2668 1683 2699 Apocalypsis
1699 2677 1762 2694 con-

146 2702 257 2734 tentam,
274 2701 346 2733 jussu
365 2702 440 2733 Papae
457 2702 564 2727 ,loannis
588 2703 668 2733 xxii,
683 2703 715 2727 ad
734 2710 843 2727 examen
860 2704 1032 2733 revocarunt,
1050 2706 1108 2727 octo
1127 2703 1223 2727 scilicet
1242 2710 1323 2728 sacra¹
1344 2703 1446 2734 Pagina:
1467 2704 1581 2735 Magistri
1601 2705 1761 2731 diversorum

286 2756 362 2780 Tou.
384 2756 453 2779 xlv.
1604 2751 1621 2782 b
