2060 3052
219 239 259 270 60

219 314 284 336 esse
295 304 434 341 humilem
449 304 504 334 sed
518 303 617 333 solum
631 311 699 340 quae
711 302 771 332 alta
781 303 852 331 sunt
861 301 1003 338 appeten-

220 355 273 383 tes.
286 353 370 382 Tales
385 351 466 381 enim
480 351 583 381 dicunt
595 359 627 380 se
642 350 778 384 miseros,
801 357 872 378 cum
890 347 1004 377 faciunt

219 400 433 440 poenitentiam.
463 401 521 428 Nec
541 397 696 428 attendunt
723 396 808 434 quod
829 396 936 426 dicitur
960 397 970 414 ¹
995 405 1002 424 :

225 459 239 476 ιι
252 449 281 479 Si
299 447 478 477 converterit
491 455 522 476 se
537 447 634 483 justus
648 453 666 474 a
677 444 790 482 justitia
806 451 872 480 sua,
888 446 916 472 et
929 443 1005 472 fece-

221 496 258 525 rit
271 495 477 533 iniquitatem3
492 501 604 532 ponam
615 491 831 521 offendiculum
843 499 946 520 coram
955 499 1004 526 eo,

222 547 251 574 et
268 553 331 574 non
345 546 431 573 erunt
443 544 474 572 in
493 542 640 572 memoria
651 541 770 579 justitia>
782 541 857 578 ejus,
873 549 948 577 quas
962 540 1005 569 fe-

223 593 269 622 cit.
285 603 300 620 w
316 592 422 627 Tertio,
437 599 456 620 a
465 590 578 628 justitia
592 598 654 627 qua
669 598 725 619 nos
738 589 882 627 punimus
895 588 1006 617 veraci-

222 641 276 676 ter,
293 639 434 669 deficiunt
447 637 538 667 hodie
553 637 638 666 multi
648 640 788 672 rectores,
803 637 855 674 qui
869 644 924 664 nec
934 636 1005 664 inse

219 687 363 724 justitiam
371 688 473 723 agunt,
482 693 537 714 nec
547 685 684 714 subditos
690 685 768 722 juste
774 684 910 721 puniunt.
923 683 1006 711 Unde

223 735 265 763 eis
279 733 386 763 dieitur
398 735 409 752 ²
426 743 434 762 :
451 744 464 760 α
478 733 594 767 Audite,
611 741 706 769 reges,
723 731 875 767 intelligite
891 740 898 758 :
916 730 1006 759 disci-

224 784 261 817 te,
279 781 396 818 judices
417 781 524 809 finium
545 781 736 815 terrae‚1›etc.
756 789 770 806 α
786 780 855 807 Data
870 778 913 806 est
926 777 1007 806 enim

223 830 311 859 vobis
335 831 464 867 potestas
487 829 525 857 ab
551 828 710 864 Altissimo‚
739 828 791 864 qui
812 826 1008 863 interrogabit

224 885 317 915 opera
331 878 438 913 vestra,
459 879 487 905 et
505 876 699 913 cogitationes
716 875 904 904 scrutabitur.
931 875 1008 909 Quo-

223 925 316 960 niam,
339 933 408 953 eum
429 924 528 953 essetis
554 923 679 952 ministri
698 923 782 959 regni
798 923 834 958 (a)
851 922 924 958 eju5‚
946 929 1007 950 non

223 974 302 1001 recte
314 971 469 1008 ,iudicastis
484 971 581 1007 legem
594 971 732 1006 justitiae:
749 972 777 998 et
794 970 862 998 ideo
882 969 939 997 cito
955 977 1008 1005 ap-

224 1019 341 1058 parebit
359 1019 457 1053 vobis,
482 1018 626 1055 quoniam
645 1014 792 1054 judicium
815 1016 1008 1045 durissimum

224 1067 281 1103 his,
297 1067 349 1104 qui
362 1068 503 1104 praesunt,
517 1066 576 1094 fiet.
597 1065 709 1101 Exiguo
734 1065 814 1094 enim
835 1064 1009 1092 conceditur

225 1114 433 1144 misericordia
441 1124 449 1150 ;
472 1113 525 1142 sed
546 1115 681 1150 potentes
707 1114 843 1149 potenter
863 1113 1010 1139 tormenta

225 1162 384 1199 patientur.
401 1172 415 1188 »
428 1163 500 1197 Lege
512 1163 603 1189 totam
615 1160 830 1194 auctoritatem,
841 1159 911 1196 quia
922 1159 1010 1187 valde

226 1208 422 1246 proedicabilis
443 1210 496 1242 est,
520 1210 548 1236 et
571 1207 707 1244 pulchra,
731 1209 759 1234 et
777 1206 892 1234 timoris
907 1208 949 1234 est
963 1207 1010 1234 in-

227 1256 353 1284 cussiva.
368 1255 488 1284 Talibus
501 1255 580 1283 enim
593 1254 700 1282 dicitur
714 1256 743 1282 ³:
759 1255 827 1281 «Vae
842 1253 892 1290 qui
905 1253 1011 1289 justifi-

228 1306 295 1332 cant
311 1303 437 1340 impium
452 1310 507 1339 pro
523 1302 709 1336 menei-ibim,
730 1304 757 1329 et
779 1301 921 1337 justiliam
940 1301 1010 1336 justi

228 1350 365 1379 auferunt
383 1350 422 1378 ab
444 1358 490 1378 eo.
514 1360 526 1375 υ
548 1351 618 1378 ltem
645 1351 748 1377 contra
771 1349 825 1376 hos
846 1348 952 1376 dicitur
972 1349 981 1364 ‘
1003 1358 1009 1376 z

231 1397 418 1432 «Quomodo
441 1396 517 1425 saeta
541 1399 583 1425 est
602 1396 740 1424 meretrix
764 1395 860 1424 fidelis
885 1396 1012 1424 civitas?

229 1445 341 1474 lustitia
354 1445 499 1474 habitavit
513 1445 550 1482 (b)
569 1445 596 1473 in
613 1453 666 1480 ea;
682 1452 761 1472 nunc
774 1446 872 1472 autem
888 1444 1014 1472 homici—

231 1493 287 1522 doe.
304 1493 452 1530 Principes
467 1493 505 1521 tui
523 1493 670 1526 infideles,
686 1499 790 1520 omnes
805 1492 933 1527 diligunt
949 1500 1013 1520 mu-

231 1549 313 1576 nera,
339 1543 504 1577 sequuntur
525 1540 744 1575 retributiones,
762 1550 774 1565 n
793 1541 847 1567 etc.
865 1539 935 1567 Vide
958 1540 1014 1568 ibi-

231 1588 310 1616 dem.
327 1589 448 1622 Quarto,
464 1596 481 1615 a
493 1587 615 1623 justitia,
631 1596 692 1623 qua
713 1587 794 1614 bona
815 1586 931 1622 agimus
947 1595 1013 1624 per-

230 1638 408 1670 severanter,
424 1636 513 1664 alieni
530 1636 648 1664 suntad
666 1636 810 1663 vomitum
824 1638 1014 1671 revertentes,

231 1686 259 1712 et
271 1692 288 1712 a
299 1684 380 1712 bono
397 1683 546 1711 cadentes.
562 1683 680 1711 Talibus
692 1684 799 1711 dicitur
814 1684 823 1698 Γ·
840 1692 845 1710 ;
863 1694 874 1709 u
888 1685 1015 1711 (lonver-

230 1731 302 1759 tistis
316 1731 344 1759 in
357 1730 754 1766 amaritudinemjudicium,
771 1732 797 1757 et
814 1730 1014 1765 sructusjusti—

232 1779 276 1806 tioe
292 1778 321 1806 in
336 1778 529 1806 absinthium.
547 1789 559 1804 n
577 1778 622 1805 Sie
638 1786 709 1813 ergo
726 1779 805 1814 patet
820 1780 910 1805 status
925 1778 1014 1805 meri-

232 1826 263 1862 ti,
280 1834 340 1863 quo
356 1825 451 1854 Sancti
467 1825 580 1862 operati
596 1827 663 1852 sunt
679 1825 821 1860 justitiam
839 1825 869 1852 in
886 1825 944 1859 via,
960 1827 1013 1852 ele.

269 1873 404 1902 Secundo
436 1872 638 1909 principaliter
669 1874 790 1900 vocatur
820 1874 910 1899 status
942 1880 1016 1908 prte-

234 1921 295 1955 mii,
316 1928 376 1956 quo
393 1923 460 1948 sunt
479 1920 507 1947 in
528 1919 625 1953 gloria
640 1919 785 1951 coronati,
801 1927 869 1946 eum
885 1919 992 1946 dicitur
1008 1928 1014 1946 ι

234 1968 265 1993 ln
291 1969 449 2001 perpetuum
476 1966 574 1992 virent.
599 1967 646 1992 Est
668 1973 739 1999 ergo
760 1964 888 1992 breviter
913 1967 1018 1992 nolan-

234 2012 318 2047 dum,
336 2012 418 2048 quod
435 2014 477 2039 est
492 2012 551 2039 vila
566 2014 686 2046 naturae,
713 2012 750 2039 ‹le
777 2020 837 2048 qua
861 2012 968 2039 dicitur
988 2012 1017 2039 in

235 2061 329 2087 Genesi
342 2060 352 2074 ⁴³
370 2068 376 2086 :
391 2070 403 2084 ι(
421 2059 575 2095 inspiravit
591 2059 620 2086 in
637 2058 743 2086 faciem
756 2059 819 2094 ojus
835 2058 1017 2095 spiraculum

234 2108 310 2141 vitm,
323 2108 350 2134 et
363 2106 454 2134 sactus
470 2109 511 2133 est
524 2106 615 2133 homo
631 2106 661 2133 in
677 2106 809 2134 animam
826 2106 984 2134 virentem.
1002 2118 1015 2132 n

235 2156 305 2182 {tem
314 2156 356 2181 est
365 2153 433 2188 vita,
444 2162 510 2189 quae
524 2153 673 2189 (1¹)dicitur
682 2154 786 2190 culpae,
798 2153 834 2181 de
844 2162 903 2190 qua
913 2154 1019 2182 dicitur

234 2201 310 2229 illud
326 2202 336 2217 ⁷
354 2210 359 2228 :
374 2212 385 2226 ιι
396 2201 422 2228 Si
443 2201 607 2228 secundum
624 2209 743 2228 carnem
761 2201 897 2235 vixeritis,
914 2201 1019 2229 morie-

235 2248 318 2276 mini.
335 2259 347 2273 »
366 2249 435 2276 lirin
459 2251 501 2275 est
521 2249 580 2275 vita
598 2249 708 2283 gratim,
729 2248 766 2276 de
783 2257 842 2284 qua
859 2249 928 2277 dicit
944 2252 1019 2286 Apo-

234 2295 328 2324 stolus
341 2298 351 2311 ⁸
368 2305 373 2323 :
389 2306 399 2320 t<
416 2295 486 2323 l'ivo
506 2303 572 2330 ego,
592 2296 653 2330 jain
670 2304 729 2323 non
746 2304 817 2329 eg03
837 2296 889 2323 sed
906 2296 974 2324 vivit
990 2296 1018 2323 in

236 2351 282 2370 me
303 2342 441 2370 Christus.
465 2352 478 2369 »
497 2344 567 2370 lieni
590 2342 694 2370 ultimo
717 2346 758 2369 est
779 2343 837 2370 vita
853 2343 1019 2377 g101·ia›‚de

236 2398 296 2425 qua
311 2390 358 2418 hie
374 2390 470 2425 agitur
486 2399 491 2416 :
508 2391 535 2417 et
550 2389 610 2417 haee
626 2389 690 2417 sola
705 2393 746 2417 est
762 2390 819 2417 xila
831 2399 910 2417 vera.
924 2391 1020 2418 Prima

238 2439 279 2464 est
293 2437 352 2464 vila
368 2436 559 2471 illuminans;
576 2436 707 2464 secunda
723 2439 764 2464 cst
780 2437 837 2464 vita
853 2437 1018 2472 delectans3

238 2484 321 2512 tertia
338 2486 379 2511 cst
395 2484 454 2512 vita
469 2484 622 2520 quietans5
646 2485 752 2519 quarta
766 2485 808 2510 est
824 2484 881 2511 vita
896 2487 1019 2512 {uterna-

239 2531 303 2559 liter
316 2531 435 2559 durans.
451 2532 520 2565 Quis
535 2532 611 2560 hane
624 2532 714 2559 vitam
728 2540 787 2559 nou
799 2534 938 2568 appetat?
953 2533 1020 2569 quis

238 2579 277 2606 ad
293 2586 358 2606 eam
374 2579 440 2606 totis
456 2579 609 2607 affectibus
624 2587 685 2607 non
701 2579 834 2615 aspiret?
849 2579 923 2612 Quid
941 2580 1019 2607 enim

271 2653 277 2668 ¹
296 2652 397 2682 Ezech„
413 2659 452 2681 ιιι,
466 2654 505 2677 2⁰.
524 2667 550 2670 —
567 2654 573 2667 ²
593 2655 663 2684 Solu,
680 2659 715 2684 Vl,
729 2654 782 2677 2-7.
796 2666 824 2671 —
839 2655 848 2670 ³
864 2655 922 2684 lxm,
941 2660 964 2684 v,
980 2656 1018 2679 23.

239 2700 268 2705 -
285 2688 294 2704 ⁸
310 2688 384 2718 lbi‹l.‚
401 2694 417 2718 l,
435 2690 473 2718 2¹,
490 2690 527 2712 23.
545 2702 572 2705 —
587 2690 593 2703 ⁵
610 2690 692 2718 Anms,
710 2695 744 2719 Vl,
761 2692 782 2713 ·.’.
798 2704 822 2706 ⁷
841 2690 850 2705 Β
864 2690 934 2717 Gen„
952 2697 979 2721 ιι,
996 2692 1018 2715 ἶ.

240 2725 290 2741 -“’
309 2724 386 2754 lic-111.y
403 2730 465 2756 viii,
486 2727 520 2749 13.
537 2738 566 2742 -
588 2730 594 2734 ·
613 2725 679 2753 (tuh,
698 2731 725 2756 ιι,
741 2727 778 2749 20.
799 2739 827 2743 -
843 2726 853 2741 ‘³
869 2726 973 2755 coloss„
993 2733 1020 2755 n,

597 233 809 268 SERMONES
831 233 879 266 DE
900 228 1069 266 SANCTIS
1090 231 1132 265 IN
1153 231 1349 268 COMMUNl.
1371 233 1465 268 xxn.

1056 300 1115 330 hac
1128 301 1258 330 melius?
1277 301 1353 339 quid
1371 301 1600 332 delectabilius?
1623 301 1700 340 quid
1720 302 1842 343 durabi-

1057 347 1139 377 lius?
1153 349 1228 378 Nam
1241 348 1294 378 illa
1313 349 1374 378 vita
1392 351 1436 378 est
1459 349 1567 379 mentis
1587 349 1788 380 illuminativa
1800 351 1842 381 ad

1059 395 1262 432 cognitionem
1274 396 1494 426 sublimissimae
1510 397 1657 434 veritatis3
1678 399 1722 426 est
1741 397 1842 427 cordis

1059 443 1246 478 delectativa,
1253 446 1375 481 propter
1386 444 1599 481 experientiam
1610 452 1735 473 summas
1745 444 1844 474 suavi-

1059 490 1142 526 tatis,
1155 492 1199 519 est
1207 498 1324 520 summe
1334 491 1481 526 satiativa,
1490 494 1613 529 propter
1623 492 1743 529 copiam
1753 491 1843 521 uber-

1060 538 1137 573 tatis,
1152 539 1180 566 et
1195 537 1226 566 in
1243 537 1332 567 bonis
1353 537 1534 567 subhmihus
1552 539 1776 576 copiositatem;
1801 541 1845 568 est

1060 587 1194 622 tempore
1209 587 1353 622 perpetuo
1369 584 1518 620 durativa,
1534 587 1658 622 propter
1675 586 1843 616 absentiam

1061 631 1300 667 defectibilitatis,
1309 632 1358 660 vel
1372 634 1494 669 propter
1502 633 1688 670 praesentiam
1698 633 1845 663 aeternita-

1061 679 1105 708 tis.
1130 679 1210 714 Dico,
1231 678 1316 716 quod
1333 678 1385 707 illa
1403 687 1521 708 summa
1542 681 1570 708 et
1587 680 1677 709 beata
1690 681 1762 716 vita,
1777 689 1844 718 quas

1062 730 1104 756 est
1127 727 1197 756 data
1217 727 1404 764 martyribus»,
1434 730 1477 756 est
1497 728 1604 756 animae
1633 727 1844 766 illuminativa,

1062 774 1217 803 conterens
1237 777 1347 803 certam
1361 776 1390 803 et
1406 783 1508 804 veram
1528 775 1692 810 scientiam,
1708 784 1744 805 eo
1760 777 1845 813 quod

1062 822 1192 850 veritatis
1206 821 1326 857 divinae,
1339 822 1400 851 sive
1412 822 1562 859 sapientise
1572 822 1622 851 Dei
1631 824 1673 852 est
1683 823 1843 852 ostensiva.

1062 869 1139 904 Quid
1153 869 1234 898 enim
1246 869 1415 904 sublimius,
1430 869 1503 906 quid
1515 869 1642 906 dulcius,
1658 878 1749 907 quam
1759 870 1845 900 illum

1062 925 1131 946 vere
1147 925 1339 953 cognoscere,
1353 916 1384 945 in
1398 924 1460 954 quo
1470 917 1481 934 ⁹
1491 926 1505 943 «
1515 918 1584 945 sunt
1598 925 1704 945 omnes
1715 917 1846 946 thesauri

1063 964 1235 1001 sapientiae?
1248 975 1260 991 υ
1274 964 1346 999 imo,
1362 972 1454 1001 quam
1468 963 1569 992 videre
1588 966 1616 992 et
1635 964 1726 993 corde
1745 966 1845 993 tenere
1868 988 1871 991 .

1063 1011 1113 1039 Dei
1126 1010 1303 1048 sapientiam
1315 1011 1329 1039 ⁸?
1344 1013 1416 1040 Nam
1431 1013 1555 1046 constat,
1568 1013 1597 1040 et
1611 1011 1736 1040 docetur
1746 1011 1777 1040 in
1790 1013 1847 1041 Me-

1064 1058 1219 1096 taphysica
1233 1060 1265 1094 ¹⁰,
1281 1059 1365 1099 quod
1382 1069 1396 1086 a
1409 1066 1515 1087 omncs
1526 1059 1665 1087 homines
1674 1058 1847 1088 naturaliter

1064 1106 1137 1135 seire
1158 1106 1326 1135 desiderant
1349 1116 1355 1135 :
1379 1117 1393 1133 n
1419 1107 1459 1135 ob
1485 1115 1578 1144 quam
1600 1115 1722 1135 causam
1744 1114 1848 1137 sensus

1065 1162 1212 1190 amamus,
1239 1154 1310 1191 quia
1334 1162 1388 1191 per
1407 1162 1459 1183 eos
1477 1154 1573 1183 multa
1595 1154 1737 1183 discimus
1753 1165 1760 1183 ε
1776 1155 1849 1192 quia

1066 1209 1127 1230 non
1142 1205 1208 1229 sunl
1223 1201 1253 1229 in
1265 1201 1423 1237 intellectu,
1439 1210 1505 1239 quae
1520 1202 1602 1238 prius
1614 1210 1675 1230 non
1685 1202 1804 1231 luerunt
1817 1202 1848 1231 in

1065 1257 1162 1277 sensu.
1181 1249 1261 1277 Unde
1277 1249 1316 1277 ob
1333 1257 1467 1277 amorem
1488 1252 1610 1277 terrenae
1631 1249 1769 1285 scientiae,
1795 1250 1849 1278 De-

1067 1297 1246 1331 mosthenes,
1271 1297 1322 1333 qui
1342 1297 1438 1333 periit,
1463 1305 1532 1325 cum
1551 1299 1668 1325 centum
1688 1299 1717 1326 et
1736 1299 1849 1334 septem

1067 1352 1215 1372 annorum
1231 1346 1316 1378 esset,
1333 1352 1392 1372 non
1409 1343 1483 1372 velle
1506 1352 1536 1372 se
1558 1344 1683 1372 libenter
1706 1345 1782 1373 mori
1802 1345 1849 1374 di-

1067 1391 1119 1426 xit,
1133 1391 1204 1428 quia
1218 1399 1249 1419 se
1265 1393 1333 1419 tunc
1349 1391 1478 1427 incipere
1493 1391 1605 1419 discere
1621 1391 1752 1420 asseruit.
1769 1391 1850 1421 Plato

1068 1438 1097 1466 in
1112 1446 1172 1466 uno
1187 1440 1215 1466 et
1229 1438 1381 1474 octoginta
1395 1438 1491 1473 annis,
1505 1438 1615 1475 quibus
1631 1438 1712 1474 vixit,
1725 1447 1742 1467 a
1752 1438 1852 1467 lectio-

1068 1495 1105 1515 ne
1128 1494 1283 1523 nunquam
1315 1486 1447 1515 cessavit.
1476 1487 1609 1515 Socrates
1634 1487 1665 1515 in
1688 1487 1853 1523 nonaginta

1068 1542 1177 1562 novem
1192 1534 1276 1562 annis
1290 1534 1330 1561 sic
1346 1533 1487 1562 doctrinis
1503 1534 1638 1567 intendit,
1659 1534 1742 1571 quod
1763 1534 1852 1563 etiam

1070 1582 1098 1609 in
1112 1590 1209 1617 agone
1225 1582 1395 1618 disputavit.
1416 1584 1552 1616 Magnum
1574 1581 1662 1617 igitur
1678 1582 1794 1610 bonum
1809 1585 1851 1610 est

1069 1629 1201 1663 scientia,
1216 1637 1270 1665 pro
1287 1637 1346 1664 qua
1359 1628 1399 1655 sic
1415 1628 1503 1656 anxia
1517 1630 1559 1656 est
1570 1637 1641 1656 cura
1659 1629 1802 1657 humana.
1819 1631 1853 1657 Et

1070 1677 1093 1704 si
1110 1676 1174 1704 talis
1189 1678 1230 1703 est
1244 1675 1297 1703 ista
1314 1675 1435 1703 scientia
1450 1678 1557 1710 creata,
1573 1675 1671 1712 qualis
1683 1679 1725 1704 est
1736 1676 1853 1713 sapien-

1071 1723 1109 1751 tia
1125 1723 1264 1757 increata,
1279 1723 1325 1750 cui
1342 1723 1403 1751 haee
1416 1726 1588 1759 comparata
1605 1725 1647 1751 est
1662 1723 1779 1759 penitus
1790 1723 1854 1751 nul-

1071 1771 1109 1805 la,
1126 1773 1153 1799 et
1168 1770 1251 1807 quod
1267 1770 1327 1798 hmo
1344 1773 1396 1805 est,
1413 1773 1506 1799 totum
1521 1773 1563 1798 est
1577 1770 1614 1799 ab
1629 1770 1679 1798 illa
1690 1772 1704 1798 ⁸?
1715 1772 1853 1806 Magnum

1071 1826 1142 1854 ergo
1159 1820 1201 1845 est
1216 1818 1341 1852 bonum,
1360 1817 1432 1854 quia.
1450 1826 1612 1851 summum,
1635 1817 1685 1845 illa
1705 1817 1775 1852 vita,
1793 1826 1854 1854 qua

1072 1866 1174 1893 diviua
1188 1865 1332 1901 sapientia
1347 1867 1389 1892 est
1405 1865 1523 1900 cognita
1552 1866 1623 1892 Nam
1641 1864 1723 1901 quod
1738 1864 1795 1893 hoc
1811 1864 1854 1893 t'a-

1073 1914 1129 1942 ciat
1150 1914 1301 1948 Dominus,
1317 1913 1347 1940 iu
1362 1913 1465 1940 Jounne
1484 1912 1572 1940 docet
1587 1912 1689 1939 dicens
1701 1911 1720 1928 ¹¹
1737 1922 1743 1940 :
1760 1923 1773 1939 α
1789 1914 1854 1940 Haec

1073 1965 1115 1990 est
1130 1962 1190 1990 vita
1209 1964 1328 1995 adorna,
1345 1964 1375 1989 ut
1391 1963 1571 1997 cognoscant
1587 1963 1612 1988 te
1632 1969 1735 1988 verum
1751 1962 1853 1995 Deum,

1073 2013 1100 2038 ct
1116 2018 1205 2046 quem
1222 2009 1322 2036 misisti
1339 2010 1436 2036 Jcsum
1449 2008 1603 2037 christum.
1622 2019 1634 2032 υ
1647 2007 1794 2042 Secundo,
1803 2008 1854 2036 illa

1073 2059 1132 2086 vita
1148 2061 1189 2085 e-t
1205 2058 1310 2085 animae
1323 2056 1411 2084 valde
1428 2056 1602 2084 delectativa
1617 2065 1623 2083 :
1640 2056 1800 2084 nihilenim
1812 2058 1855 2084 est

1074 2106 1154 2135 aliud
1173 2105 1340 2139 delectatio,
1360 2112 1451 2140 quam
1473 2103 1675 2132 convenientis
1695 2112 1763 2132 cum
1784 2112 1854 2132 con-

1074 2153 1202 2182 venienti
1217 2151 1396 2187 conjunctio.
1416 2155 1510 2184 Quare
1531 2150 1635 2179 oculus
1647 2150 1809 2179 delectatur
1824 2151 1855 2179 in

1074 2204 1194 2237 aspectu
1210 2199 1356 2233 colorum,
1373 2198 1496 2226 ollactus
1516 2198 1547 2225 in
1568 2198 1756 2234 perceptione
1778 2198 1854 2227 odo-

1075 2248 1124 2279 ris,
1142 2250 1242 2283 gustus
1258 2247 1287 2273 iu
1304 2245 1490 2282 perceptione
1513 2246 1639 2281 saporis,
1660 2245 1732 2281 quia
1746 2253 1855 2274 conve-

1075 2296 1116 2322 nit
1146 2303 1213 2322 cum
1243 2293 1310 2327 illis,
1338 2296 1364 2320 et
1390 2295 1469 2320 tanto
1492 2292 1596 2327 magis,
1624 2294 1736 2328 quanto
1762 2300 1855 2320 unum

1076 2342 1215 2370 convenit
1242 2349 1309 2368 cum
1331 2341 1423 2368 altero
1443 2340 1556 2375 inagis:
1587 2340 1658 2376 quia
1686 2340 1781 2376 magis
1806 2339 1855 2368 de-

1075 2390 1220 2417 lectantur
1254 2396 1356 2415 sensus
1385 2387 1414 2415 in
1443 2387 1558 2422 mediis,
1581 2395 1672 2423 quam
1700 2387 1730 2414 in
1762 2388 1856 2415 extre-

1076 2437 1142 2471 mis,
1168 2444 1204 2464 eo
1235 2435 1318 2471 quod
1352 2435 1444 2462 nimia
1471 2434 1656 2469 objectorum
1683 2433 1856 2462 excellentia

1075 2492 1179 2511 sensus
1203 2482 1375 2518 corrumpit,
1400 2484 1430 2509 ut
1454 2481 1649 2518 Philosophus
1673 2481 1752 2509 dicit.
1781 2483 1854 2509 Cum

1077 2531 1157 2559 enim
1187 2530 1287 2559 anima
1320 2530 1348 2557 iu
1384 2529 1434 2557 illa
1462 2529 1549 2557 beata
1578 2528 1638 2556 vita
1660 2536 1714 2556 suo
1745 2536 1854 2556 conve<

1075 2612 1098 2633 2³.
1125 2621 1154 2626 —
1179 2609 1198 2624 ¹⁰
1222 2608 1308 2638 Arist,
1331 2606 1452 2638 Mtlupla„
1473 2605 1516 2629 lib.
1541 2605 1564 2635 l,
1588 2614 1610 2628 ‹·.
1636 2611 1652 2628 ι.
1677 2618 1707 2622 -
1730 2606 1745 2621 ¹¹
1771 2605 1853 2635 Jonn„

1076 2651 1139 2675 xvii,
1157 2645 1180 2669 3.

1112 2690 1143 2719 sa)
1158 2690 1218 2714 Ccrl.
1235 2689 1295 2714 edil.
1314 2688 1380 2720 regis
1404 2701 1430 2705 —
1447 2686 1480 2717 (h)
1492 2687 1551 2710 Item
1565 2685 1696 2710 habitabit.
1708 2698 1734 2703 —
1750 2687 1778 2716 (v)
1793 2686 1853 2710 Item

1075 2733 1132 2758 qna.

1875 1400 1972 1422 Platoni·

1865 1434 1888 1454 et
1899 1433 1975 1453 Socra-

1866 1464 1894 1484 tis
1913 1465 1973 1483 mus.
