2029 3052
602 242 890 276 RESPONSIONlS
911 242 1070 276 TERTIAE
1091 242 1220 276 CAPUT
1242 243 1281 274 ll.

142 312 283 353 cupienti
300 313 310 330 ¹
329 321 395 345 non
425 313 630 355 permittitur.
669 312 788 353 Vulpes
809 312 917 352 foveas

142 366 271 406 habent,
284 369 313 400 et
326 367 468 400 volucres
482 367 550 400 coeli
562 366 673 407 nidos;
686 366 796 399 Filius
811 369 920 398 autem

143 420 285 454 hominis
299 421 468 454 nonhabet
482 421 538 454 ubi
551 423 647 462 caput
656 429 751 453 suum
765 421 918 460 reclineffi,

143 483 184 506 ne
207 475 287 507 sorte
309 475 516 514 contristeris,
540 475 567 506 si
586 477 722 516 anguste
736 484 921 516 permanse-

144 528 200 560 ris.
217 539 231 558 υ
248 528 285 560 In
301 529 351 560 his
371 528 587 570 Hieronymus
601 531 746 570 patenter
764 529 919 567 insinuat,

145 583 231 624 quod
246 583 328 614 sicut
339 584 435 615 statui
450 583 644 615 Testamenti
658 583 788 622 Veteris,
802 583 922 614 divitiae

146 637 368 678 competebant
382 639 414 669 et
427 638 560 678 nuptiae,
574 637 619 668 ita
633 637 818 678 perfectioni
828 646 923 669 novae

145 691 239 731 legis,
252 693 423 732 paupertas
438 693 469 723 et
483 691 620 722 castitas.
637 692 724 723 Sicut
736 691 840 731 igitur
855 691 924 723 vir-

148 746 268 786 ginitas
286 755 343 786 per
358 745 518 777 Christum
534 745 725 784 introducta,
740 745 847 785 legem
858 754 925 776 non

147 800 252 839 solvit,
269 799 324 831 sed
338 799 464 839 implet;
481 799 526 830 sic
540 808 597 830 nec
612 800 809 839 paupertatis
822 799 925 830 consi-

146 854 227 885 lium
241 854 348 894 legem
368 854 523 892 destruit,
543 854 598 885 sed
616 855 830 892 consummat,
847 855 926 894 quia

146 908 253 939 necin
267 908 378 939 eadem
392 907 464 947 lege
482 908 670 948 evangelica
689 908 822 939 consilia
841 918 926 949 prae-

146 962 243 1002 ceptis
269 962 515 1001 contrariantur,
534 962 588 993 sed
610 962 715 1002 potius
738 963 861 994 addunt
887 963 926 994 ad

146 1016 371 1056 perfectionem
408 1016 553 1056 justitiae.
591 1016 796 1048 Concluditur
826 1018 928 1057 igitur

146 1079 204 1111 per
217 1070 303 1110 baec,
321 1070 405 1110 quod
421 1070 502 1102 sicut
517 1080 536 1101 a
551 1071 673 1102 ratione
687 1071 851 1102 dissonum
868 1074 925 1110 est,

146 1124 283 1155 formam
314 1125 461 1165 perfectae
491 1125 641 1156 castitatis
673 1125 866 1157 constituere
894 1126 928 1157 iu

147 1178 306 1209 uxoribus
334 1178 534 1209 sacerdotum
564 1178 719 1218 legalium
735 1203 743 1217 ,
769 1179 813 1210 sic
840 1189 928 1211 sanae

147 1231 299 1263 doctrinae
319 1232 519 1270 adversatur,
541 1233 768 1272 perfectionem
787 1243 926 1274 pauper-

147 1285 220 1316 tatis
234 1286 387 1316 collocare
402 1286 436 1316 in
453 1286 707 1326 possessionibus
729 1287 926 1320 Levitarum.

147 1339 204 1371 His
219 1342 370 1371 consonat
385 1340 568 1371 Bernartius
579 1365 587 1378 ,
605 1340 644 1372 cle
659 1340 814 1381 colloquio
832 1340 931 1373 Simo-

147 1395 201 1426 πίε
211 1397 239 1427 et
253 1394 326 1426 Jesu
337 1395 348 1411 ²
360 1405 371 1426 .·
389 1405 403 1423 «
418 1394 527 1434 Longe
541 1419 548 1432 ,
565 1405 580 1423 »
600 1394 714 1434 inquit,
738 1406 751 1424 (ι
767 1395 854 1426 aliud
871 1397 927 1434 est,

148 1449 182 1479 in
197 1448 264 1479 luto
281 1457 441 1488 aquarum
457 1448 635 1479 multarum
647 1448 740 1479 divisi
754 1449 853 1480 fundo
864 1458 930 1480 ma-

149 1502 193 1534 ris
217 1502 277 1533 iter
305 1511 435 1541 capere,
461 1504 588 1533 terrena
610 1502 694 1533 licite
722 1503 927 1543 possidendo3

150 1556 236 1587 aliud
250 1556 352 1596 ipsam
367 1556 459 1587 novis
475 1556 640 1596 gressibus
654 1557 775 1587 undam
796 1557 929 1596 calcare,

150 1611 258 1642 omnia
268 1609 489 1650 relinquendo.
502 1609 564 1641 Sed
579 1610 715 1650 tempori
727 1611 840 1650 grance
852 1620 932 1651 prae-

149 1664 299 1704 rogativa
312 1664 382 1694 liaec
397 1663 588 1702 debebatur3
608 1663 701 1695 Petro
718 1674 839 1696 novum
857 1665 928 1704 iter,

151 1719 182 1750 et
204 1727 269 1749 non
290 1719 386 1758 typus
400 1717 524 1748 itineris
545 1718 749 1749 servabatur.
775 1718 932 1759 Antiquo-

150 1781 226 1803 rum
250 1781 326 1802 sane
351 1771 481 1802 Pati-um
502 1771 631 1809 diebus,
658 1772 758 1803 donec
783 1772 817 1802 iu
840 1773 932 1803 terris

151 1826 334 1863 videretur,
353 1827 383 1856 et
405 1826 650 1856 conversaretur
681 1826 764 1856 inter
786 1826 932 1857 homines

153 1879 308 1911 Dominus
335 1878 519 1919 maiestatis,
546 1887 611 1908 non
641 1881 709 1908 erat
734 1880 933 1918 evangelicae

152 1935 255 1966 forma
270 1933 469 1974 perfectionis
484 1957 491 1970 ,
509 1932 563 1963 sed
581 1932 730 1972 spiritum
748 1932 874 1963 Domini
892 1934 932 1973 (a)

153 1988 220 2019 solo
230 1987 358 2018 interim
369 1987 483 2027 spiritu
495 1987 720 2027 sequebantur.
730 1987 770 2017 At
779 1997 851 2018 cum
860 1988 935 2020 Ver-

154 2043 227 2075 bum
239 2049 312 2073 caro
326 2041 449 2080 factum
464 2043 519 2078 esc,
534 2042 561 2072 et
580 2040 740 2072 habitavit
755 2041 791 2072 z'n
807 2041 898 2073 nobis
910 2044 932 2080 ³,

151 2097 220 2137 jam
230 2096 263 2126 in
273 2104 310 2126 eo
321 2095 435 2125 tradita
444 2096 492 2125 est
502 2095 610 2134 imago
624 2094 710 2132 vitae,
728 2096 759 2125 ct
768 2103 935 2126 conversa<

154 2149 249 2180 tionis
261 2148 435 2188 exemplar,
447 2148 532 2188 quod
544 2149 667 2188 oportet
680 2147 776 2178 etiam
788 2158 935 2189 corpora-

153 2203 226 2233 liter
241 2202 370 2239 imitari,
392 2203 428 2232 ut
447 2204 585 2241 utroque
600 2203 768 2240 sequentes
784 2203 931 2242 vestigio,

153 2265 220 2287 non
233 2255 368 2286 ulterius
385 2264 459 2285 cum
476 2255 656 2294 patriarcha
670 2254 766 2285 Jacob
781 2256 880 2287 altero
895 2258 936 2288 fe-

154 2318 244 2340 more
261 2308 485 2339 claudicemus.
502 2308 610 2348 Neque
634 2308 693 2339 hoc
710 2309 846 2340 dicimus
863 2312 932 2341 tan-

155 2373 252 2404 quam
264 2363 379 2394 salvari
395 2363 454 2393 hoc
473 2364 626 2402 tempore,
638 2363 663 2393 si
677 2372 768 2394 secus
779 2364 849 2404 quis
858 2374 935 2405 ege-

155 2418 207 2456 rit,
224 2418 373 2457 nequeat,
398 2416 451 2447 sed
474 2418 510 2446 nt
529 2416 668 2455 gradum
689 2421 842 2456 agnoscat
860 2429 932 2458 pro-

155 2473 275 2514 prium,
287 2474 317 2502 et
331 2471 436 2502 locum
444 2471 656 2511 perfectionis,
667 2474 722 2502 aut
730 2472 935 2512 discipulatus

157 2526 296 2557 osticium
306 2535 369 2556 non
380 2527 524 2565 usurpet.
534 2524 628 2555 nHaec
640 2524 822 2557 Bernardus
838 2530 858 2558 ³.
877 2527 936 2559 Per

158 2589 231 2620 quae
253 2580 443 2619 cupidorum
464 2588 552 2609 error
574 2588 744 2618 perversus
764 2580 901 2620 eliditur,
918 2593 936 2613 a

159 2634 288 2674 quibus,
305 2634 363 2664 sub
379 2634 503 2674 pietatis
518 2633 621 2673 specie
632 2658 639 2671 ,
658 2642 714 2673 per
728 2634 936 2674 antiquorum

192 2717 198 2732 ¹
218 2714 316 2740 Matlh..
337 2720 392 2745 vni,
410 2716 448 2738 22.
466 2728 492 2732 —
509 2715 520 2731 2
534 2715 601 2743 Lae,
620 2720 658 2744 ix,
676 2715 714 2739 58.
729 2727 760 2733 --
773 2715 783 2731 3
800 2716 854 2741 Imo
871 2718 936 2743 Gau-

158 2751 227 2783 frid„
245 2751 274 2775 de
293 2750 382 2782 colloq.
407 2751 501 2776 Simon.
521 2758 576 2775 cum
597 2751 658 2781 Jes.,
677 2758 704 2775 n.
724 2752 749 2782 7,
767 2751 834 2777 inter
850 2756 936 2785 spuria

1695 244 1755 274 473

975 311 1107 344 Patrum
1122 312 1250 344 divitias
1263 311 1435 352 paupertas
1459 310 1682 352 impugnatur.
1707 309 1755 341 Ex

975 366 1094 406 quibus
1117 367 1149 397 et
1171 366 1249 397 illud
1279 365 1506 406 consequitur,
1534 364 1620 405 quod
1650 364 1676 395 is
1704 363 1756 395 cui

976 420 1215 461 respondemus,
1227 429 1292 451 non
1303 421 1458 461 tanquam
1470 418 1664 460 paupertatis
1674 418 1754 449 ami-

977 483 1043 512 ωε,
1060 475 1115 505 sed
1129 475 1333 506 adversarius
1352 483 1549 516 pauperum,
1572 483 1670 514 super
1693 473 1757 504 hu-

973 528 1117 569 J'usmodi
1134 529 1348 569 possessiones
1362 538 1396 560 se
1411 529 1550 561 fundans
1561 553 1569 568 ,
1590 527 1758 569 perfectio-

977 582 1027 613 nis
1052 583 1261 614 fundamenta
1283 592 1349 614 non
1371 584 1497 622 statuit,
1515 583 1569 615 scd
1590 582 1758 614 subvertit.

979 636 1206 669 Perfectionem
1235 637 1338 678 igitur
1363 638 1561 678 paupertatis
1590 638 1757 675 extrcmae,

978 691 1091 731 legalis
1115 691 1319 722 observantia
1341 700 1407 722 non
1431 693 1613 732 oppugnat,
1633 690 1687 722 sed
1703 698 1762 720 nec

979 746 1082 777 forma
1096 746 1227 777 vivendi
1242 746 1479 787 Apostolorum,
1491 744 1656 776 necloculi
1672 744 1764 775 Chri-

981 800 1039 837 sti,
1064 809 1123 832 nec
1144 800 1312 840 promissio
1336 799 1496 839 centupli,
1525 798 1606 829 sicut
1628 807 1669 829 ex
1690 799 1764 829 ante

981 854 1072 885 dletis
1095 857 1140 885 cst
1163 856 1286 894 patens,
1303 853 1434 893 insuper
1455 861 1514 884 nec
1536 852 1701 883 affluentia
1716 851 1762 882 fa-

982 909 1136 940 cultatum
1150 908 1310 947 Ecclesiae,
1327 917 1390 948 qua
1405 907 1495 939 velut
1508 909 1674 938 armatura
1690 915 1765 937 con-

981 965 1152 1004 sequenter
1176 972 1209 993 se
1233 962 1340 993 munit
1359 971 1538 1002 pauperum
1561 961 1675 999 hostis,
1699 969 1765 991 non

982 1019 1049 1049 tam
1073 1017 1113 1048 ad
1137 1017 1369 1048 defensandum
1395 1018 1513 1047 statum
1541 1014 1765 1047 ecclesiasticae

983 1071 1178 1102 celsitudinis
1192 1095 1199 1109 ,
1217 1081 1316 1111 quam
1341 1070 1381 1101 ad
1407 1069 1621 1110 dejiciendum
1637 1068 1766 1099 culmen

983 1125 1182 1165 evangelicae
1206 1125 1411 1165 paupertatis.
1439 1123 1472 1155 Si
1488 1124 1575 1154 cnim
1592 1121 1765 1163 possessio-

986 1189 1041 1211 nes
1057 1180 1204 1211 Ecclesiae
1220 1179 1458 1210 commendaret
1473 1180 1508 1208 ut
1523 1178 1642 1214 licitas,
1658 1178 1695 1207 ut
1707 1185 1764 1207 ex-

986 1235 1168 1275 pedientes,
1194 1236 1230 1264 ut
1254 1233 1438 1274 perfectioni
1473 1231 1711 1272 compossibiles
1733 1230 1767 1261 in

985 1288 1036 1318 his
1057 1288 1113 1327 qui
1137 1287 1351 1318 communiter
1375 1286 1557 1327 possident,
1579 1288 1609 1316 et
1633 1285 1684 1315 his
1708 1285 1766 1325 qui

986 1342 1091 1372 sancte
1106 1341 1311 1381 dispensant,
1329 1340 1416 1372 viam
1432 1341 1622 1380 sequeretur
1638 1341 1764 1369 sancto-

985 1405 1060 1426 rum
1081 1395 1269 1433 Doctorum,
1294 1397 1325 1426 et
1348 1403 1509 1426 canonum
1532 1393 1766 1425 consiliantium

986 1459 1155 1490 perversos
1169 1449 1346 1487 haereticos,
1363 1448 1419 1489 qui
1432 1447 1605 1479 Ecclesiam
1616 1447 1683 1485 Dei,
1695 1456 1769 1487 pro-

987 1505 1058 1544 pter
1077 1504 1289 1544 possessiones
1312 1504 1475 1543 acceptas,
1500 1511 1518 1532 a
1539 1503 1623 1532 statu
1635 1501 1769 1541 justitiae

986 1560 1016 1589 et
1029 1558 1229 1598 perfectionis
1245 1558 1391 1588 asserunt
1410 1565 1478 1587 esse
1499 1555 1670 1595 collapsam
1686 1566 1693 1593 ;
1711 1564 1770 1586 nec

987 1614 1105 1643 sanctae
1139 1612 1319 1652 paupertati
1348 1610 1579 1651 praejudicatur
1608 1609 1642 1639 in
1664 1609 1770 1649 aliquo

988 1667 1131 1698 doctrina
1146 1665 1343 1706 hujusmodi,
1364 1674 1422 1705 pro
1442 1673 1479 1695 eo
1494 1663 1581 1704 quod
1601 1663 1682 1694 varii
1696 1665 1771 1694 sunt

988 1722 1022 1752 in
1045 1731 1082 1752 ca
1105 1720 1306 1761 perfectionis
1327 1719 1424 1757 modi,
1442 1718 1524 1749 sicut
1538 1718 1621 1748 circa
1637 1726 1770 1757 respon-

989 1775 1087 1806 sionis
1109 1774 1303 1815 principium
1323 1773 1381 1804 suit
1403 1775 1578 1804 ostensum.
1600 1771 1692 1802 Nunc
1713 1780 1772 1802 au-

989 1832 1054 1860 tem
1066 1853 1074 1867 ,
1093 1829 1170 1869 quia
1192 1829 1324 1859 suadere
1344 1829 1476 1858 conatur
1491 1826 1703 1867 possessiones
1718 1834 1769 1855 ec-

991 1883 1179 1913 clesiasticas
1205 1882 1244 1913 ad
1268 1881 1469 1922 perfectionis
1498 1881 1601 1910 facere
1629 1879 1769 1916 culmen,

992 1939 1143 1977 tanquam
1161 1937 1330 1977 perfectius
1346 1935 1428 1965 sitin
1438 1934 1482 1965 eis
1493 1934 1616 1965 Christo
1628 1933 1770 1970 affluere,

992 2001 1088 2032 quani
1111 2001 1168 2031 pro
1194 1990 1318 2021 Christo
1341 1998 1469 2026 carere3
1493 1997 1557 2019 non
1578 1987 1683 2017 solum
1700 1986 1770 2026 glo-

991 2045 1071 2076 riam
1088 2045 1283 2085 paupertatis
1299 2045 1444 2081 evacuat,
1464 2051 1579 2073 verum
1595 2041 1690 2071 etiam
1702 2041 1773 2071 fun-

991 2100 1140 2130 damenta
1155 2099 1256 2139 ipsius
1272 2097 1417 2129 Ecclesia}
1433 2096 1569 2134 subruit,
1584 2095 1662 2125 dum
1677 2095 1770 2125 Chri-

991 2156 1076 2184 stum
1099 2156 1129 2184 et
1153 2152 1320 2193 Apostolos
1336 2150 1524 2191 temporalia
1541 2149 1717 2190 possedisse
1733 2149 1772 2180 ad

991 2207 1131 2239 dandum
1153 2206 1352 2247 perfectionis
1372 2205 1557 2245 exemplum
1568 2227 1575 2241 ,
1591 2205 1772 2234 monstrare

992 2261 1162 2293 contundit.
1182 2261 1307 2291 Etenim
1334 2269 1408 2290 cum
1429 2259 1570 2290 Christus
1586 2257 1625 2288 de
1641 2266 1674 2287 se
1687 2257 1772 2287 dice-

991 2319 1052 2354 ret,
1069 2315 1153 2355 quod
1177 2324 1242 2345 non
1262 2314 1394 2345 haberet
1409 2314 1464 2344 ubi
1479 2314 1575 2353 caput
1589 2311 1770 2349 reclinaret,

992 2371 1075 2401 hice
1091 2369 1249 2400 contrario
1279 2368 1495 2407 dogmatizat,
1521 2366 1608 2406 quod
1637 2365 1771 2395 domum

992 2424 1116 2461 habuit,
1127 2423 1164 2453 de
1178 2432 1241 2462 qua
1255 2422 1371 2452 dlxisse
1383 2421 1504 2460 legitur
1519 2421 1528 2437 ⁵
1540 2429 1546 2450 :
1558 2420 1674 2451 Domus
1688 2426 1770 2456 mea,

993 2478 1105 2510 domus
1124 2476 1282 2508 orationis
1306 2475 1481 2507 vocabitur.
1504 2474 1542 2504 Et
1561 2475 1630 2513 post
1653 2472 1770 2509 subdit,

993 2532 1080 2572 quod
1104 2530 1248 2561 Christus
1265 2531 1339 2569 jure
1362 2527 1571 2569 proprietario
1596 2527 1650 2557 ubi
1676 2528 1772 2565 caput
1798 2563 1801 2565 Ι

993 2595 1089 2617 suum
1113 2584 1280 2615 reclinaret
1297 2584 1379 2614 inter
1394 2582 1541 2613 homiues
1556 2581 1656 2611 factus
1671 2581 1772 2612 bomo

994 2673 1081 2701 Rem,
1098 2671 1181 2702 Opem,
1198 2672 1260 2694 tom.
1281 2670 1312 2699 ll,
1327 2669 1386 2693 edit.
1405 2669 1474 2692 1690.
1489 2680 1520 2686 -
1534 2668 1542 2682 ⁴
1556 2667 1637 2697 lomb,
1655 2672 1672 2698 1,
1691 2668 1726 2691 14.

993 2709 1003 2726 5
1015 2709 1082 2737 Luc„
1096 2713 1152 2736 x1x,
1167 2708 1206 2730 46.

1027 2758 1060 2790 (a)
1075 2756 1150 2788 Apud
1165 2756 1240 2781 Ber-n.
1257 2757 1348 2780 Deum.
