2029 3052
209 228 269 258 322

209 295 240 325 et
253 292 345 333 quasi
365 291 492 323 aliunde
513 292 585 331 post
598 290 731 329 longam
753 289 868 320 horam
887 287 927 318 ad
949 295 982 318 se

209 354 369 384 reversus,
384 344 518 376 dulciter
531 343 644 374 iterato
659 342 822 373 mandavit
836 340 981 379 aviculae,

210 401 249 431 ut
261 399 432 431 Dominum
448 397 614 428 laudatura
639 396 810 428 recederet.
834 395 985 435 Suscepta

211 454 317 494 itaque
329 462 403 484 cum
418 450 634 482 benedictione
649 450 784 488 licentia,
802 451 895 489 gestu
914 457 983 479 cor-

212 507 299 547 poris
314 505 473 546 quoddam
488 504 687 544 praetendens
698 503 865 543 gaudium,
885 502 986 533 advo-

211 559 301 591 lavit.
318 559 355 589 In
377 558 487 589 eodem
501 557 573 589 lacu
587 557 733 588 similiter
746 556 869 588 oblatus
885 555 945 586 fuit
959 554 988 585 ei

213 611 309 651 piscis
330 618 481 649 magnus,
497 611 529 640 et
541 609 648 647 vivus,
668 617 765 649 quem
787 616 876 639 more
896 605 988 637 solito

214 664 354 694 fraterno
368 663 497 694 nomine
511 672 641 702 vocans,
657 663 691 693 in
712 671 829 702 aquam
846 660 990 700 reposuit

213 718 306 757 juxta
318 725 446 747 navem.
465 716 561 747 Piscis
574 725 651 748 vero
668 725 775 747 coram
786 714 857 746 viro
873 713 927 744 Dei
942 713 990 744 lu-

217 770 309 802 debat
317 770 351 800 in
365 779 459 810 aqua,
477 773 508 801 et
521 770 612 810 quasi
626 778 735 800 amore
750 767 836 798 illius
849 766 990 804 allectus,

217 824 400 855 nullatenus
414 824 542 855 recessit
562 833 582 855 a
601 823 690 861 navi,
706 823 764 853 nisi
781 821 869 862 prius
883 821 923 852 ab
937 829 994 851 eo-·

219 878 292 909 dem
301 887 375 908 cum
385 877 602 908 benedictione
614 876 741 907 licentia
755 875 815 906 sibi
825 875 908 905 data.
921 873 992 905 Alio

219 940 346 971 quoque
360 932 503 970 tempore
515 930 682 960 ambulans
695 938 767 960 cum
783 928 921 968 quodam
935 927 994 958 fra-

220 987 268 1016 tre
282 994 339 1024 per
352 984 484 1024 paludes
505 983 721 1020 Venetiarum,
744 982 867 1014 invenit
890 982 992 1013 maxi-

222 1047 308 1069 mam
332 1038 442 1069 avium
467 1037 704 1068 multitudinem
724 1035 948 1073 residentium,
965 1037 995 1066 et

222 1092 419 1124 cantantium
435 1091 468 1121 in
482 1090 644 1129 virgultis.
666 1090 788 1127 Quibus
808 1089 895 1127 visis,
917 1088 997 1119 dixit

223 1145 263 1176 ad
278 1145 399 1176 socium
412 1155 419 1175 :
437 1143 568 1174 Sorores
578 1152 653 1174 aves
667 1143 798 1173 laudant
817 1143 996 1174 Creatorem

224 1207 338 1236 suum;
354 1206 413 1228 nos
427 1197 544 1236 itaque,
563 1196 596 1226 in
611 1196 753 1226 medium
763 1196 905 1235 ipsarum
920 1203 998 1225 eun-

225 1254 280 1289 tes,
296 1251 406 1281 laudes
415 1252 445 1281 et
455 1250 550 1280 horas
565 1249 730 1280 canonicas
742 1248 875 1279 Domino
888 1248 998 1279 decan-

224 1307 341 1336 temus.
358 1304 501 1343 Cumque
516 1303 550 1333 in
566 1302 708 1333 medium
722 1302 864 1342 ipsarum
882 1302 998 1332 intras-

226 1360 306 1396 sent,
322 1366 388 1388 non
403 1359 478 1387 sunt
498 1365 573 1387 aves
595 1357 689 1386 motae
711 1355 750 1386 de
770 1355 849 1386 loco.
873 1355 911 1386 Et
925 1355 999 1394 quia

226 1413 355 1452 propter
370 1410 530 1450 garritum
549 1409 690 1449 ipsarum
710 1408 744 1438 in
758 1408 896 1439 dicendis
911 1408 999 1439 horis

227 1474 260 1496 se
276 1467 387 1495 mutuo
398 1463 507 1494 audire
520 1471 584 1493 11011
598 1464 753 1502 poterant,
768 1470 940 1492 conversus
950 1461 1000 1492 vir

228 1520 354 1548 sanctus
368 1517 448 1548 dixit
464 1516 503 1547 ad
517 1525 593 1547 aves
610 1525 617 1546 ε
635 1515 765 1546 Sorores
775 1524 861 1553 aves,
877 1524 896 1545 a
906 1517 1002 1545 cantu

228 1573 357 1608 cessate,
374 1571 472 1601 donec
490 1570 600 1601 laudes
620 1569 682 1600 Deo
705 1569 826 1600 debitas
840 1569 1002 1609 persolva-

230 1633 312 1655 mus.
330 1624 370 1654 At
384 1624 446 1654 ilice
462 1623 615 1654 continuo
629 1625 807 1660 tacuerunt,
830 1622 953 1652 tamdiu
968 1622 1002 1652 in

231 1678 353 1708 silentio
376 1677 599 1717 persistentes,
622 1676 778 1716 quamdiu
801 1676 890 1705 dictis
917 1675 1004 1705 horis

232 1731 377 1770 spatiose,
393 1732 424 1761 et
438 1730 586 1760 laudibus
602 1729 778 1769 persolutis,
796 1738 815 1759 a
830 1730 936 1759 sancto
950 1728 1003 1759 Dei

232 1785 378 1816 cantandi
393 1784 554 1814 licentiam
570 1785 768 1822 receperunt.
787 1782 883 1813 Dante
897 1785 1005 1813 autem

233 1839 277 1869 eis
302 1839 371 1869 viro
396 1838 448 1868 Dei
472 1836 641 1874 licentiam,
667 1836 773 1866 statim
799 1845 888 1866 more
915 1836 1006 1866 solito

234 1895 363 1923 cantum
385 1900 479 1922 suum
503 1892 755 1930 resumpserunt.
782 1889 876 1928 Apud
891 1890 923 1920 S.
942 1889 1008 1920 Ma-

234 1946 318 1976 riam
333 1945 371 1975 de
392 1944 607 1981 Portiuncula,
629 1944 723 1983 juxta
737 1942 847 1973 cellam
871 1942 933 1973 viri
955 1942 1008 1973 Dei

236 2007 330 2037 super
345 1998 442 2028 ficum
466 1996 572 2027 cicada
592 1996 747 2033 desidens,
771 1998 802 2025 et
816 1995 986 2026 decantans
999 2019 1006 2032 ,

237 2060 309 2082 cum
334 2059 464 2081 servum
488 2049 624 2086 Domini,
650 2049 704 2088 qui
729 2049 824 2079 etiam
847 2048 879 2078 111
904 2049 1010 2086 parvis

237 2104 332 2134 rebus
364 2103 637 2142 magnificentiam
670 2101 824 2132 Creatoris
860 2102 1010 2132 admirari

239 2157 399 2194 didicerat,
424 2156 463 2187 ad
487 2156 611 2187 divinas
630 2155 739 2185 laudes
759 2157 853 2185 cautu
878 2156 1010 2186 5110110-

240 2210 387 2249 quentius
413 2211 583 2246 excitaret,
609 2209 648 2238 ab
673 2208 783 2239 eodem
807 2209 944 2248 quadam
963 2209 1012 2239 die

241 2266 366 2300 vocata,
383 2263 470 2293 velut
486 2262 594 2292 edocta
608 2262 742 2299 coelitus,
763 2271 859 2301 super
880 2271 1013 2293 manum

242 2317 362 2348 volavit
375 2316 485 2355 ipsius.
503 2316 557 2345 Cui
572 2324 645 2345 cum
667 2315 797 2346 dixisset
813 2325 820 2345 ε
841 2316 947 2353 Canta,
965 2325 1013 2346 50-

243 2379 296 2401 101
311 2379 381 2400 mea
395 2369 510 2406 cicada,
527 2371 557 2398 et
576 2369 743 2399 Dominum
761 2369 940 2400 Creatorem
959 2372 1014 2400 tuo

241 2424 343 2463 jubilo
358 2423 464 2453 lauda.
481 2422 555 2452 Sine
570 2431 659 2451 mora
673 2422 821 2452 obediens
831 2432 943 2453 canere
958 2432 1016 2453 coe-

246 2478 303 2517 pit,
321 2486 377 2507 nec
392 2476 519 2513 destitit,
536 2475 635 2505 donec
646 2476 740 2514 jussu
751 2476 848 2515 patris
857 2476 895 2506 ad
911 2476 1015 2507 locum

248 2530 411 2569 proprium
427 2528 592 2560 revolavit.
617 2527 731 2558 Mansit
752 2532 857 2559 autem
878 2539 934 2569 per
949 2532 1017 2561 0010

250 2583 451 2620 (11051111110111,
464 2582 603 2622 (1110111101
618 2581 667 2611 die
681 2582 847 2620 veniendo,
865 2583 1019 2614 cantando

251 2639 281 2667 et
296 2636 479 2674 recedendo,
496 2637 565 2674 ejus
576 2636 666 2673 jussa
683 2635 857 2673 perficiens.
880 2635 1019 2666 Tandem

252 2690 302 2721 vir
319 2689 370 2719 Dei
386 2690 429 2719 ait
443 2689 479 2719 ad
495 2688 595 2719 socios
612 2698 619 2718 ;
637 2687 752 2718 Demus
763 2689 832 2726 Jam
848 2689 947 2719 sorori
963 2699 1021 2720 110-

772 219 956 252 LEGENDA
978 219 1010 251 S.
1033 219 1057 250 F
1058 219 1248 252 RANCISCI.
1255 222 1265 224 “

1037 288 1112 318 strae
1130 286 1244 318 cicadae
1255 281 1418 317 licentiam
1437 295 1444 315 :
1465 284 1540 316 satis
1561 284 1657 316 etiam
1675 294 1734 317 nos
1751 294 1810 318 suo

1038 343 1135 373 cantu
1157 341 1323 373 laetiticans
1345 340 1386 371 ad
1398 339 1509 370 laudes
1528 338 1581 370 Dei
1602 340 1672 370 octo
1686 339 1810 371 dierum

1039 395 1141 435 spatio
1162 394 1322 426 excitavit.
1346 394 1384 424 Et
1407 393 1512 423 statim
1532 392 1572 424 ab
1598 401 1636 423 eo
1656 392 1815 423 licentiata

1040 448 1178 486 recessit,
1201 457 1260 478 nec
1282 447 1367 478 ultra
1389 446 1508 477 ibidem
1533 445 1702 485 apparuit,
1725 454 1762 476 ac
1787 445 1816 475 si

1042 501 1230 532 mandatum
1251 499 1350 540 ipsius
1377 508 1442 530 non
1463 498 1595 529 auderet
1616 497 1817 538 aliquatenus

1042 554 1217 595 praeterire.
1242 553 1352 584 Eidem
1376 551 1467 583 Senis
1487 551 1617 583 infirmo
1645 551 1818 592 phasianus

1044 608 1184 647 quidam,
1204 607 1243 638 de
1267 615 1351 638 novo
1374 607 1484 646 captus
1496 629 1504 644 ,
1526 614 1545 636 a
1563 605 1665 636 nobili
1682 604 1819 645 quodam

1043 661 1249 693 transmissus
1263 662 1310 691 est
1330 659 1437 692 vivus.
1462 658 1523 696 Qui
1545 658 1695 689 continuo
1709 659 1745 689 ut
1767 657 1820 688 vi-

1045 724 1119 746 rum
1136 716 1282 745 sanctum
1298 712 1430 751 audivit,
1447 714 1479 743 et
1492 712 1584 750 vidit,
1601 713 1689 742 tanta
1701 711 1731 743 ei
1745 710 1822 742 ami-

1046 769 1202 799 cabilitate
1221 767 1361 806 cohaesit,
1383 769 1420 797 ut
1441 766 1529 797 nullo
1555 766 1649 798 modo
1664 767 1823 807 pateretur

1047 823 1086 854 ab
1098 823 1166 863 ipso
1181 822 1320 863 seJ'ungi.
1338 821 1420 852 Nam
1434 821 1579 861 pluribus
1595 821 1718 852 vicibus
1732 821 1823 851 extra
1842 851 1849 857 ,

1047 876 1194 908 1000111110
1210 876 1345 907 fratrum
1359 875 1394 905 in
1407 875 1501 906 vinea
1515 874 1635 914 positus
1646 898 1655 913 ,
1671 876 1708 906 ut
1723 874 1824 905 abiret

1048 931 1074 961 si
1088 930 1194 968 vellet,
1207 929 1316 969 rapido
1327 937 1452 969 semper
1466 937 1562 959 0111511
1577 927 1699 958 redibat
1713 926 1753 957 ad
1767 935 1826 966 pa-

1049 985 1151 1021 trem,
1173 985 1324 1022 tanquam
1348 982 1375 1012 si
1398 981 1437 1012 ab
1461 981 1573 1012 eodem
1599 979 1687 1011 omni
1716 979 1827 1010 fuisset

1050 1038 1192 1076 tempore
1214 1036 1376 1066 educatus.
1401 1034 1519 1065 Deinde
1541 1033 1668 1064 cuidam
1695 1032 1827 1063 collatus

1051 1090 1131 1128 viro,
1148 1090 1206 1130 qui
1220 1098 1260 1120 ex
1278 1088 1446 1120 devotione
1467 1096 1598 1119 servum
1620 1086 1675 1117 Dei
1699 1085 1828 1118 visitare

1052 1143 1181 1180 solebat,
1206 1142 1294 1173 velut
1317 1141 1377 1172 sibi
1399 1141 1567 1172 molestum
1588 1140 1668 1171 foret
1682 1138 1756 1179 apii
1771 1147 1828 1178 pa-

1052 1198 1108 1227 tris
1118 1196 1277 1227 absentari
1290 1197 1470 1235 conspectu,
1481 1203 1585 1231 escam
1595 1192 1755 1224 recusavit
1763 1201 1830 1223 om-

1053 1251 1140 1281 nino.
1158 1249 1347 1290 Reportatus
1368 1248 1497 1279 tandem
1517 1247 1557 1278 ad
1579 1246 1737 1278 famulum
1754 1245 1826 1283 Dei,

1053 1304 1161 1334 statim
1178 1305 1214 1334 ut
1230 1302 1395 1342 conspexit
1409 1301 1557 1339 eundem,
1573 1299 1766 1340 quibusdam
1781 1298 1831 1329 hi-

1054 1357 1186 1389 laritatis
1207 1356 1373 1397 praetensis
1399 1355 1555 1394 gestibus,
1580 1353 1672 1385 avide
1690 1352 1830 1384 mandu-

1056 1411 1148 1442 cavit.
1166 1410 1244 1441 Cum
1257 1410 1296 1441 ad
1305 1417 1449 1440 eremum
1459 1407 1655 1448 pervenisset
1668 1406 1828 1444 Alvernae,

1056 1466 1185 1504 propter
1199 1463 1485 1502 Quadragesimam
1495 1460 1712 1492 celebrandam
1727 1460 1762 1490 in
1775 1460 1833 1490 110-

1057 1526 1169 1548 norem
1183 1515 1378 1555 Archangeli
1394 1515 1555 1546 Michaelis
1570 1514 1687 1545 diversi
1707 1512 1834 1553 generis

1058 1580 1133 1602 aves
1154 1571 1237 1601 circa
1259 1571 1359 1610 ipsius
1382 1569 1527 1600 cellulam
1552 1568 1730 1605 volitantes,
1756 1575 1832 1597 con-

1059 1626 1153 1655 centu
1173 1633 1298 1662 sonoro,
1316 1625 1346 1654 et
1366 1622 1486 1653 laetitiae
1507 1622 1663 1662 gestibus,
1688 1620 1779 1660 quasi
1795 1620 1834 1651 de

1060 1679 1130 1717 ejus
1144 1678 1283 1708 adventu
1305 1676 1481 1715 gaudentes
1503 1677 1624 1715 patrem
1644 1674 1734 1714 pium
1751 1674 1833 1706 invi-

1061 1733 1127 1761 tare
1147 1740 1181 1761 ac
1205 1730 1329 1760 allicere
1348 1729 1539 1760 videbantur
1553 1728 1593 1759 ad
1608 1737 1743 1758 moram.
1767 1726 1836 1764 Quo

1062 1785 1143 1822 viso,
1160 1784 1238 1814 dixit
1253 1783 1292 1814 ad
1306 1783 1427 1814 socium
1445 1794 1451 1812 :
1468 1783 1578 1821 Cerno,
1596 1782 1703 1819 trater,
1718 1780 1835 1813 volun-

1062 1837 1134 1868 tatis
1149 1846 1215 1867 esse
1232 1836 1362 1873 divinae,
1386 1836 1470 1875 quod
1486 1835 1537 1865 1110
1552 1835 1740 1875 aliquandiu
1754 1842 1838 1865 com-

1066 1899 1243 1928 moremur‚·
1256 1892 1382 1920 tantum
1398 1897 1522 1919 sorores
1535 1888 1669 1919 aviculae
1680 1888 1718 1918 de
1731 1889 1840 1918 nostra

1065 1945 1213 1975 videntur
1236 1943 1405 1983 praesentia
1433 1941 1600 1972 consolari.
1633 1941 1711 1972 Cum
1741 1941 1840 1980 igitur

1066 1997 1265 2028 contraheret
1286 1996 1330 2026 ibi
1349 2004 1484 2033 moram,
1506 1995 1585 2025 falco
1601 1994 1718 2025 ibidem
1734 1993 1839 2024 nidifi-

1067 2060 1141 2081 cans
1156 2058 1274 2089 magno
1293 2058 1325 2079 se
1341 2049 1385 2079 illi
1409 2048 1555 2078 amicitiae
1574 2047 1690 2078 foedere
1710 2046 1841 2086 copula-

1069 2105 1125 2134 vit.
1140 2103 1220 2133 Nam
1242 2111 1366 2141 semper
1388 2102 1502 2132 horam
1518 2103 1673 2132 nocturno
1686 2102 1840 2140 tempore,

1068 2158 1102 2187 in
1119 2166 1182 2196 qua
1196 2156 1246 2187 vir
1262 2157 1388 2186 sanctus
1401 2155 1440 2185 ad
1459 2154 1569 2185 divina
1584 2154 1689 2184 officia
1705 2161 1843 2192 surgere

1070 2210 1179 2241 solitus
1194 2212 1272 2246 erat,
1290 2210 1386 2239 cantu
1397 2216 1454 2238 suo
1465 2208 1693 2247 praeveniebat,
1708 2209 1738 2238 et
1753 2215 1842 2237 sono.

1071 2264 1161 2301 Quod
1176 2263 1294 2294 famulo
1311 2262 1363 2293 Dei
1380 2261 1599 2301 gratissimum
1614 2263 1692 2299 erat,
1708 2269 1745 2291 eo
1760 2260 1845 2300 quod

1071 2318 1157 2347 tauta
1172 2315 1359 2352 sollicitudo,
1383 2324 1481 2355 quam
1506 2314 1588 2345 circa
1603 2323 1678 2345 eum
1701 2313 1842 2352 gerebat,

1073 2379 1201 2400 omnem
1216 2369 1255 2399 ab
1271 2369 1339 2408 ipso
1354 2371 1514 2408 torporem
1532 2367 1659 2398 desidiae
1673 2367 1844 2397 excuteret.

1074 2424 1152 2454 Cum
1168 2432 1243 2453 vero
1261 2431 1373 2453 servus
1388 2421 1501 2452 Christi
1516 2420 1700 2450 infirmitate
1714 2419 1785 2458 plus
1798 2427 1845 2449 50-

1074 2477 1130 2507 lito
1148 2478 1349 2515 gravaretur,
1362 2475 1509 2515 parcebat
1520 2473 1610 2511 falco,
1627 2482 1684 2503 nec
1696 2474 1761 2503 tam
1772 2475 1847 2503 tem-

1075 2531 1212 2571 pestivas
1231 2529 1386 2560 indicebat
1411 2527 1549 2567 vigilias
1575 2526 1738 2565 Siquidem
1760 2525 1848 2557 velut

1076 2585 1248 2614 instructus
1264 2593 1281 2613 a
1296 2583 1369 2619 Deo,
1392 2581 1473 2611 circa
1488 2579 1663 2610 diluculum
1681 2588 1748 2610 suae
1762 2579 1849 2610 vocis

1077 2646 1265 2676 campanam
1298 2636 1359 2666 levi
1395 2635 1479 2664 tactu
1515 2632 1665 2671 pulsabat.
1698 2633 1849 2663 Divinum

1079 2693 1162 2720 certe
1173 2690 1298 2720 videtur
1312 2689 1407 2719 fuisse
1418 2686 1627 2726 praesagium,
1640 2689 1705 2717 tam
1717 2687 1750 2717 in
1763 2685 1851 2717 exul-
