<?xml version="1.0" encoding="UTF-8"?>
<!DOCTYPE html PUBLIC "-//W3C//DTD XHTML 1.0 Transitional//EN"
    "http://www.w3.org/TR/xhtml1/DTD/xhtml1-transitional.dtd">
<html xmlns="http://www.w3.org/1999/xhtml" xml:lang="en" lang="en">
 <head>
  <title>
</title>
<meta http-equiv="Content-Type" content="text/html;charset=utf-8" />
  <meta name='ocr-system' content='tesseract 3.04.00' />
  <meta name='ocr-capabilities' content='ocr_page ocr_carea ocr_par ocr_line ocrx_word'/>
</head>
<body>
  <div class='ocr_page' id='page_1' title='image "./operaomniasixtiv14bonauoft_0582.png"; bbox 0 0 2029 3052; ppageno 0'>
   <div class='ocr_carea' id='block_1_1' title="bbox 247 202 307 234">
    <p class='ocr_par' dir='ltr' id='par_1_1' title="bbox 247 202 307 234">
     <span class='ocr_line' id='line_1_1' title="bbox 247 202 307 234; baseline -0.017 0"><span class='ocrx_word' id='word_1_1' title='bbox 247 202 307 234; x_wconf 76' lang='lat'>544</span> 
     </span>
    </p>
   </div>
   <div class='ocr_carea' id='block_1_2' title="bbox 247 268 1033 473">
    <p class='ocr_par' dir='ltr' id='par_1_2' title="bbox 247 268 1033 473">
     <span class='ocr_line' id='line_1_2' title="bbox 247 268 1028 311; baseline -0.003 -10"><span class='ocrx_word' id='word_1_2' title='bbox 247 271 298 301; x_wconf 84' lang='lat' dir='ltr'>ter</span> <span class='ocrx_word' id='word_1_3' title='bbox 311 270 386 301; x_wconf 89' lang='lat' dir='ltr'>sunt</span> <span class='ocrx_word' id='word_1_4' title='bbox 400 269 572 301; x_wconf 78' lang='lat' dir='ltr'><strong>commissi.</strong></span> <span class='ocrx_word' id='word_1_5' title='bbox 598 272 630 301; x_wconf 79' lang='lat'>2.</span> <span class='ocrx_word' id='word_1_6' title='bbox 645 269 725 301; x_wconf 88' lang='lat' dir='ltr'>Item</span> <span class='ocrx_word' id='word_1_7' title='bbox 740 271 870 311; x_wconf 85' lang='lat' dir='ltr'>propter</span> <span class='ocrx_word' id='word_1_8' title='bbox 886 268 1028 301; x_wconf 86' lang='lat' dir='ltr'>subdito-</span> 
     </span>
     <span class='ocr_line' id='line_1_3' title="bbox 247 323 1030 364; baseline -0.001 -10"><span class='ocrx_word' id='word_1_9' title='bbox 247 332 324 354; x_wconf 90' lang='lat' dir='ltr'>rum</span> <span class='ocrx_word' id='word_1_10' title='bbox 332 323 515 361; x_wconf 81' lang='lat' dir='ltr'><strong>utilitatem,</strong></span> <span class='ocrx_word' id='word_1_11' title='bbox 526 323 602 364; x_wconf 83' lang='lat' dir='ltr'>quia</span> <span class='ocrx_word' id='word_1_12' title='bbox 609 323 734 355; x_wconf 79' lang='lat' dir='ltr'>facilius</span> <span class='ocrx_word' id='word_1_13' title='bbox 741 329 912 364; x_wconf 83' lang='lat' dir='ltr'>reguntur,</span> <span class='ocrx_word' id='word_1_14' title='bbox 925 323 1030 354; x_wconf 75' lang='grc'><strong>015111-</strong></span> 
     </span>
     <span class='ocr_line' id='line_1_4' title="bbox 249 377 1033 418; baseline 0 -10"><span class='ocrx_word' id='word_1_15' title='bbox 249 377 338 417; x_wconf 85' lang='lat' dir='ltr'>gulis</span> <span class='ocrx_word' id='word_1_16' title='bbox 361 377 540 418; x_wconf 79' lang='lat' dir='ltr'>expeditius</span> <span class='ocrx_word' id='word_1_17' title='bbox 554 379 657 418; x_wconf 87' lang='lat' dir='ltr'>potest</span> <span class='ocrx_word' id='word_1_18' title='bbox 672 378 834 416; x_wconf 86' lang='lat' dir='ltr'>satisfieri,</span> <span class='ocrx_word' id='word_1_19' title='bbox 858 379 895 409; x_wconf 91' lang='lat' dir='ltr'>ut</span> <span class='ocrx_word' id='word_1_20' title='bbox 910 377 1033 409; x_wconf 86' lang='lat' dir='ltr'>dictum</span> 
     </span>
     <span class='ocr_line' id='line_1_5' title="bbox 248 431 1028 473; baseline 0 -11"><span class='ocrx_word' id='word_1_21' title='bbox 248 433 307 471; x_wconf 84' lang='lat' dir='ltr'>est,</span> <span class='ocrx_word' id='word_1_22' title='bbox 324 441 381 472; x_wconf 89' lang='lat' dir='ltr'>per</span> <span class='ocrx_word' id='word_1_23' title='bbox 397 431 505 472; x_wconf 89' lang='lat' dir='ltr'>plures</span> <span class='ocrx_word' id='word_1_24' title='bbox 519 431 694 470; x_wconf 78' lang='lat' dir='ltr'>ministros,</span> <span class='ocrx_word' id='word_1_25' title='bbox 718 441 818 472; x_wconf 90' lang='lat' dir='ltr'>quam</span> <span class='ocrx_word' id='word_1_26' title='bbox 830 441 887 473; x_wconf 87' lang='lat' dir='ltr'>per</span> <span class='ocrx_word' id='word_1_27' title='bbox 900 439 1028 472; x_wconf 85' lang='lat' dir='ltr'>paucos.</span> 
     </span>
    </p>
   </div>
   <div class='ocr_carea' id='block_1_3' title="bbox 211 484 1029 526">
    <p class='ocr_par' dir='ltr' id='par_1_3' title="bbox 211 484 1029 526">
     <span class='ocr_line' id='line_1_6' title="bbox 211 484 1029 526; baseline -0.001 -9"><span class='ocrx_word' id='word_1_28' title='bbox 211 486 215 490; x_wconf 88' lang='lat'>&#39;</span> <span class='ocrx_word' id='word_1_29' title='bbox 248 484 338 517; x_wconf 85' lang='lat' dir='ltr'><strong>Sicut</strong></span> <span class='ocrx_word' id='word_1_30' title='bbox 347 485 472 526; x_wconf 88' lang='lat' dir='ltr'>Moyses</span> <span class='ocrx_word' id='word_1_31' title='bbox 480 485 568 517; x_wconf 90' lang='lat' dir='ltr'>solus</span> <span class='ocrx_word' id='word_1_32' title='bbox 576 494 640 517; x_wconf 90' lang='lat' dir='ltr'>non</span> <span class='ocrx_word' id='word_1_33' title='bbox 651 486 762 517; x_wconf 89' lang='lat' dir='ltr'>valens</span> <span class='ocrx_word' id='word_1_34' title='bbox 771 495 870 518; x_wconf 88' lang='lat' dir='ltr'>onera</span> <span class='ocrx_word' id='word_1_35' title='bbox 881 485 1029 517; x_wconf 86' lang='lat' dir='ltr'>multitu-</span> 
     </span>
    </p>
   </div>
   <div class='ocr_carea' id='block_1_4' title="bbox 126 1196 234 1319">
    <p class='ocr_par' dir='ltr' id='par_1_4' title="bbox 126 1196 234 1319">
     <span class='ocr_line' id='line_1_7' title="bbox 133 1196 234 1218; baseline -0.01 0"><span class='ocrx_word' id='word_1_36' title='bbox 133 1196 234 1218; x_wconf 82' lang='lat' dir='ltr'>Officium</span> 
     </span>
     <span class='ocr_line' id='line_1_8' title="bbox 126 1229 233 1256; baseline 0 -6"><span class='ocrx_word' id='word_1_37' title='bbox 126 1229 233 1256; x_wconf 77' lang='lat' dir='ltr'>plebano-</span> 
     </span>
     <span class='ocr_line' id='line_1_9' title="bbox 153 1266 202 1281; baseline 0 0"><span class='ocrx_word' id='word_1_38' title='bbox 153 1266 202 1281; x_wconf 80' lang='lat' dir='ltr'>rum</span> 
     </span>
     <span class='ocr_line' id='line_1_10' title="bbox 126 1292 232 1319; baseline 0.019 -7"><span class='ocrx_word' id='word_1_39' title='bbox 126 1292 191 1319; x_wconf 80' lang='lat' dir='ltr'>quale</span> <span class='ocrx_word' id='word_1_40' title='bbox 196 1293 232 1314; x_wconf 82' lang='lat' dir='ltr'>sit.</span> 
     </span>
    </p>
   </div>
   <div class='ocr_carea' id='block_1_5' title="bbox 129 2170 234 2350">
    <p class='ocr_par' dir='ltr' id='par_1_5' title="bbox 129 2170 234 2350">
     <span class='ocr_line' id='line_1_11' title="bbox 142 2170 234 2198; baseline -0.022 -5"><span class='ocrx_word' id='word_1_41' title='bbox 142 2171 174 2193; x_wconf 73' lang='lat' dir='ltr'>Ad</span> <span class='ocrx_word' id='word_1_42' title='bbox 182 2170 234 2198; x_wconf 83' lang='lat' dir='ltr'>quid</span> 
     </span>
     <span class='ocr_line' id='line_1_12' title="bbox 134 2206 226 2225; baseline -0.022 0"><span class='ocrx_word' id='word_1_43' title='bbox 134 2206 226 2225; x_wconf 81' lang='lat' dir='ltr'>tenesn-</span> 
     </span>
     <span class='ocr_line' id='line_1_13' title="bbox 129 2234 234 2256; baseline -0.019 0"><span class='ocrx_word' id='word_1_44' title='bbox 129 2237 164 2256; x_wconf 79' lang='lat' dir='ltr'>tur</span> <span class='ocrx_word' id='word_1_45' title='bbox 183 2234 234 2255; x_wconf 82' lang='lat' dir='ltr'>sub-</span> 
     </span>
     <span class='ocr_line' id='line_1_14' title="bbox 129 2266 233 2293; baseline -0.01 -6"><span class='ocrx_word' id='word_1_46' title='bbox 129 2267 168 2287; x_wconf 86' lang='lat' dir='ltr'>diti</span> <span class='ocrx_word' id='word_1_47' title='bbox 188 2266 233 2293; x_wconf 84' lang='lat' dir='ltr'>ple-</span> 
     </span>
     <span class='ocr_line' id='line_1_15' title="bbox 152 2297 215 2318; baseline 0.016 -1"><span class='ocrx_word' id='word_1_48' title='bbox 152 2297 215 2318; x_wconf 81' lang='lat' dir='ltr'>banis</span> 
     </span>
     <span class='ocr_line' id='line_1_16' title="bbox 154 2329 207 2350; baseline 0 -1"><span class='ocrx_word' id='word_1_49' title='bbox 154 2329 207 2350; x_wconf 79' lang='lat' dir='ltr'>suis.</span> 
     </span>
    </p>
   </div>
   <div class='ocr_carea' id='block_1_6' title="bbox 245 539 1031 2686">
    <p class='ocr_par' dir='ltr' id='par_1_6' title="bbox 246 539 1031 1172">
     <span class='ocr_line' id='line_1_17' title="bbox 248 539 1029 581; baseline -0.001 -11"><span class='ocrx_word' id='word_1_50' title='bbox 248 539 331 570; x_wconf 91' lang='lat' dir='ltr'>dinis</span> <span class='ocrx_word' id='word_1_51' title='bbox 347 539 457 580; x_wconf 85' lang='lat' dir='ltr'>populi</span> <span class='ocrx_word' id='word_1_52' title='bbox 469 539 626 571; x_wconf 86' lang='lat' dir='ltr'>sustinere</span> <span class='ocrx_word' id='word_1_53' title='bbox 637 541 659 579; x_wconf 89' lang='lat'>¹,</span> <span class='ocrx_word' id='word_1_54' title='bbox 673 540 810 581; x_wconf 83' lang='lat' dir='ltr'>partitus</span> <span class='ocrx_word' id='word_1_55' title='bbox 822 542 870 571; x_wconf 87' lang='lat' dir='ltr'>est</span> <span class='ocrx_word' id='word_1_56' title='bbox 879 539 1029 578; x_wconf 88' lang='lat' dir='ltr'>tribunis,</span> 
     </span>
     <span class='ocr_line' id='line_1_18' title="bbox 249 593 1028 634; baseline -0.001 -10"><span class='ocrx_word' id='word_1_57' title='bbox 249 593 501 632; x_wconf 81' lang='lat' dir='ltr'>centurionibus,</span> <span class='ocrx_word' id='word_1_58' title='bbox 523 593 824 634; x_wconf 81' lang='lat' dir='ltr'>quinquagenariis,</span> <span class='ocrx_word' id='word_1_59' title='bbox 840 603 877 625; x_wconf 86' lang='lat' dir='ltr'>ac</span> <span class='ocrx_word' id='word_1_60' title='bbox 890 593 1028 632; x_wconf 87' lang='lat' dir='ltr'>decanis,</span> 
     </span>
     <span class='ocr_line' id='line_1_19' title="bbox 247 647 1031 687; baseline 0 -10"><span class='ocrx_word' id='word_1_61' title='bbox 247 647 284 677; x_wconf 90' lang='lat' dir='ltr'>ut</span> <span class='ocrx_word' id='word_1_62' title='bbox 300 647 438 687; x_wconf 73' lang='lat' dir='ltr'>maiores</span> <span class='ocrx_word' id='word_1_63' title='bbox 453 647 590 687; x_wconf 88' lang='lat' dir='ltr'>majora,</span> <span class='ocrx_word' id='word_1_64' title='bbox 607 647 747 679; x_wconf 91' lang='lat' dir='ltr'>minores</span> <span class='ocrx_word' id='word_1_65' title='bbox 762 647 888 678; x_wconf 89' lang='lat' dir='ltr'>minora</span> <span class='ocrx_word' id='word_1_66' title='bbox 898 655 1031 687; x_wconf 88' lang='lat' dir='ltr'>propor-</span> 
     </span>
     <span class='ocr_line' id='line_1_20' title="bbox 248 700 1030 741; baseline -0.001 -9"><span class='ocrx_word' id='word_1_67' title='bbox 248 700 410 732; x_wconf 88' lang='lat' dir='ltr'>tionaliter</span> <span class='ocrx_word' id='word_1_68' title='bbox 420 701 618 741; x_wconf 76' lang='lat' dir='ltr'>expedirent,</span> <span class='ocrx_word' id='word_1_69' title='bbox 635 703 758 733; x_wconf 88' lang='lat' dir='ltr'>retenta</span> <span class='ocrx_word' id='word_1_70' title='bbox 773 701 833 732; x_wconf 89' lang='lat' dir='ltr'>sibi</span> <span class='ocrx_word' id='word_1_71' title='bbox 845 703 954 732; x_wconf 87' lang='lat' dir='ltr'>tamen</span> <span class='ocrx_word' id='word_1_72' title='bbox 966 700 1030 741; x_wconf 89' lang='lat' dir='ltr'>ple-</span> 
     </span>
     <span class='ocr_line' id='line_1_21' title="bbox 247 753 1028 795; baseline -0.001 -10"><span class='ocrx_word' id='word_1_73' title='bbox 247 753 394 786; x_wconf 85' lang='lat' dir='ltr'>nitudine</span> <span class='ocrx_word' id='word_1_74' title='bbox 407 755 581 795; x_wconf 87' lang='lat' dir='ltr'>potestatis,</span> <span class='ocrx_word' id='word_1_75' title='bbox 598 755 631 785; x_wconf 93' lang='lat' dir='ltr'>in</span> <span class='ocrx_word' id='word_1_76' title='bbox 645 757 722 795; x_wconf 89' lang='lat' dir='ltr'>typo</span> <span class='ocrx_word' id='word_1_77' title='bbox 747 755 867 786; x_wconf 81' lang='lat' dir='ltr'>futurae</span> <span class='ocrx_word' id='word_1_78' title='bbox 892 754 1028 794; x_wconf 86' lang='lat' dir='ltr'>disposi-</span> 
     </span>
     <span class='ocr_line' id='line_1_22' title="bbox 247 808 1030 849; baseline -0.003 -9"><span class='ocrx_word' id='word_1_79' title='bbox 247 808 343 840; x_wconf 83' lang='lat' dir='ltr'>tionis</span> <span class='ocrx_word' id='word_1_80' title='bbox 353 808 501 840; x_wconf 84' lang='lat' dir='ltr'>Ecclesiae</span> <span class='ocrx_word' id='word_1_81' title='bbox 516 808 696 840; x_wconf 87' lang='lat' dir='ltr'>militantis.</span> <span class='ocrx_word' id='word_1_82' title='bbox 707 811 735 840; x_wconf 91' lang='lat'>3.</span> <span class='ocrx_word' id='word_1_83' title='bbox 747 808 826 840; x_wconf 86' lang='lat' dir='ltr'>Item</span> <span class='ocrx_word' id='word_1_84' title='bbox 841 810 970 849; x_wconf 89' lang='lat' dir='ltr'>propter</span> <span class='ocrx_word' id='word_1_85' title='bbox 978 808 1030 839; x_wconf 81' lang='lat' dir='ltr'>‹le-</span> 
     </span>
     <span class='ocr_line' id='line_1_23' title="bbox 246 861 1027 902; baseline 0.001 -10"><span class='ocrx_word' id='word_1_86' title='bbox 246 861 489 902; x_wconf 86' lang='lat' dir='ltr'>prehendendas</span> <span class='ocrx_word' id='word_1_87' title='bbox 504 862 632 894; x_wconf 83' lang='lat' dir='ltr'>fraudes</span> <span class='ocrx_word' id='word_1_88' title='bbox 646 862 886 901; x_wconf 61' lang='lat' dir='ltr'>haereticorum,</span> <span class='ocrx_word' id='word_1_89' title='bbox 903 864 935 893; x_wconf 89' lang='lat' dir='ltr'>et</span> <span class='ocrx_word' id='word_1_90' title='bbox 950 862 1027 893; x_wconf 89' lang='lat' dir='ltr'>late-</span> 
     </span>
     <span class='ocr_line' id='line_1_24' title="bbox 246 915 1030 957; baseline 0 -11"><span class='ocrx_word' id='word_1_91' title='bbox 246 915 322 947; x_wconf 86' lang='lat' dir='ltr'>bras</span> <span class='ocrx_word' id='word_1_92' title='bbox 345 916 558 956; x_wconf 74' lang='lat' dir='ltr'>pecrantium,</span> <span class='ocrx_word' id='word_1_93' title='bbox 585 918 622 947; x_wconf 91' lang='lat' dir='ltr'>ut</span> <span class='ocrx_word' id='word_1_94' title='bbox 643 916 780 957; x_wconf 90' lang='lat' dir='ltr'>quisque</span> <span class='ocrx_word' id='word_1_95' title='bbox 801 918 909 956; x_wconf 83' lang='lat' dir='ltr'>pastor</span> <span class='ocrx_word' id='word_1_96' title='bbox 933 925 1030 956; x_wconf 87' lang='lat' dir='ltr'>super</span> 
     </span>
     <span class='ocr_line' id='line_1_25' title="bbox 247 969 1027 1010; baseline -0.001 -9"><span class='ocrx_word' id='word_1_97' title='bbox 247 979 383 1010; x_wconf 82' lang='lat' dir='ltr'>gregem</span> <span class='ocrx_word' id='word_1_98' title='bbox 403 979 498 1001; x_wconf 89' lang='lat' dir='ltr'>suum</span> <span class='ocrx_word' id='word_1_99' title='bbox 521 969 672 1009; x_wconf 84' lang='lat' dir='ltr'>vigilans,</span> <span class='ocrx_word' id='word_1_100' title='bbox 690 970 789 1010; x_wconf 81' lang='lat' dir='ltr'>possit</span> <span class='ocrx_word' id='word_1_101' title='bbox 807 970 958 1010; x_wconf 90' lang='lat' dir='ltr'>luporum</span> <span class='ocrx_word' id='word_1_102' title='bbox 973 969 1027 1000; x_wconf 89' lang='lat' dir='ltr'>dc-</span> 
     </span>
     <span class='ocr_line' id='line_1_26' title="bbox 247 1023 1029 1064; baseline -0.003 -9"><span class='ocrx_word' id='word_1_103' title='bbox 247 1023 446 1064; x_wconf 82' lang='lat' dir='ltr'>prehendere</span> <span class='ocrx_word' id='word_1_104' title='bbox 474 1023 604 1054; x_wconf 84' lang='lat' dir='ltr'>insidias</span> <span class='ocrx_word' id='word_1_105' title='bbox 617 1048 626 1062; x_wconf 86' lang='lat'>,</span> <span class='ocrx_word' id='word_1_106' title='bbox 651 1027 683 1054; x_wconf 90' lang='lat' dir='ltr'>et</span> <span class='ocrx_word' id='word_1_107' title='bbox 709 1023 886 1054; x_wconf 86' lang='lat' dir='ltr'>errantium</span> <span class='ocrx_word' id='word_1_108' title='bbox 917 1023 1029 1054; x_wconf 90' lang='lat' dir='ltr'>ovium</span> 
     </span>
     <span class='ocr_line' id='line_1_27' title="bbox 247 1076 1027 1117; baseline -0.001 -9"><span class='ocrx_word' id='word_1_109' title='bbox 247 1077 425 1109; x_wconf 85' lang='lat' dir='ltr'>absentiam</span> <span class='ocrx_word' id='word_1_110' title='bbox 441 1086 650 1117; x_wconf 82' lang='lat' dir='ltr'>cognoscere,</span> <span class='ocrx_word' id='word_1_111' title='bbox 671 1079 702 1108; x_wconf 90' lang='lat' dir='ltr'>et</span> <span class='ocrx_word' id='word_1_112' title='bbox 724 1077 764 1108; x_wconf 86' lang='lat' dir='ltr'>ad</span> <span class='ocrx_word' id='word_1_113' title='bbox 788 1076 899 1116; x_wconf 81' lang='lat' dir='ltr'>gregis</span> <span class='ocrx_word' id='word_1_114' title='bbox 921 1077 1027 1108; x_wconf 85' lang='lat' dir='ltr'>unita-</span> 
     </span>
     <span class='ocr_line' id='line_1_28' title="bbox 248 1131 772 1172; baseline -0.002 -10"><span class='ocrx_word' id='word_1_115' title='bbox 248 1133 324 1170; x_wconf 85' lang='lat' dir='ltr'>tem,</span> <span class='ocrx_word' id='word_1_116' title='bbox 343 1141 396 1162; x_wconf 88' lang='lat' dir='ltr'>eas</span> <span class='ocrx_word' id='word_1_117' title='bbox 407 1131 594 1172; x_wconf 73' lang='lat' dir='ltr'>quaerendo,</span> <span class='ocrx_word' id='word_1_118' title='bbox 609 1139 772 1162; x_wconf 88' lang='lat' dir='ltr'>revocare.</span> 
     </span>
    </p>

    <p class='ocr_par' dir='ltr' id='par_1_7' title="bbox 245 1184 1030 2134">
     <span class='ocr_line' id='line_1_29' title="bbox 288 1184 1029 1225; baseline 0 -9"><span class='ocrx_word' id='word_1_119' title='bbox 288 1185 501 1217; x_wconf 87' lang='lat' dir='ltr'>Ministerium</span> <span class='ocrx_word' id='word_1_120' title='bbox 525 1187 634 1216; x_wconf 86' lang='lat' dir='ltr'>aulem</span> <span class='ocrx_word' id='word_1_121' title='bbox 649 1185 743 1216; x_wconf 83' lang='lat' dir='ltr'>officii</span> <span class='ocrx_word' id='word_1_122' title='bbox 760 1184 928 1225; x_wconf 86' lang='lat' dir='ltr'>pastoralis</span> <span class='ocrx_word' id='word_1_123' title='bbox 944 1185 1029 1216; x_wconf 85' lang='lat' dir='ltr'>circa</span> 
     </span>
     <span class='ocr_line' id='line_1_30' title="bbox 248 1238 1030 1280; baseline -0.001 -9"><span class='ocrx_word' id='word_1_124' title='bbox 248 1239 308 1271; x_wconf 87' lang='lat' dir='ltr'>ista</span> <span class='ocrx_word' id='word_1_125' title='bbox 322 1242 443 1280; x_wconf 81' lang='lat' dir='ltr'>septem</span> <span class='ocrx_word' id='word_1_126' title='bbox 463 1239 621 1279; x_wconf 59' lang='lat' dir='ltr'>praecipue</span> <span class='ocrx_word' id='word_1_127' title='bbox 636 1243 793 1276; x_wconf 84' lang='lat' dir='ltr'>versatur,</span> <span class='ocrx_word' id='word_1_128' title='bbox 809 1239 950 1270; x_wconf 78' lang='lat' dir='ltr'>maxime</span> <span class='ocrx_word' id='word_1_129' title='bbox 968 1238 1030 1279; x_wconf 84' lang='lat' dir='ltr'>ple-</span> 
     </span>
     <span class='ocr_line' id='line_1_31' title="bbox 247 1293 1028 1334; baseline 0 -9"><span class='ocrx_word' id='word_1_130' title='bbox 247 1294 418 1331; x_wconf 88' lang='lat' dir='ltr'>banorum,</span> <span class='ocrx_word' id='word_1_131' title='bbox 435 1293 568 1325; x_wconf 88' lang='lat' dir='ltr'>scilicet:</span> <span class='ocrx_word' id='word_1_132' title='bbox 581 1297 610 1324; x_wconf 75' lang='grc' dir='ltr'>ι1.</span> <span class='ocrx_word' id='word_1_133' title='bbox 621 1293 745 1331; x_wconf 81' lang='lat' dir='ltr'>docere,</span> <span class='ocrx_word' id='word_1_134' title='bbox 756 1293 956 1333; x_wconf 82' lang='lat' dir='ltr'>praedieando</span> <span class='ocrx_word' id='word_1_135' title='bbox 969 1302 1028 1334; x_wconf 88' lang='lat' dir='ltr'>po-</span> 
     </span>
     <span class='ocr_line' id='line_1_32' title="bbox 246 1347 1027 1388; baseline 0 -9"><span class='ocrx_word' id='word_1_136' title='bbox 246 1348 374 1388; x_wconf 82' lang='lat' dir='ltr'>pulum,</span> <span class='ocrx_word' id='word_1_137' title='bbox 382 1348 458 1388; x_wconf 84' lang='lat' dir='ltr'>quid</span> <span class='ocrx_word' id='word_1_138' title='bbox 465 1347 604 1385; x_wconf 84' lang='lat' dir='ltr'>credere,</span> <span class='ocrx_word' id='word_1_139' title='bbox 612 1347 688 1388; x_wconf 84' lang='lat' dir='ltr'>quid</span> <span class='ocrx_word' id='word_1_140' title='bbox 698 1347 810 1385; x_wconf 82' lang='lat' dir='ltr'>facere,</span> <span class='ocrx_word' id='word_1_141' title='bbox 820 1347 1027 1387; x_wconf 84' lang='lat' dir='ltr'>quidcavere,</span> 
     </span>
     <span class='ocr_line' id='line_1_33' title="bbox 246 1401 1027 1442; baseline 0.001 -10"><span class='ocrx_word' id='word_1_142' title='bbox 246 1402 324 1442; x_wconf 88' lang='lat' dir='ltr'>quid</span> <span class='ocrx_word' id='word_1_143' title='bbox 339 1410 466 1442; x_wconf 87' lang='lat' dir='ltr'>sperare</span> <span class='ocrx_word' id='word_1_144' title='bbox 478 1425 487 1439; x_wconf 93' lang='lat'>,</span> <span class='ocrx_word' id='word_1_145' title='bbox 503 1401 581 1441; x_wconf 60' lang='lat' dir='ltr'>quill</span> <span class='ocrx_word' id='word_1_146' title='bbox 597 1401 710 1431; x_wconf 86' lang='lat' dir='ltr'>timere</span> <span class='ocrx_word' id='word_1_147' title='bbox 735 1401 883 1432; x_wconf 84' lang='lat' dir='ltr'>debeant.</span> <span class='ocrx_word' id='word_1_148' title='bbox 901 1404 931 1433; x_wconf 71' lang='lat'>9..</span> <span class='ocrx_word' id='word_1_149' title='bbox 950 1401 1027 1433; x_wconf 88' lang='lat' dir='ltr'>Item</span> 
     </span>
     <span class='ocr_line' id='line_1_34' title="bbox 246 1454 1028 1496; baseline 0 -9"><span class='ocrx_word' id='word_1_150' title='bbox 246 1458 411 1496; x_wconf 83' lang='lat' dir='ltr'>peccantes</span> <span class='ocrx_word' id='word_1_151' title='bbox 427 1454 604 1493; x_wconf 85' lang='lat' dir='ltr'>corrigere,</span> <span class='ocrx_word' id='word_1_152' title='bbox 627 1457 658 1485; x_wconf 86' lang='lat' dir='ltr'>et</span> <span class='ocrx_word' id='word_1_153' title='bbox 674 1454 819 1493; x_wconf 84' lang='lat' dir='ltr'>judicare</span> <span class='ocrx_word' id='word_1_154' title='bbox 832 1479 839 1492; x_wconf 90' lang='lat'>,</span> <span class='ocrx_word' id='word_1_155' title='bbox 857 1455 890 1486; x_wconf 89' lang='lat' dir='ltr'>iu</span> <span class='ocrx_word' id='word_1_156' title='bbox 905 1457 1028 1487; x_wconf 79' lang='lat' dir='ltr'>confes-</span> 
     </span>
     <span class='ocr_line' id='line_1_35' title="bbox 245 1508 1028 1548; baseline 0.001 -8"><span class='ocrx_word' id='word_1_157' title='bbox 245 1509 334 1541; x_wconf 85' lang='lat' dir='ltr'>sione</span> <span class='ocrx_word' id='word_1_158' title='bbox 350 1509 474 1540; x_wconf 87' lang='lat' dir='ltr'>solvere</span> <span class='ocrx_word' id='word_1_159' title='bbox 493 1511 524 1540; x_wconf 88' lang='lat' dir='ltr'>et</span> <span class='ocrx_word' id='word_1_160' title='bbox 538 1508 641 1548; x_wconf 83' lang='lat' dir='ltr'>ligare</span> <span class='ocrx_word' id='word_1_161' title='bbox 656 1517 713 1548; x_wconf 87' lang='lat' dir='ltr'>pro</span> <span class='ocrx_word' id='word_1_162' title='bbox 729 1508 882 1548; x_wconf 77' lang='lat' dir='ltr'>qualitate</span> <span class='ocrx_word' id='word_1_163' title='bbox 896 1510 1028 1541; x_wconf 85' lang='lat' dir='ltr'>merito-</span> 
     </span>
     <span class='ocr_line' id='line_1_36' title="bbox 246 1562 1027 1599; baseline 0 -5"><span class='ocrx_word' id='word_1_164' title='bbox 246 1572 332 1594; x_wconf 87' lang='lat' dir='ltr'>rum.</span> <span class='ocrx_word' id='word_1_165' title='bbox 350 1564 379 1593; x_wconf 83' lang='lat'>3.</span> <span class='ocrx_word' id='word_1_166' title='bbox 405 1562 576 1594; x_wconf 78' lang='lat' dir='ltr'>Ecclesiam</span> <span class='ocrx_word' id='word_1_167' title='bbox 597 1562 753 1599; x_wconf 81' lang='lat' dir='ltr'>officiare,</span> <span class='ocrx_word' id='word_1_168' title='bbox 779 1564 809 1593; x_wconf 85' lang='lat' dir='ltr'>et</span> <span class='ocrx_word' id='word_1_169' title='bbox 825 1562 934 1593; x_wconf 84' lang='lat' dir='ltr'>divina</span> <span class='ocrx_word' id='word_1_170' title='bbox 947 1563 1027 1594; x_wconf 84' lang='grc'><strong>0010-</strong></span> 
     </span>
     <span class='ocr_line' id='line_1_37' title="bbox 246 1614 1029 1655; baseline 0.001 -8"><span class='ocrx_word' id='word_1_171' title='bbox 246 1617 389 1655; x_wconf 86' lang='lat' dir='ltr'>brare‚et</span> <span class='ocrx_word' id='word_1_172' title='bbox 400 1616 537 1647; x_wconf 85' lang='lat' dir='ltr'>indicere</span> <span class='ocrx_word' id='word_1_173' title='bbox 549 1617 667 1647; x_wconf 85' lang='lat' dir='ltr'>statuta</span> <span class='ocrx_word' id='word_1_174' title='bbox 675 1614 820 1647; x_wconf 60' lang='lat' dir='ltr'>Ecclesiae</span> <span class='ocrx_word' id='word_1_175' title='bbox 837 1617 875 1647; x_wconf 88' lang='lat' dir='ltr'>de</span> <span class='ocrx_word' id='word_1_176' title='bbox 887 1617 984 1655; x_wconf 85' lang='lat' dir='ltr'>scriis,</span> <span class='ocrx_word' id='word_1_177' title='bbox 998 1620 1029 1648; x_wconf 87' lang='lat' dir='ltr'>et</span> 
     </span>
     <span class='ocr_line' id='line_1_38' title="bbox 246 1670 1029 1711; baseline -0.001 -8"><span class='ocrx_word' id='word_1_178' title='bbox 246 1672 327 1703; x_wconf 86' lang='lat' dir='ltr'>aliis.</span> <span class='ocrx_word' id='word_1_179' title='bbox 344 1675 373 1702; x_wconf 78' lang='lat'>4.</span> <span class='ocrx_word' id='word_1_180' title='bbox 392 1671 587 1702; x_wconf 83' lang='lat' dir='ltr'>Intercedere</span> <span class='ocrx_word' id='word_1_181' title='bbox 610 1679 668 1710; x_wconf 88' lang='lat' dir='ltr'>pro</span> <span class='ocrx_word' id='word_1_182' title='bbox 690 1670 809 1710; x_wconf 87' lang='lat' dir='ltr'>populo</span> <span class='ocrx_word' id='word_1_183' title='bbox 823 1672 905 1711; x_wconf 85' lang='lat' dir='ltr'>apud</span> <span class='ocrx_word' id='word_1_184' title='bbox 928 1672 1029 1703; x_wconf 90' lang='lat' dir='ltr'>Deum</span> 
     </span>
     <span class='ocr_line' id='line_1_39' title="bbox 247 1724 1029 1765; baseline 0 -8"><span class='ocrx_word' id='word_1_185' title='bbox 247 1726 385 1762; x_wconf 85' lang='lat' dir='ltr'>orandO,</span> <span class='ocrx_word' id='word_1_186' title='bbox 410 1727 440 1756; x_wconf 87' lang='lat' dir='ltr'>et</span> <span class='ocrx_word' id='word_1_187' title='bbox 465 1725 604 1765; x_wconf 79' lang='lat' dir='ltr'>gratiam</span> <span class='ocrx_word' id='word_1_188' title='bbox 627 1725 672 1755; x_wconf 87' lang='lat' dir='ltr'>eis</span> <span class='ocrx_word' id='word_1_189' title='bbox 696 1724 913 1764; x_wconf 83' lang='lat' dir='ltr'>impetrando,</span> <span class='ocrx_word' id='word_1_190' title='bbox 938 1727 1029 1765; x_wconf 82' lang='lat' dir='ltr'>quasi</span> 
     </span>
     <span class='ocr_line' id='line_1_40' title="bbox 249 1779 1029 1815; baseline 0 -4"><span class='ocrx_word' id='word_1_191' title='bbox 249 1780 406 1811; x_wconf 84' lang='lat' dir='ltr'>mediator</span> <span class='ocrx_word' id='word_1_192' title='bbox 420 1779 503 1810; x_wconf 80' lang='lat' dir='ltr'>inter</span> <span class='ocrx_word' id='word_1_193' title='bbox 524 1780 637 1815; x_wconf 88' lang='lat' dir='ltr'>Deum,</span> <span class='ocrx_word' id='word_1_194' title='bbox 653 1780 685 1809; x_wconf 88' lang='lat' dir='ltr'>ot</span> <span class='ocrx_word' id='word_1_195' title='bbox 699 1787 763 1810; x_wconf 85' lang='grc'><strong>005.</strong></span> <span class='ocrx_word' id='word_1_196' title='bbox 780 1782 810 1810; x_wconf 92' lang='lat'>5.</span> <span class='ocrx_word' id='word_1_197' title='bbox 825 1779 1029 1811; x_wconf 85' lang='lat' dir='ltr'>Sacramenta</span> 
     </span>
     <span class='ocr_line' id='line_1_41' title="bbox 250 1832 1028 1873; baseline 0 -8"><span class='ocrx_word' id='word_1_198' title='bbox 250 1833 476 1870; x_wconf 86' lang='lat' dir='ltr'>ecclesiastica,</span> <span class='ocrx_word' id='word_1_199' title='bbox 500 1835 531 1864; x_wconf 92' lang='lat' dir='ltr'>et</span> <span class='ocrx_word' id='word_1_200' title='bbox 552 1832 751 1872; x_wconf 80' lang='lat' dir='ltr'>sepulturam</span> <span class='ocrx_word' id='word_1_201' title='bbox 773 1833 819 1863; x_wconf 91' lang='lat' dir='ltr'>eis</span> <span class='ocrx_word' id='word_1_202' title='bbox 832 1832 1028 1873; x_wconf 85' lang='lat' dir='ltr'>impendere,</span> 
     </span>
     <span class='ocr_line' id='line_1_42' title="bbox 247 1885 1029 1928; baseline 0 -9"><span class='ocrx_word' id='word_1_203' title='bbox 247 1890 279 1919; x_wconf 86' lang='lat' dir='ltr'>et</span> <span class='ocrx_word' id='word_1_204' title='bbox 296 1887 358 1918; x_wconf 84' lang='lat' dir='ltr'>alia</span> <span class='ocrx_word' id='word_1_205' title='bbox 372 1886 623 1918; x_wconf 80' lang='lat' dir='ltr'>sacramentalia.</span> <span class='ocrx_word' id='word_1_206' title='bbox 643 1888 673 1917; x_wconf 78' lang='lat'>6.</span> <span class='ocrx_word' id='word_1_207' title='bbox 690 1885 915 1926; x_wconf 79' lang='lat' dir='ltr'>Indigentibus</span> <span class='ocrx_word' id='word_1_208' title='bbox 929 1887 961 1918; x_wconf 91' lang='lat' dir='ltr'>in</span> <span class='ocrx_word' id='word_1_209' title='bbox 974 1897 1029 1928; x_wconf 88' lang='lat' dir='ltr'>pa-</span> 
     </span>
     <span class='ocr_line' id='line_1_43' title="bbox 248 1940 1029 1981; baseline 0.001 -9"><span class='ocrx_word' id='word_1_210' title='bbox 248 1941 358 1973; x_wconf 88' lang='lat' dir='ltr'>rochia</span> <span class='ocrx_word' id='word_1_211' title='bbox 367 1950 426 1981; x_wconf 92' lang='lat' dir='ltr'>pro</span> <span class='ocrx_word' id='word_1_212' title='bbox 437 1940 571 1981; x_wconf 84' lang='lat' dir='ltr'>possein</span> <span class='ocrx_word' id='word_1_213' title='bbox 582 1940 722 1980; x_wconf 88' lang='lat' dir='ltr'>corporis</span> <span class='ocrx_word' id='word_1_214' title='bbox 735 1941 975 1972; x_wconf 85' lang='lat' dir='ltr'>necessitatibus</span> <span class='ocrx_word' id='word_1_215' title='bbox 990 1942 1029 1973; x_wconf 85' lang='lat' dir='ltr'>de</span> 
     </span>
     <span class='ocr_line' id='line_1_44' title="bbox 248 1992 1029 2034; baseline 0 -7"><span class='ocrx_word' id='word_1_216' title='bbox 248 1996 345 2027; x_wconf 86' lang='lat' dir='ltr'>rebus</span> <span class='ocrx_word' id='word_1_217' title='bbox 356 1994 504 2026; x_wconf 79' lang='lat' dir='ltr'>Ecclesiae</span> <span class='ocrx_word' id='word_1_218' title='bbox 513 1994 696 2025; x_wconf 86' lang='lat' dir='ltr'>subvenire.</span> <span class='ocrx_word' id='word_1_219' title='bbox 707 1996 737 2024; x_wconf 87' lang='lat'>7.</span> <span class='ocrx_word' id='word_1_220' title='bbox 748 1992 940 2034; x_wconf 79' lang='lat' dir='ltr'>Exemplum</span> <span class='ocrx_word' id='word_1_221' title='bbox 949 1995 1029 2027; x_wconf 87' lang='lat' dir='ltr'>bene</span> 
     </span>
     <span class='ocr_line' id='line_1_45' title="bbox 249 2047 1026 2088; baseline -0.001 -6"><span class='ocrx_word' id='word_1_222' title='bbox 249 2050 378 2082; x_wconf 88' lang='lat' dir='ltr'>vivendi</span> <span class='ocrx_word' id='word_1_223' title='bbox 404 2049 436 2079; x_wconf 96' lang='grc'>111</span> <span class='ocrx_word' id='word_1_224' title='bbox 465 2048 616 2080; x_wconf 86' lang='lat' dir='ltr'>omnibus</span> <span class='ocrx_word' id='word_1_225' title='bbox 643 2047 782 2087; x_wconf 85' lang='lat' dir='ltr'>seipsum</span> <span class='ocrx_word' id='word_1_226' title='bbox 800 2048 952 2088; x_wconf 71' lang='lat' dir='ltr'>przebere,</span> <span class='ocrx_word' id='word_1_227' title='bbox 977 2059 1026 2081; x_wconf 87' lang='lat' dir='ltr'>se—</span> 
     </span>
     <span class='ocr_line' id='line_1_46' title="bbox 250 2101 874 2134; baseline -0.002 0"><span class='ocrx_word' id='word_1_228' title='bbox 250 2103 390 2134; x_wconf 87' lang='lat' dir='ltr'>cundum</span> <span class='ocrx_word' id='word_1_229' title='bbox 406 2102 605 2133; x_wconf 83' lang='lat' dir='ltr'>honestatem</span> <span class='ocrx_word' id='word_1_230' title='bbox 620 2101 695 2132; x_wconf 52' lang='lat' dir='ltr'>vitae</span> <span class='ocrx_word' id='word_1_231' title='bbox 711 2101 874 2133; x_wconf 87' lang='lat' dir='ltr'>clericalis.</span> 
     </span>
    </p>

    <p class='ocr_par' dir='ltr' id='par_1_8' title="bbox 249 2155 1029 2686">
     <span class='ocr_line' id='line_1_47' title="bbox 291 2155 1029 2196; baseline 0.003 -9"><span class='ocrx_word' id='word_1_232' title='bbox 291 2156 476 2188; x_wconf 78' lang='lat' dir='ltr'>Obedientia</span> <span class='ocrx_word' id='word_1_233' title='bbox 493 2165 569 2187; x_wconf 84' lang='lat' dir='ltr'>vero</span> <span class='ocrx_word' id='word_1_234' title='bbox 584 2156 691 2196; x_wconf 88' lang='lat' dir='ltr'>populi</span> <span class='ocrx_word' id='word_1_235' title='bbox 708 2156 748 2186; x_wconf 85' lang='lat' dir='ltr'>ad</span> <span class='ocrx_word' id='word_1_236' title='bbox 764 2155 916 2195; x_wconf 87' lang='lat' dir='ltr'>plebanos</span> <span class='ocrx_word' id='word_1_237' title='bbox 931 2157 964 2188; x_wconf 91' lang='lat' dir='ltr'>in</span> <span class='ocrx_word' id='word_1_238' title='bbox 979 2158 1029 2189; x_wconf 87' lang='lat' dir='ltr'>his</span> 
     </span>
     <span class='ocr_line' id='line_1_48' title="bbox 251 2209 1028 2243; baseline 0.001 -1"><span class='ocrx_word' id='word_1_239' title='bbox 251 2221 268 2242; x_wconf 89' lang='lat' dir='ltr'>e</span> <span class='ocrx_word' id='word_1_240' title='bbox 291 2219 444 2242; x_wconf 85' lang='lat' dir='ltr'>converso</span> <span class='ocrx_word' id='word_1_241' title='bbox 467 2210 606 2241; x_wconf 78' lang='lat' dir='ltr'>maxime</span> <span class='ocrx_word' id='word_1_242' title='bbox 628 2209 782 2240; x_wconf 86' lang='lat' dir='ltr'>consistit.</span> <span class='ocrx_word' id='word_1_243' title='bbox 801 2209 837 2241; x_wconf 92' lang='lat' dir='ltr'>Ut</span> <span class='ocrx_word' id='word_1_244' title='bbox 852 2210 1028 2243; x_wconf 84' lang='lat' dir='ltr'>doctrinam</span> 
     </span>
     <span class='ocr_line' id='line_1_49' title="bbox 250 2264 1029 2305; baseline 0.001 -9"><span class='ocrx_word' id='word_1_245' title='bbox 250 2274 375 2302; x_wconf 86' lang='lat' dir='ltr'>eorum,</span> <span class='ocrx_word' id='word_1_246' title='bbox 400 2267 430 2295; x_wconf 87' lang='lat' dir='ltr'>et</span> <span class='ocrx_word' id='word_1_247' title='bbox 448 2264 724 2304; x_wconf 69' lang='lat' dir='ltr'>praedicationem,</span> <span class='ocrx_word' id='word_1_248' title='bbox 748 2266 865 2295; x_wconf 85' lang='lat' dir='ltr'>statuto</span> <span class='ocrx_word' id='word_1_249' title='bbox 887 2267 1029 2305; x_wconf 86' lang='lat' dir='ltr'>tempore</span> 
     </span>
     <span class='ocr_line' id='line_1_50' title="bbox 250 2317 1025 2357; baseline 0.001 -7"><span class='ocrx_word' id='word_1_250' title='bbox 250 2321 280 2350; x_wconf 89' lang='lat' dir='ltr'>et</span> <span class='ocrx_word' id='word_1_251' title='bbox 301 2319 369 2349; x_wconf 89' lang='grc'><strong>1000</strong></span> <span class='ocrx_word' id='word_1_252' title='bbox 383 2317 615 2348; x_wconf 50' lang='lat' dir='ltr'>auscultemus.</span> <span class='ocrx_word' id='word_1_253' title='bbox 637 2317 674 2348; x_wconf 93' lang='lat' dir='ltr'>Ut</span> <span class='ocrx_word' id='word_1_254' title='bbox 693 2317 731 2348; x_wconf 87' lang='grc'>(10</span> <span class='ocrx_word' id='word_1_255' title='bbox 743 2318 876 2357; x_wconf 81' lang='lat' dir='ltr'>peccatis</span> <span class='ocrx_word' id='word_1_256' title='bbox 892 2319 957 2350; x_wconf 88' lang='lat' dir='ltr'>suis</span> <span class='ocrx_word' id='word_1_257' title='bbox 972 2329 1025 2351; x_wconf 78' lang='lat' dir='ltr'>eo-</span> 
     </span>
     <span class='ocr_line' id='line_1_51' title="bbox 250 2371 1028 2411; baseline 0.001 -7"><span class='ocrx_word' id='word_1_258' title='bbox 250 2382 323 2404; x_wconf 85' lang='lat' dir='ltr'>rum</span> <span class='ocrx_word' id='word_1_259' title='bbox 347 2371 531 2403; x_wconf 88' lang='lat' dir='ltr'>correctioni</span> <span class='ocrx_word' id='word_1_260' title='bbox 547 2372 744 2411; x_wconf 80' lang='lat' dir='ltr'>subjaceant,</span> <span class='ocrx_word' id='word_1_261' title='bbox 758 2373 853 2411; x_wconf 83' lang='lat' dir='ltr'>juxta</span> <span class='ocrx_word' id='word_1_262' title='bbox 868 2382 1028 2405; x_wconf 86' lang='lat' dir='ltr'>canonum</span> 
     </span>
     <span class='ocr_line' id='line_1_52' title="bbox 251 2424 1029 2459; baseline 0.003 -2"><span class='ocrx_word' id='word_1_263' title='bbox 251 2426 405 2457; x_wconf 85' lang='lat' dir='ltr'>instituta.</span> <span class='ocrx_word' id='word_1_264' title='bbox 419 2428 447 2456; x_wconf 86' lang='lat'>3.</span> <span class='ocrx_word' id='word_1_265' title='bbox 462 2424 498 2456; x_wconf 87' lang='lat' dir='ltr'>Ut</span> <span class='ocrx_word' id='word_1_266' title='bbox 512 2425 610 2455; x_wconf 79' lang='lat' dir='ltr'>semel</span> <span class='ocrx_word' id='word_1_267' title='bbox 623 2424 795 2456; x_wconf 79' lang='lat' dir='ltr'>inannoad</span> <span class='ocrx_word' id='word_1_268' title='bbox 805 2426 1029 2459; x_wconf 88' lang='lat' dir='ltr'>minusomnia</span> 
     </span>
     <span class='ocr_line' id='line_1_53' title="bbox 250 2479 1028 2521; baseline 0.005 -10"><span class='ocrx_word' id='word_1_269' title='bbox 250 2482 376 2521; x_wconf 84' lang='lat' dir='ltr'>peccata</span> <span class='ocrx_word' id='word_1_270' title='bbox 391 2489 460 2518; x_wconf 87' lang='lat' dir='ltr'>sua,</span> <span class='ocrx_word' id='word_1_271' title='bbox 476 2488 549 2519; x_wconf 82' lang='lat' dir='ltr'>quae</span> <span class='ocrx_word' id='word_1_272' title='bbox 564 2481 640 2510; x_wconf 87' lang='lat' dir='ltr'>tunc</span> <span class='ocrx_word' id='word_1_273' title='bbox 652 2479 781 2516; x_wconf 78' lang='lat' dir='ltr'>habent,</span> <span class='ocrx_word' id='word_1_274' title='bbox 800 2480 845 2511; x_wconf 88' lang='lat' dir='ltr'>eis</span> <span class='ocrx_word' id='word_1_275' title='bbox 857 2482 1028 2514; x_wconf 82' lang='lat' dir='ltr'>confitean-</span> 
     </span>
     <span class='ocr_line' id='line_1_54' title="bbox 249 2532 1025 2577; baseline 0.004 -12"><span class='ocrx_word' id='word_1_276' title='bbox 249 2537 354 2566; x_wconf 74' lang='lat' dir='ltr'>tur.4.</span> <span class='ocrx_word' id='word_1_277' title='bbox 371 2533 409 2564; x_wconf 85' lang='lat' dir='ltr'>Ut</span> <span class='ocrx_word' id='word_1_278' title='bbox 420 2533 452 2563; x_wconf 89' lang='lat' dir='ltr'>in</span> <span class='ocrx_word' id='word_1_279' title='bbox 462 2532 633 2573; x_wconf 71' lang='lat' dir='ltr'>praecipuis</span> <span class='ocrx_word' id='word_1_280' title='bbox 644 2533 927 2571; x_wconf 70' lang='lat' dir='ltr'>sestis-,seeundum</span> <span class='ocrx_word' id='word_1_281' title='bbox 939 2538 1025 2577; x_wconf 80' lang='lat' dir='ltr'>Jura‚</span> 
     </span>
     <span class='ocr_line' id='line_1_55' title="bbox 249 2587 1023 2628; baseline 0.005 -9"><span class='ocrx_word' id='word_1_282' title='bbox 249 2589 288 2619; x_wconf 88' lang='lat' dir='ltr'>ad</span> <span class='ocrx_word' id='word_1_283' title='bbox 304 2587 470 2628; x_wconf 84' lang='lat' dir='ltr'>parochias</span> <span class='ocrx_word' id='word_1_284' title='bbox 493 2587 696 2625; x_wconf 86' lang='lat' dir='ltr'>conveniant,</span> <span class='ocrx_word' id='word_1_285' title='bbox 720 2588 850 2619; x_wconf 83' lang='lat' dir='ltr'>missam</span> <span class='ocrx_word' id='word_1_286' title='bbox 871 2591 1023 2623; x_wconf 80' lang='lat' dir='ltr'>audituri.</span> 
     </span>
     <span class='ocr_line' id='line_1_56' title="bbox 250 2641 1024 2686; baseline 0.003 -12"><span class='ocrx_word' id='word_1_287' title='bbox 250 2645 279 2674; x_wconf 80' lang='lat'>5.</span> <span class='ocrx_word' id='word_1_288' title='bbox 288 2642 327 2674; x_wconf 93' lang='lat' dir='ltr'>Ut</span> <span class='ocrx_word' id='word_1_289' title='bbox 341 2644 538 2673; x_wconf 84' lang='lat' dir='ltr'>sacramenta</span> <span class='ocrx_word' id='word_1_290' title='bbox 545 2641 753 2673; x_wconf 83' lang='lat' dir='ltr'>ecclesiastiea</span> <span class='ocrx_word' id='word_1_291' title='bbox 760 2642 800 2673; x_wconf 81' lang='lat' dir='ltr'>ab</span> <span class='ocrx_word' id='word_1_292' title='bbox 807 2643 852 2673; x_wconf 89' lang='lat' dir='ltr'>eis</span> <span class='ocrx_word' id='word_1_293' title='bbox 859 2645 1024 2686; x_wconf 83' lang='lat' dir='ltr'>recipient,</span> 
     </span>
    </p>
   </div>
   <div class='ocr_carea' id='block_1_7' title="bbox 285 2705 538 2735">
    <p class='ocr_par' dir='ltr' id='par_1_9' title="bbox 285 2705 538 2735">
     <span class='ocr_line' id='line_1_57' title="bbox 285 2705 538 2735; baseline -0.008 -6"><span class='ocrx_word' id='word_1_294' title='bbox 285 2705 397 2735; x_wconf 66' lang='lat' dir='ltr'><em>1Eae0d„</em></span> <span class='ocrx_word' id='word_1_295' title='bbox 413 2710 486 2735; x_wconf 70' lang='grc'><strong>11111,</strong></span> <span class='ocrx_word' id='word_1_296' title='bbox 501 2708 538 2728; x_wconf 73' lang='lat'>25.</span> 
     </span>
    </p>
   </div>
   <div class='ocr_carea' id='block_1_8' title="bbox 657 199 1451 241">
    <p class='ocr_par' dir='ltr' id='par_1_10' title="bbox 657 199 1451 241">
     <span class='ocr_line' id='line_1_58' title="bbox 657 199 1451 241; baseline 0.001 -7"><span class='ocrx_word' id='word_1_297' title='bbox 657 201 792 241; x_wconf 85' lang='lat' dir='ltr'><strong>QUARE</strong></span> <span class='ocrx_word' id='word_1_298' title='bbox 814 200 998 234; x_wconf 84' lang='lat' dir='ltr'><strong>FRATRES</strong></span> <span class='ocrx_word' id='word_1_299' title='bbox 1019 199 1195 234; x_wconf 88' lang='lat' dir='ltr'>MINORES</span> <span class='ocrx_word' id='word_1_300' title='bbox 1217 201 1451 235; x_wconf 82' lang='lat' dir='ltr'>PRAEDICENT</span> 
     </span>
    </p>
   </div>
   <div class='ocr_carea' id='block_1_9' title="bbox 1083 269 2021 2689">
    <p class='ocr_par' dir='ltr' id='par_1_11' title="bbox 1084 269 1866 795">
     <span class='ocr_line' id='line_1_59' title="bbox 1084 269 1860 311; baseline 0.004 -10"><span class='ocrx_word' id='word_1_301' title='bbox 1084 271 1116 301; x_wconf 89' lang='lat' dir='ltr'>et</span> <span class='ocrx_word' id='word_1_302' title='bbox 1125 270 1334 311; x_wconf 84' lang='lat' dir='ltr'>sepulturam,</span> <span class='ocrx_word' id='word_1_303' title='bbox 1344 273 1376 302; x_wconf 90' lang='lat' dir='ltr'>et</span> <span class='ocrx_word' id='word_1_304' title='bbox 1386 269 1586 310; x_wconf 86' lang='lat' dir='ltr'>hujusmodi.</span> <span class='ocrx_word' id='word_1_305' title='bbox 1593 272 1624 302; x_wconf 84' lang='lat'>6.</span> <span class='ocrx_word' id='word_1_306' title='bbox 1634 269 1802 304; x_wconf 79' lang='lat' dir='ltr'>Utindicta</span> <span class='ocrx_word' id='word_1_307' title='bbox 1813 272 1860 304; x_wconf 78' lang='lat' dir='ltr'>fe-</span> 
     </span>
     <span class='ocr_line' id='line_1_60' title="bbox 1084 323 1862 365; baseline 0.004 -10"><span class='ocrx_word' id='word_1_308' title='bbox 1084 323 1220 363; x_wconf 87' lang='lat' dir='ltr'>riarum,</span> <span class='ocrx_word' id='word_1_309' title='bbox 1234 324 1450 365; x_wconf 72' lang='lat' dir='ltr'>Jejuniorum,</span> <span class='ocrx_word' id='word_1_310' title='bbox 1464 326 1496 356; x_wconf 84' lang='lat' dir='ltr'>et</span> <span class='ocrx_word' id='word_1_311' title='bbox 1509 323 1572 355; x_wconf 88' lang='lat' dir='ltr'>alia</span> <span class='ocrx_word' id='word_1_312' title='bbox 1591 325 1808 357; x_wconf 82' lang='lat' dir='ltr'>denuntianda</span> <span class='ocrx_word' id='word_1_313' title='bbox 1821 326 1862 358; x_wconf 87' lang='lat' dir='ltr'>ab</span> 
     </span>
     <span class='ocr_line' id='line_1_61' title="bbox 1084 377 1865 418; baseline 0.003 -9"><span class='ocrx_word' id='word_1_314' title='bbox 1084 377 1141 417; x_wconf 85' lang='lat' dir='ltr'>eis,</span> <span class='ocrx_word' id='word_1_315' title='bbox 1160 379 1300 410; x_wconf 88' lang='lat' dir='ltr'>servent.</span> <span class='ocrx_word' id='word_1_316' title='bbox 1313 381 1343 409; x_wconf 88' lang='lat'>7.</span> <span class='ocrx_word' id='word_1_317' title='bbox 1354 378 1396 409; x_wconf 87' lang='lat' dir='ltr'>Ut</span> <span class='ocrx_word' id='word_1_318' title='bbox 1407 378 1557 417; x_wconf 89' lang='lat' dir='ltr'>decimas,</span> <span class='ocrx_word' id='word_1_319' title='bbox 1566 377 1752 418; x_wconf 86' lang='lat' dir='ltr'>oblationes,</span> <span class='ocrx_word' id='word_1_320' title='bbox 1763 381 1795 410; x_wconf 85' lang='lat' dir='ltr'>et</span> <span class='ocrx_word' id='word_1_321' title='bbox 1801 379 1865 411; x_wconf 84' lang='lat' dir='ltr'>alia.</span> 
     </span>
     <span class='ocr_line' id='line_1_62' title="bbox 1084 431 1863 472; baseline 0.003 -10"><span class='ocrx_word' id='word_1_322' title='bbox 1084 431 1191 463; x_wconf 89' lang='lat' dir='ltr'>debita</span> <span class='ocrx_word' id='word_1_323' title='bbox 1212 431 1257 463; x_wconf 91' lang='lat' dir='ltr'>eis</span> <span class='ocrx_word' id='word_1_324' title='bbox 1278 431 1478 472; x_wconf 84' lang='lat' dir='ltr'>persolvant,</span> <span class='ocrx_word' id='word_1_325' title='bbox 1500 432 1678 464; x_wconf 85' lang='lat' dir='ltr'>secundum</span> <span class='ocrx_word' id='word_1_326' title='bbox 1701 441 1863 465; x_wconf 88' lang='lat' dir='ltr'>canonum</span> 
     </span>
     <span class='ocr_line' id='line_1_63' title="bbox 1084 484 1862 527; baseline 0.004 -12"><span class='ocrx_word' id='word_1_327' title='bbox 1084 485 1240 516; x_wconf 83' lang='lat' dir='ltr'>instituta.</span> <span class='ocrx_word' id='word_1_328' title='bbox 1256 484 1346 517; x_wconf 88' lang='lat' dir='ltr'>Nova</span> <span class='ocrx_word' id='word_1_329' title='bbox 1356 494 1434 517; x_wconf 89' lang='lat' dir='ltr'>vero</span> <span class='ocrx_word' id='word_1_330' title='bbox 1447 487 1565 517; x_wconf 82' lang='lat' dir='ltr'>statuta</span> <span class='ocrx_word' id='word_1_331' title='bbox 1579 486 1698 526; x_wconf 90' lang='lat' dir='ltr'>populo</span> <span class='ocrx_word' id='word_1_332' title='bbox 1710 486 1862 527; x_wconf 86' lang='lat' dir='ltr'>superad-</span> 
     </span>
     <span class='ocr_line' id='line_1_64' title="bbox 1085 538 1866 579; baseline 0.004 -10"><span class='ocrx_word' id='word_1_333' title='bbox 1085 538 1159 570; x_wconf 87' lang='lat' dir='ltr'>dere</span> <span class='ocrx_word' id='word_1_334' title='bbox 1174 538 1302 579; x_wconf 86' lang='lat' dir='ltr'>plebani</span> <span class='ocrx_word' id='word_1_335' title='bbox 1324 548 1389 571; x_wconf 92' lang='lat' dir='ltr'>non</span> <span class='ocrx_word' id='word_1_336' title='bbox 1411 539 1538 579; x_wconf 86' lang='lat' dir='ltr'>debent,</span> <span class='ocrx_word' id='word_1_337' title='bbox 1559 549 1601 572; x_wconf 91' lang='lat' dir='ltr'>ne</span> <span class='ocrx_word' id='word_1_338' title='bbox 1614 540 1670 572; x_wconf 86' lang='lat' dir='ltr'>fiat.</span> <span class='ocrx_word' id='word_1_339' title='bbox 1685 540 1866 572; x_wconf 85' lang='lat' dir='ltr'>obedientia</span> 
     </span>
     <span class='ocr_line' id='line_1_65' title="bbox 1084 592 1862 635; baseline 0.004 -12"><span class='ocrx_word' id='word_1_340' title='bbox 1084 601 1230 624; x_wconf 88' lang='lat' dir='ltr'>onerosa.</span> <span class='ocrx_word' id='word_1_341' title='bbox 1250 592 1326 624; x_wconf 85' lang='lat' dir='ltr'>Haec</span> <span class='ocrx_word' id='word_1_342' title='bbox 1346 593 1464 624; x_wconf 86' lang='lat' dir='ltr'>debent</span> <span class='ocrx_word' id='word_1_343' title='bbox 1482 592 1603 625; x_wconf 90' lang='lat' dir='ltr'>subditi</span> <span class='ocrx_word' id='word_1_344' title='bbox 1624 593 1768 635; x_wconf 89' lang='lat' dir='ltr'>plebanis</span> <span class='ocrx_word' id='word_1_345' title='bbox 1784 594 1862 632; x_wconf 83' lang='grc'><strong>51115,</strong></span> 
     </span>
     <span class='ocr_line' id='line_1_66' title="bbox 1084 647 1865 688; baseline 0.001 -10"><span class='ocrx_word' id='word_1_346' title='bbox 1084 648 1194 678; x_wconf 84' lang='lat' dir='ltr'>tamen</span> <span class='ocrx_word' id='word_1_347' title='bbox 1207 656 1282 678; x_wconf 90' lang='lat' dir='ltr'>cum</span> <span class='ocrx_word' id='word_1_348' title='bbox 1295 647 1536 688; x_wconf 85' lang='lat' dir='ltr'>exceptionibus</span> <span class='ocrx_word' id='word_1_349' title='bbox 1556 647 1652 688; x_wconf 85' lang='lat' dir='ltr'>juris,</span> <span class='ocrx_word' id='word_1_350' title='bbox 1673 647 1865 688; x_wconf 82' lang='lat' dir='ltr'>privilegio-</span> 
     </span>
     <span class='ocr_line' id='line_1_67' title="bbox 1084 700 1866 742; baseline 0.001 -10"><span class='ocrx_word' id='word_1_351' title='bbox 1084 709 1170 739; x_wconf 87' lang='lat' dir='ltr'>rum,</span> <span class='ocrx_word' id='word_1_352' title='bbox 1183 703 1214 732; x_wconf 81' lang='lat' dir='ltr'>et</span> <span class='ocrx_word' id='word_1_353' title='bbox 1227 700 1466 732; x_wconf 88' lang='lat' dir='ltr'>consuetudinis</span> <span class='ocrx_word' id='word_1_354' title='bbox 1481 701 1676 742; x_wconf 85' lang='lat' dir='ltr'>approbatae,</span> <span class='ocrx_word' id='word_1_355' title='bbox 1693 703 1724 733; x_wconf 85' lang='lat' dir='ltr'>et</span> <span class='ocrx_word' id='word_1_356' title='bbox 1737 701 1866 733; x_wconf 86' lang='lat' dir='ltr'>lieentia</span> 
     </span>
     <span class='ocr_line' id='line_1_68' title="bbox 1085 755 1302 795; baseline 0 -9"><span class='ocrx_word' id='word_1_357' title='bbox 1085 755 1302 795; x_wconf 87' lang='lat' dir='ltr'>superiorum.</span> 
     </span>
    </p>

    <p class='ocr_par' dir='ltr' id='par_1_12' title="bbox 1083 810 2016 2040">
     <span class='ocr_line' id='line_1_69' title="bbox 1124 810 1986 851; baseline -0.001 -9"><span class='ocrx_word' id='word_1_358' title='bbox 1124 810 1213 848; x_wconf 83' lang='lat' dir='ltr'>Quod</span> <span class='ocrx_word' id='word_1_359' title='bbox 1233 820 1311 843; x_wconf 88' lang='lat' dir='ltr'>vero</span> <span class='ocrx_word' id='word_1_360' title='bbox 1331 810 1429 842; x_wconf 86' lang='lat' dir='ltr'>semel</span> <span class='ocrx_word' id='word_1_361' title='bbox 1451 810 1485 842; x_wconf 87' lang='lat' dir='ltr'>in</span> <span class='ocrx_word' id='word_1_362' title='bbox 1499 819 1584 842; x_wconf 87' lang='lat' dir='ltr'>anno</span> <span class='ocrx_word' id='word_1_363' title='bbox 1609 810 1742 851; x_wconf 89' lang='lat' dir='ltr'>quilibet</span> <span class='ocrx_word' id='word_1_364' title='bbox 1763 812 1862 843; x_wconf 90' lang='lat' dir='ltr'>confi-</span> <span class='ocrx_word' id='word_1_365' title='bbox 1897 814 1986 850; x_wconf 63' lang='lat' dir='ltr'>Quibqs</span> 
     </span>
     <span class='ocr_line' id='line_1_70' title="bbox 1083 845 1987 905; baseline 0.004 -10"><span class='ocrx_word' id='word_1_366' title='bbox 1083 866 1188 896; x_wconf 87' lang='lat' dir='ltr'>teatur</span> <span class='ocrx_word' id='word_1_367' title='bbox 1206 864 1336 905; x_wconf 87' lang='lat' dir='ltr'>proprio</span> <span class='ocrx_word' id='word_1_368' title='bbox 1351 864 1507 896; x_wconf 87' lang='lat' dir='ltr'>sacerdoti</span> <span class='ocrx_word' id='word_1_369' title='bbox 1527 864 1636 897; x_wconf 88' lang='lat' dir='ltr'>omnia</span> <span class='ocrx_word' id='word_1_370' title='bbox 1651 866 1777 905; x_wconf 85' lang='lat' dir='ltr'>peccata</span> <span class='ocrx_word' id='word_1_371' title='bbox 1791 874 1861 904; x_wconf 85' lang='lat' dir='ltr'>sua,</span> <span class='ocrx_word' id='word_1_372' title='bbox 1877 845 1987 899; x_wconf 54' lang='lat'>{¹333</span> 
     </span>
     <span class='ocr_line' id='line_1_71' title="bbox 1083 909 1979 968; baseline -0.001 -20"><span class='ocrx_word' id='word_1_373' title='bbox 1083 917 1134 948; x_wconf 89' lang='lat' dir='ltr'>his</span> <span class='ocrx_word' id='word_1_374' title='bbox 1154 927 1210 949; x_wconf 85' lang='lat' dir='ltr'>sex</span> <span class='ocrx_word' id='word_1_375' title='bbox 1229 918 1269 949; x_wconf 90' lang='lat' dir='ltr'>de</span> <span class='ocrx_word' id='word_1_376' title='bbox 1291 918 1396 949; x_wconf 85' lang='lat' dir='ltr'>causis</span> <span class='ocrx_word' id='word_1_377' title='bbox 1418 919 1576 948; x_wconf 85' lang='lat' dir='ltr'>statutum</span> <span class='ocrx_word' id='word_1_378' title='bbox 1597 920 1655 948; x_wconf 86' lang='lat' dir='ltr'>est.</span> <span class='ocrx_word' id='word_1_379' title='bbox 1681 917 1801 957; x_wconf 87' lang='lat' dir='ltr'>Primo,</span> <span class='ocrx_word' id='word_1_380' title='bbox 1825 919 1864 949; x_wconf 90' lang='lat' dir='ltr'>ut</span> <span class='ocrx_word' id='word_1_381' title='bbox 1885 909 1979 968; x_wconf 47' lang='grc' dir='ltr'>3ῑίζῇ</span> 
     </span>
     <span class='ocr_line' id='line_1_72' title="bbox 1083 970 1984 1024; baseline -0.001 -22"><span class='ocrx_word' id='word_1_382' title='bbox 1083 973 1191 1012; x_wconf 86' lang='lat' dir='ltr'>pastor</span> <span class='ocrx_word' id='word_1_383' title='bbox 1204 974 1386 1011; x_wconf 84' lang='lat' dir='ltr'>cognoscat,</span> <span class='ocrx_word' id='word_1_384' title='bbox 1403 971 1437 1002; x_wconf 91' lang='lat' dir='ltr'>in</span> <span class='ocrx_word' id='word_1_385' title='bbox 1451 980 1517 1012; x_wconf 86' lang='lat' dir='ltr'>quo</span> <span class='ocrx_word' id='word_1_386' title='bbox 1530 972 1614 1002; x_wconf 83' lang='lat' dir='ltr'>statu</span> <span class='ocrx_word' id='word_1_387' title='bbox 1628 970 1762 1011; x_wconf 89' lang='lat' dir='ltr'>quilibet</span> <span class='ocrx_word' id='word_1_388' title='bbox 1781 979 1865 1002; x_wconf 88' lang='lat' dir='ltr'>com-</span> <span class='ocrx_word' id='word_1_389' title='bbox 1877 971 1984 1024; x_wconf 39' lang='lat'>„5³32”</span> 
     </span>
     <span class='ocr_line' id='line_1_73' title="bbox 1086 1024 1960 1070; baseline -0.001 -14"><span class='ocrx_word' id='word_1_390' title='bbox 1086 1025 1258 1056; x_wconf 87' lang='lat' dir='ltr'>missorum</span> <span class='ocrx_word' id='word_1_391' title='bbox 1269 1025 1327 1056; x_wconf 90' lang='lat' dir='ltr'>sibi</span> <span class='ocrx_word' id='word_1_392' title='bbox 1342 1025 1393 1064; x_wconf 88' lang='lat' dir='ltr'>sit,</span> <span class='ocrx_word' id='word_1_393' title='bbox 1419 1026 1455 1056; x_wconf 86' lang='lat' dir='ltr'>ut</span> <span class='ocrx_word' id='word_1_394' title='bbox 1469 1025 1647 1056; x_wconf 89' lang='lat' dir='ltr'>secundum</span> <span class='ocrx_word' id='word_1_395' title='bbox 1665 1025 1726 1056; x_wconf 93' lang='lat' dir='ltr'>hoc</span> <span class='ocrx_word' id='word_1_396' title='bbox 1741 1024 1820 1056; x_wconf 86' lang='lat' dir='ltr'>sciat</span> <span class='ocrx_word' id='word_1_397' title='bbox 1833 1025 1863 1056; x_wconf 91' lang='lat' dir='ltr'>ei</span> <span class='ocrx_word' id='word_1_398' title='bbox 1901 1039 1960 1070; x_wconf 69' lang='lat' dir='ltr'>unq</span> 
     </span>
     <span class='ocr_line' id='line_1_74' title="bbox 1084 1070 1984 1120; baseline -0.001 -10"><span class='ocrx_word' id='word_1_399' title='bbox 1084 1079 1276 1111; x_wconf 84' lang='lat' dir='ltr'>medicinam</span> <span class='ocrx_word' id='word_1_400' title='bbox 1298 1081 1531 1120; x_wconf 88' lang='lat' dir='ltr'>competentem</span> <span class='ocrx_word' id='word_1_401' title='bbox 1554 1079 1707 1110; x_wconf 88' lang='lat' dir='ltr'>exhibere</span> <span class='ocrx_word' id='word_1_402' title='bbox 1724 1079 1861 1110; x_wconf 89' lang='lat' dir='ltr'>instruc-</span> <span class='ocrx_word' id='word_1_403' title='bbox 1877 1070 1984 1118; x_wconf 56' lang='grc' dir='ltr'>,Ξζζῖᾓῗῑ</span> 
     </span>
     <span class='ocr_line' id='line_1_75' title="bbox 1083 1127 1983 1186; baseline -0.001 -22"><span class='ocrx_word' id='word_1_404' title='bbox 1083 1133 1190 1170; x_wconf 80' lang='lat' dir='ltr'>tionis,</span> <span class='ocrx_word' id='word_1_405' title='bbox 1211 1133 1427 1172; x_wconf 87' lang='lat' dir='ltr'>correctionis,</span> <span class='ocrx_word' id='word_1_406' title='bbox 1451 1133 1686 1165; x_wconf 87' lang='lat' dir='ltr'>consolationis.</span> <span class='ocrx_word' id='word_1_407' title='bbox 1703 1132 1860 1171; x_wconf 89' lang='lat' dir='ltr'>Secundo,</span> <span class='ocrx_word' id='word_1_408' title='bbox 1876 1127 1983 1186; x_wconf 46' lang='lat' dir='ltr'>532³ss2ss</span> 
     </span>
     <span class='ocr_line' id='line_1_76' title="bbox 1083 1186 1984 1228; baseline -0.002 -9"><span class='ocrx_word' id='word_1_409' title='bbox 1083 1190 1120 1219; x_wconf 90' lang='lat' dir='ltr'>ut</span> <span class='ocrx_word' id='word_1_410' title='bbox 1134 1190 1242 1219; x_wconf 86' lang='lat' dir='ltr'>noscat</span> <span class='ocrx_word' id='word_1_411' title='bbox 1257 1188 1376 1228; x_wconf 90' lang='lat' dir='ltr'>quibus</span> <span class='ocrx_word' id='word_1_412' title='bbox 1391 1188 1490 1228; x_wconf 85' lang='lat' dir='ltr'>possit</span> <span class='ocrx_word' id='word_1_413' title='bbox 1503 1187 1618 1219; x_wconf 85' lang='lat' dir='ltr'>Christi</span> <span class='ocrx_word' id='word_1_414' title='bbox 1629 1196 1744 1228; x_wconf 85' lang='lat' dir='ltr'>corpus</span> <span class='ocrx_word' id='word_1_415' title='bbox 1754 1186 1861 1218; x_wconf 89' lang='lat' dir='ltr'>indul·</span> <span class='ocrx_word' id='word_1_416' title='bbox 1877 1190 1926 1211; x_wconf 56' lang='grc' dir='ltr'>ωε</span> <span class='ocrx_word' id='word_1_417' title='bbox 1935 1195 1984 1211; x_wconf 73' lang='lat'><strong>³¹²⁸·</strong></span> 
     </span>
     <span class='ocr_line' id='line_1_77' title="bbox 1085 1238 2016 1283; baseline -0.001 -10"><span class='ocrx_word' id='word_1_418' title='bbox 1085 1251 1173 1282; x_wconf 84' lang='lat' dir='ltr'>gere,</span> <span class='ocrx_word' id='word_1_419' title='bbox 1192 1242 1244 1274; x_wconf 85' lang='lat' dir='ltr'>vel</span> <span class='ocrx_word' id='word_1_420' title='bbox 1261 1251 1342 1283; x_wconf 89' lang='lat' dir='ltr'>quos</span> <span class='ocrx_word' id='word_1_421' title='bbox 1356 1251 1375 1273; x_wconf 88' lang='lat' dir='ltr'>a</span> <span class='ocrx_word' id='word_1_422' title='bbox 1390 1241 1596 1273; x_wconf 86' lang='lat' dir='ltr'>sacramentis</span> <span class='ocrx_word' id='word_1_423' title='bbox 1612 1250 1731 1272; x_wconf 90' lang='lat' dir='ltr'>arcere.</span> <span class='ocrx_word' id='word_1_424' title='bbox 1744 1241 1861 1280; x_wconf 86' lang='lat' dir='ltr'>Tertio,</span> <span class='ocrx_word' id='word_1_425' title='bbox 2014 1238 2016 1245; x_wconf 77' lang='grc'>’</span> 
     </span>
     <span class='ocr_line' id='line_1_78' title="bbox 1084 1295 1862 1337; baseline -0.001 -10"><span class='ocrx_word' id='word_1_426' title='bbox 1084 1306 1124 1327; x_wconf 85' lang='grc'>110</span> <span class='ocrx_word' id='word_1_427' title='bbox 1150 1306 1205 1337; x_wconf 87' lang='lat' dir='ltr'>per</span> <span class='ocrx_word' id='word_1_428' title='bbox 1231 1296 1363 1335; x_wconf 82' lang='lat' dir='ltr'>longam</span> <span class='ocrx_word' id='word_1_429' title='bbox 1386 1296 1555 1334; x_wconf 89' lang='lat' dir='ltr'>incuriam,</span> <span class='ocrx_word' id='word_1_430' title='bbox 1582 1295 1758 1326; x_wconf 88' lang='lat' dir='ltr'>multorum</span> <span class='ocrx_word' id='word_1_431' title='bbox 1783 1304 1862 1326; x_wconf 87' lang='lat' dir='ltr'>con-</span> 
     </span>
     <span class='ocr_line' id='line_1_79' title="bbox 1084 1349 1861 1390; baseline -0.001 -9"><span class='ocrx_word' id='word_1_432' title='bbox 1084 1351 1223 1381; x_wconf 76' lang='grc' dir='ltr'><strong>501011ῑίὃο</strong></span> <span class='ocrx_word' id='word_1_433' title='bbox 1236 1351 1269 1381; x_wconf 89' lang='lat' dir='ltr'>in</span> <span class='ocrx_word' id='word_1_434' title='bbox 1281 1352 1408 1390; x_wconf 86' lang='lat' dir='ltr'>peccato</span> <span class='ocrx_word' id='word_1_435' title='bbox 1419 1349 1658 1390; x_wconf 86' lang='lat' dir='ltr'>desperabiliter</span> <span class='ocrx_word' id='word_1_436' title='bbox 1668 1349 1861 1387; x_wconf 84' lang='lat' dir='ltr'>sordescant,</span> 
     </span>
     <span class='ocr_line' id='line_1_80' title="bbox 1085 1403 1862 1445; baseline -0.003 -9"><span class='ocrx_word' id='word_1_437' title='bbox 1085 1404 1212 1445; x_wconf 85' lang='lat' dir='ltr'>expedit</span> <span class='ocrx_word' id='word_1_438' title='bbox 1222 1404 1439 1445; x_wconf 82' lang='lat' dir='ltr'>utaliquando</span> <span class='ocrx_word' id='word_1_439' title='bbox 1449 1413 1482 1435; x_wconf 90' lang='lat' dir='ltr'>se</span> <span class='ocrx_word' id='word_1_440' title='bbox 1492 1406 1684 1444; x_wconf 85' lang='lat' dir='ltr'>expurgent.</span> <span class='ocrx_word' id='word_1_441' title='bbox 1698 1403 1766 1444; x_wconf 87' lang='lat' dir='ltr'>Ipse</span> <span class='ocrx_word' id='word_1_442' title='bbox 1776 1403 1862 1435; x_wconf 90' lang='lat' dir='ltr'>enim</span> 
     </span>
     <span class='ocr_line' id='line_1_81' title="bbox 1085 1457 1862 1498; baseline -0.001 -9"><span class='ocrx_word' id='word_1_443' title='bbox 1085 1458 1187 1498; x_wconf 87' lang='lat' dir='ltr'>pudor</span> <span class='ocrx_word' id='word_1_444' title='bbox 1202 1458 1374 1490; x_wconf 80' lang='lat' dir='ltr'>confitendi</span> <span class='ocrx_word' id='word_1_445' title='bbox 1397 1458 1564 1498; x_wconf 84' lang='lat' dir='ltr'>plerosque</span> <span class='ocrx_word' id='word_1_446' title='bbox 1579 1467 1598 1489; x_wconf 89' lang='lat' dir='ltr'>a</span> <span class='ocrx_word' id='word_1_447' title='bbox 1612 1459 1740 1498; x_wconf 88' lang='lat' dir='ltr'>peccato</span> <span class='ocrx_word' id='word_1_448' title='bbox 1759 1457 1862 1488; x_wconf 89' lang='lat' dir='ltr'>deter-</span> 
     </span>
     <span class='ocr_line' id='line_1_82' title="bbox 1085 1512 1862 1553; baseline -0.003 -9"><span class='ocrx_word' id='word_1_449' title='bbox 1085 1515 1144 1551; x_wconf 88' lang='lat' dir='ltr'>ret,</span> <span class='ocrx_word' id='word_1_450' title='bbox 1161 1515 1192 1544; x_wconf 87' lang='lat' dir='ltr'>et</span> <span class='ocrx_word' id='word_1_451' title='bbox 1204 1513 1382 1544; x_wconf 87' lang='lat' dir='ltr'>confitendo</span> <span class='ocrx_word' id='word_1_452' title='bbox 1395 1522 1480 1553; x_wconf 63' lang='lat' dir='ltr'>saepe</span> <span class='ocrx_word' id='word_1_453' title='bbox 1494 1512 1618 1544; x_wconf 85' lang='lat' dir='ltr'>discunt</span> <span class='ocrx_word' id='word_1_454' title='bbox 1633 1512 1693 1543; x_wconf 90' lang='lat' dir='ltr'>hoc</span> <span class='ocrx_word' id='word_1_455' title='bbox 1707 1520 1862 1552; x_wconf 59' lang='grc'><strong>05501100-</strong></span> 
     </span>
     <span class='ocr_line' id='line_1_83' title="bbox 1085 1566 1861 1608; baseline -0.003 -10"><span class='ocrx_word' id='word_1_456' title='bbox 1085 1570 1203 1603; x_wconf 86' lang='lat' dir='ltr'>catum,</span> <span class='ocrx_word' id='word_1_457' title='bbox 1220 1568 1304 1608; x_wconf 92' lang='lat' dir='ltr'>quod</span> <span class='ocrx_word' id='word_1_458' title='bbox 1316 1577 1348 1598; x_wconf 89' lang='lat' dir='ltr'>se</span> <span class='ocrx_word' id='word_1_459' title='bbox 1359 1567 1513 1607; x_wconf 85' lang='lat' dir='ltr'>putabant</span> <span class='ocrx_word' id='word_1_460' title='bbox 1528 1566 1658 1598; x_wconf 80' lang='lat' dir='ltr'>innoxie</span> <span class='ocrx_word' id='word_1_461' title='bbox 1668 1567 1861 1606; x_wconf 86' lang='lat' dir='ltr'>perpetrare.</span> 
     </span>
     <span class='ocr_line' id='line_1_84' title="bbox 1086 1618 1864 1660; baseline -0.005 -7"><span class='ocrx_word' id='word_1_462' title='bbox 1086 1622 1215 1660; x_wconf 81' lang='lat' dir='ltr'>Quarto,</span> <span class='ocrx_word' id='word_1_463' title='bbox 1232 1624 1268 1653; x_wconf 93' lang='lat' dir='ltr'>ut</span> <span class='ocrx_word' id='word_1_464' title='bbox 1283 1622 1503 1652; x_wconf 82' lang='lat' dir='ltr'>discernantur</span> <span class='ocrx_word' id='word_1_465' title='bbox 1518 1620 1699 1652; x_wconf 88' lang='lat' dir='ltr'>obedientes</span> <span class='ocrx_word' id='word_1_466' title='bbox 1718 1628 1737 1650; x_wconf 89' lang='lat' dir='ltr'>a</span> <span class='ocrx_word' id='word_1_467' title='bbox 1760 1618 1864 1659; x_wconf 87' lang='lat' dir='ltr'>negli-</span> 
     </span>
     <span class='ocr_line' id='line_1_85' title="bbox 1085 1672 1862 1715; baseline -0.004 -9"><span class='ocrx_word' id='word_1_468' title='bbox 1085 1676 1235 1715; x_wconf 86' lang='lat' dir='ltr'>gentibus</span> <span class='ocrx_word' id='word_1_469' title='bbox 1264 1675 1314 1707; x_wconf 70' lang='grc' dir='ltr'>1·οΙ</span> <span class='ocrx_word' id='word_1_470' title='bbox 1342 1674 1512 1711; x_wconf 76' lang='lat' dir='ltr'>haereticis.</span> <span class='ocrx_word' id='word_1_471' title='bbox 1543 1682 1600 1714; x_wconf 90' lang='lat' dir='ltr'>per</span> <span class='ocrx_word' id='word_1_472' title='bbox 1626 1672 1862 1704; x_wconf 85' lang='lat' dir='ltr'>observantiam</span> 
     </span>
     <span class='ocr_line' id='line_1_86' title="bbox 1086 1727 1861 1768; baseline -0.004 -8"><span class='ocrx_word' id='word_1_473' title='bbox 1086 1730 1156 1761; x_wconf 88' lang='lat' dir='ltr'>talis</span> <span class='ocrx_word' id='word_1_474' title='bbox 1182 1730 1304 1760; x_wconf 85' lang='lat' dir='ltr'>statuti.</span> <span class='ocrx_word' id='word_1_475' title='bbox 1329 1728 1456 1767; x_wconf 85' lang='lat' dir='ltr'>Quinto,</span> <span class='ocrx_word' id='word_1_476' title='bbox 1473 1730 1509 1759; x_wconf 92' lang='lat' dir='ltr'>ut</span> <span class='ocrx_word' id='word_1_477' title='bbox 1522 1731 1663 1768; x_wconf 81' lang='lat' dir='ltr'>purgent</span> <span class='ocrx_word' id='word_1_478' title='bbox 1678 1736 1712 1758; x_wconf 91' lang='lat' dir='ltr'>se</span> <span class='ocrx_word' id='word_1_479' title='bbox 1726 1727 1764 1758; x_wconf 89' lang='lat' dir='ltr'>ad</span> <span class='ocrx_word' id='word_1_480' title='bbox 1789 1735 1861 1757; x_wconf 90' lang='lat' dir='ltr'>cor-</span> 
     </span>
     <span class='ocr_line' id='line_1_87' title="bbox 1085 1779 1862 1824; baseline -0.006 -9"><span class='ocrx_word' id='word_1_481' title='bbox 1085 1793 1146 1824; x_wconf 86' lang='lat' dir='ltr'>pus</span> <span class='ocrx_word' id='word_1_482' title='bbox 1160 1783 1360 1815; x_wconf 87' lang='lat' dir='ltr'>dominicum</span> <span class='ocrx_word' id='word_1_483' title='bbox 1375 1783 1472 1821; x_wconf 82' lang='lat' dir='ltr'>digne</span> <span class='ocrx_word' id='word_1_484' title='bbox 1485 1781 1726 1822; x_wconf 83' lang='lat' dir='ltr'>percipiendum</span> <span class='ocrx_word' id='word_1_485' title='bbox 1742 1779 1862 1819; x_wconf 88' lang='lat' dir='ltr'>fideles,</span> 
     </span>
     <span class='ocr_line' id='line_1_88' title="bbox 1087 1833 1864 1878; baseline -0.006 -10"><span class='ocrx_word' id='word_1_486' title='bbox 1087 1846 1143 1878; x_wconf 86' lang='lat' dir='ltr'>per</span> <span class='ocrx_word' id='word_1_487' title='bbox 1158 1836 1363 1868; x_wconf 83' lang='lat' dir='ltr'>confessionis</span> <span class='ocrx_word' id='word_1_488' title='bbox 1373 1835 1540 1867; x_wconf 86' lang='lat' dir='ltr'>medelam.</span> <span class='ocrx_word' id='word_1_489' title='bbox 1555 1835 1664 1871; x_wconf 86' lang='lat' dir='ltr'>Sexto,</span> <span class='ocrx_word' id='word_1_490' title='bbox 1676 1842 1734 1874; x_wconf 90' lang='lat' dir='ltr'>pro</span> <span class='ocrx_word' id='word_1_491' title='bbox 1749 1833 1864 1864; x_wconf 90' lang='lat' dir='ltr'>merito</span> 
     </span>
     <span class='ocr_line' id='line_1_89' title="bbox 1087 1888 1862 1931; baseline -0.006 -9"><span class='ocrx_word' id='word_1_492' title='bbox 1087 1891 1212 1931; x_wconf 68' lang='lat' dir='ltr'>gloriae,</span> <span class='ocrx_word' id='word_1_493' title='bbox 1234 1893 1270 1922; x_wconf 91' lang='lat' dir='ltr'>ut</span> <span class='ocrx_word' id='word_1_494' title='bbox 1284 1900 1325 1921; x_wconf 84' lang='lat' dir='ltr'>ex</span> <span class='ocrx_word' id='word_1_495' title='bbox 1344 1890 1524 1921; x_wconf 83' lang='lat' dir='ltr'>humilitate</span> <span class='ocrx_word' id='word_1_496' title='bbox 1549 1888 1764 1926; x_wconf 82' lang='lat' dir='ltr'>consessionis,</span> <span class='ocrx_word' id='word_1_497' title='bbox 1795 1896 1862 1918; x_wconf 89' lang='lat' dir='ltr'>me-</span> 
     </span>
     <span class='ocr_line' id='line_1_90' title="bbox 1086 1941 1862 1984; baseline -0.006 -7"><span class='ocrx_word' id='word_1_498' title='bbox 1086 1948 1218 1977; x_wconf 86' lang='lat' dir='ltr'>reantur</span> <span class='ocrx_word' id='word_1_499' title='bbox 1229 1945 1263 1976; x_wconf 88' lang='lat' dir='ltr'>in</span> <span class='ocrx_word' id='word_1_500' title='bbox 1278 1945 1357 1977; x_wconf 83' lang='lat' dir='ltr'>coelo</span> <span class='ocrx_word' id='word_1_501' title='bbox 1371 1944 1515 1983; x_wconf 81' lang='lat' dir='ltr'>exaltari,</span> <span class='ocrx_word' id='word_1_502' title='bbox 1541 1946 1571 1975; x_wconf 87' lang='lat' dir='ltr'>et</span> <span class='ocrx_word' id='word_1_503' title='bbox 1586 1953 1605 1974; x_wconf 92' lang='lat' dir='ltr'>a</span> <span class='ocrx_word' id='word_1_504' title='bbox 1619 1942 1755 1984; x_wconf 85' lang='lat' dir='ltr'>peccatis</span> <span class='ocrx_word' id='word_1_505' title='bbox 1769 1941 1862 1973; x_wconf 90' lang='lat' dir='ltr'>citius</span> 
     </span>
     <span class='ocr_line' id='line_1_91' title="bbox 1085 2000 1276 2040; baseline -0.005 -9"><span class='ocrx_word' id='word_1_506' title='bbox 1085 2000 1276 2040; x_wconf 84' lang='lat' dir='ltr'>expurgari.</span> 
     </span>
    </p>

    <p class='ocr_par' dir='ltr' id='par_1_13' title="bbox 1084 2050 2021 2689">
     <span class='ocr_line' id='line_1_92' title="bbox 1126 2050 2021 2094; baseline -0.011 -9"><span class='ocrx_word' id='word_1_507' title='bbox 1126 2054 1279 2094; x_wconf 85' lang='lat' dir='ltr'>Proprius</span> <span class='ocrx_word' id='word_1_508' title='bbox 1290 2053 1441 2084; x_wconf 86' lang='lat' dir='ltr'>Sacerdos</span> <span class='ocrx_word' id='word_1_509' title='bbox 1452 2052 1578 2089; x_wconf 79' lang='lat' dir='ltr'>dicitur,</span> <span class='ocrx_word' id='word_1_510' title='bbox 1591 2050 1860 2090; x_wconf 87' lang='lat' dir='ltr'>cuiquisquespe-</span> <span class='ocrx_word' id='word_1_511' title='bbox 1879 2054 1984 2082; x_wconf 69' lang='lat' dir='ltr'>propriu·</span> <span class='ocrx_word' id='word_1_512' title='bbox 2018 2062 2021 2070; x_wconf 43' lang='grc' dir='ltr'><strong><em>ε</em></strong></span> 
     </span>
     <span class='ocr_line' id='line_1_93' title="bbox 1086 2085 1978 2148; baseline -0.007 -9"><span class='ocrx_word' id='word_1_513' title='bbox 1086 2109 1206 2140; x_wconf 78' lang='lat' dir='ltr'>cialiter</span> <span class='ocrx_word' id='word_1_514' title='bbox 1215 2107 1444 2148; x_wconf 81' lang='lat' dir='ltr'>gubernandus</span> <span class='ocrx_word' id='word_1_515' title='bbox 1452 2108 1499 2137; x_wconf 87' lang='lat' dir='ltr'>est</span> <span class='ocrx_word' id='word_1_516' title='bbox 1509 2105 1698 2137; x_wconf 88' lang='lat' dir='ltr'>commissus</span> <span class='ocrx_word' id='word_1_517' title='bbox 1709 2103 1749 2134; x_wconf 86' lang='lat' dir='ltr'>ab</span> <span class='ocrx_word' id='word_1_518' title='bbox 1759 2102 1861 2134; x_wconf 84' lang='lat' dir='ltr'>Eccle-</span> <span class='ocrx_word' id='word_1_519' title='bbox 1875 2085 1978 2144; x_wconf 51' lang='grc' dir='ltr'>ζζῖξῖἀω</span> 
     </span>
     <span class='ocr_line' id='line_1_94' title="bbox 1085 2156 1862 2199; baseline -0.008 -6"><span class='ocrx_word' id='word_1_520' title='bbox 1085 2163 1132 2193; x_wconf 85' lang='lat' dir='ltr'>sia</span> <span class='ocrx_word' id='word_1_521' title='bbox 1142 2162 1210 2194; x_wconf 85' lang='lat' dir='ltr'>vice</span> <span class='ocrx_word' id='word_1_522' title='bbox 1222 2162 1286 2192; x_wconf 77' lang='lat' dir='ltr'>Dei.</span> <span class='ocrx_word' id='word_1_523' title='bbox 1314 2160 1538 2192; x_wconf 79' lang='lat' dir='ltr'>Praetermissis</span> <span class='ocrx_word' id='word_1_524' title='bbox 1553 2159 1655 2199; x_wconf 81' lang='lat' dir='ltr'>igitur</span> <span class='ocrx_word' id='word_1_525' title='bbox 1670 2156 1803 2189; x_wconf 90' lang='lat' dir='ltr'>diversis</span> <span class='ocrx_word' id='word_1_526' title='bbox 1816 2156 1862 2187; x_wconf 88' lang='lat' dir='ltr'>di-</span> 
     </span>
     <span class='ocr_line' id='line_1_95' title="bbox 1086 2210 1862 2255; baseline -0.008 -8"><span class='ocrx_word' id='word_1_527' title='bbox 1086 2216 1328 2253; x_wconf 82' lang='lat' dir='ltr'>stinctionibus,</span> <span class='ocrx_word' id='word_1_528' title='bbox 1346 2218 1483 2255; x_wconf 83' lang='lat' dir='ltr'>quatuor</span> <span class='ocrx_word' id='word_1_529' title='bbox 1498 2216 1573 2245; x_wconf 88' lang='lat' dir='ltr'>sunt</span> <span class='ocrx_word' id='word_1_530' title='bbox 1590 2214 1747 2253; x_wconf 79' lang='lat' dir='ltr'>quusque</span> <span class='ocrx_word' id='word_1_531' title='bbox 1762 2210 1862 2251; x_wconf 90' lang='lat' dir='ltr'>plebis</span> 
     </span>
     <span class='ocr_line' id='line_1_96' title="bbox 1086 2265 1862 2310; baseline -0.009 -9"><span class='ocrx_word' id='word_1_532' title='bbox 1086 2270 1275 2310; x_wconf 81' lang='lat' dir='ltr'>parochialis</span> <span class='ocrx_word' id='word_1_533' title='bbox 1295 2269 1415 2309; x_wconf 77' lang='lat' dir='ltr'>proprii</span> <span class='ocrx_word' id='word_1_534' title='bbox 1441 2268 1628 2299; x_wconf 85' lang='lat' dir='ltr'>sacerdotes.</span> <span class='ocrx_word' id='word_1_535' title='bbox 1656 2266 1800 2302; x_wconf 89' lang='lat' dir='ltr'>Primus,</span> <span class='ocrx_word' id='word_1_536' title='bbox 1831 2265 1862 2295; x_wconf 93' lang='lat' dir='ltr'>et</span> 
     </span>
     <span class='ocr_line' id='line_1_97' title="bbox 1086 2319 1860 2364; baseline -0.009 -9"><span class='ocrx_word' id='word_1_537' title='bbox 1086 2324 1267 2364; x_wconf 85' lang='lat' dir='ltr'>praecipuus</span> <span class='ocrx_word' id='word_1_538' title='bbox 1289 2325 1335 2354; x_wconf 87' lang='lat' dir='ltr'>est</span> <span class='ocrx_word' id='word_1_539' title='bbox 1359 2323 1515 2354; x_wconf 82' lang='lat' dir='ltr'>Summus</span> <span class='ocrx_word' id='word_1_540' title='bbox 1539 2321 1694 2358; x_wconf 83' lang='lat' dir='ltr'>Pontifex,</span> <span class='ocrx_word' id='word_1_541' title='bbox 1719 2319 1772 2350; x_wconf 91' lang='lat' dir='ltr'>cui</span> <span class='ocrx_word' id='word_1_542' title='bbox 1795 2320 1860 2349; x_wconf 83' lang='lat' dir='ltr'>tota</span> 
     </span>
     <span class='ocr_line' id='line_1_98' title="bbox 1085 2373 1860 2418; baseline -0.009 -9"><span class='ocrx_word' id='word_1_543' title='bbox 1085 2378 1287 2409; x_wconf 83' lang='lat' dir='ltr'>ecclesiastici</span> <span class='ocrx_word' id='word_1_544' title='bbox 1301 2378 1413 2418; x_wconf 82' lang='lat' dir='ltr'>gregis</span> <span class='ocrx_word' id='word_1_545' title='bbox 1425 2386 1501 2407; x_wconf 90' lang='lat' dir='ltr'>cura</span> <span class='ocrx_word' id='word_1_546' title='bbox 1512 2373 1767 2415; x_wconf 78' lang='lat' dir='ltr'>singularissime</span> <span class='ocrx_word' id='word_1_547' title='bbox 1778 2381 1860 2403; x_wconf 90' lang='lat' dir='ltr'>com-</span> 
     </span>
     <span class='ocr_line' id='line_1_99' title="bbox 1086 2426 1859 2472; baseline -0.009 -9"><span class='ocrx_word' id='word_1_548' title='bbox 1086 2432 1182 2463; x_wconf 83' lang='lat' dir='ltr'>missa</span> <span class='ocrx_word' id='word_1_549' title='bbox 1192 2434 1249 2471; x_wconf 87' lang='lat' dir='ltr'>est,</span> <span class='ocrx_word' id='word_1_550' title='bbox 1263 2432 1306 2463; x_wconf 80' lang='lat' dir='ltr'>ita</span> <span class='ocrx_word' id='word_1_551' title='bbox 1316 2431 1401 2472; x_wconf 90' lang='lat' dir='ltr'>quod</span> <span class='ocrx_word' id='word_1_552' title='bbox 1415 2440 1526 2462; x_wconf 86' lang='lat' dir='ltr'>omnes</span> <span class='ocrx_word' id='word_1_553' title='bbox 1538 2429 1702 2460; x_wconf 80' lang='lat' dir='ltr'>inferiores</span> <span class='ocrx_word' id='word_1_554' title='bbox 1712 2426 1859 2458; x_wconf 85' lang='lat' dir='ltr'>Ecclesiae</span> 
     </span>
     <span class='ocr_line' id='line_1_100' title="bbox 1085 2484 1859 2524; baseline -0.009 -7"><span class='ocrx_word' id='word_1_555' title='bbox 1085 2490 1222 2517; x_wconf 82' lang='lat' dir='ltr'>rectores</span> <span class='ocrx_word' id='word_1_556' title='bbox 1242 2495 1352 2517; x_wconf 86' lang='lat' dir='ltr'>euram</span> <span class='ocrx_word' id='word_1_557' title='bbox 1371 2488 1402 2516; x_wconf 91' lang='lat' dir='ltr'>et</span> <span class='ocrx_word' id='word_1_558' title='bbox 1424 2488 1522 2516; x_wconf 86' lang='lat' dir='ltr'>totam</span> <span class='ocrx_word' id='word_1_559' title='bbox 1545 2484 1742 2524; x_wconf 86' lang='lat' dir='ltr'>potestatem,</span> <span class='ocrx_word' id='word_1_560' title='bbox 1759 2489 1859 2521; x_wconf 86' lang='lat' dir='ltr'>quam</span> 
     </span>
     <span class='ocr_line' id='line_1_101' title="bbox 1085 2534 1857 2580; baseline -0.009 -9"><span class='ocrx_word' id='word_1_561' title='bbox 1085 2540 1204 2571; x_wconf 84' lang='lat' dir='ltr'>habent</span> <span class='ocrx_word' id='word_1_562' title='bbox 1225 2549 1322 2580; x_wconf 90' lang='lat' dir='ltr'>super</span> <span class='ocrx_word' id='word_1_563' title='bbox 1345 2539 1499 2576; x_wconf 88' lang='lat' dir='ltr'>subditos,</span> <span class='ocrx_word' id='word_1_564' title='bbox 1525 2538 1564 2569; x_wconf 87' lang='lat' dir='ltr'>ab</span> <span class='ocrx_word' id='word_1_565' title='bbox 1590 2537 1658 2576; x_wconf 88' lang='lat' dir='ltr'>ipso</span> <span class='ocrx_word' id='word_1_566' title='bbox 1679 2534 1857 2575; x_wconf 88' lang='lat' dir='ltr'>accipiunt,</span> 
     </span>
     <span class='ocr_line' id='line_1_102' title="bbox 1085 2589 1860 2626; baseline -0.009 0"><span class='ocrx_word' id='word_1_567' title='bbox 1085 2595 1220 2626; x_wconf 85' lang='lat' dir='ltr'>mediate</span> <span class='ocrx_word' id='word_1_568' title='bbox 1237 2594 1286 2625; x_wconf 86' lang='lat' dir='ltr'>vel</span> <span class='ocrx_word' id='word_1_569' title='bbox 1300 2593 1492 2625; x_wconf 88' lang='lat' dir='ltr'>immediate.</span> <span class='ocrx_word' id='word_1_570' title='bbox 1511 2590 1676 2623; x_wconf 85' lang='lat' dir='ltr'>Secundus</span> <span class='ocrx_word' id='word_1_571' title='bbox 1688 2591 1735 2621; x_wconf 88' lang='lat' dir='ltr'>est</span> <span class='ocrx_word' id='word_1_572' title='bbox 1746 2589 1860 2620; x_wconf 87' lang='lat' dir='ltr'>dicece-</span> 
     </span>
     <span class='ocr_line' id='line_1_103' title="bbox 1084 2644 1859 2689; baseline -0.01 -9"><span class='ocrx_word' id='word_1_573' title='bbox 1084 2658 1181 2680; x_wconf 90' lang='lat' dir='ltr'>sanus</span> <span class='ocrx_word' id='word_1_574' title='bbox 1201 2649 1382 2689; x_wconf 84' lang='lat' dir='ltr'>episcopus,</span> <span class='ocrx_word' id='word_1_575' title='bbox 1406 2648 1461 2688; x_wconf 90' lang='lat' dir='ltr'>qui</span> <span class='ocrx_word' id='word_1_576' title='bbox 1484 2648 1530 2677; x_wconf 86' lang='lat' dir='ltr'>est</span> <span class='ocrx_word' id='word_1_577' title='bbox 1547 2644 1728 2676; x_wconf 88' lang='lat' dir='ltr'>ordinarius</span> <span class='ocrx_word' id='word_1_578' title='bbox 1751 2644 1859 2683; x_wconf 88' lang='lat' dir='ltr'>pastor</span> 
     </span>
    </p>
   </div>
   <div class='ocr_carea' id='block_1_10' title="bbox 1084 2698 1856 2740">
    <p class='ocr_par' dir='ltr' id='par_1_14' title="bbox 1084 2698 1856 2740">
     <span class='ocr_line' id='line_1_104' title="bbox 1084 2698 1856 2740; baseline -0.008 -6"><span class='ocrx_word' id='word_1_579' title='bbox 1084 2703 1231 2734; x_wconf 88' lang='lat' dir='ltr'>omnium</span> <span class='ocrx_word' id='word_1_580' title='bbox 1241 2702 1444 2734; x_wconf 87' lang='lat' dir='ltr'>ecclesiarum</span> <span class='ocrx_word' id='word_1_581' title='bbox 1453 2700 1512 2732; x_wconf 88' lang='lat' dir='ltr'>sub</span> <span class='ocrx_word' id='word_1_582' title='bbox 1523 2700 1591 2740; x_wconf 89' lang='lat' dir='ltr'>ipso</span> <span class='ocrx_word' id='word_1_583' title='bbox 1598 2698 1856 2735; x_wconf 84' lang='lat' dir='ltr'>constitutarum,</span> 
     </span>
    </p>
   </div>
   <div class='ocr_carea' id='block_1_11' title="bbox 1980 790 2029 3052">
    <p class='ocr_par' dir='ltr' id='par_1_15' title="bbox 1980 790 2029 3052">
     <span class='ocr_line' id='line_1_105' title="bbox 1996 790 2029 1059; baseline 0 -188"><span class='ocrx_word' id='word_1_584' title='bbox 1996 790 2029 1059; x_wconf 95' lang='lat' dir='ltr'>     </span> 
     </span>
     <span class='ocr_line' id='line_1_106' title="bbox 2010 1059 2029 1165; baseline 0 -3"><span class='ocrx_word' id='word_1_585' title='bbox 2010 1059 2029 1165; x_wconf 95' lang='lat' dir='ltr'>   </span> 
     </span>
     <span class='ocr_line' id='line_1_107' title="bbox 1998 1165 2029 1249; baseline 0 1803"><span class='ocrx_word' id='word_1_586' title='bbox 1998 1165 2029 1249; x_wconf 95' lang='lat' dir='ltr'> </span> 
     </span>
     <span class='ocr_line' id='line_1_108' title="bbox 1980 1249 2029 3052; baseline 0 0"><span class='ocrx_word' id='word_1_587' title='bbox 1980 1249 2029 3052; x_wconf 95' lang='lat' dir='ltr'>   </span> 
     </span>
    </p>
   </div>
  </div>
 </body>
</html>
