2029 3052
59 682 139 701 Exem-

32 712 102 739 plum.

639 262 688 294 DE
710 261 790 294 UNO
813 260 846 293 S.
869 260 1061 293 DOCTORE.
1086 260 1218 292 SERMO
1242 259 1279 291 ΙΙ.

149 339 186 368 de
201 340 278 367 terra
292 337 334 365 est
340 345 348 372 ;
360 345 373 362 n
392 335 419 363 et
433 333 502 362 ideo
514 333 630 361 terrena
640 331 751 364 amant,
762 330 789 358 et
801 329 838 357 de
851 329 929 357 terra

149 388 210 415 tota
225 385 273 414 die
287 383 421 418 tractant,
438 383 466 410 et
479 379 577 408 solum
596 377 720 407 terrenis
740 377 856 405 vacant.
874 376 930 405 Sed

150 434 201 471 qui
219 433 317 461 mente
333 432 389 458 Deo
413 428 575 461 adhaerent,
593 433 694 454 veram
716 424 869 452 scientiam
891 423 930 452 ab

151 489 186 510 eo
202 482 230 509 et
253 480 362 508 certam
381 474 558 513 percipiunt,
581 481 641 510 qua
660 481 690 501 se
711 472 741 500 in
756 471 876 508 optimis
891 470 930 498 si-

154 528 285 557 tuabunt.
302 526 396 559 Quam
411 522 490 551 stulti
505 522 583 556 sunt,
600 521 651 558 qui
666 520 782 556 ponunt
807 519 932 547 domum

152 582 236 603 suam
251 581 312 601 non
327 571 358 600 in
373 570 483 604 solido,
499 569 551 597 sed
566 568 683 605 ponunt
697 575 764 595 eam
779 566 810 594 in
824 567 931 600 vento,-

153 624 181 650 et
195 621 267 650 ctum
281 628 347 648 eam
361 618 486 646 fundare
501 616 621 653 possent
632 615 661 642 in
674 615 768 651 petra,
785 613 934 641 collocant

154 669 184 698 in
200 669 307 697 arena!
327 666 434 694 Dicitur
450 664 486 692 de
503 662 658 697 columba,
679 661 763 698 quod
778 668 934 697 nunquam

155 719 198 745 est
213 723 329 749 secura,
351 713 408 741 nisi
429 711 550 749 quando
567 710 650 738 sedet
668 710 698 737 in
712 708 858 737 foramine
881 715 934 743 pe-

156 767 214 792 trae.
231 763 275 792 Sic
291 770 344 790 nec
365 769 430 796 nOS,
456 759 511 787 nisi
527 758 619 786 simus
642 757 748 785 avibus
769 751 934 789 stultiores,

156 818 312 847 nunquam
332 807 426 836 securi
446 814 507 835 esse
523 805 679 838 debemus,
694 803 749 832 nisi
765 802 889 839 quando
905 802 935 830 in

155 856 352 886 foraminibus
367 863 443 883 verae
457 855 557 890 petrae,
573 852 732 880 vulnerum
748 850 857 878 scilicet
871 851 937 877 Jesu

157 903 271 939 Christi,
288 903 438 940 quiescere
453 908 621 938 possumus.
639 901 711 927 Nam
731 899 759 926 et
773 905 887 933 capreae
907 896 936 923 in

158 951 305 980 altissimis
319 949 482 983 montibus,
503 948 593 984 petris
610 948 637 975 et
651 945 776 982 rupibus
790 944 937 979 habitant,

158 1001 191 1028 ut
205 999 243 1027 ab
258 998 393 1026 hostibus
408 998 476 1025 tutae
489 995 598 1023 vivant.
612 994 656 1022 Sic
669 1001 740 1028 ergo
752 994 831 1029 patet
839 999 940 1026 causa,

159 1048 281 1084 propter
295 1053 386 1082 quam
402 1044 545 1072 debemus
561 1042 600 1070 ad
616 1041 791 1069 discendum
811 1039 937 1068 moveri.

377 1129 538 1152 ARTICULUS
560 1128 721 1150 SECUNDUS.

197 1189 252 1218 Sed
268 1188 400 1224 sequitur
416 1187 452 1214 de
475 1186 581 1216 forma,
599 1184 764 1212 secundum
780 1191 871 1220 quam
889 1183 940 1210 de-

162 1238 268 1265 bemus
283 1235 465 1264 addiscendo
481 1226 620 1269 regulari.
636 1234 682 1260 Est
697 1233 795 1259 autem
809 1231 871 1258 haec
889 1230 945 1258 sor-

163 1293 212 1312 mfi.
227 1283 332 1320 triplex
350 1283 466 1319 :prima
481 1283 534 1314 est,
549 1283 580 1308 ut
600 1279 760 1307 audiamus
775 1278 942 1313 humiliter,

164 1331 304 1366 secunda,
315 1332 346 1358 ut
356 1329 519 1365 cogitemus
532 1327 689 1362 vivaciter,
706 1326 799 1359 tertia,
814 1327 846 1353 ut
859 1333 946 1361 expe-

163 1379 276 1407 riamur
299 1376 464 1405 efficaciter.
490 1377 581 1404 Nemo
605 1374 684 1402 enim
704 1373 780 1401 bene
801 1372 896 1407 discit,
922 1372 945 1399 si

165 1425 295 1454 Doctoris
314 1424 405 1453 verba
420 1431 481 1450 non
503 1423 671 1450 reverenter
694 1421 787 1455 audit,
804 1420 827 1447 si
848 1419 947 1447 audita

165 1481 227 1501 non
247 1480 324 1507 saepe
342 1471 481 1504 ruminat,
504 1471 531 1497 et
550 1470 572 1496 si
594 1468 721 1504 cogitata
742 1467 946 1504 experimento

166 1528 226 1548 non
239 1519 357 1556 probat.

204 1567 283 1601 Dico,
315 1565 398 1602 quod
422 1564 516 1592 verba
540 1564 589 1591 Dei
613 1563 652 1591 ab
674 1563 745 1599 ipsis
772 1561 948 1589 Doctoribus

168 1616 274 1643 sanctae
292 1613 423 1641 Ecclesiae
439 1611 587 1639 audienda
600 1612 667 1638 sunt
682 1611 860 1637 reverenter.
878 1608 949 1642 Quis

169 1662 249 1690 enim
273 1660 402 1689 militum
421 1659 499 1694 regis
528 1657 646 1691 terreni,
670 1665 738 1684 cum
760 1656 843 1684 omni
866 1663 950 1683 reve-

170 1708 274 1742 rentia,
296 1715 357 1735 non
382 1706 449 1734 dico
476 1713 589 1740 regem,
612 1704 665 1731 sed
687 1704 776 1731 etiam
801 1702 951 1736 nuntium,

172 1755 308 1793 quamvis
322 1754 422 1788 vilem,
438 1762 499 1781 non
516 1753 640 1780 devotus
655 1751 791 1787 accipiat,
816 1752 842 1777 et
859 1750 952 1777 verba

173 1805 245 1840 ejus,
268 1803 329 1831 sive
351 1802 461 1829 litteras
481 1801 536 1828 sibi
560 1800 697 1834 directas,
724 1807 785 1827 non
804 1798 896 1832 videt,
926 1799 954 1825 et

174 1850 286 1884 obedit,
311 1850 372 1877 sive
394 1848 497 1876 audit?
517 1849 589 1875 Num
613 1846 636 1874 si
661 1854 722 1874 non
747 1845 874 1879 audiret,
901 1845 953 1872 sed

175 1897 385 1930 contemneret,
402 1896 481 1923 filius
496 1894 598 1922 mortis
614 1896 698 1926 esset,
714 1895 742 1920 et
756 1894 843 1920 tantae
860 1900 954 1928 poenae

175 1945 351 1980 subjaceret,
374 1942 457 1978 quasi
483 1949 585 1976 regem
604 1939 799 1976 personaliter
821 1940 954 1966 contem-

176 1992 289 2028 psisset.
307 1992 352 2018 Est
367 1989 444 2018 enim
459 1988 664 2025 proverbium,
678 1987 829 2022 quodnon
843 1988 956 2013 tantum

177 2038 243 2075 quis
259 2038 348 2066 debet
363 2045 466 2064 canem
482 2035 639 2071 respicere,
655 2034 707 2061 sed
723 2034 808 2068 cujus
823 2033 859 2060 sit
874 2032 956 2060 canis

178 2086 342 2114 advertere.
358 2083 535 2120 Exemplum
551 2082 587 2109 de
602 2089 670 2116 rege
685 2080 777 2108 David
792 2082 810 2114 ¹,
825 2080 876 2115 qui
890 2088 958 2107 cuin

179 2134 218 2162 ad
233 2133 329 2160 filium
344 2132 421 2166 regis
437 2131 568 2158 filiorum
584 2133 721 2162 Ammon,
733 2130 815 2164 patre
828 2129 958 2161 mortuo,

180 2180 219 2208 ad
245 2188 313 2207 eum
340 2187 427 2214 super
455 2177 546 2214 patris
578 2176 696 2203 interitu
726 2174 956 2208 consolandum,

181 2228 300 2255 nuntios
316 2227 450 2259 misisset,
471 2226 499 2252 et
518 2224 566 2251 ille
588 2232 638 2250 eos
660 2222 781 2258 turpiter
800 2220 958 2254 derisisset,

184 2274 311 2310 graviter
327 2273 400 2306 tulit,
423 2274 450 2300 et
475 2279 526 2299 eos
549 2269 694 2298 devastari
717 2267 864 2305 prreecpit.
887 2269 960 2302 Lege

183 2321 347 2349 historiam.
364 2322 435 2348 Nam
451 2319 539 2346 etiam
558 2318 716 2345 brutorum
734 2315 786 2343 tilii
802 2316 960 2351 parentum

184 2369 348 2397 doctrinam
364 2375 425 2395 non
442 2368 554 2394 tantum
574 2366 709 2398 audiunt,
729 2364 793 2398 sed,
809 2363 893 2400 quod
909 2363 962 2390 do-

186 2418 261 2451 cent,
278 2415 416 2444 efficiunt.
435 2416 510 2448 Ergo
525 2413 549 2440 si
566 2413 606 2440 sic
622 2414 663 2439 est
678 2412 752 2439 inter
768 2411 864 2445 bruta,
882 2411 904 2437 si
921 2410 963 2437 sic

184 2465 275 2492 homo
292 2462 374 2491 audit
388 2469 493 2489 vocem
510 2459 616 2487 terreni
631 2459 719 2494 regis,
732 2458 887 2494 quomodo
904 2466 963 2485 vox

185 2510 294 2539 summi
314 2512 341 2537 et
362 2507 539 2536 immortalis
555 2506 640 2541 Regis
656 2506 691 2533 sit
706 2505 857 2533 audienda
873 2506 965 2532 atten-

186 2559 233 2585 de.
250 2557 330 2584 Unde
346 2555 486 2583 Dominus
499 2553 571 2581 dixit
581 2553 618 2580 ad
631 2552 816 2586 Hieremiam,
829 2551 965 2586 ejusdem

187 2603 407 2641 querimoniam
425 2610 540 2638 ponens
560 2602 568 2616 ’Ξ
590 2609 596 2627 :
621 2610 634 2624 «
657 2599 746 2633 Vade,
770 2601 797 2626 ct
824 2599 871 2626 dic
896 2598 965 2624 viris

222 2679 230 2694 ¹
250 2679 268 2701 lt
286 2678 355 2708 aeq„
370 2683 401 2707 x,
418 2679 427 2700 1
446 2678 470 2700 et
484 2682 537 2706 seq.
553 2688 582 2692 -
598 2675 606 2688 ²
621 2675 724 2703 Jerem„
741 2678 818 2702 xxxv,
836 2674 920 2696 13-14.
936 2685 966 2688 —

189 2715 197 2728 ³
214 2713 303 2741 Eccli„
322 2719 385 2743 vni,
400 2713 423 2736 9.
440 2725 469 2729 -
490 2712 496 2725 “
515 2710 589 2739 ibid,
613 2716 650 2739 ri,
671 2710 709 2733 33.
726 2721 755 2726 --
775 2709 785 2725 ⁵
805 2708 921 2738 Hieron„
936 2707 969 2730 ad

190 2749 303 2779 Pamin„
320 2748 393 2780 epist.
406 2754 461 2778 oin,
473 2747 498 2771 in
515 2746 596 2778 princ.
614 2746 684 2770 idem
697 2744 810 2769 referunt
822 2743 965 2775 Chrysost„

1730 259 1768 289 89

986 329 1062 357 Juda
1084 338 1090 357 τ
1116 328 1268 366 Numquid
1291 335 1354 356 non
1380 326 1527 356 obedietis
1550 325 1651 354 verbis
1674 325 1770 354 meis?

986 377 1207 405 Praevatuerunt
1230 383 1383 404 sermones
1402 374 1539 403 Jonadab
1564 373 1617 401 filii
1638 373 1768 408 Reehab,

989 432 1065 460 quos
1079 425 1260 460 praeceperat
1280 423 1348 451 filiis
1369 421 1439 457 suis,
1452 423 1484 449 ut
1499 429 1560 449 non
1575 421 1712 449 biberent
1726 420 1771 448 vi-

989 479 1061 499 num
1084 480 1090 499 :
1116 472 1144 498 et
1164 478 1226 498 non
1247 470 1388 499 biberunt
1408 477 1503 505 usque
1522 468 1553 496 in
1576 467 1656 496 diem
1679 467 1771 501 hunc,

990 518 1061 554 quia
1077 517 1258 546 obediebant
1273 518 1421 554 praecepto
1444 516 1536 553 patris
1554 515 1610 543 sui.
1637 516 1696 551 Ego
1720 522 1772 542 au-

990 567 1049 593 tem
1061 565 1178 593 loeutus
1188 573 1253 592 sum
1268 564 1307 592 ad
1318 572 1382 599 vos,
1393 565 1420 592 et
1435 571 1496 592 non
1509 561 1652 591 obedistis
1663 560 1746 589 mihi.
1758 571 1771 586 ι)

991 612 1154 640 Audiamus
1178 619 1249 647 ergo
1272 613 1440 639 reverenter
1464 610 1556 638 verba
1580 608 1707 642 Domini,
1738 617 1772 636 ac

991 659 1165 687 nuntiorum
1189 659 1263 694 ejus,
1292 660 1323 686 ut
1347 666 1409 685 cssc
1434 658 1583 693 possimus
1613 656 1770 692 sapientes.

992 706 1074 734 Unde
1094 706 1200 734 dicitur
1227 707 1236 723 ³
1254 714 1260 733 :
1283 715 1294 730 «
1315 707 1377 733 Nou
1398 704 1544 740 despicias
1570 703 1774 731 narrationem

992 754 1237 790 presbyterorum
1259 753 1437 790 sapientum,
1453 751 1506 779 sed
1521 751 1600 778 disce
1616 751 1654 778 ab
1671 750 1712 778 eis
1728 758 1775 777 sa-

993 802 1169 838 pientiam.»
1181 799 1282 830 idem³
1296 810 1302 828 :
1317 810 1330 826 ι(
1341 800 1367 828 Si
1382 797 1657 827 accommodaveris
1669 806 1773 825 aurem

994 851 1076 877 tuam
1090 850 1269 881 reverenter,
1290 850 1357 874 tunc
1378 846 1496 882 sapiens
1517 845 1583 873 eris.
1601 855 1614 871 »
1634 845 1690 873 Sed
1710 845 1778 880 qui-

996 897 1064 924 dam
1081 897 1148 923 sunt
1166 895 1216 931 qui
1231 894 1335 922 audire
1351 893 1499 929 sapientes
1517 894 1655 925 renuunt,
1672 891 1778 928 praedi-

997 945 1110 972 catores
1124 943 1250 978 fugiunt,
1267 941 1487 969 admonitiones
1502 942 1705 974 contemnunt,
1722 948 1777 967 nec

997 993 1190 1028 antiquorum
1211 990 1349 1026 exempla
1374 989 1539 1024 attendunt,
1556 989 1608 1025 qui
1628 997 1720 1024 usque
1739 988 1776 1016 ad

999 1048 1089 1068 canos
1118 1039 1294 1076 sapientiam
1317 1037 1506 1074 quaesierunt.
1540 1037 1616 1065 Audi
1641 1036 1716 1072 quid
1740 1036 1779 1064 de

998 1088 1043 1116 his
1058 1088 1254 1123 Hieronymus
1273 1086 1304 1113 in
1319 1085 1447 1120 Prologo
1472 1093 1559 1120 super
1580 1083 1717 1118 Bibliam,
1739 1083 1778 1111 ad

998 1135 1166 1169 Paulinum,
1191 1134 1228 1161 de
1249 1133 1390 1161 omnibus
1415 1131 1524 1159 divinae
1547 1130 1677 1159 historiae
1697 1130 1782 1158 libris

1001 1183 1079 1210 dieat
1093 1183 1102 1199 ⁵
1120 1191 1126 1209 :
1149 1192 1161 1208 a<
1180 1181 1316 1216 Legimus
1332 1179 1481 1216 quosdam
1502 1179 1642 1206 lustrasse
1656 1178 1781 1215 provin-

1001 1230 1072 1263 cias,
1092 1237 1188 1257 novos
1209 1228 1304 1256 adisse
1326 1227 1467 1263 populos,
1487 1225 1582 1253 maria
1605 1227 1782 1261 montesque

1001 1276 1149 1311 transisse,
1166 1278 1196 1303 ut
1209 1284 1269 1309 eos,
1288 1283 1363 1311 quos
1375 1283 1410 1311 es
1421 1273 1504 1301 libris
1516 1275 1671 1305 noverant,
1682 1280 1783 1300 coram

1002 1331 1124 1359 quoque
1141 1322 1285 1350 viderent.
1303 1332 1316 1348 »
1334 1321 1402 1355 Quis
1418 1321 1494 1348 inter
1513 1320 1711 1356 philosophos
1726 1322 1782 1355 Py⁶

1003 1371 1128 1406 thagora
1145 1369 1299 1397 nobilior?
1316 1368 1382 1405 quis
1400 1368 1520 1396 Platone
1535 1366 1678 1394 famosior
1694 1368 1721 1394 et
1736 1374 1783 1393 sa-

1001 1418 1154 1454 pientior?
1177 1418 1209 1444 Et
1223 1419 1332 1450 tamen,
1355 1416 1386 1443 ut
1406 1415 1468 1450 ipse
1484 1414 1524 1441 ait
1538 1415 1558 1448 6,
1575 1423 1588 1439 «
1605 1413 1786 1449 Pythagoras

1003 1465 1205 1501 Memphiticos
1232 1465 1324 1497 vates,
1354 1463 1434 1490 Plato
1465 1469 1537 1489 vero
1571 1462 1731 1497 AEgyptum
1760 1462 1787 1488 et

1004 1513 1099 1548 ipsam
1117 1511 1229 1540 ltaliam
1239 1510 1471 1538 laboriosissime
1488 1506 1657 1545 peragravit
1671 1519 1677 1540 ;
1693 1509 1720 1535 et
1733 1508 1786 1543 qui

1005 1560 1123 1587 Athenis
1136 1559 1275 1593 magister
1291 1559 1362 1591 erat,
1379 1556 1541 1592 discipulus
1556 1555 1650 1583 tactus
1662 1557 1713 1588 est,
1726 1562 1788 1581 ma-

1005 1607 1068 1635 lens
1084 1606 1181 1634 aliena
1195 1604 1363 1633 verecunde
1380 1603 1490 1637 dicere,
1507 1610 1598 1638 quam
1614 1610 1668 1629 sua
1687 1601 1788 1637 impu-

1007 1654 1110 1681 denter
1125 1653 1270 1688 ingerere.
1287 1662 1299 1677 n

1043 1700 1180 1729 Secunda
1194 1699 1290 1726 forma
1305 1697 1480 1725 addiscendi
1494 1698 1536 1724 est
1550 1695 1688 1723 meditari
1703 1695 1790 1723 viva-

1008 1748 1088 1776 citer.
1119 1748 1235 1774 Frustra
1264 1745 1387 1781 quidem
1416 1744 1543 1772 verbum
1572 1743 1702 1776 auditur,
1734 1741 1791 1769 nisi

1008 1796 1106 1823 mente
1136 1795 1279 1826 teneatur,
1306 1791 1412 1827 saepius
1433 1791 1610 1824 ruminetur,
1640 1791 1668 1817 et
1694 1788 1791 1816 vivaci

1009 1841 1200 1877 intelligentia
1221 1839 1376 1875 cogitetur.
1398 1837 1475 1872 Quid
1498 1837 1577 1865 enim
1593 1836 1721 1864 scholari
1737 1843 1790 1862 va-

1010 1889 1058 1923 let,
1076 1889 1098 1916 si
1116 1888 1154 1915 ad
1170 1887 1286 1914 scholas
1301 1886 1415 1922 primus
1429 1884 1564 1912 omnium
1575 1883 1676 1916 vadat,
1690 1884 1717 1910 et
1730 1890 1794 1909 ma-

1011 1935 1092 1971 gistri
1108 1934 1199 1962 verba
1214 1942 1286 1961 anre
1308 1932 1460 1968 percipiat,
1484 1931 1508 1958 si
1533 1930 1606 1957 nihil
1627 1938 1664 1956 ex
1684 1928 1794 1956 auditis

1011 1983 1157 2010 retineat?
1177 1980 1253 2014 Quid
1273 1979 1351 2007 valet
1365 1980 1477 2006 naturae
1498 1979 1610 2005 secreta
1624 1976 1792 2012 exquirere,

1012 2029 1133 2057 subtilia
1148 2028 1241 2055 multa
1257 2034 1339 2054 more
1355 2025 1563 2061 philosophico
1580 2023 1724 2055 invenire,
1741 2022 1795 2049 sed

1013 2078 1087 2105 nihil
1103 2086 1137 2105 ex
1153 2075 1280 2104 inventis
1295 2073 1447 2102 memoriae
1462 2071 1696 2100 commendare?
1719 2069 1795 2103 Quid

1013 2125 1126 2153 valeret
1145 2131 1250 2151 aurum
1266 2129 1409 2158 quaerere,
1427 2121 1455 2147 ct
1470 2119 1629 2155 plumbum
1652 2117 1795 2150 invenire,

1015 2173 1049 2206 si,
1066 2172 1138 2199 dum
1154 2171 1184 2198 in
1204 2170 1252 2197 via
1268 2171 1352 2203 esset,
1370 2166 1506 2194 oblivisci
1528 2164 1732 2199 contingeret?
1752 2163 1797 2190 Sic

1016 2220 1103 2247 etiam
1128 2226 1190 2245 non
1212 2217 1290 2244 valet
1312 2215 1350 2243 ad
1376 2213 1621 2250 praedicationem
1640 2211 1692 2244 ire,
1713 2211 1739 2237 et
1761 2218 1797 2237 ex

1017 2266 1125 2294 auditis
1153 2264 1226 2292 nihil
1250 2263 1367 2299 penitus
1398 2261 1532 2288 retinere.
1563 2258 1644 2286 Unde
1674 2258 1704 2285 in
1732 2257 1797 2291 lege

1017 2313 1107 2349 Moysi
1122 2313 1132 2329 ⁷
1148 2310 1289 2339 animalia
1305 2309 1355 2336 illa
1371 2307 1528 2335 immunda
1544 2307 1637 2339 erant,
1656 2312 1722 2340 quae
1736 2311 1797 2331 non

1017 2359 1217 2389 ruminabant.
1235 2357 1311 2391 Quid
1337 2355 1416 2383 enim
1439 2356 1482 2382 est
1502 2352 1692 2389 spiritualiter
1707 2350 1798 2378 rumi-

1018 2416 1099 2441 nare,
1115 2405 1171 2433 nisi
1187 2404 1288 2432 divina
1304 2403 1409 2435 verba,
1420 2404 1447 2429 et
1459 2400 1593 2433 consilia,
1610 2400 1637 2426 et
1651 2399 1799 2434 praecepta

1019 2456 1117 2482 mente
1132 2452 1296 2483 revolvere,
1318 2451 1345 2477 et
1360 2449 1400 2476 sic
1414 2447 1559 2476 oblivioni
1580 2453 1641 2472 non
1659 2444 1798 2471 tradere?

1019 2501 1075 2529 Sed
1095 2500 1168 2536 quid
1188 2499 1241 2527 erit
1261 2497 1388 2532 ungulas
1408 2496 1491 2523 fissas
1514 2493 1637 2525 habere,
1664 2490 1720 2518 nisi
1743 2498 1798 2526 pro

1020 2548 1097 2576 male
1117 2546 1205 2582 gestis
1221 2545 1314 2573 corda
1328 2544 1416 2571 scissa
1437 2543 1567 2577 portare,
1587 2540 1619 2565 ut
1640 2537 1680 2565 sic
1705 2539 1801 2564 essent

1021 2594 1112 2622 corda
1127 2602 1180 2629 per
1197 2592 1404 2619 contritionem
1425 2588 1529 2621 divisa,
1551 2588 1578 2613 et
1595 2593 1647 2621 per
1668 2581 1805 2612 rumina-'

1021 2643 1132 2670 tionem
1167 2640 1339 2668 divinorum
1380 2637 1539 2664 verborum
1574 2634 1704 2661 devota?
1734 2632 1801 2659 Plus

1023 2706 1048 2728 z'n
1063 2706 1145 2734 Joan„
1160 2703 1231 2727 hom.
1245 2708 1267 2732 1;
1281 2701 1364 2725 Vates.
1380 2701 1458 2728 illuit.⁷
1472 2698 1516 2722 lib.
1531 2697 1598 2727 vni,
1614 2703 1636 2720 c.
1652 2701 1700 2725 Vi13
1717 2695 1801 2718 Laert.

1024 2743 1048 2765 et
1062 2739 1110 2764 alii.
1128 2753 1157 2756 -
1172 2739 1181 2755 θ
1198 2738 1261 2762 ibid.
1278 2752 1301 2754 ff
1323 2737 1332 2753 ⁷
1347 2736 1434 2764 Ler.·z't.‚
1452 2740 1486 2764 XI,
1501 2734 1547 2763 263
1566 2733 1720 2761 Deul.‚X1v,
1737 2732 1759 2755 ὃ,
