2060 3052
250 2257 338 2285 Unguis

229 2289 292 2317 quid.

324 196 364 226 22

325 261 437 299 primo,
450 268 483 290 se
498 260 664 290 amandum
678 258 823 294 ostendit;
838 256 983 291 seeundo,
997 255 1107 293 proba-

322 309 439 337 tionem
450 307 561 336 amoris
572 307 695 336 inducit.
712 304 880 336 ostenditur
894 305 994 333 autem
1007 302 1106 340 primo

326 356 359 384 in
371 357 463 384 Deum
475 354 607 389 dilectio,
622 362 691 383 eum
705 352 778 382 dicit
792 361 800 380 ι
816 352 849 380 Si
862 352 924 388 quis
939 351 1037 386 diligit
1055 358 1105 378 me.

327 402 495 432 ostenditur
515 401 649 430 secundo
674 398 841 428 dilectionis
862 397 1015 435 probatio,
1038 404 1108 425 cum

327 450 470 479 infertur:
486 450 638 479 Sermonem
652 455 739 476 meum
758 446 889 475 servabit.
905 446 952 474 Est
966 452 1038 480 ergo
1053 451 1108 472 no-

327 497 450 526 tandum
470 496 549 525 eirca.
563 495 698 524 divinam
712 493 914 528 dilectionem,
930 499 1022 529 quam
1045 498 1109 520 ma-

327 544 408 572 xime
434 543 604 572 habuerunt
629 540 781 578 Apostoli,
809 542 838 570 et
865 539 978 568 habent
1005 546 1110 567 omnes

329 590 485 628 apostolici
498 589 565 625 viri,
588 588 674 626 quod
691 588 732 618 ad
750 596 817 617 eam
837 586 1012 616 habendam
1034 593 1110 622 qua-

329 641 397 667 tuor
423 639 492 666 sunt
517 636 647 665 maxime
675 635 858 670 necessaria,
882 634 945 662 sive
972 633 1087 662 motiva
1101 642 1108 659 ι

330 685 461 722 primum
468 684 594 715 sumitur
601 691 639 712 ex
652 685 735 720 parte
745 684 875 717 naturoe3
895 680 1063 710 secundum
1074 687 1112 708 ex

329 731 472 760 mandato
495 731 666 768 Scripturae5
691 729 810 758 tertium
831 737 868 757 ex
888 728 970 756 dono
993 727 1110 763 gretiae3

331 781 471 816 quartum
487 786 522 806 ex
536 777 685 815 promisso
700 777 813 813 gloriae.
835 777 908 804 Nam
921 777 1034 803 naturae
1047 773 1113 802 offi-

331 828 411 856 cium
430 829 473 856 est
495 827 534 855 ad
549 834 684 855 amorem
707 825 865 860 inducere;
889 823 1045 860 Scripturae
1070 824 1114 851 est

331 875 389 904 hoc
413 874 588 911 praeeipere3
612 873 712 909 gratioe
736 874 779 901 est
806 871 876 900 huic
902 870 1060 903 mandato,
1089 869 1113 897 si

333 930 410 958 opus
425 923 478 956 est,
492 929 597 958 parere
605 929 614 956 ς
636 919 754 956 glorias,
777 919 908 956 seipsum
933 920 960 946 et
980 917 1114 945 nolentes

333 963 467 1007 quoda'm
481 968 603 996 inductu
619 967 775 996 attrahere.

371 1016 439 1044 Dico
454 1016 564 1053 primo,
581 1015 664 1052 quod
680 1014 811 1051 primum
824 1013 970 1041 motivum
980 1011 1019 1040 ad
1035 1018 1115 1039 amo-

333 1072 398 1093 rem
414 1063 550 1091 diviuum
565 1064 607 1091 est
621 1062 685 1099 ipsa
701 1063 806 1090 natura
821 1070 827 1089 z
845 1060 1020 1095 nam,-sicut
1036 1060 1117 1096 patet

335 1120 372 1140 ex
400 1112 539 1140 instinctu
562 1113 690 1144 naturae,
715 1109 843 1145 diligunt
869 1116 940 1136 aves
952 1129 961 1142 ‚
989 1107 1117 1142 diligunt

336 1167 439 1194 canes,
464 1158 594 1194 diligunt
603 1157 672 1194 equi
691 1159 720 1185 et
739 1156 848 1189 boves,
867 1154 994 1189 diligunt
1008 1156 1036 1181 et
1055 1154 1117 1181 leo-

335 1214 399 1241 nes,
416 1214 492 1242 quos
513 1205 570 1233 sibi
589 1206 713 1232 cernunt
735 1202 962 1231 benefacientes
989 1200 1117 1236 Diligunt

336 1253 456 1290 Pagani,
473 1252 602 1288 diligunt
615 1251 726 1284 Judaei,
750 1250 878 1285 diligunt
891 1248 1027 1277 Saraceni
1048 1255 1118 1276 suos

336 1301 550 1330 benefactores.
567 1299 648 1327 Unde
663 1299 740 1326 hoc?
754 1299 835 1326 Certe
849 1297 913 1333 ipsa
925 1298 1031 1324 natura
1055 1303 1118 1323 mo-

338 1351 432 1377 vente.
456 1349 530 1383 Ergo
548 1347 651 1380 homo,
667 1345 719 1382 qui
735 1345 812 1373 adeo
828 1344 1047 1372 nobilissimam
1068 1350 1118 1370 na-

337 1399 433 1424 turam
449 1395 581 1431 accepit‚
597 1396 688 1422 Deum
712 1394 772 1420 tam
792 1392 961 1420 beneficum
985 1398 1037 1418 cur
1058 1397 1119 1417 non

337 1443 472 1471 amabit?
500 1444 570 1470 nem
599 1440 714 1475 cogita,
742 1441 886 1476 quantum
915 1445 1008 1465 caecus
1033 1436 1119 1464 illum

337 1491 474 1526 diligeret
512 1489 563 1525 qui
602 1488 658 1516 sibi
695 1487 833 1515 redderet
865 1486 962 1513 visum
981 1486 987 1512 !
1023 1492 1119 1521 quan-

338 1542 399 1566 tum
416 1537 535 1571 surdus,
551 1535 602 1572 qui
623 1535 679 1563 sibi
695 1534 834 1562 redderet
854 1533 1003 1561 auditum!
1023 1533 1120 1565 Quan-

339 1588 400 1613 tum
424 1587 523 1612 mutus
546 1591 633 1617 cum,
660 1582 711 1618 qui
731 1581 785 1609 sibi
812 1582 963 1616 repararet
978 1580 1118 1607 allatum!

339 1635 367 1660 et
395 1632 436 1660 sic
464 1631 614 1664 similiter,
645 1629 696 1665 qui
726 1629 835 1665 pedem
858 1629 1046 1660 truncatum,
1076 1627 1122 1654 vel

341 1687 463 1707 manum
479 1700 486 1713 ,
507 1678 554 1706 vel
580 1677 700 1704 forsitan
717 1684 821 1703 nasum
838 1674 1002 1702 abscissum
1031 1673 1123 1701 habe-

340 1729 393 1755 ret.
419 1728 493 1761 Ergo
514 1727 660 1760 quantuni
677 1723 823 1751 amandus
843 1724 900 1754 cst,
917 1721 968 1757 qui
985 1720 1036 1748 tibi
1059 1728 1124 1748 cor-

342 1783 398 1810 pus
408 1781 514 1801 sanum
526 1772 619 1805 dedit,
642 1772 669 1798 et
679 1770 844 1804 integi-unu
861 1771 889 1796 ct
900 1770 1029 1804 insuper,
1041 1767 1124 1804 quod

343 1821 507 1849 maximum
523 1821 576 1852 est,
594 1818 645 1846 tibi
666 1817 790 1845 contulit
805 1816 936 1843 animam
957 1815 995 1843 ud
1019 1815 1125 1850 imagi-

344 1875 413 1895 nem
424 1867 469 1894 sui
485 1867 605 1899 factam,
621 1867 648 1893 et
663 1872 730 1892 cum
748 1871 872 1899 corpore
889 1862 927 1890 ad
941 1862 1032 1890 vitam
1047 1864 1126 1889 aeter-

344 1922 414 1942 nam
430 1914 612 1942 ordinatam!
632 1913 700 1939 ltcm
715 1911 843 1944 attende,
859 1909 1014 1945 quomodo
1026 1909 1128 1937 omnia

346 1961 478 1997 eorporis
494 1960 625 1988 membra
643 1959 742 1986 cordis
757 1960 824 1985 sunt
840 1956 981 1989 amantia,
993 1964 1028 1984 eo
1045 1955 1127 1991 quod

347 2008 385 2036 ab
399 2016 434 2035 co
447 2007 753 2042 inotuiurecipiant‚et
770 2006 870 2032 vitain.
889 2004 968 2030 tjmlv
981 2003 1108 2031 Galenus
1121 2004 1126 2020 ¹

348 2055 428 2089 dicit,
443 2055 523 2090 quod
539 2054 659 2082 brachiu
675 2054 731 2081 hoc
744 2053 854 2080 habent
867 2051 1033 2087 proprium,
1046 2050 1129 2086 quod

349 2103 450 2130 omnia
467 2102 527 2136 illa,
540 2110 605 2137 quie
621 2100 714 2128 amari
731 2109 748 2127 a
764 2099 854 2127 corde
870 2099 975 2132 sciunt,
992 2098 1131 2125 dulcibus

350 2149 539 2185 amplexibus
550 2148 681 2184 capiunt,
693 2151 719 2175 et
730 2147 824 2181 cordi,
836 2149 982 2182 quantuni
997 2147 1131 2181 possunt,

351 2197 526 2231 astringunt,
541 2195 580 2223 ita
596 2194 679 2230 quod
695 2194 837 2222 dilectum
867 2196 957 2221 totum
973 2192 1056 2220 cordi
1077 2192 1132 2219 im-

352 2244 522 2280 primerent,
539 2243 562 2270 si
578 2243 720 2270 valerent.
745 2243 871 2276 Ungues,
888 2240 938 2276 qui
954 2243 1021 2268 suut
1035 2247 1071 2266 ex
1088 2239 1132 2265 fu-

353 2290 538 2319 mositatibus
554 2290 662 2324 cordis,
681 2291 709 2317 iu
732 2292 843 2317 tantuin
859 2297 921 2323 cor,
937 2297 955 2316 a
970 2296 1030 2324 quo
1046 2295 1133 2315 suum

354 2346 416 2366 csse
429 2338 565 2374 capiunt,
580 2337 726 2373 diligunt,
748 2337 831 2372 qnod
850 2336 957 2370 statim,
978 2334 1068 2363 corde
1084 2342 1135 2370 pa-

354 2386 453 2420 tiente,
473 2385 626 2419 livescunt,
647 2387 674 2411 ct
695 2384 877 2420 quandoque
900 2383 1080 2417 nigrescunt,
1097 2381 1136 2408 ita

355 2433 438 2469 qnod
451 2441 606 2468 nunquam
623 2440 673 2459 cor
690 2432 807 2467 patitur,
821 2431 892 2467 quin
909 2431 1025 2465 siguum
1039 2430 1066 2456 in
1084 2437 1136 2456 uu-

356 2481 463 2515 guibus
487 2479 674 2513 ostendatur,
701 2479 775 2506 sicut
796 2478 824 2505 in
844 2478 918 2505 febri
945 2479 1134 2504 monstratur.

390 2567 394 2581 Ι
413 2566 499 2589 malou.
521 2580 542 2581 W
561 2566 571 2580 ἵ
589 2564 676 2593 [ἔνι-Ιιᾉ,
694 2565 795 2592 V11‚13-'.
858 2564 865 2574 ³
884 2563 900 2585 ll
922 2562 1011 2591 llarln,
1029 2568 1079 2590 xii,
1098 2564 1135 2585 22.

358 2615 386 2618 —
400 2602 409 2617 θ
428 2602 459 2623 lte
475 2602 542 2631 Spir.
561 2603 583 2623 r!
605 2600 699 2625 limini„
720 2607 741 2622 ν.
760 2605 826 2627 xvii,
843 2598 907 2621 inter
923 2600 1000 2627 Usu-r.
1019 2600 1136 2627 August„

359 2637 474 2667 Appond.
487 2639 548 2660 tom.
566 2637 608 2660 Vl.
621 2649 650 2653 —
666 2638 673 2650 ⁵
689 2636 762 2664 Auen,
777 2636 898 2664 Consu-vx..
915 2635 956 2657 lit».
979 2635 1008 2662 Χ,
1025 2642 1047 2658 ο,
1065 2639 1136 2657 xxix.

358 2687 388 2692 -
403 2673 514 2703 ⁶(;1·t·g.,
533 2672 636 2700 Μοι·ιι[.,
654 2672 696 2695 lib.
717 2671 811 2700 xvut,
828 2680 850 2694 ι,
869 2677 906 2699 ιλ,
923 2670 954 2693 ulv
974 2675 1033 2699 till,
1052 2677 1077 2692 u.
1096 2671 1135 2699 iti,

704 189 915 224 SERMONES
937 187 986 222 DE
1007 186 1175 220 SANGTIS
1196 186 1238 220 IN
1259 185 1455 220 COMMUNl.
1477 184 1562 218 vill.

1163 255 1323 290 Quomodo
1342 261 1416 291 ergo
1439 254 1532 282 Deum
1549 259 1614 281 non
1626 251 1759 288 amabit,
1776 260 1797 282 a
1811 260 1874 290 quo
1886 260 1951 282 non

1163 302 1263 331 solum
1277 302 1392 339 aceepit
1404 309 1480 337 esse,
1495 299 1549 329 sed
1563 299 1624 328 vita
1636 299 1826 329 nobilissima
1834 301 1948 336 vivere,

1163 349 1352 378 nobilissima
1374 348 1474 378 forme.
1493 347 1613 382 sentire,
1629 348 1668 382 et,
1688 345 1773 383 quod
1794 349 1839 376 eet
1857 347 1953 376 mexi-

1163 405 1260 432 mum,
1275 405 1344 426 oum
1362 395 1476 432 angelis
1490 393 1679 430 intelligere?
1693 395 1723 422 et
1740 396 1864 432 propter
1885 394 1950 424 haee

1164 445 1267 474 omnia
1278 444 1362 474 bona
1375 446 1500 478 naturae,
1520 442 1628 471 dieitur
1642 442 1672 471 ⁸:
1691 452 1704 468 «t
1716 443 1749 471 ln
1769 444 1829 471 tota
1851 443 1954 473 anima

1166 493 1217 520 tua
1232 491 1325 528 dilige
1341 499 1422 526 eum,
1437 490 1491 527 qui
1505 491 1532 518 te
1546 489 1624 518 fecit.
1637 499 1653 516 ι»
1669 490 1810 518 Notanter
1824 489 1952 519 dieitur:

1164 540 1196 567 in
1211 541 1269 567 tota
1280 539 1375 567 anima
1387 541 1446 572 tua,
1461 536 1546 574 quia,
1558 536 1635 565 siout
1648 537 1701 573 qui
1710 538 1828 574 partem
1837 536 1898 570 dat,
1914 545 1954 566 ex

1164 586 1248 622 parte
1257 584 1406 614 amandus
1415 585 1458 612 est
1469 593 1478 619 ;
1489 583 1532 612 sic
1543 583 1597 620 qui
1607 584 1704 612 totum
1716 583 1778 618 dat,
1790 591 1829 612 ex
1838 585 1901 613 toto
1910 585 1956 613 eet

1167 631 1350 668 diligendus.
1372 631 1526 668 niligimus
1551 630 1632 659 enim
1649 632 1766 668 patrem
1786 630 1954 667 carnalem,

1167 680 1221 708 sed
1239 679 1406 708 secundum
1426 680 1554 715 partem,
1575 677 1646 714 quia
1665 677 1705 706 ab
1726 685 1763 706 eo
1784 677 1956 714 accepimus

1167 728 1282 763 partem
1297 728 1406 755 nostrae
1421 725 1601 754 substantiae.
1618 726 1694 761 Ergo
1714 724 1862 754 debemus
1881 725 1957 754 totu-

1168 774 1234 802 liter
1249 773 1374 809 diligere
1390 774 1505 802 Patrem
1519 772 1720 809 spiritualem,
1736 772 1767 800 id
1788 773 1832 800 est
1847 773 1955 808 Deum,

1169 829 1187 849 a
1202 828 1263 857 quo
1279 822 1374 849 totum
1392 820 1562 857 accepimus
1582 827 1646 848 esse
1660 820 1808 853 nostrum,
1823 821 1884 847 tam
1895 826 1958 848 car-

1170 868 1233 903 nis,
1261 875 1353 904 qnam
1377 867 1500 903 animm,
1523 866 1599 895 sieut
1620 866 1728 894 mulier
1752 866 1806 894 illa
1829 867 1931 894 sancta
1946 866 1958 884 ⁸

1171 915 1246 943 dixit
1260 915 1290 943 in
1304 922 1359 943 sua
1373 914 1597 951 praedicatione,
1617 915 1650 942 ut
1672 913 1712 942 ad
1726 913 1903 950 patiendum
1923 913 1958 942 fi-

1170 963 1227 991 lios
1242 962 1442 991 confortaret:
1467 973 1481 989 α
1495 962 1610 997 Nescio,
1620 973 1634 988 n
1653 962 1761 999 inquit,
1781 961 1958 999 «quomodo

1171 1010 1202 1038 in
1215 1011 1299 1038 utero
1316 1018 1384 1038 meo
1404 1010 1603 1047 apparuistis:
1626 1017 1725 1046 neque
1746 1017 1803 1045 ego
1823 1009 1959 1046 spiritum

1172 1059 1200 1086 et
1215 1057 1347 1085 animam
1364 1057 1435 1085 dedi
1451 1057 1551 1092 vobis,
1573 1059 1601 1085 et
1620 1056 1808 1092 singulorum
1823 1055 1961 1084 membra

1171 1103 1236 1140 ipsa
1250 1104 1387 1140 compegi
1399 1113 1407 1139 3
1433 1104 1487 1132 sed
1509 1103 1614 1132 mundi
1635 1104 1764 1132 Creator.
1786 1113 1800 1129 n
1827 1102 1907 1131 Unde
1928 1102 1960 1131 in

1173 1151 1252 1178 libro
1281 1151 1314 1178 de
1338 1151 1447 1186 Spiritu
1477 1153 1501 1178 et
1530 1152 1634 1178 Anima
1647 1151 1679 1178 ¹⁸:
1700 1160 1714 1176 u
1728 1151 1750 1178 Ο
1775 1149 1866 1178 miser
1884 1156 1959 1186 ego,

1174 1200 1321 1234 quantum
1337 1197 1460 1233 diligere
1483 1197 1627 1226 deberem
1651 1199 1743 1226 Deum
1766 1205 1879 1232 meum,
1906 1197 1960 1234 qui

1174 1256 1222 1275 me
1247 1248 1314 1275 fecit
1340 1255 1409 1275 cum
1441 1255 1502 1275 non
1530 1255 1613 1275 eram
1626 1268 1635 1281 ‚
1665 1249 1692 1275 et
1716 1246 1754 1275 de
1787 1246 1882 1275 nihilo
1911 1254 1961 1275 me

1174 1302 1235 1323 non
1269 1294 1402 1330 lapidem
1414 1315 1422 1329 ,
1457 1302 1519 1323 non
1553 1294 1693 1322 arborem
1705 1315 1715 1328 ,
1743 1301 1805 1322 nou
1834 1293 1962 1330 aliquod

1174 1342 1212 1370 de
1228 1342 1418 1376 animalibus,
1434 1342 1487 1370 sed
1511 1341 1665 1370 hominem
1684 1340 1779 1369 voluit
1802 1349 1849 1369 me
1876 1348 1939 1369 esse
1951 1362 1961 1376 ‚

1175 1389 1258 1417 dedit
1282 1389 1354 1416 mihi
1379 1389 1489 1421 vivere,
1514 1389 1641 1423 sentire,
1667 1390 1695 1416 et
1709 1387 1882 1424 intelligere.
1899 1397 1914 1414 n
1930 1389 1964 1416 Et

1175 1436 1357 1473 quibusdam
1373 1435 1563 1472 interpositis,
1578 1435 1663 1463 addit
1681 1443 1688 1462 :
1711 1444 1727 1461 α
1744 1436 1818 1463 Cum
1837 1435 1900 1462 haec
1916 1434 1964 1471 (et

1176 1482 1269 1511 multa
1283 1482 1352 1521 alia)
1369 1482 1539 1516 considero,
1556 1482 1660 1510 dolore
1674 1482 1718 1518 (a)
1734 1482 1854 1518 pariter,
1872 1483 1901 1510 et
1914 1489 1964 1510 ru-

1177 1530 1250 1558 bore
1265 1529 1451 1558 confundor:
1468 1540 1480 1555 »›
1496 1529 1613 1563 dolore,
1624 1531 1696 1565 quia
1711 1528 1843 1557 unimam
1857 1528 1964 1565 perdo,

1178 1577 1299 1611 rubore,
1316 1577 1388 1612 quia
1400 1579 1513 1613 patrem
1525 1579 1585 1604 tam
1595 1576 1789 1611 magnificum
1799 1583 1860 1604 non
1871 1583 1965 1612 agno-

1178 1633 1238 1652 sco.
1259 1627 1399 1652 Amemus
1414 1632 1484 1659 crgo
1500 1631 1568 1651 cum
1583 1623 1690 1650 sanctis
1704 1622 1853 1660 Apostolis
1873 1624 1964 1652 Deum

1179 1673 1322 1702 nostrum,
1334 1674 1361 1699 et
1371 1671 1577 1707 relinquamus
1591 1671 1694 1698 omnia
1708 1673 1832 1706 propter
1842 1671 1940 1706 ipsum
1955 1679 1963 1698 ε

1181 1722 1208 1747 et
1223 1719 1253 1746 in
1269 1726 1371 1746 amore
1386 1721 1486 1745 nostro
1501 1719 1574 1745 Deus
1585 1717 1702 1745 nullum
1714 1717 1825 1745 habeat
1836 1717 1964 1753 socium,

1181 1766 1262 1802 quia,
1287 1765 1358 1793 dicit
1378 1767 1408 1793 B.
1430 1765 1611 1800 Augustinus
1625 1765 1658 1792 ⁶:
1679 1774 1693 1790 ιι
1707 1764 1801 1792 Minus
1823 1767 1850 1792 te
1865 1766 1965 1799 amat,

1182 1814 1232 1850 qui
1256 1816 1352 1841 tecum
1375 1813 1490 1849 aliquid
1512 1815 1602 1841 amat.
1628 1823 1642 1838 n
1669 1814 1738 1840 item
1761 1814 1964 1848 Gregorius⁰z

1185 1872 1198 1886 «
1212 1863 1302 1889 'l‘anto
1319 1861 1446 1897 quisque
1460 1860 1499 1888 ab
1513 1859 1628 1888 aeternis
1644 1859 1835 1896 disjungitur,
1854 1862 1966 1896 quanto

1183 1909 1212 1936 in
1228 1908 1419 1936 inferioribus
1439 1907 1612 1935 delectatur.
1627 1917 1641 1933 υ

1219 1955 1366 1989 Secundo,
1384 1956 1476 1982 Deum
1491 1954 1655 1982 amandum
1672 1962 1733 1981 non
1747 1954 1842 1982 solum
1854 1954 1970 1982 inducit

1185 2006 1300 2036 natura,
1317 2002 1369 2030 sed
1396 2003 1461 2038 ipsa
1481 2002 1641 2037 Scriptura,
1666 2009 1743 2037 quie,
1764 2001 1839 2029 sicut
1863 2001 1970 2030 dicitur

1185 2051 1214 2077 in
1231 2050 1308 2077 libro
1324 2050 1357 2076 ‹le
1372 2051 1500 2076 Doctrina
1514 2048 1673 2075 Christiana
1682 2049 1703 2082 ⁷,
1716 2048 1882 2076 nihilaliud
1893 2056 1969 2084 prae-

1186 2098 1265 2133 cipit,
1289 2096 1343 2123 nisi
1361 2096 1552 2130 cltaritatem;
1570 2097 1597 2123 et
1611 2095 1684 2122 nihil
1704 2094 1787 2122 aliud
1809 2098 1898 2130 vetat,
1915 2096 1971 2124 nisi

1188 2144 1370 2180 tepiditatem
1395 2143 1443 2177 (b).
1471 2153 1484 2168 ι)
1510 2141 1590 2170 Unde
1620 2141 1778 2177 requisitus
1806 2142 1949 2170 Dominus
1962 2164 1971 2178 ,

1188 2191 1270 2226 quod
1286 2193 1361 2218 esset
1376 2189 1541 2217 maximum
1557 2188 1732 2216 mandatum
1748 2189 1777 2216 in
1791 2189 1867 2224 lege,
1883 2189 1924 2218 ait
1937 2189 1948 2206 ⁸
1963 2199 1969 2218 :

1192 2248 1205 2263 «
1218 2238 1324 2272 Diliges
1340 2238 1429 2264 Deum
1444 2239 1526 2263 tuum
1538 2243 1572 2263 ex
1585 2237 1645 2263 toto
1657 2235 1746 2263 corde
1759 2238 1821 2270 tuo,
1830 2241 1855 2264 et
1867 2244 1902 2264 ex
1913 2237 1973 2265 tota

1189 2285 1289 2312 anima
1305 2286 1365 2317 tua,
1382 2286 1409 2311 et
1426 2292 1461 2311 ex
1473 2285 1532 2310 tota
1547 2285 1644 2310 mente
1660 2286 1722 2317 tua,
1739 2285 1766 2310 et
1781 2291 1816 2310 ex
1833 2283 1972 2311 omnibus

1189 2331 1302 2359 viribus
1315 2330 1379 2358 tuis.
1393 2332 1451 2358 iloc
1463 2333 1504 2357 cst
1515 2329 1690 2361 maximum,
1705 2332 1731 2357 et
1745 2330 1875 2365 primum
1890 2338 1973 2358 man-

1191 2380 1302 2408 datum.
1320 2378 1488 2406 Secundum
1509 2380 1607 2405 autem
1627 2377 1722 2404 simile
1737 2379 1779 2404 est
1797 2377 1866 2404 huic
1883 2387 1888 2404 :
1906 2377 1973 2406 Dili-

1192 2435 1242 2461 gcs
1264 2425 1435 2462 proximum
1456 2427 1552 2458 tuum,
1573 2424 1647 2451 sicut
1671 2423 1806 2459 teipsum.
1835 2425 1865 2451 ln
1885 2424 1940 2459 his,
1957 2435 1970 2450 n

1192 2515 1276 2546 quoad
1294 2521 1406 2537 sn'tlslllu.
1425 2526 1449 2529 —
1475 2513 1481 2526 ἲ
1502 2513 1599 2540 August
1611 2530 1618 2541 ,
1638 2510 1666 2533 tle
1685 2511 1753 2535 Doct.
1769 2511 1876 2539 clm—ist„
1893 2512 1935 2536 lib.
1955 2512 1974 2541 l,

1194 2557 1282 2578 xxxii,
1300 2551 1335 2575 20.
1349 2549 1431 2580 quoad
1449 2555 1562 2571 sensum.
1580 2561 1605 2564 —-
1629 2549 1636 2559 ¹⁴
1651 2546 1753 2576 Mam„
1770 2548 1941 2578 xx11,37-50‚

1224 2602 1257 2624 (ιι)
1278 2594 1348 2625 Δριιιί
1367 2595 1431 2624 Any.
1453 2593 1556 2617 timore.
1579 2605 1605 2608 —
1630 2591 1663 2622 (b)
1689 2592 1716 2615 Ιη
1740 2592 1791 2615 loco
1809 2593 1887 2615 citato
1910 2592 1972 2623 Any.

1193 2631 1372 2662 cupiditatem,
1399 2636 1445 2652 non
1467 2627 1622 2658 lepiditatem
1649 2626 1764 2653 habetur,
1787 2635 1902 2658 quamvis
1926 2627 1973 2652 illa

1194 2670 1251 2691 ilem
1269 2667 1341 2690 lectio
1355 2673 1401 2689 non
1416 2666 1449 2688 sie
1463 2662 1649 2687 contemnenda.
