2029 3052
584 277 635 311 DE
659 277 923 311 DEDICATIONE
945 277 1155 312 ECCLESIAE'.
1180 279 1312 313 SERMO
1336 280 1359 312 Ι.

163 347 304 376 vitiorum
317 355 372 384 per
385 355 487 377 sensus
506 347 546 375 ad
569 346 702 376 animam
721 346 940 383 ingrediuntur.

164 397 243 423 Tunc
264 395 392 431 virgulta
414 394 445 423 in
466 393 547 422 atriis
565 395 737 428 nascuntur,
758 402 826 422 cum
843 392 943 422 multi-

164 442 237 470 tudo
252 442 469 479 superfluarum
485 441 699 477 cogitationum
709 441 739 469 iu
754 441 845 470 corde
856 449 944 477 gene-

162 490 254 518 ratur.
275 491 353 518 Tunc
367 488 560 526 pastophoria
577 489 613 524 (a)
635 488 792 517 diruuntur
805 487 852 524 (b),
874 496 944 516 cum

164 537 275 565 secreta
289 536 395 564 mentis
405 544 458 572 per
473 535 575 564 illicita
588 535 736 564 desideria
751 535 942 572 dissipantur.

163 584 242 611 Hanc
252 582 482 612 destructionem
493 583 631 620 deplorat
641 583 786 619 Propheta
801 582 901 611 dicens
911 583 920 600 ¹
935 591 941 610 :

166 639 180 657 <1
196 631 282 665 Deus,
297 632 553 666 veneruntgentes
563 630 594 658 in
609 630 810 659 haereditatem
825 631 940 665 tuam,»

163 677 272 706 scilicet
286 677 412 713 diaboli,
429 689 441 703 «
457 677 629 714 polluerunt
646 677 793 714 templum
808 679 943 706 sanctum

163 725 258 753 tuum.
273 733 287 751 »
306 725 360 753 Sed
376 732 456 759 vere,
473 724 525 761 qui
539 724 580 753 ita
598 724 744 760 templum
765 725 814 753 Dei
829 724 944 761 pollue-

162 772 241 806 runt,
256 770 358 799 timere
373 771 483 800 debent
492 771 576 800 illam
587 771 761 800 sententiam
773 771 922 808 Apostoli²
935 781 941 800 ε

164 827 179 845 «
195 817 380 855 Quicumque
394 818 541 855 templum
553 818 603 847 Dei
614 818 780 854 violaverit,
791 818 944 855 disperdat

161 865 248 893 illum
267 866 352 894 Deus.
377 877 390 892 »
416 866 461 894 Sic
483 866 573 902 igitur
593 867 674 903 patet
695 866 732 894 de
754 866 943 894 dedicatione

163 913 272 941 domus
286 913 455 949 spiritualis

199 961 245 988 Est
262 959 370 988 iterum
389 960 473 989 tertia
494 960 613 996 domus,
634 961 742 990 domus
764 960 875 989 scilicet
889 969 943 989 cae-

162 1007 250 1041 lestis,
268 1007 305 1035 de
315 1015 376 1044 qua
387 1007 493 1036 dicitur
505 1008 536 1036 in
546 1008 663 1037 Psalmo
673 1009 684 1025 ³
701 1017 708 1035 τ
721 1018 736 1035 α
746 1009 870 1037 Laetatus
878 1016 944 1036 sum

163 1054 194 1082 in
208 1054 264 1089 his,
281 1062 347 1090 quae
363 1054 440 1083 dicta
452 1056 519 1083 sunt
532 1055 605 1083 mihi
623 1065 629 1083 :
646 1055 676 1083 in
689 1051 815 1084 domum
827 1055 944 1084 Domini

163 1101 283 1129 ibimus.
300 1112 313 1126 n
337 1103 369 1129 Et
387 1102 459 1130 alibi
471 1101 481 1117 ⁶
502 1111 508 1130 :
537 1103 658 1131 «Unam
676 1103 748 1139 petii
763 1111 780 1131 a
799 1103 942 1138 Domino,

163 1148 241 1176 hanc
253 1148 420 1184 requiram:
435 1150 468 1177 ut
476 1148 641 1177 inhabitem
650 1149 681 1177 in
693 1149 784 1178 domo
793 1150 921 1184 Domini,
929 1160 942 1176 »

164 1197 218 1223 etc.
234 1196 476 1232 Vere-optimum
495 1198 538 1224 est
557 1196 692 1225 habitare
712 1197 742 1225 in
766 1197 858 1225 domo
878 1197 943 1226 ista.

164 1243 228 1270 Haec
243 1243 285 1270 est
306 1242 385 1270 enim
405 1243 513 1271 domus
532 1244 718 1272 securissima
742 1245 863 1280 propter
886 1244 945 1272 loci

164 1289 350 1318 altitudinem
363 1298 370 1317 :
394 1301 407 1316 «
421 1290 625 1319 Fundamenta
636 1291 716 1318 enim
738 1291 801 1326 ejus
816 1291 846 1319 in
861 1299 945 1319 mon—

165 1336 242 1365 tibus
256 1336 374 1371 sanctis,
391 1336 498 1365 dicitur
513 1338 523 1354 5
540 1337 577 1365 de
592 1337 684 1366 domo
700 1337 764 1366 ista.
781 1339 814 1366 Et
829 1337 901 1366 alibi
913 1337 923 1353 ‘³'
937 1347 943 1365 ε

168 1394 180 1408 «
187 1384 241 1417 Qui
248 1383 403 1412 confidunt
412 1383 442 1411 in
452 1384 589 1419 Domino,
599 1384 673 1412 sicut
682 1392 768 1413 mons
776 1385 856 1419 Sion,
866 1395 879 1411 »
889 1387 943 1413 etc.

164 1439 259 1467 usque
286 1431 339 1458 «in
360 1431 573 1459 Hierusalem.»
592 1433 624 1459 Et
654 1440 764 1468 quare,
792 1432 946 1467 subjungit

164 1485 285 1506 causam
295 1479 305 1495 ⁷
322 1487 329 1506 τ
347 1488 360 1504 <‹
376 1479 498 1512 Montes,
512 1489 526 1505 »
543 1478 574 1506 id
590 1480 642 1513 est,
658 1478 751 1506 sancti
767 1479 876 1514 angeli,
896 1479 945 1506 «in

164 1525 286 1553 circuitu
310 1525 383 1561 ejus,
392 1535 405 1551 >³
427 1526 523 1561 ipsam
538 1525 750 1561 custodientes,
772 1528 827 1554 «et
850 1526 946 1554 Domi—

163 1572 258 1600 nusin
272 1572 395 1600 circuitu
404 1572 510 1608 populi
520 1572 596 1600 sui.»
610 1574 673 1601 Haec
686 1574 728 1601 est
737 1573 843 1601 domus
852 1573 947 1601 maxi-

163 1627 214 1646 ma
227 1621 349 1655 propter
359 1618 419 1647 loci
432 1619 619 1647 latitudinem
632 1628 638 1647 ε
653 1620 695 1647 ibi
708 1619 792 1648 nulla
803 1620 858 1647 erit
866 1628 947 1656 pres-

164 1673 242 1694 sura.
263 1666 333 1694 Ideo
356 1666 462 1694 dicitur
481 1665 491 1681 Β
509 1675 515 1694 :
540 1676 553 1692 <‹
568 1667 589 1695 Ο
605 1666 703 1702 Israel,
725 1675 817 1703 quam
836 1675 947 1703 magna

165 1715 207 1741 est
230 1713 338 1742 domus
360 1713 421 1748 Dei,
448 1716 476 1742 et
503 1714 609 1749 ingens
637 1714 722 1742 locus
750 1714 946 1750 possessionis

164 1759 227 1795 ejus
240 1761 246 1788 !
263 1762 397 1797 Magnus,
412 1762 440 1788 et
455 1769 517 1789 non
530 1761 645 1789 habens
666 1761 774 1796 finem,
798 1762 945 1798 excelsus,

164 1809 192 1835 et
219 1807 392 1836 immensus.
410 1819 423 1834 »
453 1810 516 1836 Haec
545 1811 587 1837 est
612 1809 720 1837 domus
744 1810 946 1838 amoenissima

163 1855 285 1890 propter
300 1854 357 1882 loci
372 1855 634 1891 pulchritudinem.
653 1857 690 1884 De
706 1856 760 1884 isto
777 1857 885 1885 decore
901 1857 946 1884 di—

165 1901 238 1929 citur
259 1901 290 1929 in
310 1902 425 1931 Psalmo
441 1904 451 1920 ⁹
469 1912 475 1930 z
499 1905 668 1938 «Domine,
694 1904 785 1932 dilexi
807 1904 946 1932 decorem

166 1947 275 1976 domus
291 1950 360 1984 tuae,
378 1951 406 1977 et
420 1949 521 1978 locum
536 1950 725 1979 habitationis
735 1951 837 1986 gloriae
852 1953 916 1979 tuae.
930 1961 942 1976 η

164 1995 209 2022 Ad
216 1995 469 2031 pulchritudinem
480 1999 578 2025 autem
586 1997 678 2033 ipsius
688 1997 757 2025 facit
767 1998 854 2026 etiam
865 2006 947 2026 man-

165 2042 255 2070 sionis
274 2043 475 2079 pulcherrima
492 2044 658 2081 dispositio,
681 2045 847 2073 secundum
863 2045 946 2081 quod

166 2089 272 2117 dicitur
284 2091 305 2108 ¹⁰
319 2100 325 2118 τ
345 2100 357 2117 a
369 2092 400 2119 ln
412 2091 503 2119 domo
515 2091 605 2120 Patris
615 2092 674 2120 mei
685 2092 856 2120 mansiones
871 2091 946 2119 mul-

166 2137 200 2163 tae
216 2139 290 2165 sunt.
304 2147 318 2164 >1
339 2139 460 2174 Propter
480 2139 565 2167 istam
590 2138 799 2167 admirabilem
815 2139 946 2175 pulchri—

166 2183 300 2211 tudinem
320 2184 438 2213 dicebat
453 2185 605 2214 Psalmista
624 2185 658 2222 (c)
674 2186 693 2203 ¹¹
711 2196 717 2213 :
738 2196 751 2212 «
767 2188 831 2214 Haec
849 2194 946 2214 reeor-

166 2229 252 2258 datus
259 2232 337 2266 s'um,
348 2233 376 2259 et
386 2232 477 2260 effudi
488 2233 517 2260 in
529 2241 575 2261 me
587 2233 718 2261 animam
729 2241 839 2268 meam,
850 2244 862 2259 »
878 2235 945 2268 etc.,

165 2284 259 2312 usque
278 2287 292 2303 ‹<
299 2278 337 2306 ad
352 2278 477 2307 domum
492 2279 572 2307 Dei.»
588 2281 654 2308 Haec
669 2280 826 2308 estdomus
838 2281 946 2316 jucun-

165 2322 287 2352 dissima
301 2327 423 2361 propter
439 2326 538 2354 suavis
557 2327 709 2362 melodiae,
727 2336 793 2364 quae
807 2328 850 2355 ibi
865 2328 947 2356 audi-

164 2371 222 2405 tur,
245 2371 445 2400 dulcedinem.
461 2373 531 2401 ldeo
548 2374 654 2402 dieitur
670 2374 706 2402 de
722 2374 777 2402 ista
794 2374 886 2403 domo
902 2373 921 2390 ¹²
937 2384 944 2402 :

169 2427 182 2443 κ
196 2418 275 2446 Sicut
290 2419 451 2448 laetantium
468 2421 603 2449 omnium
618 2421 760 2450 habitatio
775 2424 817 2450 est
831 2423 862 2450 in
878 2424 913 2450 te,
929 2433 942 2448 »

165 2466 197 2492 Et
212 2465 283 2494 alibi
300 2468 321 2484 ¹³
340 2476 346 2494 :
366 2477 380 2493 «
395 2468 473 2496 Beati
489 2468 541 2504 qui
562 2468 697 2496 habitant
720 2469 750 2496 in
766 2469 858 2497 domo
881 2472 946 2505 tua,

166 2512 299 2548 Domine,
324 2524 338 2540 »
360 2517 413 2542 etc.
438 2516 501 2543 Haec
521 2517 563 2543 est
582 2516 690 2544 domus
705 2516 945 2552 opulentissima,

200 2573 203 2585 ¹
224 2574 291 2598 Psal.
311 2581 425 2605 Lxxviii,
446 2578 467 2600 1.
487 2590 517 2594 —
537 2577 545 2591 ²
565 2578 571 2600 1
594 2578 662 2607 Con,
681 2583 724 2607 ιιι,
748 2578 784 2601 17.
802 2591 832 2595 —
850 2578 860 2594 3
876 2578 944 2602 Psal.

166 2613 240 2638 cxxr,
257 2611 278 2633 1.
296 2624 323 2627 -
342 2611 351 2627 ¹·
364 2611 434 2636 Psal.
451 2618 526 2642 xxvi,
546 2614 568 2637 4.
586 2626 617 2630 —
638 2613 647 2629 ὓ
662 2612 730 2636 Psal.
747 2618 857 2643 11111111,
879 2616 899 2637 1.
915 2627 946 2631 -

165 2642 175 2658 ⁶
190 2643 257 2667 Psal.
278 2651 366 2678 cxxw,
390 2650 410 2671 1.
428 2661 454 2664 -
474 2649 484 2664 ⁷
503 2648 578 2678 ibid„
598 2650 620 2672 2.
642 2662 667 2665 -
691 2649 699 2661 ⁸
713 2648 783 2677 Bam,
801 2654 844 2678 111,
861 2650 944 2673 exi-25.

165 2691 195 2695 —
212 2680 220 2693 ³
236 2680 303 2704 Psal.
319 2688 379 2712 XXV,
396 2683 418 2707 8.
436 2697 467 2700 —
481 2685 498 2698 ¹·
511 2684 593 2713 Jmm.y
612 2690 667 2714 xiv,
684 2686 706 2707 2.
723 2697 753 2701 —
770 2685 783 2699 ¹¹
803 2684 871 2707 Psal.
891 2691 944 2716 xm,

167 2716 190 2735 5'1·
208 2727 237 2731 —
259 2716 280 2731 ¹²
299 2717 365 2741 Psal.
384 2724 494 2749 Lxxxvl,
517 2721 539 2743 7.
561 2733 590 2738 —
611 2721 627 2733 ¹³
649 2720 716 2744 mul.
738 2725 853 2750 Lxxxni,
874 2721 895 2745 ὅ.
915 2735 945 2738 -

169 2747 186 2763 ¹⁴
208 2749 273 2771 P-ffll‘
293 2758 371 2784 xxxv,
393 2755 415 2778 9.
436 2767 466 2772 -
494 2754 513 2771 ¹5
532 2755 593 2785 lm„
614 2761 702 2784 xxm,
728 2758 763 2779 18.
784 2769 814 2773 -
837 2756 858 2770 ¹¹>
876 2757 943 2781 Psal.

288 2802 361 2825 TOM.
385 2804 455 2827 xlv.

1726 284 1784 317 429

1001 349 1123 383 propter
1147 348 1245 376 omnis
1270 348 1343 377 boni
1358 347 1613 385 pulchritudinem
1629 349 1650 367 ¹⁴
1667 359 1674 378 ς
1694 352 1784 379 «lne-

1001 393 1179 424 briabuntur
1194 396 1232 424 ab
1248 396 1382 425 ubertate
1401 395 1510 425 domus
1524 398 1590 429 tuae,
1607 398 1635 425 et
1655 399 1784 427 torrente

1000 441 1161 477 voluptatis
1174 444 1232 471 tuae
1246 443 1365 480 potabis
1380 451 1439 472 eos.
1451 454 1465 470 »
1484 444 1505 461 ¹⁵
1525 453 1538 470 «
1552 443 1672 472 Sedebit
1685 453 1784 482 popu-

1000 488 1047 517 lus
1062 497 1146 518 meus
1161 491 1192 518 in
1207 491 1430 527 pulchritudine
1443 491 1534 528 pacis,
1551 493 1579 519 et
1593 491 1624 519 in
1643 492 1786 521 taberna-

1001 536 1075 564 culis
1098 537 1225 573 fiduciae,
1255 540 1282 567 et
1296 538 1327 566 in
1351 539 1454 575 requie
1467 538 1646 575 opulenta.»
1664 541 1786 576 Propter

1001 584 1104 612 omnia
1118 584 1173 613 ista
1186 584 1280 620 bona,
1297 593 1363 622 quae
1375 586 1405 613 in
1415 586 1471 614 hac
1482 585 1574 614 domo
1585 586 1785 623 reperiuntur,

1002 630 1120 659 dicebat
1134 632 1227 660 David
1242 633 1264 650 ¹⁶
1281 641 1287 660 :
1308 642 1322 659 «
1336 632 1436 661 Melior
1451 635 1493 661 est
1508 633 1571 661 dies
1585 641 1646 662 una
1660 633 1691 661 in
1705 634 1786 662 atriis

1002 678 1058 707 tuis
1072 687 1161 715 super
1172 679 1275 715 millia,
1292 689 1306 706 »
1323 679 1434 708 scilicet
1445 679 1476 707 in
1496 680 1621 709 mundo.
1637 681 1670 709 Et
1684 681 1784 717 sequi--

1001 726 1070 754 tur:
1091 735 1105 752 κ
1120 726 1199 762 Elegi
1224 727 1358 762 abjectus
1381 735 1455 761 esse,
1470 737 1483 754 >›
1506 727 1538 755 id
1561 729 1603 755 est
1625 728 1784 765 minimus,

1005 783 1018 798 «
1033 773 1064 801 in
1082 773 1175 802 domo
1191 774 1240 802 Dei
1253 784 1267 801 ι»
1293 774 1397 808 nostri,
1418 775 1473 802 etc.
1495 774 1644 802 Dedicatio
1665 776 1764 804 autem
1776 797 1785 811 ,

1001 819 1063 848 sive
1078 821 1270 849 sanctificatio
1285 821 1368 849 istius
1381 821 1501 856 domus,
1519 823 1561 849 est
1575 821 1664 858 plena
1680 823 1708 850 et
1720 831 1786 859 per-

1000 866 1076 896 fecta
1085 867 1222 896 liberatio
1238 868 1277 896 ab
1293 867 1375 896 omni
1388 868 1478 904 culpa
1493 869 1521 896 et
1535 868 1664 897 miseria.
1680 870 1787 903 Quam-

1002 913 1055 942 diu
1079 914 1159 943 enim
1187 915 1358 944 habitamus
1374 915 1482 944 domos
1503 915 1614 951 luteas,
1633 926 1646 943 «
1657 924 1785 953 corpus,

1002 961 1087 997 quod
1101 962 1302 998 corrumpitur
1311 964 1339 998 ¹⁷,
1351 964 1494 999 aggravat
1501 962 1643 998 animam,
1658 973 1672 990 «
1681 963 1786 992 etideo

1002 1009 1065 1036 sine
1090 1011 1213 1045 peccato
1239 1011 1267 1038 et
1289 1010 1410 1038 miseria
1438 1018 1500 1038 esse
1529 1018 1591 1038 non
1614 1018 1784 1047 possumus.

1002 1056 1084 1084 Unde
1101 1057 1121 1074 ¹³
1134 1065 1141 1084 :
1155 1069 1167 1082 «
1179 1057 1207 1085 Si
1222 1057 1395 1093 dixerimus,
1411 1057 1483 1093 quia
1493 1059 1647 1093 peccatum
1657 1066 1720 1086 non
1733 1058 1787 1087 ha-

1003 1103 1118 1139 bemus,
1140 1103 1197 1140 ipsi
1216 1112 1272 1132 nos
1286 1105 1468 1139 seducimus,
1484 1107 1511 1133 et
1524 1105 1632 1133 veritas
1648 1105 1679 1133 in
1698 1105 1787 1133 nobis

1002 1158 1065 1178 non
1080 1152 1131 1178 est.
1148 1161 1161 1177 »
1179 1153 1212 1179 Et
1226 1152 1246 1169 ¹⁴³
1260 1161 1266 1179 ε
1287 1163 1299 1177 «
1313 1151 1383 1185 Quis
1398 1153 1493 1188 potest
1507 1152 1605 1180 dicere
1623 1161 1629 1179 :
1643 1152 1787 1180 Mundum

1003 1200 1046 1225 est
1060 1206 1111 1226 cor
1123 1200 1245 1226 meum?
1259 1198 1385 1227 Mundus
1400 1207 1466 1226 sum
1483 1207 1500 1227 a
1511 1200 1656 1235 peccato?
1671 1210 1684 1226 n
1701 1200 1786 1235 quasi

1003 1244 1082 1273 dicat
1098 1257 1104 1273 .<
1122 1245 1234 1273 Nullus.
1250 1246 1307 1274 Sed
1322 1246 1353 1273 in
1364 1245 1416 1274 illa
1432 1245 1524 1275 domo
1534 1246 1618 1274 nulla
1630 1248 1673 1274 est
1687 1246 1784 1283 culpa,

1002 1292 1086 1320 nulla
1104 1294 1147 1320 est
1168 1293 1302 1327 macula;
1316 1293 1369 1321 sed
1390 1292 1480 1329 plena
1499 1293 1648 1329 sanctitas,
1671 1296 1698 1322 et
1720 1302 1786 1330 per-

1001 1338 1077 1367 fecta
1089 1339 1203 1375 puritas
1217 1339 1238 1356 ²⁰
1254 1349 1261 1367 :
1278 1349 1292 1366 «
1306 1340 1437 1376 Populus
1452 1339 1504 1376 qui
1525 1340 1673 1369 habitabit
1686 1341 1716 1368 in
1739 1349 1784 1376 ea,

1002 1386 1151 1414 auferetur
1166 1386 1204 1414 ab
1220 1395 1256 1415 eo
1272 1387 1422 1423 iniquitas.
1439 1398 1449 1413 ι)
1478 1389 1557 1415 Tunc
1573 1387 1652 1415 enim
1667 1387 1785 1416 exhibe-

1002 1431 1182 1461 bitChristus
1195 1433 1275 1461 «sibi
1292 1433 1455 1469 gloriosam
1470 1434 1640 1469 Ecclesiam,
1657 1443 1718 1462 non
1733 1435 1786 1463 ha-

1002 1478 1123 1507 bentem
1143 1481 1304 1516 maculam,
1324 1489 1422 1517 neque
1442 1489 1563 1517 rugam,
1580 1492 1593 1508 ))
1619 1481 1693 1510 sicut
1714 1482 1786 1510 diei-

1003 1527 1049 1553 tur
1064 1527 1094 1554 ²¹.
1118 1527 1203 1556 Nulla
1228 1528 1281 1556 erit
1298 1528 1386 1556 etiam
1401 1528 1444 1556 ibi
1467 1529 1597 1564 miseria,
1623 1529 1694 1565 quia
1717 1530 1786 1557 tunc

1007 1582 1019 1598 t<
1034 1573 1183 1610 absterget
1198 1576 1272 1603 Deus
1288 1583 1410 1604 omnem
1431 1575 1596 1612 lacrymam
1611 1576 1650 1604 ab
1665 1576 1783 1604 oculis»

1002 1621 1072 1655 suis,
1085 1631 1098 1646 «
1111 1622 1139 1649 et
1153 1629 1215 1650 uon
1230 1622 1285 1650 erit
1304 1622 1444 1659 amplius,
1460 1633 1474 1649 u
1490 1625 1556 1658 etc.,
1572 1631 1668 1659 usque
1687 1634 1699 1648 u
1715 1623 1787 1659 quia

1004 1668 1040 1703 (d)
1062 1668 1160 1704 prima
1180 1669 1327 1704 abierunt,
1343 1680 1356 1696 »
1382 1671 1457 1698 sicut
1476 1670 1582 1698 dicitur
1601 1671 1632 1696 ²2.
1652 1681 1665 1696 «
1682 1672 1712 1698 111
1732 1670 1787 1698 ista

1003 1722 1074 1750 ergo
1102 1715 1232 1751 perfecta
1256 1716 1434 1745 liberatione
1457 1725 1475 1745 a
1498 1717 1587 1753 culpa
1617 1719 1644 1745 et
1667 1717 1786 1745 miseria

1003 1762 1135 1790 consistit
1153 1763 1215 1791 haec
1234 1763 1342 1791 domus
1359 1763 1517 1792 dedicatio.
1540 1764 1585 1792 Sic
1600 1764 1688 1800 igitur
1707 1766 1788 1800 patet

1002 1809 1134 1844 primum
1153 1810 1330 1846 principale,
1353 1811 1383 1838 in
1404 1819 1464 1847 quo
1484 1813 1603 1839 notatur
1619 1811 1720 1847 templi
1736 1811 1787 1839 de-

1003 1856 1122 1885 dicatio.

1039 1904 1176 1940 Sequitur
1191 1905 1356 1933 secundum
1372 1905 1547 1942 principale,
1564 1906 1595 1934 in
1610 1914 1670 1942 quo
1693 1907 1787 1943 tangi-

1002 1952 1049 1979 tur
1066 1951 1262 1980 dedicationis
1276 1952 1364 1987 ratio,
1381 1960 1450 1980 cum
1465 1952 1570 1981 dicitur
1587 1962 1593 1981 :
1615 1955 1649 1981 Ut
1660 1962 1786 1989 ponerem

1003 2006 1097 2026 nomen
1111 2006 1208 2033 meum,
1225 2001 1291 2034 etc.,
1308 1999 1339 2027 id
1358 2001 1409 2035 est,
1426 2001 1458 2027 ut
1472 2000 1638 2028 habitarem
1654 2001 1712 2036 ibi,
1730 2004 1783 2029 etc.

1003 2045 1046 2073 Ad
1061 2045 1118 2073 hoc
1135 2046 1214 2073 enim
1230 2046 1384 2075 dedicatur
1399 2047 1537 2080 Ecclesia,
1553 2049 1585 2075 ut
1600 2048 1651 2076 fiat
1662 2048 1711 2076 Dei
1722 2056 1786 2084 spe-

1003 2092 1076 2121 ciale
1091 2092 1308 2121 habitaculum.
1326 2093 1407 2121 Unde
1426 2097 1497 2122 nota
1517 2094 1600 2130 quod
1616 2095 1646 2122 in
1660 2095 1715 2123 ista
1731 2095 1785 2123 do-

1003 2147 1054 2167 mo
1069 2139 1187 2176 triplici,
1200 2140 1352 2176 tripliciter
1365 2140 1511 2176 dedicata,
1524 2141 1636 2169 habitat
1644 2142 1786 2170 Dominus

1003 2186 1166 2222 tripliciter.
1193 2190 1223 2216 111
1242 2188 1340 2223 prima
1363 2188 1442 2216 enim
1464 2189 1556 2217 domo
1572 2190 1716 2218 materiali
1730 2190 1784 2218 ha-

1002 2233 1076 2261 bitat
1092 2234 1233 2262 Dominus
1249 2243 1302 2270 per
1315 2235 1502 2271 corporalem
1517 2237 1715 2272 praesentiam,
1732 2237 1785 2265 sci-

1002 2281 1071 2309 licet
1085 2282 1139 2309 sub
1156 2284 1341 2310 sacramento
1354 2292 1361 2317 3
1378 2282 1409 2310 in
1424 2283 1555 2311 secunda
1571 2292 1624 2319 per
1639 2285 1764 2319 gratiani
1776 2295 1783 2319 3

1002 2328 1033 2356 in
1048 2328 1132 2356 tertia
1142 2336 1195 2364 per
1209 2328 1346 2364 gloriam.

1039 2375 1136 2403 Primo
1153 2375 1230 2409 dico,
1241 2375 1355 2404 habitat
1376 2376 1406 2404 in
1427 2377 1519 2405 domo
1538 2378 1682 2406 materiali
1705 2379 1785 2406 dedi-

1004 2425 1071 2450 cata
1086 2430 1140 2458 per
1165 2423 1355 2459 corporalem
1374 2424 1572 2459 praesentiam,
1594 2426 1703 2453 scilicet
1728 2427 1784 2454 sub

1002 2471 1196 2497 sacramento.
1214 2470 1295 2497 Unde
1307 2469 1346 2497 ²⁵:
1362 2480 1375 2496 «
1392 2472 1463 2499 Ecce
1479 2479 1536 2506 ego
1552 2471 1707 2500 vobiscum
1718 2481 1785 2500 sum

1003 2516 1143 2544 omnibus
1167 2516 1273 2545 diebus
1302 2525 1396 2553 usque
1426 2518 1465 2545 ad
1496 2519 1785 2547 consummationem

1004 2612 1113 2635 Lxxxui,
1133 2608 1169 2635 11,
1190 2608 1258 2630 12.—
1274 2607 1291 2622 ¹7
1308 2606 1479 2637 Sap.‚1x,15.
1495 2607 1709 2639 —¹³1J0(t71.,1„
1729 2612 1785 2633 S.—

1009 2642 1026 2657 ¹³
1039 2642 1182 2671 P1·ov..xx,
1196 2644 1218 2666 9.
1233 2655 1264 2659 -
1279 2642 1298 2657 '¹⁰
1314 2643 1372 2671 Im„
1396 2647 1490 2671 xxxui,
1507 2644 1544 2667 24.
1562 2656 1590 2660 —
1607 2644 1625 2660 ²1
1642 2644 1744 2675 Ephex„
1761 2652 1783 2676 x,

1003 2678 1087 2700 1η.-
1103 2677 1123 2693 2²
1134 2677 1218 2707 Apoc.‚
1237 2683 1293 2707 xxl,
1309 2678 1332 2700 4.
1347 2690 1377 2695 —
1392 2677 1411 2693 ²³
1426 2678 1528 2708 Mami„
1545 2685 1639 2709 xxviii,
1654 2681 1692 2704 241.

1033 2722 1068 2752 (a)
1088 2722 1148 2745 Coet.
1163 2722 1223 2745 edit.
1240 2722 1388 2752 pastoforia.
1406 2735 1434 2739 —
1451 2722 1484 2752 (Ιι)
1503 2723 1562 2746 Item
1578 2724 1740 2749 dirimuntur.
1755 2738 1784 2742 -—

1003 2758 1032 2788 (ις)
1050 2759 1109 2781 [lem
1127 2758 1247 2781 l'suluius.
1266 2771 1291 2774 —
1310 2757 1345 2788 (al)
1358 2759 1417 2781 Item
1432 2764 1500 2788 quw.

1643 2809 1662 2833 9
