2029 3052
640 170 690 202 DE
713 168 793 202 UNO
815 168 847 200 S.
872 166 1136 200 CONFESSORE.
1161 165 1293 199 SERMO
1315 166 1353 199 V.
1768 167 1806 195 75

188 237 249 267 xit:
266 248 280 264 «
294 239 398 268 Beatus
413 246 454 274 es,
470 237 580 274 Arseni,
597 237 648 274 qui
665 238 692 266 te
710 237 742 265 in
761 237 818 265 hac
833 235 894 264 vita
912 235 966 263 sse-

188 285 265 321 visti,
285 287 317 314 ut
338 294 400 314 non
421 285 506 314 fleres
527 285 558 313 in
580 284 648 313 alia.
678 296 691 310 »
715 282 901 321 Impossibile
924 284 966 310 est

187 332 267 361 enim
285 333 372 361 nobis
390 332 438 361 hic
456 332 563 367 ridere,
584 332 612 360 et
631 331 673 359 ibi
695 339 756 360 non
778 330 858 359 flere.
882 329 965 358 Unde

187 379 328 408 Dominus
342 379 352 396 ¹
368 388 374 408 :
393 389 407 406 «
422 379 499 408 Beati
510 379 561 415 qui
581 379 697 415 lugetis,
709 379 781 414 quia
792 376 935 405 ridebitis.
948 386 961 402 »

185 428 218 455 Et
233 436 240 456 :
260 437 274 454 «
288 429 336 455 Vae
345 426 431 455 vobis
444 426 496 463 qui
509 426 620 460 ridetis,
637 425 708 462 quia
722 425 840 453 flebitis.
855 433 867 450 ι)
882 423 964 451 Unde

185 473 327 503 Macarius
348 473 467 502 dicebat
484 472 623 501 fratribus
641 482 647 500 :
667 482 681 498 «
701 472 870 500 Producant
886 470 965 499 oculi

183 521 272 549 vestri
286 521 445 558 lacrymas,
462 522 623 558 antequam
638 521 708 549 illuc
726 520 894 555 veniamus,
911 518 964 547 ubi

183 567 322 605 lacrymae
345 570 452 596 nostrae
466 570 567 596 nostra
590 576 718 605 corpora
742 567 960 596 comburunt.»

183 615 297 649 Quanto
310 615 437 652 quisque
451 615 579 643 sanctior
592 616 644 650 est,
658 617 686 643 et
697 616 798 643 sancto
812 613 964 642 desiderio

182 663 310 700 plenior,
320 664 402 691 tanto
418 665 459 691 est
473 662 503 691 in
517 663 632 691 orando
648 663 711 698 ejus
726 663 812 691 fletus
827 661 960 690 uberior.

219 710 366 745 Secundo,
386 710 481 738 oratio
504 710 593 738 debet
614 718 676 738 esse
700 711 822 744 secreta,
845 710 876 737 ut
902 716 964 736 non

183 760 294 795 quaerat
304 765 393 786 orans
404 757 524 785 laudem
540 757 714 792 humanam,
725 757 778 785 sed
793 757 907 785 tantum
921 755 966 783 di-

182 805 293 833 vinam.
314 806 346 833 ln
360 804 444 840 cujus
465 804 636 841 exemplum
649 825 658 839 ,
678 805 710 832 ut
729 803 893 837 habetur-⁶³,
911 804 964 831 Do—

184 852 292 887 minus,
311 851 413 880 relicta
427 851 526 886 turba,
542 851 674 879 ascendit
690 850 721 878 in
736 853 869 879 montem
884 850 965 878 solus

184 907 268 927 orare
275 908 284 934 3
301 898 443 927 Dominus
451 898 541 934 enim,
551 900 582 926 ut
595 898 751 934 Gregorius
763 897 857 932 dicit³‚
869 907 882 922 «
891 897 964 925 dum

183 945 298 982 aliquid
319 945 423 974 tacitus
440 945 578 980 faciebat,
595 945 667 982 quid
685 945 773 973 nobis
792 944 963 972 faciendum

184 994 268 1028 esset,
285 993 469 1021 ostendebat.
486 1002 498 1019 n
523 992 598 1026 Quia
618 992 715 1020 omnis
737 992 800 1027 ejus
815 991 906 1025 actio,
923 993 965 1020 est

184 1042 283 1068 nostra
298 1040 460 1068 instructio.
477 1041 540 1068 Haec
556 1041 598 1067 est
612 1039 691 1067 enim
708 1039 854 1073 doctrina,
871 1046 963 1075 quam

184 1087 304 1115 tradidit
322 1087 500 1123 Apostolis⁴:
521 1096 534 1113 «
547 1088 620 1114 Cum
629 1086 728 1121 oratis,
744 1094 806 1113 non
821 1086 910 1119 eritis,
927 1085 964 1113 si-

184 1137 232 1162 cut
246 1134 419 1171 hypocritae,
435 1134 546 1168 tristes,
567 1134 619 1170 qui
640 1135 741 1161 amant
756 1133 785 1160 in
801 1133 964 1169 synagogis

184 1183 212 1209 et
234 1182 265 1209 in
289 1181 407 1217 angulis
426 1181 591 1218 platearum
613 1182 720 1208 stantes
736 1188 842 1214 orare,
864 1182 896 1208 ut
920 1180 964 1207 vi-

183 1229 309 1257 deantur
327 1229 365 1257 ab
381 1229 563 1256 hominibus.
580 1230 673 1256 Amen
691 1228 758 1255 dico
772 1227 867 1262 vobis,
883 1235 964 1255 rece-

181 1278 290 1313 perunt
302 1275 472 1304 mercedem
487 1283 580 1303 suam.
598 1277 638 1302 Tu
651 1277 762 1308 autem,
779 1283 846 1302 cum
862 1282 965 1302 orave-

182 1323 232 1358 ris,
252 1323 329 1351 intra
349 1323 379 1350 in
404 1322 576 1350 cubiculum
598 1324 693 1357 tuum,
718 1323 745 1349 et
770 1322 871 1349 clauso
888 1322 962 1350 ostio

184 1379 236 1399 ora
251 1372 365 1398 Patrem
379 1371 463 1398 tuum
481 1369 511 1397 in
525 1369 716 1404 abscondit03
734 1371 762 1397 et
779 1371 861 1398 Pater
883 1370 964 1404 tuus,

184 1417 236 1454 qui
256 1417 337 1445 videt
358 1417 388 1444 in
410 1416 596 1451 abscondito,
620 1416 725 1444 reddet
747 1415 809 1443 tibi.
833 1426 846 1442 >2
861 1418 965 1444 Exem-

183 1464 267 1500 plum
281 1464 388 1498 Tobiae,
405 1464 457 1500 qui
473 1471 558 1491 orare
573 1463 694 1498 volens,
718 1463 771 1490 ivit
783 1463 813 1490 in
828 1463 964 1499 superius

184 1511 356 1539 cubiculum
376 1510 484 1538 domus
499 1519 558 1538 suae
574 1511 597 1544 5,
617 1512 648 1537 ut
668 1509 761 1537 videri
778 1518 837 1537 non
852 1512 961 1546 posset.

183 1558 328 1594 Superbia
349 1558 438 1592 enim,
461 1559 488 1585 et
512 1557 650 1584 humanae
670 1556 773 1592 gloriae
798 1557 963 1593 appetitus,

182 1605 320 1633 meritum
331 1604 407 1632 tollit
422 1604 577 1638 orationis,
590 1606 617 1631 et
631 1604 784 1631 hominem
801 1603 906 1632 cadere
919 1604 963 1632 sa-

183 1653 229 1681 cit.
246 1654 319 1681 Nam
337 1654 365 1680 et
379 1651 503 1688 quidam
522 1652 576 1679 fuit
595 1652 726 1685 Sanetus,
750 1651 802 1687 qui
822 1651 862 1679 ob
877 1652 964 1679 meri-

183 1703 244 1728 tum
260 1699 401 1728 orationis
417 1699 455 1727 ad
469 1701 583 1727 tantum
605 1699 724 1727 culmen
748 1699 847 1735 gratiae
862 1707 964 1736 perve-

182 1748 234 1782 nit,
248 1747 331 1784 quod
342 1747 378 1774 de
388 1746 462 1774 coelo
474 1746 644 1774 mittebatur
653 1746 709 1774 sibi
720 1747 854 1783 quotidie
866 1747 962 1783 panis,

183 1803 243 1831 quo
255 1794 443 1822 reficiebatur
453 1793 610 1830 paululum
622 1796 689 1829 post
699 1793 878 1829 orationem3
889 1803 965 1822 sem-

183 1849 236 1877 per
253 1841 343 1875 enim,
359 1841 432 1868 dum
448 1840 613 1868 orationem
628 1841 840 1876 compleverat,
858 1841 964 1869 cellum

184 1888 321 1922 intrabat,
343 1890 369 1915 et
388 1895 496 1923 panem
516 1887 571 1914 sibi
596 1887 782 1915 albissimum
799 1890 826 1916 ct
840 1889 964 1924 sapidis-

184 1935 291 1962 simum
303 1936 440 1971 paratum
452 1934 630 1968 inveniebat,
645 1942 732 1969 quem
745 1934 851 1962 devote
867 1943 964 1963 comc-

184 1981 282 2009 debat.
301 1982 458 2017 Postquam
475 1983 573 2008 autem
586 1984 715 2008 mentem
730 1982 869 2017 superbia
881 1982 965 2010 inva-

183 2028 233 2062 sit,
254 2030 285 2056 ut
308 2028 423 2056 donum
446 2027 495 2056 Dei
520 2028 580 2055 suis
601 2029 806 2064 appropriaret
833 2030 963 2065 meritis,

183 2084 254 2104 mox
269 2075 464 2112 permissione
478 2074 580 2103 divina
590 2075 710 2111 pulsare
727 2084 796 2104 eum
811 2077 963 2112 cogitatio-

183 2123 271 2150 nibus
290 2122 452 2150 immundis
476 2122 614 2150 diabolus
635 2123 736 2158 coepit3
764 2132 892 2160 cumque
906 2125 963 2153 sibi

184 2177 268 2197 orare
291 2177 353 2197 non
373 2171 498 2205 saperet,
521 2170 549 2196 et
574 2170 726 2205 circajam
747 2171 877 2199 carnalia
897 2172 962 2200 ani-

182 2225 266 2244 mum
281 2216 423 2251 volveret,
444 2219 471 2245 et
487 2217 522 2252 (a)
537 2219 604 2253 post
619 2218 784 2245 orationem
798 2218 904 2246 cellam
919 2219 962 2246 in-

183 2263 279 2298 travit,
297 2271 406 2299 panem
420 2264 532 2292 invenit
546 2266 699 2299 paratum,
715 2267 742 2292 et
759 2267 851 2292 totum
866 2265 962 2292 sordi-

183 2311 256 2338 dum
267 2312 294 2338 et
307 2310 457 2344 infectum,
474 2312 559 2346 quasi
578 2319 595 2339 a
610 2312 796 2347 serpentibus
812 2314 887 2339 esset
901 2321 964 2340 cor-

182 2366 276 2385 rosus.
303 2358 435 2392 Cumque
455 2357 511 2384 hoc
533 2358 650 2393 signum
670 2358 779 2394 pluries
793 2359 961 2395 invenisset,

183 2406 378 2441 compunctus
389 2404 479 2432 corde
492 2412 552 2432 non
565 2406 621 2438 est3
639 2406 691 2432 sed
704 2405 876 2442 desperans,
888 2408 963 2436 cella

184 2451 315 2486 dimissa,
326 2450 365 2479 ad
381 2450 528 2478 mundum
539 2451 665 2478 redibat.
677 2453 809 2488 Cumque
819 2454 857 2481 ad
868 2455 962 2490 quod-

185 2498 254 2526 dam
277 2497 492 2526 monasterium
518 2498 796 2534 appropinquasset,
826 2501 868 2529 illi
899 2502 962 2537 ejus

218 2573 308 2602 'Luc.‚
325 2578 358 2602 vl,
375 2574 415 2602 21,
430 2573 469 2596 25.
485 2585 516 2589 --
530 2572 538 2586 ²
553 2572 654 2601 Mallh„
674 2579 726 2604 XIv,
746 2576 783 2598 23,
802 2589 830 2593 -
851 2576 860 2592 ³
875 2576 962 2608 Greg,

186 2608 265 2637 Dial„
284 2608 327 2632 lib.
348 2608 372 2638 l,
395 2615 417 2631 c.
437 2613 472 2631 tx.
492 2621 521 2625 —
543 2608 551 2624 '⁴
576 2608 676 2636 alatae,
698 2615 738 2639 vl,
757 2611 808 2635 5-6.
826 2624 855 2628 —
870 2612 878 2625 ⁵
898 2611 962 2641 Tob.,

187 2649 229 2675 111,
247 2646 284 2670 10.
302 2658 327 2662 —
342 2645 351 2661 ⁶
366 2645 432 2676 Luc„
453 2649 489 2675 xl,
509 2646 529 2668 1.
546 2658 575 2662 -
594 2646 600 2658 ⁷
615 2645 688 2675 thid„
704 2647 753 2671 5-8.
774 2660 803 2664 —
820 2649 827 2662 ¹
845 2648 918 2679 thid,
938 2652 961 2673 U.

1023 234 1186 263 adventum
1200 233 1397 271 praescientes,
1413 233 1439 262 ei
1455 235 1600 270 tanquam
1621 231 1806 260 sanctissimo

1023 282 1099 311 Patri
1119 290 1224 311 omnes
1248 282 1370 311 obviam
1389 282 1619 318 processerunt:
1640 283 1702 308 erat
1725 278 1806 307 enim

1023 329 1238 358 famosissimus
1254 329 1335 366 apud
1351 337 1464 358 omneS.
1481 329 1574 363 Quem
1596 335 1676 362 cum,
1693 327 1806 363 quanto

1023 377 1130 404 melius
1149 379 1297 413 poterant,
1318 376 1496 410 refecissent,
1519 375 1646 403 verbum
1666 373 1806 401 admoni-

1022 423 1110 451 tionis
1124 424 1311 460 postularunt
1326 424 1364 452 ab
1380 431 1427 452 eo.
1444 424 1578 459 Cumque
1599 421 1710 458 optime
1731 429 1806 457 prae-

1023 470 1157 505 dicasset,
1171 471 1210 499 ad
1221 479 1251 499 se
1260 479 1394 500 reversus
1407 470 1470 505 fuit,
1484 471 1512 498 et
1527 469 1566 497 ait
1581 478 1587 497 :
1606 468 1715 503 «Quod
1730 468 1806 496 alios

1023 517 1123 553 doces,
1140 518 1265 554 teipsum
1280 526 1341 546 non
1356 517 1446 546 doces
1456 519 1489 545 Ὗ»
1507 516 1611 544 Divina
1623 523 1695 551 ergo
1710 515 1806 550 gratia

1022 566 1124 599 tactus,
1147 565 1324 593 valefaciens
1345 564 1496 598 fratribus,
1521 563 1559 591 ad
1581 562 1688 591 cellam
1701 561 1806 596 rediit,

1022 613 1050 639 et
1068 612 1182 640 tamdiu
1198 612 1337 648 ploravit,
1360 620 1518 649 quousque
1534 620 1551 640 a
1564 613 1622 639 Deo
1640 610 1807 639 misericor-

1022 658 1104 687 diam
1118 659 1296 696 impetravit.

1058 707 1163 742 Tertio,
1181 706 1276 735 oratio
1297 707 1387 735 debet
1401 714 1463 735 esse
1482 706 1664 743 importuna,
1686 707 1718 734 ut
1741 705 1806 742 ipsa

1021 754 1114 782 nimia
1128 754 1349 790 importunitas,
1368 754 1451 790 quod
1465 753 1547 791 petit,
1564 753 1706 789 accipiat3
1733 760 1803 780 nam

1021 803 1049 829 et
1063 801 1125 838 ipse
1142 801 1282 829 Dominus
1298 801 1385 830 docet
1405 801 1503 829 multis
1523 799 1666 836 exemplis
1682 799 1723 827 sic
1748 799 1804 827 im-

1021 850 1148 885 portune
1170 857 1233 877 esse
1258 849 1418 877 orandum.
1442 848 1539 883 Unde,
1568 855 1636 875 cum
1666 846 1805 882 discipuli

1021 897 1146 925 Domino
1161 897 1310 925 dicerent⁴³
1327 906 1334 924 :
1352 908 1364 922 (t
1381 898 1456 924 Doce
1472 904 1526 924 nos
1541 903 1646 930 orare;
1665 905 1678 921 >³
1692 896 1719 923 et
1734 903 1804 922 eum

1021 943 1088 971 illos
1116 944 1300 972 Dominicam
1324 944 1491 972 orationem
1516 943 1673 977 docuisset,
1687 941 1806 970 addidit

1021 990 1063 1018 ibi
1079 992 1089 1008 ⁷
1105 1000 1111 1018 :
1131 991 1227 1025 «Quis
1248 993 1380 1019 vestrum
1395 990 1526 1018 amicum
1548 989 1682 1023 habebit,
1703 991 1731 1016 et
1750 987 1806 1016 ibit

1021 1037 1061 1065 ad
1076 1038 1162 1066 illum
1177 1038 1207 1066 in
1223 1038 1324 1066 media
1340 1039 1426 1065 nocte
1443 1037 1545 1065 dicens
1559 1047 1566 1064 :
1593 1036 1704 1071 Amice,
1723 1043 1805 1063 com-

1021 1085 1113 1112 moda
1125 1085 1198 1112 mihi
1214 1087 1270 1113 tres
1286 1093 1394 1121 panes3
1410 1095 1423 1111 »
1446 1092 1540 1120 usque
1556 1083 1598 1111 ibi
1621 1093 1628 1111 ι
1647 1093 1660 1109 11
1670 1084 1701 1111 Et
1716 1082 1740 1110 si
1754 1082 1805 1110 ille

1020 1132 1253 1167 perseveraverit
1271 1132 1402 1168 pulsans,
1428 1131 1496 1159 dico
1524 1130 1622 1164 vobis,
1645 1131 1672 1157 et
1698 1129 1721 1157 si
1742 1137 1805 1157 non

1022 1179 1155 1206 dabitilli
1166 1187 1291 1215 surgens
1305 1187 1340 1207 eo
1358 1180 1441 1215 quod
1453 1179 1566 1206 amicus
1578 1178 1642 1213 ejus
1650 1177 1696 1211 sit,
1712 1185 1805 1213 prop—

1022 1228 1063 1253 ter
1074 1228 1172 1254 tamen
1187 1226 1409 1262 improbitatem
1424 1226 1487 1261 ejus
1503 1227 1612 1260 surget,
1630 1226 1658 1252 et
1679 1224 1763 1251 dabit
1778 1223 1803 1251 ei

1022 1275 1171 1309 quotquot
1184 1273 1275 1301 habet
1298 1273 1478 1301 necessarios
1489 1273 1502 1300 Τ
1524 1283 1537 1299 »
1563 1274 1594 1300 Et
1607 1270 1779 1300 0011011111118
1796 1279 1803 1297 z

1023 1330 1036 1345 «
1052 1322 1084 1348 Et
1099 1329 1153 1348 vos
1167 1320 1267 1356 petite,
1283 1321 1355 1357 quia
1374 1320 1523 1356 accipietis
1541 1329 1547 1347 z
1565 1319 1698 1356 quaerite,
1716 1320 1744 1346 et
1758 1318 1804 1346 in-

1020 1368 1157 1403 venietis;
1178 1369 1303 1405 pulsate,
1320 1371 1347 1396 et
1368 1369 1516 1404 aperietur
1530 1368 1627 1396 vobis.
1646 1378 1657 1392 »
1677 1368 1709 1395 In
1724 1374 1802 1403 quo-

1020 1423 1087 1443 rum
1103 1416 1300 1444 occultatione
1311 1416 1473 1444 verborum
1488 1414 1743 1451 importunitatem
1753 1421 1803 1441 va-

1020 1462 1080 1490 1010
1090 1463 1232 1490 ostendit.
1256 1463 1336 1491 Unde
1360 1463 1531 1499 exemplum
1549 1462 1632 1490 aliud
1654 1461 1737 1498 ponit
1758 1461 1803 1488 di—

1021 1517 1090 1536 cens
1104 1510 1130 1544 ⁹,
1148 1510 1232 1546 quod
1255 1512 1338 1538 «erat
1362 1510 1455 1546 judex
1479 1509 1615 1545 quidam,
1632 1509 1684 1545 qui
1711 1510 1803 1536 Deum

1020 1565 1082 1585 non
1098 1558 1229 1592 timebat,
1252 1560 1279 1585 et
1298 1558 1452 1586 hominem
1472 1566 1533 1585 non
1556 1557 1746 1585 reverebatur
1763 1566 1769 1583 :
1787 1568 1800 1581 η

1021 1613 1150 1641 cumque
1165 1606 1304 1641 quaedam
1319 1605 1411 1633 vidua
1434 1605 1472 1633 ab
1489 1613 1524 1633 eo
1545 1606 1671 1641 peteret,
1691 1607 1722 1632 ut
1736 1613 1803 1633 eam

1020 1652 1184 1680 vindicaret
1199 1653 1236 1680 de
1251 1652 1423 1680 adversario
1444 1661 1509 1686 suo,
1531 1654 1558 1680 et
1572 1652 1615 1680 illi
1630 1661 1691 1680 non
1710 1655 1803 1681 atten-

1021 1699 1103 1727 deret
1109 1709 1117 1735 ;
1134 1699 1207 1727 dum
1222 1699 1329 1727 mulier
1348 1708 1409 1727 non
1429 1701 1564 1733 cessaret,
1587 1700 1641 1728 sed
1655 1701 1802 1728 incessan-

1019 1748 1063 1774 ter
1088 1755 1157 1774 eum
1182 1747 1336 1782 affligeret,
1364 1747 1413 1775 illc
1438 1747 1515 1775 intra
1534 1755 1564 1775 se
1584 1747 1655 1775 1111ιο
1673 1756 1679 1775 :
1703 1748 1801 1776 «Etsi

1021 1795 1112 1821 Deum
1129 1802 1190 1821 non
1212 1794 1313 1829 timeo,
1337 1796 1364 1822 et
1384 1794 1538 1822 hominem
1557 1803 1618 1822 non
1641 1802 1800 1822 revereor:

1020 1841 1091 1876 quia
1106 1843 1207 1868 tamen
1223 1842 1295 1869 mihi
1311 1841 1433 1869 molesta
1450 1844 1492 1869 est
1507 1841 1623 1876 mulier,
1640 1841 1802 1869 vindicabo

1020 1895 1095 1915 eam.
1114 1898 1126 1913 »
1147 1890 1178 1916 Et
1193 1888 1344 1916 concludit
1362 1888 1463 1916 dicens
1475 1889 1493 1907 ¹¹
1511 1898 1516 1916 :
1537 1899 1549 1914 «
1565 1889 1591 1916 Si
1608 1889 1664 1916 1100
1679 1888 1745 1916 fecit
1757 1889 1803 1924 ju-

1021 1934 1078 1961 dex
1093 1934 1266 1970 iniquitatis,
1290 1935 1430 1963 Dominus
1451 1944 1513 1963 non
1537 1935 1676 1963 exaudiet
1699 1944 1802 1963 servos

1019 1989 1088 2009 51105
1108 1982 1270 2009 clamantes
1293 1982 1332 2010 ad
1354 1983 1405 2009 se?
1420 1992 1432 2009 >³
1457 1982 1542 2018 quasi
1558 1982 1658 2010 dicat:
1685 1984 1802 2010 Certum

1020 2031 1061 2056 est
1077 2029 1315 2064 quodexaudiet.
1330 2029 1414 2063 Quia,
1427 2029 1502 2057 sicut
1516 2029 1587 2057 dicit
1599 2030 1757 2065 Gregorius
1766 2029 1799 2057 ¹²:

1022 2076 1095 2109 «Qui
1111 2084 1165 2104 nos
1181 2076 1220 2104 ad
1232 2076 1395 2112 petendum
1411 2076 1524 2111 invitat,
1541 2077 1643 2113 utique
1661 2077 1732 2104 dare
1749 2077 1800 2104 de-

1018 2124 1128 2152 siderat
1145 2134 1150 2152 :
1175 2125 1198 2152 si
1214 2125 1293 2152 enim
1309 2125 1379 2152 <lare
1396 2134 1455 2153 non
1468 2125 1575 2159 vellet,
1592 2125 1747 2161 quomodo
1759 2125 1800 2153 sic

1018 2171 1159 2199 instanter
1178 2171 1216 2199 ad
1235 2172 1398 2208 petendum
1418 2172 1577 2200 invitaret?
1598 2183 1611 2198 »
1637 2173 1724 2208 Apud
1744 2181 1800 2200 nos

1019 2218 1098 2246 enim
1113 2219 1307 2254 proverbium
1327 2221 1377 2253 est,
1401 2219 1484 2255 quod
1508 2219 1696 2255 importunus
1711 2219 1801 2247 vincit

1019 2273 1152 2299 avarum,
1179 2267 1207 2292 et
1225 2265 1249 2292 si
1273 2273 1408 2300 avarum,
1433 2266 1485 2302 qui
1505 2274 1566 2294 non
1586 2266 1712 2294 libenter
1732 2266 1799 2301 dat,

1019 2313 1130 2347 quanto
1146 2312 1250 2339 fortius
1268 2314 1368 2347 Deum,
1384 2313 1433 2348 qui
1448 2313 1486 2341 ad
1502 2313 1666 2349 petendum
1681 2314 1798 2341 invitat!

1018 2359 1193 2394 Exemplum
1209 2359 1246 2386 de
1262 2360 1428 2388 Chananaea
1445 2361 1475 2394 ¹³,
1493 2359 1539 2387 cui
1554 2361 1663 2396 petenti
1682 2360 1799 2387 miseri-

1019 2405 1152 2433 cordiam
1170 2406 1310 2434 Dominus
1329 2415 1390 2434 non
1412 2407 1628 2443 respondebat,·
1653 2407 1705 2434 sed
1730 2407 1800 2443 quia

1018 2454 1117 2488 petere
1125 2461 1186 2481 non
1196 2455 1330 2490 cessavit,
1339 2455 1391 2483 sed
1401 2456 1568 2491 importune
1579 2455 1689 2490 institit,
1699 2464 1800 2489 omne,

1018 2501 1102 2537 quod
1127 2502 1238 2538 voluit,
1266 2503 1444 2540 impetravit.
1474 2504 1517 2531 Ad
1544 2504 1600 2531 hoc
1626 2503 1800 2531 membrum

1018 2583 1049 2587 —-
1064 2571 1072 2583 υ
1089 2570 1162 2601 ibid„
1183 2577 1263 2601 XV111‚
1283 2573 1306 2595 2.
1321 2585 1350 2589 -
1371 2573 1389 2588 1⁰
1405 2572 1480 2602 ibid„
1502 2573 1542 2595 1-5
1572 2585 1602 2589 -
1619 2572 1637 2588 ²1
1658 2572 1732 2602 ihm„
1749 2573 1798 2601 6-1;

1019 2606 1103 2636 quoad
1118 2608 1307 2631 5011511111.---12
1324 2608 1398 2638 Greg.
1413 2621 1441 2625 —
1460 2608 1475 2622 ¹³
1489 2608 1590 2638 Meum„
1604 2613 1646 2639 XV,
1662 2610 1691 2632 22
1704 2610 1729 2632 et
1744 2615 1797 2639 seq.

1052 2648 1085 2679 (a)
1104 2649 1161 2673 Del.
1181 2651 1213 2673 et.
