2029 3052
876 211 1015 246 LECTIO
1036 213 1089 246 vt.

179 281 207 310 et
220 280 334 309 malum
348 279 390 309 eis
404 279 573 309 consulunt.
590 279 661 308 ltem
674 278 715 308 ad
730 279 888 308 Dominum
902 279 958 308 tria

178 327 272 356 verba
285 326 390 356 habuit
403 326 502 356 Maria.
518 325 586 355 Plus
601 333 671 362 ergo
685 333 753 354 cum
770 327 844 361 Deo,
866 333 959 362 quam

179 383 247 404 cum
263 374 387 411 angelo,
402 373 450 402 vel
463 381 530 402 cum
545 372 667 401 homine
682 372 782 401 locuta
796 375 838 401 est
851 373 958 408 Maria,

180 430 216 451 ex
231 429 292 459 quo
307 421 354 450 bis
366 419 473 457 angelo
483 440 492 455 ,
506 419 553 448 bis
567 419 682 448 homini
691 440 701 455 ,
720 421 764 448 ter
784 420 884 448 autem
901 420 959 448 Deo

179 470 279 498 locuta
301 470 352 497 est.
377 470 452 503 Heu,
477 468 553 502 heu,
579 469 681 496 contra
696 467 817 500 multos,
833 466 885 503 qui
898 468 960 495 tam

178 524 286 552 parum
302 524 370 544 cum
385 517 443 544 Deo
455 515 487 543 in
501 514 698 549 orationibus,
714 515 741 542 ct
755 515 816 542 tam
829 513 957 542 multum

179 570 249 591 cum
275 562 449 590 hominibus
476 562 639 598 loquuntur
665 561 695 589 111
726 561 961 589 fabulationibus

179 609 333 638 inutilibus
349 611 377 637 et
390 617 467 646 soepe
482 609 571 637 valde
589 609 714 637 nocivis,
735 609 843 637 Habuit
862 609 961 637 autem

179 657 267 685 Maria
281 657 321 685 ad
335 658 427 685 Deum
441 656 567 684 verbum
583 655 804 692 gratulativum,
822 655 961 692 querula-

180 704 293 739 tivum,
306 706 334 732 et
349 704 568 740 compassivum
585 713 591 731 :
608 704 831 739 gratulativum,
843 712 899 740 pro
915 704 961 731 sui

181 751 367 787 respectione
374 761 384 787 ,-
405 750 636 787 querulativum,
651 759 707 787 pro
717 750 772 778 filii
784 751 944 779 amissione
950 760 959 786 3

180 798 420 833 compassivum,
443 805 498 834 pro
528 797 591 825 vini
622 797 798 825 defectione.
832 797 961 825 Verbum

180 844 384 880 gratulationis
407 844 497 873 Maria
521 845 560 873 ad
586 846 678 872 Deum
691 844 798 872 habuit
813 844 843 872 in
857 844 961 878 labiis,

180 891 304 928 quando
331 899 386 927 pro
417 899 452 919 eo
479 891 563 927 quod
591 891 733 919 Dominus
763 891 961 919 humilitatem

180 946 264 967 suam
288 938 438 975 respexit,
465 938 562 966 dixit¹
582 947 588 965 τ
608 939 769 974 Maqnificat
790 940 884 966 anima
903 946 962 965 mea

183 987 335 1013 Dominum.
359 980 482 1014 uoc'est
503 987 606 1013 contra
629 985 778 1021 ingratos,
801 985 868 1021 qui,
883 985 961 1018 heu,

179 1040 234 1068 pro
250 1032 349 1060 multis
364 1034 392 1060 et
406 1032 523 1068 magnis
539 1032 690 1060 beneficiis
704 1039 812 1068 parvas
824 1033 882 1060 Deo
898 1040 963 1067 gra-

182 1079 236 1107 tias
251 1081 352 1115 agunt,
369 1081 396 1107 et
410 1079 593 1115 quandoque
609 1087 662 1115 per
675 1079 739 1114 ipsa
753 1079 801 1107 Dei
816 1078 963 1106 beneficia

182 1129 284 1154 contra
300 1128 391 1154 Deum
413 1126 604 1154 insolescunt.
631 1125 760 1153 Verbum
781 1125 963 1161 querulatio-

179 1173 225 1201 nis
249 1173 338 1201 Maria
358 1173 398 1201 ad
417 1175 510 1201 Deum
532 1173 637 1200 habuit
660 1173 691 1200 111
712 1172 815 1206 labiis,
839 1172 962 1208 quando

180 1220 269 1254 Filio,
293 1228 347 1256 per
368 1220 502 1248 triduum
517 1219 644 1254 amisso,
661 1218 735 1247 dixit
749 1221 760 1236 ²
777 1228 783 1246 :
800 1220 873 1254 Fili,
895 1219 964 1254 quid

179 1268 272 1301 fecisti
286 1267 363 1294 nobis
377 1268 440 1294 sic‘?
456 1267 588 1302 sequitur
603 1276 609 1294 2
632 1267 714 1293 Pater
740 1268 803 1293 tuus
816 1267 841 1293 et
854 1273 899 1301 eqo
915 1266 964 1293 do-

180 1314 262 1341 lentes
277 1314 459 1349 quaerebamus
473 1316 506 1340 te.
529 1315 588 1341 Hoc
608 1314 651 1340 est
666 1313 769 1340 contra
789 1312 962 1346 indevotos,

180 1360 232 1397 qui
247 1369 315 1389 cum
330 1360 435 1388 dolore
447 1361 547 1388 Jesum
571 1368 632 1387 non
655 1360 812 1395 quaerunt,
840 1359 963 1395 quando

179 1407 278 1444 ipsum
293 1416 346 1443 per
361 1407 591 1436 subtractionem
608 1407 775 1434 devotionis
788 1414 841 1442 per
854 1407 964 1434 multos

181 1454 244 1482 dles
259 1454 430 1482 amiserunt.
444 1454 574 1482 Verbum
588 1453 803 1489 compassionis
818 1453 857 1481 ad
872 1455 965 1481 Deum

180 1501 285 1529 habuit
299 1501 404 1535 Maria,
430 1501 553 1537 quando
576 1500 606 1528 in
629 1500 739 1536 nuptiis
754 1500 826 1528 Filio
842 1500 916 1528 dixit
929 1500 939 1516 ³
955 1509 961 1527 :

185 1549 285 1576 Vinum
302 1556 355 1575 non
369 1548 474 1575 habent.
499 1549 558 1575 Hoc
575 1550 617 1575 est
631 1549 733 1575 contra
756 1547 965 1575 immisericor-

182 1594 251 1629 des,
276 1602 353 1630 quos
376 1594 505 1622 aliorum
533 1594 665 1622 detectus
688 1594 726 1622 ad
748 1594 886 1630 pietatem
903 1602 965 1621 non

181 1643 317 1676 movent,
340 1649 396 1669 nec
411 1641 493 1677 apud
518 1636 630 1675 Deum,
654 1649 708 1668 nec
729 1641 811 1676 apud
827 1641 965 1668 homines

181 1688 335 1724 proximos
351 1696 420 1716 suos
434 1690 623 1724 promovent.
639 1688 689 1716 Eia
703 1696 799 1722 nunc,
819 1688 965 1716 advocata

184 1736 286 1762 nostra
300 1734 399 1769 Maria,
416 1741 483 1762 ecce
500 1734 598 1762 adhuc
613 1742 732 1762 necesse
748 1736 790 1762 cst
808 1735 911 1768 nobis,
934 1737 966 1763 ut

182 1781 256 1810 Filio
271 1782 322 1809 tuo
338 1789 479 1816 suggeras
494 1789 549 1817 pro
564 1781 666 1816 nobis,
692 1782 838 1817 quoniam
864 1782 965 1810 vinum

182 1836 244 1856 non
258 1828 370 1856 habent
382 1828 467 1855 multi
483 1836 517 1855 cx
534 1828 622 1855 nobis
639 1837 645 1855 :
663 1828 766 1855 vinum
781 1829 882 1864 utique
898 1837 966 1863 gra-

183 1875 229 1902 tiae
262 1875 384 1911 Spiritus
413 1875 502 1902 sancti
515 1896 523 1909 ,
564 1875 667 1901 vinum
707 1876 944 1910 compunctionis
956 1898 963 1910 ,

184 1923 286 1949 vinum
325 1921 493 1949 devotionis
506 1942 515 1955 ,
552 1921 656 1948 vinum
698 1922 858 1957 spiritualis
894 1930 964 1949 cou-

183 1968 347 1996 solutionis.
391 1970 427 1995 De
467 1976 528 2004 quo
566 1968 671 1996 beatus
719 1969 884 1996 heruardus
926 1969 966 1997 sic

183 2015 223 2043 ait
239 2016 249 2032 ²*
279 2024 284 2042 :
318 2025 331 2040 «
347 2015 466 2048 Quoties
491 2015 563 2042 mihi
596 2022 714 2043 necesse
749 2018 809 2049 cst,
840 2015 942 2043 fratres
955 2036 965 2049 ,

183 2064 250 2098 post
271 2061 455 2097 lacrymosas
480 2062 681 2097 querimonias
708 2064 819 2090 vestras
843 2071 966 2090 exorare

185 2110 304 2136 Matrem
319 2108 539 2143 misericordiae,
557 2111 586 2136 ut
603 2111 741 2143 suggerat
752 2109 965 2144 benignissimo

185 2154 256 2182 Filio
274 2163 327 2182 suo
344 2154 487 2190 quoniam
504 2154 607 2182 vinum
620 2163 681 2182 11011
695 2155 823 2183 habetis!
843 2158 872 2183 Et
888 2156 965 2191 ipsa,

185 2200 252 2228 dico
269 2201 368 2235 vobis,
386 2201 566 2235 charissimi,
594 2202 617 2229 si
641 2203 688 2237 pie
705 2211 723 2230 a
743 2202 829 2230 vobis
851 2203 967 2238 pulsata

185 2247 291 2281 suerit,
312 2255 372 2275 non
395 2248 487 2275 deerit
511 2249 673 2276 necessitati
688 2252 807 2284 vestrm,
823 2258 967 2285 quoniam

186 2294 352 2322 misericors·
363 2294 445 2330 esua)
457 2295 665 2323 misericordiae
675 2298 770 2324 Mater.
780 2298 798 2324 N
811 2305 851 2324 1111
859 2297 880 2323 51
888 2305 967 2324 00111-

185 2343 321 2376 passaest
333 2341 518 2368 verecundiae
528 2342 659 2376 1110111111,
672 2351 689 2370 a
701 2343 809 2378 quibus
818 2344 912 2371 suerat
925 2344 967 2371 in-

186 2388 284 2420 vitata,
303 2388 395 2415 multo
419 2388 514 2423 magis
530 2390 725 2424 compatietur
744 2390 847 2424 vobis,
872 2391 895 2418 si
919 2391 966 2426 pie

186 2434 272 2462 fuerit
287 2435 459 2463 invocata.»
478 2436 608 2469 Pensatc,
622 2436 739 2469 11111105,
758 2444 793 2464 ex
809 2438 966 2472 pizedictis,

187 2483 314 2516 quantus
329 2481 443 2509 amicus
462 2482 556 2509 Mariae
577 2483 637 2509 Rex
658 2490 763 2517 regum
778 2483 881 2518 fuerit,
899 2492 966 2511 cum

220 2567 395 2597 ¹Luc.,1,46.
415 2579 443 2584 —-
465 2569 473 2584 ²
491 2568 557 2595 Luc..
581 2574 610 2598 11,
634 2570 671 2591 111.
689 2582 715 2585 --
733 2569 742 2583 2
756 2569 835 2599 101111,
854 2573 910 2600 11,1;
938 2584 968 2588 —-

190 2601 199 2616 Β
220 2602 304 2633 Bern.⁷
328 2603 352 2626 ia
373 2603 471 2627 Domin.
498 2607 516 2628 1.
534 2606 588 2634 pust
607 2606 686 2627 ostiam
708 2604 810 2635 Epz'plz„
835 2612 912 2629 501111.
937 2612 968 2635 11,

189 2643 214 2661 n.
238 2639 258 2661 1.
280 2651 309 2655 -
328 2639 337 2655 ⁵
356 2640 444 2668 Proin,
465 2645 533 2670 xxii,
564 2642 600 2664 11.
619 2653 646 2656 —
665 2640 754 2669 ”1111·.,
775 2647 797 2670 1,
829 2642 914 2665 30412.
938 2655 968 2659 -

190 2676 197 2688 7
213 2673 300 2704 Bcru.‚
314 2674 348 2697 acl
362 2677 453 2698 t'anon.
470 2675 558 2705 Lugii„
574 2676 647 2706 cpist,
660 2682 763 2707 cmxiii,
780 2683 805 2700 11.
818 2679 840 2700 5.
855 2691 879 2694 -
891 2677 969 2702 ὃ1110-

1735 217 1796 247 249

1012 281 1078 317 ipsa
1093 282 1202 310 tantam
1220 282 1346 318 gratiam
1359 281 1510 310 labiorum
1532 281 1680 310 habuerit.
1703 282 1800 319 Scrip-

1014 329 1076 356 tum
1090 329 1201 365 quippe
1217 329 1302 357 estin
1319 329 1468 357 Proverbiis
1485 329 1494 345 ³
1508 338 1516 356 :
1535 328 1589 362 Qui
1602 330 1698 365 diliqz't
1711 330 1800 358 cordis

1014 375 1190 409 munditiam,
1203 378 1314 412 propter
1328 377 1448 411 qratiam
1461 376 1595 404 labiorum
1608 376 1715 404 habebit
1729 378 1798 404 ami-

1015 430 1074 450 cum
1089 430 1187 457 regem.

1050 469 1144 497 Tertio
1159 469 1367 505 considerate:
1376 469 1539 498 charissimi
1551 491 1559 504 ,
1581 469 1611 497 111
1626 469 1716 498 Maria
1731 478 1798 505 gra-

1014 515 1086 544 tiam
1098 516 1337 552 privilegiorum.
1363 518 1400 544 De
1413 516 1468 545 bac
1482 516 1604 553 quidem
1618 517 1714 552 gratia
1728 517 1800 545 dici·

1015 564 1062 590 tur
1077 563 1086 579 ⁶
1103 571 1109 590 ι
1127 564 1259 590 Invenisti
1273 565 1392 598 qratiam
1409 564 1483 598 apud
1500 565 1658 598 Dominum,
1672 572 1728 592 ecce
1743 572 1801 592 con-

1817 476 1841 496 Β.
1853 474 1924 495 Mai-ie

1829 506 1906 527 hebuit

1822 537 1917 564 gratiam

1825 568 1913 596 privile-

1015 610 1099 644 cz'pz‘es
1115 611 1144 637 in
1164 612 1255 644 utero,
1276 613 1299 637 et
1320 611 1412 645 paries
1426 611 1528 644 lilium,
1544 613 1569 638 et
1585 611 1692 638 vocabis
1707 618 1802 639 nomen
1816 600 1912 627 giorum.

1016 656 1072 691 ejus
1086 657 1185 684 Jesum.
1199 658 1252 685 Hic
1264 659 1315 685 erit
1325 666 1450 692 maanus,
1463 661 1488 685 et
1503 659 1593 686 Filius
1607 659 1746 686 Alcissimi
1758 666 1802 686 υο-

1016 704 1133 731 cabitur.
1147 703 1218 732 Vide
1232 704 1387 740 quomodo
1398 704 1527 740 Gabriel,
1540 713 1674 733 asserens
1682 705 1803 734 Mariam

1015 750 1163 779 invenisse
1179 751 1319 786 gratiam,
1336 751 1435 780 statim
1448 751 1584 779 eamdem
1603 752 1729 787 gratiam
1740 760 1804 788 spe-

1017 798 1150 834 cificans,
1174 799 1329 834 subjungit
1349 809 1355 826 :
1377 801 1453 834 Ecce,
1479 799 1592 835 inquit,
1618 801 1752 835 concipies
1774 802 1804 827 iu

1015 847 1102 879 utero,
1119 846 1174 873 etc.
1193 846 1216 874 Ο
1233 854 1323 882 quam
1337 854 1482 881 magnum
1504 847 1530 874 et
1551 846 1692 874 omnibus
1708 854 1804 874 soecu-

1016 891 1052 919 lis
1066 891 1234 920 inauditum
1250 893 1456 928 previlegium,
1469 893 1553 929 quod
1565 893 1650 929 virgo
1666 893 1697 921 in
1718 896 1804 922 utero

1017 939 1169 974 concepit,
1185 940 1213 966 et
1227 939 1334 967 Filium
1346 940 1484 968 Altissimi
1500 940 1630 976 peperit!
1648 942 1805 968 Possumus

1018 987 1116 1013 autem
1139 987 1242 1013 notare
1261 987 1375 1021 septem
1401 987 1560 1022 privilegia
1583 988 1678 1015 Marias
1693 997 1699 1015 :
1715 987 1806 1024 privi-

1015 1032 1138 1067 legium,
1154 1033 1290 1069 inquam,
1306 1033 1462 1061 immensis
1475 1034 1576 1068 gratiis
1592 1043 1653 1062 esse
1668 1035 1804 1071 plenam,

1018 1079 1073 1107 soli
1101 1079 1197 1121 Mariae
1222 1088 1240 1108 a
1263 1081 1321 1108 Deo
1347 1088 1532 1108 concessum.
1560 1081 1690 1109 Primum
1711 1082 1806 1110 Mariae

1018 1126 1207 1162 privilegium
1220 1147 1228 1160 ,
1244 1128 1286 1154 est
1306 1127 1400 1162 quod,
1420 1136 1510 1163 super
1531 1136 1635 1156 omnes
1649 1129 1805 1163 homines,

1019 1173 1057 1200 ab
1082 1174 1164 1200 0111111
1187 1175 1308 1209 peccato
1334 1173 1370 1201 sit
1392 1174 1560 1210 purissima.
1587 1175 1650 1202 Fuit
1675 1183 1806 1211 namque

1019 1222 1078 1247 tam
1104 1220 1307 1255 copiosissime
1332 1221 1360 1248 in
1388 1223 1473 1249 utero
1496 1222 1695 1257 sanctificata,
1724 1222 1807 1258 quod

1020 1267 1109 1294 etiam
1134 1267 1173 1294 ad
1198 1267 1315 1295 veniale
1340 1270 1494 1303 peccatum
1516 1276 1673 1304 nunquam
1693 1269 1724 1296 in
1745 1271 1808 1297 tota

1020 1314 1079 1342 vita
1102 1322 1156 1342 sua
1177 1314 1266 1342 fuisse
1281 1315 1411 1342 creditur
1426 1315 1576 1343 inclinata.
1590 1316 1672 1344 Unde
1685 1318 1807 1344 Bernar-

1020 1359 1076 1388 d'us
1087 1360 1127 1389 ait
1142 1362 1168 1388 ⁷:
1179 1371 1192 1387 (1
1203 1361 1302 1389 Decuit
1315 1362 1458 1397 Reginam
1472 1362 1635 1398 virginum,
1651 1363 1808 1398 singularis

1019 1407 1177 1443 privilegio
1188 1408 1358 1442 sanctitatis,
1369 1409 1536 1437 immunem
1550 1409 1663 1445 absque
1676 1410 1711 1445 (a)
1725 1409 1808 1437 omni

1020 1456 1142 1490 peccato
1156 1454 1264 1482 ducere
1279 1455 1380 1491 vitam,
1397 1464 1464 1492 quae
1479 1456 1552 1483 dum
1566 1456 1677 1492 peccati
1689 1457 1806 1485 mortis-

1021 1508 1079 1536 que
1092 1503 1208 1536 pareret
1223 1505 1457 1538 peremptorem,
1473 1511 1582 1531 munus
1594 1504 1661 1532 vitae
1676 1505 1703 1531 et
1721 1504 1807 1539 justi-

1022 1548 1066 1575 tiae
1082 1548 1222 1577 omnibus
1238 1549 1418 1577 obtineret.»
1446 1550 1617 1578 Secundum
1637 1551 1733 1578 Mariae
1748 1551 1808 1586 pri-

1021 1594 1165 1629 vilegium
1179 1597 1236 1630 est,
1263 1596 1346 1631 quod
1369 1596 1433 1632 ipsa
1449 1604 1538 1632 super
1553 1605 1656 1624 omncs
1670 1597 1808 1625 homines

1020 1641 1075 1668 fuit
1100 1641 1194 1676 gratia
1220 1642 1405 1678 plenissima.
1432 1643 1513 1670 Unde
1547 1643 1744 1680 Hieronymus
1766 1645 1776 1660 ⁸
1801 1654 1807 1672 z

1024 1699 1037 1713 11
1048 1688 1163 1715 Caeteris
1183 1696 1237 1723 per
1251 1691 1349 1724 partes
1372 1692 1542 1725 praestatur,
1570 1691 1666 1718 Mariae
1690 1699 1762 1719 vero
1778 1699 1809 1719 se

1022 1736 1082 1762 tota
1107 1735 1215 1762 infudit
1244 1735 1400 1771 plenitudo
1425 1737 1535 1771 gratiae.
1559 1747 1572 1763 ι)
1590 1739 1621 1765 Et
1646 1738 1716 1766 idco
1731 1738 1808 1766 bene

1021 1782 1125 1809 beatus
1141 1782 1221 1809 idem
1239 1784 1358 1816 Doctor,
1383 1783 1508 1818 gratiam
1529 1785 1623 1812 Mariae
1638 1785 1738 1819 gratiae
1754 1793 1808 1813 an-

1021 1829 1158 1863 gelorum
1172 1829 1337 1863 conferens,
1355 1832 1383 1857 ct
1399 1831 1567 1865 prieferens,
1584 1831 1624 1858 ait
1643 1841 1648 1859 :
1670 1834 1810 1860 «Beatam

1022 1878 1049 1903 et
1063 1876 1226 1911 gloriosam
1247 1877 1395 1911 Virginem
1417 1878 1536 1905 Mariam
1563 1879 1747 1907 credendum
1769 1882 1811 1907 est

1023 1923 1170 1958 ampliora
1195 1924 1393 1958 promeruisse
1418 1924 1559 1952 virtutum
1581 1926 1756 1961 privilegia,
1783 1929 1811 1954 et

1022 1970 1188 2005 percepisse
1213 1970 1300 1998 etiam
1318 1971 1442 2005 gratiam
1458 1972 1496 1999 ab
1521 1972 1634 2007 angelis
1658 1973 1811 2001 collauda-

1024 2019 1109 2044 tam.»
1120 2017 1248 2044 'l'ertium
1264 2017 1359 2046 Ittarize
1375 2018 1566 2054 privilegium
1582 2022 1633 2053 051,
1650 2019 1733 2055 quod
1745 2019 1810 2055 ipsa

1024 2063 1088 2090 sola
1100 2066 1193 2091 mater
1205 2066 1232 2092 et
1242 2064 1326 2099 virgo
1341 2064 1596 2101 incorruptissima
1609 2067 1661 2093 cst.
1679 2068 1737 2093 Hoc
1753 2067 1810 2102 pri-

1025 2110 1169 2145 vilegium
1185 2111 1288 2138 beatus
1304 2111 1469 2138 Bernartius
1486 2112 1710 2147 commendam,
1723 2113 1762 2140 ait
1778 2115 1806 2140 ⁴³:

1027 2156 1200 2192 «Optimam
1220 2160 1334 2192 partem
1354 2158 1443 2192 elegIt
1458 2158 1514 2185 sibi
1535 2158 1623 2186 Maria
1640 2169 1647 2186 :
1664 2160 1809 2195 optimam

1024 2203 1123 2238 plane,
1142 2203 1211 2238 quia
1227 2204 1307 2231 bona
1323 2205 1550 2232 esttoecunditas
1562 2206 1738 2241 conjugalis,
1749 2215 1810 2234 me-

1024 2250 1203 2277 liorcastitas
1214 2251 1379 2285 virginalis,
1394 2252 1507 2287 optima
1520 2252 1653 2287 virginea
1667 2252 1811 2281 foecundi-

1026 2299 1078 2331 tas,
1095 2305 1147 2323 seu
1163 2297 1303 2324 foecunda
1317 2297 1477 2332 virginitas.
1505 2298 1599 2326 Mariae
1621 2299 1810 2334 privilegium

1024 2351 1083 2370 non
1101 2343 1220 2370 dabitur
1231 2343 1333 2377 alteri,
1349 2345 1420 2379 quia
1435 2352 1495 2372 non
1509 2345 1657 2373 auferetur
1679 2347 1716 2373 ab
1739 2354 1783 2374 ea.
1795 2356 1807 2372 »

1025 2392 1168 2423 Quartum
1198 2390 1292 2417 Maria}
1319 2391 1510 2426 privilegium
1540 2394 1581 2419 est
1594 2413 1600 2425 ‚
1635 2393 1717 2428 quod
1746 2393 1811 2429 ipsa

1025 2437 1089 2464 sola
1112 2438 1205 2463 mater
1229 2437 1291 2463 Filii
1312 2437 1548 2465 ineffabilissima
1573 2440 1632 2472 cst,
1657 2439 1721 2474 ipsa
1746 2439 1811 2467 sola

1024 2483 1103 2510 illius
1125 2483 1186 2510 Filii
1209 2486 1302 2511 mater
1324 2486 1382 2518 est,
1409 2485 1492 2519 cujus
1514 2485 1595 2512 solus
1625 2486 1710 2518 Deus⁶
1728 2487 1811 2514 Pater

1026 2532 1076 2557 est.
1095 2530 1199 2557 Mirum
1213 2538 1304 2565 supra
1316 2531 1452 2563 modum,
1470 2532 1555 2567 quod
1571 2534 1630 2559 iam
1643 2533 1810 2561 maximum

1026 2595 1270 2626 ron.‚‹leAssu112pl.
1283 2596 1398 2625 Β..”111υ·.,
1408 2603 1495 2626 ss·l*1ll.,
1508 2599 1565 2620 aute
1578 2598 1736 2628 111011.,11]0111
1752 2589 1809 2623 cun]

1026 2632 1099 2662 epist.
1116 2637 1140 2654 x.
1150 2645 1175 2647 —
1189 2632 1196 2645 ³
1211 2632 1295 2661 30111,
1305 2632 1330 2654 iu
1343 2632 1469 2663 Assumpt.
1482 2632 1509 2655 Β,
1524 2633 1599 2661 Mar„
1613 2640 1690 2657 501111.
1702 2640 1772 2665 1ν,11.
1786 2637 1809 2660 5.

1058 2676 1092 2707 (a)
1106 2675 1179 2706 Apud
1188 2675 1261 2699 Bera.
1275 2675 1332 2700 aad.
1345 2678 1377 2700 et.
1395 2689 1423 2693 -
1437 2676 1467 2706 (b)
1488 2677 1548 2701 Caet.
1565 2676 1632 2702 Edit.
1650 2678 1690 2703 ab.

1839 1083 1928 1104 13111118-

1843 1121 1905 1142 grum

1821 1146 1916 1174 primum
1921 1161 1926 1166 .

1842 1553 1926 1573 PriviIe·

1823 1584 1884 1611 gium
1895 1584 1906 1604 2
1911 1599 1916 1604 .

1844 2021 1932 2041 Privilc-

1825 2053 1887 2079 gium
1898 2053 1916 2072 3,

1847 2400 1933 2420 Privite-

1827 2433 1887 2458 gium
1898 2433 1920 2452 4.
