2029 3052
204 191 263 222 440
786 190 997 223 APOLOGtAE
1020 190 1238 224 PAUPERUM

203 256 469 297 concupiscentiae
480 279 488 295 ‚
508 256 584 288 dant
602 256 802 288 occasionem
817 258 980 299 peccandi,

202 309 243 341 ab
256 310 445 351 huJusmodi
458 309 621 341 abstinere
636 310 776 342 salutare
790 312 848 342 est.
865 312 911 343 Ac
924 321 982 353 per

202 363 275 404 hoc,
288 374 363 396 cum
377 364 417 396 sit
429 364 566 404 difficile,
584 366 616 395 et
634 364 789 404 arduum,
817 367 850 397 et
873 375 982 407 super-

203 418 435 458 erogatorium,
448 418 487 450 de
495 419 609 449 natura
617 417 668 449 sui
677 419 807 458 generis
817 419 982 460 colligitur

202 481 270 504 esse
293 473 481 514 perfectum,
507 473 662 513 tanquam
688 472 728 504 ad
755 473 981 514 perfectionem

202 535 402 568 praeparam,
423 528 454 558 et
468 526 572 567 ipsam
586 535 792 567 promovens,
811 529 842 559 et
856 537 982 560 conser-

201 590 293 612 vans.
299 580 388 612 Unde
396 580 612 622 Hieronymus
621 584 732 614 contra
739 581 950 615 Iovinianum
959 583 980 614 ¹.-

206 647 221 665 a
236 635 298 666 Fac
312 644 403 666 esum
418 635 566 667 carnium
582 635 704 666 cunctis
718 636 902 668 nationibus
913 646 982 669 esse

202 699 431 729 communem,
447 691 479 721 et
492 689 611 730 passim
634 689 729 721 licere
755 691 842 731 quod
862 692 980 732 passim

204 743 364 784 gignitur,
404 743 480 784 quid
519 743 558 774 ad
600 752 660 775 nos
672 767 680 782 ,
723 753 863 784 quorum
905 755 982 777 con-

202 797 341 830 versatio
370 797 403 828 in
429 797 516 829 coelis
545 799 609 836 est,
645 797 701 838 qui
731 806 828 838 super
860 798 979 840 Pytha-

203 860 330 891 goram,
351 853 383 882 et
407 850 642 891 Empedoclem,
667 853 697 882 et
721 860 834 883 omnes
858 853 982 894 sapien-

202 905 256 936 tiae
285 906 465 943 sectatores,
488 913 554 936 non
575 905 604 936 ei
625 905 779 937 debemur
805 906 855 938 cui
877 908 979 939 nasci-

203 968 288 997 mur,
311 958 365 990 sed
386 959 438 990 cui
461 958 686 990 renascimur:
707 960 861 1000 quoniam
884 970 982 1001 repn-

205 1015 359 1052 gnantem
385 1021 526 1050 carnem,
556 1014 586 1043 et
613 1013 653 1044 ad
676 1013 846 1044 libidinum
877 1015 982 1046 incen-

201 1066 269 1097 tiva
283 1067 471 1107 rapientem,
496 1066 603 1098 inedia
617 1067 855 1108 subjugamus?
874 1079 888 1098 n
905 1068 981 1101 Haec

201 1120 430 1162 Hieronymus.
455 1121 578 1159 Quibus
592 1121 740 1157 ostendit,
757 1122 980 1154 abstinentiam

200 1176 278 1208 viris
298 1176 445 1216 perfectis
468 1177 499 1206 et
518 1175 698 1207 coelestibus
719 1179 919 1217 competere,
941 1178 979 1209 ad

200 1229 336 1270 perfecte
360 1229 533 1260 cavendam
558 1229 739 1268 libidinem,
768 1232 798 1261 et
826 1230 977 1262 edoman-

199 1283 273 1314 dam
288 1292 428 1314 carnem.
455 1282 609 1323 Competit
624 1284 719 1314 etiam
737 1284 798 1323 eis,
819 1285 895 1325 quia
911 1295 980 1326 pro-

199 1338 307 1367 movet
328 1337 366 1367 ad
390 1337 560 1377 perfectam
587 1337 753 1369 virtutem.
778 1338 867 1370 Valet
893 1340 978 1370 enim

200 1391 304 1430 primo
319 1391 358 1421 ad
374 1391 567 1422 servandum
586 1391 745 1431 pudicitice
767 1395 885 1424 sanc-,tm
901 1394 980 1425 nito-

199 1453 279 1475 rem.
307 1444 394 1475 Unde
417 1444 634 1484 Hieronymus
655 1445 692 1476 ad
719 1445 926 1478 Eustochium
943 1449 953 1464 ‘³
971 1460 976 1479 :

204 1510 218 1527 «
236 1498 374 1529 Sollicite
398 1498 632 1538 providendum
647 1502 705 1537 est,
722 1502 756 1530 nt
772 1510 852 1540 qnos
868 1501 980 1532 saturi-

200 1554 246 1583 tas
262 1552 300 1583 de
317 1552 464 1592 paradiso
475 1552 609 1592 expulit,
626 1553 746 1584 esuries
756 1554 897 1585 reducat.
910 1554 978 1585 Non

198 1605 282 1645 quod
301 1605 383 1636 Deus
398 1606 616 1637 universitatis
632 1606 759 1638 Creator
773 1610 803 1639 ct
816 1608 976 1648 Dominus,

200 1659 422 1690 intestinorum
439 1662 622 1691 nostrornm
638 1662 765 1700 rugitu,
783 1664 811 1692 vt
828 1663 980 1693 inanitate

200 1713 339 1751 ventris,
363 1713 620 1754 pulmonumque
653 1715 826 1746 deles-tetur
848 1716 977 1755 ardore,

200 1767 253 1797 scd
273 1767 358 1807 quod
381 1767 471 1798 aliter
494 1768 643 1808 pudicitia
661 1771 727 1799 tuta
743 1778 811 1801 esse
827 1779 890 1800 non
906 1780 980 1810 pos-

200 1820 248 1851 sit.
259 1831 272 1848 »
286 1819 376 1851 Valet
391 1821 529 1852 sot-undo
541 1822 579 1852 ad
594 1822 769 1853 custodiam
784 1825 981 1863 paupvrtatis

200 1875 373 1914 altissima‘,
388 1877 483 1915 Juxta
498 1877 580 1916 qnod
600 1877 682 1908 idem
711 1877 926 1919 Hieronymus
941 1881 979 1911 ad

201 1929 364 1959 Salviuam
379 1930 487 1961 scribit
502 1931 609 1962 dicens
626 1932 635 1948 ³
653 1943 659 1962 t
678 1944 691 1960 «
707 1932 764 1963 Ubi
780 1933 840 1964 vile
855 1934 981 1965 oluscu-

200 1983 288 2021 lum,
306 1983 443 2014 cibarius
465 1985 570 2024 panis,
589 1988 617 2016 et
633 1986 723 2017 cibus
740 1989 895 2028 potus-qm·
913 1999 980 2020 mo-

201 2036 340 2073 deratus,
358 2037 400 2067 ibi
413 2037 531 2068 ‹livitiae
547 2048 766 2078 supervacuae.
783 2053 795 2069 »
810 2041 982 2083 idemque-

202 2099 265 2129 que
280 2090 609 2123 cont1·aJ0vinian11m
626 2095 636 2111 ⁸
655 2104 660 2123 z
684 2105 697 2122 (ι
715 2094 746 2123 Si
766 2095 812 2124 vis
829 2097 982 2135 porti-ctus

202 2152 280 2182 esse,
298 2144 420 2175 bouum
438 2147 483 2176 est
508 2145 621 2176 vinum
643 2156 707 2178 non
731 2148 850 2187 bibere,
868 2152 897 2180 ot
914 2161 980 2181 cnr-

203 2206 259 2227 nus
283 2207 347 2228 non
371 2199 576 2231 manducare.
602 2212 615 2228 »
642 2201 679 2231 Et
701 2205 791 2242 post:
819 2204 983 2235 «Grandis

204 2251 320 2282 animae
345 2252 499 2283 exultatio
521 2256 567 2284 est
580 2278 587 2291 ,
605 2264 679 2286 cum
698 2265 797 2295 parvo
816 2260 984 2289 contentus

205 2304 312 2343 fucris,
332 2306 489 2336 mundum
505 2307 622 2339 habero
641 2310 700 2339 sub
718 2311 860 2350 podibus,
877 2314 905 2342 et
917 2321 983 2342 om-

204 2367 278 2389 nem
296 2360 365 2398 ejus
381 2369 531 2400 pompam
545 2386 552 2399 ,
570 2365 599 2392 ct
620 2363 745 2402 epulas,
768 2374 803 2394 ac
827 2365 981 2405 libidines,

204 2414 334 2452 propter
349 2423 421 2453 qua²
442 2414 562 2445 divilier.
587 2417 841 2456 conquirmitur,
869 2419 984 2450 vilibus

204 2469 403 2498 commutare
441 2467 529 2499 cibis.
557 2480 570 2497 υ
601 2468 689 2501 Valet
712 2471 806 2502 ctiam
832 2474 921 2504 torno
945 2475 983 2506 ad

204 2521 455 2560 conquirendam
482 2523 581 2553 animi
605 2524 841 2566 fortitudinem,
871 2538 982 2559 secun-

239 2618 246 2634 ¹
266 2619 381 2650 Hieron„
401 2621 465 2644 cont.
486 2621 622 2652 lovinion„
642 2622 686 2645 lib.
713 2624 749 2654 ll,
773 2626 822 2649 col.
843 2633 876 2651 m,
900 2629 938 2651 94,
954 2641 983 2645 —

205 2654 277 2686 ²1‹1.‚
296 2655 330 2678 nd
346 2656 472 2685 Eustoch„
490 2657 564 2688 epist.
584 2664 654 2689 xxll,
671 2659 720 2683 col.
739 2667 774 2683 m.
791 2663 842 2685 175.
862 2676 891 2680 —
910 2664 918 2677 ³
937 2665 983 2695 Ιώ,

205 2690 239 2714 ad
252 2691 358 2722 Salem„
377 2692 449 2723 epist.
469 2699 504 2717 ix.
521 2706 551 2710 —
569 2694 578 2710 ⁴
595 2694 640 2725 ld.‚
656 2697 720 2720 cont.
735 2697 870 2728 Jovini‹1n.,
890 2699 931 2723 lib.
954 2701 983 2725 tl.

1037 259 1117 291 dum
1145 259 1224 292 illud
1249 260 1405 293 Bernardi
1423 261 1434 279 ¹
1451 270 1460 293 ε
1479 272 1495 291 α
1518 261 1684 300 Quomodo
1705 262 1814 304 ipsum

1036 322 1152 355 corpus
1167 316 1314 347 nostrum
1328 315 1470 356 quotidie
1483 315 1594 347 crescit
1603 317 1635 348 et
1643 315 1812 356 deci-esem
1825 325 1835 335 ·

1036 367 1081 399 sic
1107 377 1235 400 necesse
1257 371 1305 401 est
1325 370 1474 411 spiritum
1499 378 1626 411 semper
1645 370 1812 410 proficere,

1036 423 1092 452 aut
1114 421 1260 454 deficere.
1281 433 1297 452 »
1323 423 1384 455 Sed
1409 424 1540 455 interest
1562 423 1683 456 ordinis
1705 435 1712 455 :
1738 433 1814 456 nam

1035 483 1162 515 semper
1178 475 1212 506 in
1225 476 1358 508 robusto
1371 479 1403 509 et
1414 480 1532 518 vegeto
1543 487 1677 519 corpore
1686 478 1814 511 animus

1036 527 1162 560 mollior
1176 530 1273 570 atque
1287 531 1424 571 tepidior
1437 533 1502 571 est;
1515 534 1547 563 et
1561 541 1691 564 rursum
1701 533 1736 564 in
1745 542 1815 565 cor-

1037 591 1113 622 pore
1123 582 1216 614 debili
1224 585 1256 614 et
1262 584 1392 616 infirmo
1402 585 1514 617 fortior
1521 586 1612 626 viget
1619 587 1811 627 promptior-

1036 645 1098 676 que
1105 636 1246 676 spiritus.
1259 637 1348 676 Quod
1360 647 1394 670 se
1408 641 1578 680 expertum
1587 642 1722 671 testatur
1730 640 1815 682 Apo-

1036 690 1148 730 stolus,
1156 691 1293 723 dieens‘:
1304 692 1442 731 Quando
1447 693 1610 733 infirmor,
1620 696 1696 726 tunc
1701 696 1814 735 potens

1035 753 1117 777 sum.
1145 745 1234 777 Sicut
1258 746 1359 787 igitur
1387 756 1443 787 per
1469 747 1696 779 abstinentiam
1717 748 1816 789 vigor

1035 801 1221 832 attenuatur
1235 802 1269 832 in
1287 811 1418 842 corpore
1431 826 1439 840 ,
1465 802 1510 833 sic
1531 805 1562 834 et
1584 805 1815 843 augmentatur

1034 854 1139 886 virtus
1153 854 1186 885 in
1200 855 1309 886 animo
1325 866 1332 886 ε
1350 855 1436 896 quod
1450 856 1591 887 maxime
1600 856 1706 888 locum
1716 857 1814 890 habet

1035 908 1069 939 in
1093 908 1165 940 viro
1188 909 1336 949 perfecto.
1357 908 1447 940 Valet
1467 909 1679 942 nihilominus
1698 913 1813 952 quarto

1035 963 1074 993 ad
1098 963 1304 994 obtinendam
1329 963 1446 994 mentis
1470 964 1673 996 serenitatem
1687 988 1695 1004 ,
1719 966 1815 1005 juxta

1036 1016 1226 1047 sententiam
1260 1016 1388 1048 Senecae
1417 1017 1450 1047 in
1482 1017 1622 1057 quadam
1653 1018 1787 1059 epistola
1803 1027 1812 1050 :

1040 1070 1137 1102 «Non
1152 1072 1210 1108 est,
1228 1081 1242 1100 »
1261 1071 1364 1112 inquit
1378 1071 1401 1110 ⁷,
1421 1083 1436 1100 α
1447 1071 1591 1111 Jucunda
1610 1080 1672 1111 reS,
1689 1081 1772 1113 aqua
1783 1074 1815 1104 et

1036 1124 1217 1165 pulmenta,
1247 1126 1302 1155 aut
1328 1125 1468 1156 frustum
1500 1125 1668 1157 hordeacei
1701 1126 1812 1166 panis3

1035 1179 1089 1210 sed
1105 1187 1232 1209 summa
1246 1178 1394 1219 voluptas
1409 1180 1455 1209 est
1471 1187 1510 1209 ex
1530 1178 1580 1209 his
1596 1187 1686 1219 posse
1701 1189 1814 1220 capere

1035 1232 1244 1273 voluptatem,
1261 1234 1292 1263 et
1307 1232 1345 1263 ad
1362 1233 1390 1263 id
1404 1242 1436 1263 se
1451 1232 1632 1272 deduxisse,
1649 1234 1735 1274 quod
1748 1235 1814 1266 eri-

1037 1296 1110 1327 pere
1125 1286 1214 1317 nulla
1226 1287 1362 1318 t'ortuuae
1378 1287 1528 1327 iniquitas
1544 1288 1652 1328 possit.
1668 1299 1682 1317 »
1704 1288 1736 1320 Si
1754 1289 1815 1329 igi-

1037 1343 1088 1372 tnr
1114 1341 1184 1372 haec
1206 1340 1320 1372 mentis
1345 1341 1579 1381 tranquillitas,
1612 1351 1710 1383 quam
1733 1343 1814 1374 varii

1035 1397 1169 1427 eventus
1188 1396 1325 1426 sortunae
1348 1404 1412 1426 non
1433 1396 1604 1435 auferunt,
1629 1396 1814 1437 perfectioni

1035 1452 1212 1488 attestatur,
1235 1452 1343 1490 aperte
1362 1449 1536 1489 colligitur,
1552 1451 1638 1491 quod
1659 1451 1703 1482 sic
1717 1451 1813 1482 absti-

1036 1513 1111 1535 nere
1126 1504 1165 1535 sit
1180 1504 1403 1544 perfectorum.

1077 1557 1132 1588 Ilis
1148 1558 1362 1598 praeallegaiis
1380 1567 1437 1598 pro
1453 1559 1594 1590 veritatis
1609 1561 1708 1600 parte,
1725 1560 1814 1591 facile

1031 1613 1100 1651 jaim
1128 1614 1175 1642 est
1203 1616 1234 1643 et
1253 1612 1452 1652 parmenonis
1481 1613 1681 1644 abstineutiae
1712 1615 1815 1646 subli-

1037 1667 1179 1696 mitatem
1195 1666 1373 1705 defendere,
1397 1669 1427 1697 et
1450 1667 1550 1698 hostis
1572 1667 1724 1699 adversus
1742 1678 1813 1700 eam

1036 1723 1138 1752 erecta
1152 1721 1409 1752 machinamenta
1424 1721 1589 1762 dissipare.
1606 1721 1685 1753 Nam
1701 1723 1740 1754 ab
1756 1723 1813 1754 im-

1037 1776 1191 1816 positione
1217 1775 1286 1806 falsi
1310 1775 1453 1806 criminis
1478 1786 1609 1807 sumens
1631 1777 1812 1816 exordium,

1038 1829 1177 1869 primum
1195 1829 1324 1869 quidem
1342 1839 1375 1860 se
1391 1829 1501 1860 fundat
1515 1839 1610 1870 super
1625 1830 1753 1869 falsum,
1769 1840 1816 1862 a&

1038 1892 1145 1913 serens
1161 1892 1248 1920 eum,
1272 1886 1380 1914 contra
1403 1893 1500 1923 quem
1524 1885 1653 1923 scribit,
1678 1885 1813 1924 dixisse,

1037 1937 1122 1977 quod
1133 1937 1278 1968 carnium
1289 1947 1362 1968 esus
1373 1938 1441 1968 sita
1456 1938 1646 1978 perfectione
1660 1948 1813 1977 recessuS,

1038 1991 1123 2031 quod
1147 2001 1313 2031 nunquam
1336 1992 1430 2029 dixit;
1457 1992 1586 2032 insuper
1618 1995 1649 2023 et
1669 1993 1752 2033 qnod
1777 1993 1816 2024 de

1039 2054 1177 2076 numero
1193 2046 1232 2076 sit
1250 2045 1390 2082 illorum,
1408 2046 1445 2076 de
1461 2047 1578 2086 quibus
1594 2047 1667 2077 dicit
1682 2048 1817 2086 Aposto-

1040 2099 1089 2129 lus
1104 2099 1125 2136 ⁸,
1148 2099 1233 2139 quod
1254 2101 1289 2130 in
1310 2100 1498 2131 novissimis
1519 2100 1630 2132 (liebus
1652 2100 1817 2134 discedent

1039 2153 1173 2193 quidam
1195 2162 1215 2184 a
1233 2153 1309 2192 fide,
1331 2153 1528 2186 accendentes
1543 2155 1715 2195 spiritibus
1737 2163 1819 2188 erro-

1039 2207 1086 2238 νίς
1101 2218 1111 2237 .·
1126 2207 1210 2247 qnod
1226 2207 1346 2238 crimen
1364 2207 1408 2237 illi
1425 2207 1586 2248 impingit,
1604 2209 1680 2248 quia
1700 2209 1815 2240 saturi-

1041 2261 1095 2291 tati
1128 2261 1350 2291 abstinentiam
1380 2261 1530 2300 praetulit.
1559 2262 1693 2300 Quantae
1717 2263 1818 2302 igitur

1041 2314 1250 2354 malignitatis
1272 2315 1309 2345 sit
1328 2317 1357 2345 et
1382 2315 1513 2353 fraudis,
1536 2325 1594 2356 pro
1617 2317 1817 2348 abstinentiae

1041 2369 1326 2405 connnendatione,
1349 2369 1418 2399 viro
1442 2369 1523 2400 fideli
1549 2379 1690 2401 errorem
1715 2371 1814 2401 Mani-

1041 2422 1204 2453 chaeorum
1223 2422 1413 2463 impingere,
1432 2423 1469 2462 is,
1485 2424 1540 2463 qui
1554 2424 1645 2464 legit,
1661 2424 1814 2455 advertat.

1042 2475 1106 2506 Hoc
1122 2476 1207 2506 enim
1224 2477 1303 2507 nibil
1319 2477 1404 2507 aliud
1421 2481 1467 2507 est
1484 2480 1636 2516 astruere,
1654 2478 1712 2508 nisi
1731 2479 1816 2518 qnod

1040 2530 1230 2560 abstinentia
1242 2531 1457 2562 commendari
1470 2540 1533 2562 non
1546 2531 1643 2571 possit
1656 2531 1723 2562 sine
1737 2541 1816 2572 prce-

1037 2584 1158 2623 judicio
1171 2584 1244 2615 fidei
1253 2586 1282 2615 et
1293 2593 1379 2615 sance
1393 2584 1553 2615 doetrinae.
1568 2585 1655 2622 Quod
1665 2585 1691 2615 si
1701 2595 1816 2617 verum

1042 2678 1070 2682 —
1087 2666 1094 2679 ⁵
1110 2666 1194 2695 Rern„
1210 2665 1243 2689 ad
1257 2665 1373 2695 Gunrin„
1390 2665 1557 2696 cpist.cct.1v,
1573 2672 1598 2689 n.
1611 2667 1634 2690 5.
1645 2680 1676 2685 —
1688 2666 1698 2683 θ
1713 2668 1733 2691 ll
1748 2667 1817 2699 Com,

1042 2707 1088 2732 xiv,
1108 2702 1145 2725 to.
1159 2714 1189 2720 —
1203 2702 1213 2718 ⁷
1229 2702 1319 2726 Senec.
1336 2715 1364 2719 —
1380 2701 1412 2725 ³1
1434 2701 1596 2732 Yim.,1v,1.
