2029 3052
81 1492 176 1513 Fructus

72 1523 169 1550 virginu-

67 1555 94 1575 lis
118 1555 175 1576 uteri

80 1585 161 1606 virtuo-

67 1616 170 1637 sissimus

875 187 1016 221 LECTIO
1037 188 1118 221 XVI.

183 261 289 296 nentia,
298 261 420 288 castitas.
430 259 512 294 Item,
527 257 704 294 charissimi,
717 256 828 286 fructus
839 255 892 284 iste
901 262 964 284 non

183 307 282 336 solum
303 306 463 336 deliciosus
486 307 529 334 est
542 305 645 340 odore,
669 305 698 333 et
718 303 889 332 deliciosior
911 302 964 336 de,-

185 362 252 383 core
264 375 274 390 ,
303 354 356 382 sed
382 353 472 382 etiam
501 351 743 380 deliciosissimus
775 352 818 379 est
843 357 962 386 sapore.

184 401 272 436 Quod
284 401 362 430 bene
375 400 428 429 illa
441 401 543 428 sancta
563 398 665 427 anima
681 399 803 435 experta
817 396 882 432 fuit,
897 404 964 433 quae

186 448 217 476 in
233 448 354 476 Canticis
368 446 455 475 dicit¹
467 456 474 474 :
491 446 544 475 Sub
559 446 654 474 umbra
667 446 756 480 iltius,
767 452 844 480 quem
858 444 964 472 deside-

184 495 280 523 rabam
295 495 347 532 (α’),
358 494 427 529 sedi,
443 496 468 522 et
483 495 592 528 fructus
602 493 659 528 ejas
673 493 760 520 dulcis
774 493 882 527 gutturi
896 499 963 519 meo.

186 541 264 576 Quid
276 541 397 575 mirum,
412 541 437 568 si
447 540 559 568 fructus
577 539 630 568 iste
648 541 708 568 tam
728 538 824 567 dulcis
844 539 896 573 est,
913 537 964 574 qui

185 590 247 617 tam
269 589 346 617 altus
368 588 428 616 est?
452 587 525 615 Dicit
545 586 625 614 enim
648 586 754 615 beatus
774 585 963 614 Bernardus:

189 637 338 664 «Fructus
357 636 469 671 quanto
490 633 587 669 altior,
612 635 693 662 tanto
716 632 841 661 dulcior.
857 643 870 659 ι)
889 634 965 667 Ergo

186 685 217 711 tu
230 683 313 711 solus
325 681 524 716 dulcissimus,
548 680 619 716 quia
639 681 670 708 tu
694 679 777 708 solus
796 679 965 707 altissimus.

186 728 345 764 Quomodo
359 729 459 756 autem
469 728 567 764 potest
580 726 739 754 altissimus
754 734 816 754 esse
831 726 881 754 ille
891 725 967 753 fruc-

185 778 242 810 tus,
256 775 302 810 cuj
308 783 340 802 us
354 773 531 803 brevissima
542 775 584 802 est
594 773 704 802 arbor?
715 773 772 802 Sed
786 774 863 801 certe
876 772 966 800 arbor

185 822 275 858 hujus
288 821 399 849 fructus
417 821 521 856 Maria,
544 822 572 848 et
594 817 734 848 altissima
753 819 842 848 simul
868 820 924 854 est,
941 820 968 847 et

185 868 362 897 brevissima
393 877 401 896 ε
430 868 573 896 altissima
604 867 745 903 dignitate
756 888 765 902 ‚
791 866 968 895 brevissima

186 915 366 950 humilitate,
390 915 534 943 altissima
562 915 593 943 in
615 915 708 943 oculis
735 913 869 949 Domini,
896 913 967 941 bre-

187 962 309 990 vissima
328 962 360 990 in
384 962 478 990 oculis
520 961 597 997 suis;
619 970 685 998 quae
703 961 772 990 licet
793 961 851 989 hoc
874 960 968 988 modo

188 1009 225 1037 sit
249 1009 364 1042 brevis,
387 1009 499 1037 fructus
517 1011 617 1037 tamen
639 1009 703 1044 ejus
727 1010 768 1036 cst
787 1008 875 1036 valde
899 1007 968 1035 dul-

189 1056 240 1085 cis.
268 1057 349 1084 Unde
383 1056 414 1084 in
446 1058 630 1084 Ecclesiastico
659 1056 766 1084 dicitur
799 1057 809 1072 ‘²
839 1065 847 1083 :
874 1056 968 1082 Brevis

189 1105 219 1130 in
237 1104 395 1131 volatilibus
414 1106 453 1131 est
472 1105 549 1139 apis,
572 1106 597 1131 et
618 1105 729 1130 initium
751 1103 870 1130 dulcoris
889 1102 969 1129 habet

189 1152 295 1184 fructus
319 1151 385 1186 ejus.
416 1150 444 1178 Si
479 1150 567 1186 igitur
597 1149 708 1178 fructus
736 1150 846 1177 ventris
874 1148 969 1177 Mariae

189 1197 221 1225 in
235 1197 356 1232 olfactu,
378 1197 409 1225 in
428 1197 494 1224 visu
518 1197 590 1224 etin
615 1198 702 1232 gustu
728 1196 969 1224 deliciosissimus

189 1247 243 1279 est,
258 1244 326 1272 ideo
341 1252 410 1272 vere
422 1243 596 1272 benedictus
605 1246 656 1271 est.
671 1243 750 1272 Sicut
761 1243 849 1271 etiam
864 1243 969 1271 heatus

188 1291 354 1319 Bernardus
361 1292 480 1319 testatus
488 1293 539 1324 est,
555 1291 655 1318 dicens
667 1291 677 1308 ³
689 1300 695 1318 :
709 1301 721 1316 α
732 1291 890 1318 Benedictus
898 1291 970 1323 fruc-

190 1340 232 1366 tus
251 1340 353 1366 ventris
367 1340 409 1366 tui
422 1348 432 1366 .·
444 1338 616 1366 Benedictus
626 1338 657 1365 in
673 1337 777 1372 odore,
792 1336 969 1365 benedictus

188 1385 219 1412 in
230 1393 346 1421 sapore,
360 1385 534 1413 benedictus
548 1385 579 1412 in
598 1384 706 1420 specie.
719 1395 732 1411 »

224 1432 335 1466 Tertio,
360 1432 541 1466 charissimi,
567 1431 789 1459 consideremus
814 1430 969 1466 quomodo

188 1478 342 1514 virginalis
355 1478 431 1506 uteri
449 1478 561 1506 fructus
576 1479 613 1506 sit
631 1477 872 1506 virtuosissimus.
897 1479 970 1505 Nam

188 1533 292 1553 revera
303 1525 453 1553 virtuosus
463 1528 504 1553 est
514 1525 553 1553 ad
564 1525 750 1562 perditorum
763 1524 969 1558 salvationem,

190 1572 230 1600 ad
245 1572 459 1600 salvandorum
474 1572 763 1608 multiplicationem,
781 1573 808 1599 et
823 1571 862 1598 ad
875 1571 972 1598 multi-

188 1619 368 1656 plicatorum
389 1620 656 1647 conservationem.
685 1619 764 1653 Dico,
790 1618 970 1652 charissimi,

189 1666 273 1703 quod
293 1666 404 1694 fructus
425 1666 478 1694 istc
501 1666 676 1694 benedictus
696 1665 846 1694 virtuosus
871 1668 913 1693 est
932 1665 972 1693 ad

188 1713 377 1747 salvandum,
389 1713 450 1741 sive
462 1713 501 1741 ad
508 1713 644 1748 salutem,
656 1714 778 1749 propter
790 1712 873 1749 quod
882 1713 972 1740 etiam

187 1759 299 1788 fructus
314 1760 416 1788 salutis
432 1760 550 1788 dieitur.
564 1760 646 1788 Unde
661 1761 869 1788 Ecclesiasticus
883 1760 923 1788 ait
937 1761 946 1776 ³·
963 1769 969 1787 :

191 1808 295 1835 Corona
309 1809 452 1843 sapientiae
469 1809 549 1835 timor
575 1809 696 1842 Domini,
718 1809 824 1843 replens
838 1816 931 1843 pacem
947 1811 972 1834 et

190 1856 289 1882 salutis
304 1856 434 1888 fructum.
457 1854 533 1888 Quid
554 1857 606 1889 est,
631 1854 714 1890 quod
736 1854 804 1882 dicit
822 1863 929 1890 pacem
943 1857 971 1882 et

190 1901 337 1929 fructum?
359 1900 469 1929 fructus
493 1901 594 1929 salutis
618 1904 723 1929 nostrae
744 1903 771 1929 et
790 1910 850 1938 pax
871 1905 972 1930 nostra

190 1948 240 1976 ille
256 1950 307 1983 est,
325 1948 376 1984 qui
391 1948 459 1976 fecit
474 1950 598 1984 utraque
616 1956 718 1983 unum,
734 1950 816 1977 Jesus
830 1949 970 1977 Christus.

191 1997 224 2023 Et
237 1997 312 2023 certe
323 1995 402 2023 hunc
420 1995 561 2028 fructum,
581 1995 658 2023 hanc
680 2004 787 2031 pacem
811 1996 899 2024 timor
914 1997 972 2023 Do-

191 2044 264 2071 mini
279 2043 415 2080 replevit,
432 2045 502 2072 teste
525 2044 608 2079 Isaia,
626 2045 677 2080 qui
702 2044 741 2072 ait
753 2045 762 2061 ⁵
779 2054 786 2072 ε
804 2046 838 2071 Et
860 2045 974 2080 replevit

193 2099 251 2118 eum
265 2092 380 2126 spiritus
396 2093 502 2119 timoris
518 2093 638 2119 Domini.
657 2093 733 2119 Bene
752 2093 850 2119 autem
867 2091 974 2119 dicitur

192 2137 302 2165 fructus
321 2138 433 2173 salutis,
452 2138 515 2166 siue
532 2147 592 2175 quo
608 2139 691 2166 nulla
710 2138 790 2166 salus
810 2140 852 2166 cst
873 2139 971 2173 nobis,

190 2185 274 2219 juxta
288 2184 364 2212 illud
375 2185 384 2201 ὃ
401 2194 407 2212 :
421 2187 482 2213 Non
497 2188 536 2213 est
550 2187 578 2212 in
594 2187 686 2221 aliquo
702 2187 756 2213 alio
772 2187 856 2213 satus.
874 2187 907 2213 Et
920 2188 974 2213 An-

193 2231 303 2258 selmus
317 2240 323 2258 :
341 2241 354 2257 «
372 2233 436 2259 Non
451 2234 501 2267 est,
518 2233 625 2268 inquit,
641 2233 732 2268 salus,
752 2233 808 2260 nisi
825 2241 915 2269 quem
930 2234 971 2267 tu,

193 2278 292 2313 Virgo,
307 2278 456 2314 peperisti.
478 2289 491 2305 »
514 2281 555 2306 Tu
574 2279 674 2315 igitur,
698 2288 715 2307 o
737 2280 836 2314 Maria,
856 2288 924 2308 vere
944 2288 974 2308 es

194 2325 285 2353 arbor
299 2325 412 2360 salutis,
428 2333 494 2361 quae
511 2327 625 2354 mundo
644 2327 765 2362 portasti
784 2327 912 2354 fructum
926 2335 974 2355 sa-

194 2373 273 2407 111ῐί5,
289 2372 362 2400 sicut
374 2374 403 2400 B.
419 2373 584 2400 Bernardus
599 2373 768 2401 exclamans
784 2374 854 2402 dicit
869 2376 879 2392 ⁷
895 2383 901 2402 z
923 2385 936 2400 (ι
951 2376 973 2402 Ο

196 2427 265 2447 vere
277 2419 400 2447 ccelesiis
414 2420 527 2456 planta,
542 2420 699 2456 pretiosior
709 2421 830 2455 cunctis,
847 2422 975 2449 sanctior

195 2467 353 2494 universis!
371 2468 392 2495 Ο
406 2475 475 2495 vere
488 2467 604 2502 lignum
619 2467 695 2502 vitae,
711 2468 794 2503 quod
809 2468 907 2496 solum
921 2468 976 2495 fuit

228 2551 237 2567 ¹
253 2551 337 2580 Cant.V
354 2558 389 2581 11,
406 2553 429 2576 3.
446 2565 478 2570 -
498 2553 508 2568 ²
522 2552 612 2582 Ecclz‘„
628 2558 667 2582 xi,
683 2554 706 2576 3.
723 2566 754 2570 -
769 2552 778 2569 3
796 2554 881 2584 Rern„
899 2561 977 2584 super

197 2587 290 2611 Missus
303 2589 349 2618 est,
362 2588 432 2613 hom.
451 2594 489 2619 111,
504 2596 530 2612 11.
544 2590 567 2612 6.
587 2601 616 2605 -
628 2588 637 2604 ⁵
648 2588 738 2619 Eccita,
757 2595 773 2618 1,
789 2590 828 2613 22.
844 2602 873 2607 —-
885 2590 895 2606 ⁵
917 2591 976 2619 lsa„

199 2628 239 2653 xl,
259 2625 282 2647 2.
301 2637 331 2642 —
352 2625 360 2638 θ
376 2624 441 2655 Act„
460 2630 495 2654 lv,
518 2627 555 2648 12.
571 2637 601 2641 —
622 2625 629 2639 ⁷
649 2625 714 2648 Beru
728 2643 734 2655 ,
757 2625 786 2648 tle
806 2625 869 2649 AcIv.
894 2626 977 2656 Dom.,

199 2665 276 2683 serm.
299 2666 333 2691 11,
354 2667 379 2684 11.
406 2662 427 2685 4.
452 2673 480 2677 -
500 2664 507 2674 ³
527 2661 618 2690 Amos,
641 2666 679 2691 11,
707 2662 745 2684 13.
764 2674 794 2678 -
809 2662 817 2675 2¹
843 2661 909 2685 Psal.
940 2667 975 2692 ιν,

1746 189 1807 220 283

1020 255 1146 292 dignum
1167 257 1287 293 portare
1309 255 1411 284 salutis
1438 255 1578 284 fructum.
1601 264 1615 282 n
1637 255 1706 291 Sed,
1726 255 1805 284 heu!

1019 303 1105 331 multi
1118 303 1247 332 fructum
1260 303 1349 332 istum
1357 302 1395 340 (b)
1402 302 1587 331 salutiferum
1602 301 1714 331 faciunt
1727 309 1807 331 mor-

1020 350 1150 386 tiferum,
1165 350 1356 387 fructumque
1375 351 1436 378 tam
1456 349 1635 378 melliferum
1656 349 1713 377 sibi
1735 357 1808 378 con-

1019 399 1136 425 vertunt
1157 397 1188 425 in
1209 397 1392 425 absinthium
1413 399 1568 432 oeternum,
1591 396 1667 425 sicut
1679 396 1711 424 in
1725 399 1809 424 Amos

1020 444 1128 472 dicitur
1140 445 1151 461 ⁸
1164 453 1171 472 ι
1194 444 1372 472 Convertistis
1387 446 1418 472 in
1428 444 1641 472 amaritudinem
1651 444 1789 479 judicium
1799 465 1809 478 ,

1020 493 1045 519 et
1060 492 1168 525 fructus
1183 491 1304 526 justitioe
1322 493 1352 518 in
1370 491 1548 519 absinthium.
1570 491 1660 525 Item,
1675 490 1810 518 charissi-

1020 537 1073 572 mi,
1095 538 1206 566 fructus
1220 537 1272 566 iste
1288 537 1377 566 valde
1400 540 1442 566 est
1462 537 1611 566 virtuosus
1626 545 1689 566 non
1711 537 1810 566 solum

1020 584 1126 613 virtute
1134 584 1289 620 salvatim,
1296 585 1349 612 sed
1360 585 1448 612 ctiam
1456 585 1562 613 virtute
1570 584 1809 621 multiplicativa.

1021 631 1103 660 Unde
1118 631 1208 660 etiam
1229 631 1260 659 in
1282 631 1365 660 hono
1381 639 1531 667 exponere
1546 639 1707 668 possumus
1726 631 1811 668 quod

1021 678 1164 715 scriptum
1176 680 1219 707 est
1231 678 1242 694 ⁹
1258 687 1264 706 :
1279 679 1304 706 A
1319 679 1411 712 fructu
1422 679 1566 713 frumenti,
1579 680 1639 706 vini
1653 681 1679 706 et
1701 679 1753 706 olei
1766 679 1812 706 sui

1021 727 1203 761 multiplicati
1216 728 1290 760 suut,
1305 727 1338 753 ut
1351 725 1533 753 frumentum
1550 725 1590 753 ad
1607 733 1716 761 corpus
1730 725 1811 753 Chri-

1022 773 1069 807 sti,
1091 773 1193 801 oleum
1214 772 1254 801 ad
1273 773 1406 801 animam
1425 771 1542 807 Christi,
1562 771 1668 800 vinum
1683 772 1723 800 ad
1737 771 1813 800 divi-

1022 819 1145 848 nitatem
1154 819 1258 848 Christi
1274 819 1448 847 referamus.
1461 820 1601 847 Fructum
1612 826 1735 855 quoque
1750 818 1812 846 fru-

1023 867 1113 895 menti
1137 867 1176 895 ad
1197 868 1420 895 sacramentum
1440 865 1575 902 corporis
1599 865 1718 901 Christi,
1748 865 1812 893 fru-

1024 915 1105 942 ctum
1129 915 1228 941 autem
1252 914 1314 941 vini
1343 913 1382 942 ad
1412 914 1632 941 sacramentum
1658 913 1812 949 sanguinis

1024 961 1138 996 Christi,
1153 961 1283 989 fructum
1298 969 1370 989 vero
1389 960 1448 989 olei
1467 960 1507 988 ad
1522 962 1710 996 unguentum
1724 960 1813 996 Spiri-

1024 1010 1070 1036 tus
1085 1008 1179 1036 sancti
1191 1008 1301 1036 referre
1316 1015 1487 1044 possumus.
1504 1007 1548 1035 Ab
1560 1007 1618 1035 hoc
1631 1015 1701 1042 ergo
1717 1006 1814 1035 fructu

1024 1055 1213 1091 multiplicati
1228 1057 1296 1083 sunt
1308 1054 1361 1082 filii
1378 1054 1409 1081 in
1421 1053 1560 1088 Ecclesia,
1577 1055 1605 1081 et
1615 1053 1814 1090 multiplicata

1025 1104 1068 1130 est
1078 1101 1207 1130 Ecclesia
1221 1102 1251 1129 in
1267 1101 1346 1129 filiis.
1363 1103 1437 1129 Nam
1452 1108 1557 1128 omnes
1573 1100 1627 1128 filii
1638 1100 1748 1128 ventris
1763 1103 1815 1128 Ec-

1026 1149 1120 1177 clesiae
1135 1151 1201 1177 sunt
1223 1148 1379 1176 haercditas
1403 1150 1432 1176 et
1445 1156 1557 1176 merces
1575 1147 1686 1176 tructus
1703 1147 1815 1175 ventris

1025 1196 1132 1230 Mariae,
1146 1196 1220 1224 sicut
1234 1196 1265 1223 in
1276 1195 1393 1223 Psalmo
1409 1194 1515 1222 dicitur
1528 1195 1548 1212 ¹⁰
1565 1204 1570 1222 :
1588 1195 1655 1222 Ecce
1671 1194 1815 1222 hoereditas

1026 1243 1137 1270 Domini
1157 1244 1212 1277 filii
1228 1250 1336 1276 merces,
1350 1243 1456 1276 fructus
1474 1243 1588 1269 ventris.
1606 1243 1643 1269 De
1659 1241 1716 1269 hoc
1739 1250 1814 1278 quo-

1026 1298 1085 1326 que
1106 1289 1210 1317 beatus
1227 1289 1423 1326 Hieronymus
1439 1290 1479 1317 ait
1493 1289 1510 1306 ¹¹
1527 1299 1533 1316 ;
1555 1300 1568 1314 α
1584 1290 1646 1326 lpse
1660 1289 1814 1324 Dominus,

1025 1338 1111 1365 natus
1121 1345 1158 1364 ex
1166 1336 1295 1372 Virgine,
1306 1336 1399 1364 factus
1414 1339 1457 1364 est
1471 1336 1581 1364 fructus
1596 1336 1718 1370 ventris,
1732 1336 1816 1371 cujus

1027 1387 1179 1420 assumpta
1200 1384 1371 1411 humanitas
1394 1384 1472 1411 hanc
1494 1383 1608 1419 accepit
1630 1383 1813 1418 mercedem,

1026 1434 1058 1459 ut
1073 1434 1174 1467 gentes
1194 1433 1306 1459 vocatae
1323 1431 1354 1458 in
1377 1431 1446 1458 filiis
1470 1431 1527 1458 sint
1540 1430 1699 1458 haereditas
1714 1431 1812 1466 ejus.»

1027 1479 1108 1513 Item,
1126 1479 1300 1513 charissimi,
1317 1478 1427 1506 fruetus
1440 1478 1492 1506 iste
1506 1478 1681 1506 benedictus
1692 1486 1754 1505 non
1769 1486 1816 1505 so-

1026 1525 1090 1553 lum
1104 1525 1209 1553 virtute
1225 1525 1368 1553 salvativa
1384 1525 1542 1558 virtuosus,
1564 1532 1626 1552 non
1642 1524 1742 1552 solum
1756 1524 1816 1551 vir—

1026 1573 1086 1600 tute
1100 1572 1328 1608 multiplicativa
1344 1572 1513 1606 virtuosior,
1530 1571 1583 1599 sed
1602 1571 1690 1599 etiam
1709 1571 1816 1599 virtute

1028 1619 1233 1647 conservativa
1256 1619 1489 1647 virtuosissimus
1511 1620 1563 1646 est.
1580 1618 1661 1646 Unde
1691 1618 1728 1645 de
1757 1618 1817 1645 hoc

1026 1665 1123 1694 fructu
1139 1674 1296 1702 possumus
1311 1666 1445 1702 accipere
1459 1665 1536 1693 illud
1556 1666 1764 1693 Proverbiorum
1774 1664 1794 1680 ¹²
1807 1675 1816 1692 .·

1027 1714 1141 1741 Fructus
1154 1714 1236 1748 justi,
1260 1715 1364 1749 lignum
1384 1715 1456 1740 vitoe.
1487 1713 1567 1741 Sicut
1596 1712 1675 1740 enim
1700 1712 1818 1747 lignum

1027 1761 1104 1795 vitae,
1122 1761 1206 1796 quod
1218 1760 1272 1789 fuit
1284 1761 1315 1788 in
1330 1760 1431 1788 medlo
1443 1760 1575 1796 paradisi
1590 1759 1743 1793 terrestris,
1759 1759 1818 1786 vir-

1028 1809 1120 1835 tutem
1141 1808 1246 1836 habuit
1270 1808 1409 1836 servandi
1431 1807 1522 1834 vitam
1543 1809 1665 1841 naturae,
1682 1806 1723 1834 sic
1739 1807 1814 1834 certe

1028 1854 1139 1882 fructus
1163 1855 1273 1882 ventris
1295 1855 1400 1889 Mariae,
1424 1855 1476 1890 qui
1500 1856 1542 1881 est
1563 1854 1679 1889 lignum
1700 1853 1766 1881 vitae
1789 1855 1816 1880 et

1028 1902 1140 1929 fructus
1156 1901 1230 1936 vitae,
1248 1902 1279 1929 111
1293 1902 1392 1929 medio
1407 1901 1540 1938 paradisi
1551 1900 1686 1928 Eeclesiae
1699 1908 1817 1928 conser-

1029 1951 1078 1977 vat
1093 1949 1184 1976 vitam
1194 1949 1310 1984 gratiae,
1326 1949 1356 1976 in
1367 1949 1468 1976 medio
1479 1948 1612 1984 paradisi
1628 1947 1753 1975 coelestis
1762 1955 1818 1983 pa-

1029 1996 1099 2030 triae,
1123 1996 1213 2024 vitam
1239 1996 1351 2031 gloriae.
1382 1997 1543 2024 Conservat
1571 1995 1696 2031 quidem
1724 1994 1816 2022 vitam

1031 2044 1130 2079 gratiae
1145 2051 1163 2071 a
1178 2043 1367 2079 corruptione
1383 2043 1495 2079 culpae;
1517 2043 1606 2071 vitam
1622 2050 1695 2070 vero
1713 2041 1815 2077 gloriae

1031 2099 1048 2118 a
1063 2091 1252 2127 corruptione
1266 2091 1363 2118 omnis
1378 2090 1515 2124 miseriae,
1537 2091 1569 2117 ut
1584 2089 1624 2117 sic
1639 2089 1818 2125 recipiamus

1030 2138 1061 2165 111
1075 2138 1171 2166 fructu
1186 2138 1291 2171 Mariae,
1309 2137 1392 2173 quod
1407 2137 1561 2165 amisimus
1577 2136 1606 2164 in
1616 2136 1712 2164 fructu
1723 2135 1818 2164 Atiam

1031 2187 1058 2213 et
1073 2187 1148 2220 Evae,
1161 2185 1235 2213 sicut
1250 2186 1326 2213 bene
1342 2185 1455 2212 notavit
1471 2184 1558 2219 Beda,
1577 2183 1678 2211 dicens
1692 2185 1732 2210 ¹³³:
1748 2184 1818 2210 «Be-

1031 2232 1165 2260 nedictus
1181 2232 1293 2259 fructus
1306 2232 1415 2259 ventris
1432 2231 1520 2266 illius,
1535 2239 1589 2267 per
1611 2239 1703 2267 quem
1725 2232 1753 2258 et
1772 2238 1817 2258 se-

1031 2288 1099 2307 men
1121 2279 1350 2315 incorruptionis
1366 2279 1396 2306 in
1417 2286 1489 2314 agro
1506 2286 1642 2314 supernae
1663 2278 1818 2305 haeredita-

1032 2327 1077 2359 tis,
1103 2334 1194 2362 quam
1222 2327 1253 2353 in
1275 2326 1369 2354 Adam
1390 2326 1596 2362 perdidimus,
1622 2325 1751 2352 fructum
1775 2333 1818 2352 re-

1032 2373 1166 2409 cipimus.
1177 2385 1189 2398 »
1209 2373 1249 2401 Sit
1266 2381 1337 2408 ergo
1353 2373 1528 2400 benedictus
1543 2372 1654 2399 fructus
1667 2371 1763 2399 Mariae
1775 2379 1820 2399 sa-

1031 2420 1124 2447 lutem
1146 2420 1248 2448 dando
1269 2419 1473 2456 spiritualiter,
1494 2418 1655 2447 salvandos
1674 2417 1818 2453 multipli-

1033 2510 1056 2533 8.
1076 2521 1107 2525 —
1131 2508 1148 2524 ¹⁰
1167 2507 1233 2531 Psal.
1264 2513 1360 2536 cxxvi,
1394 2508 1418 2531 3.
1445 2520 1476 2524 —
1493 2507 1513 2523 1¹
1542 2506 1644 2530 Hieron.
1660 2524 1667 2535 ,
1697 2505 1722 2529 in
1748 2505 1817 2529 Psal.

1033 2551 1119 2569 cxxvi.
1137 2557 1163 2560 —
1176 2544 1197 2559 *ἒ
1210 2545 1293 2573 Ρι·ου.,
1315 2549 1350 2573 xi,
1370 2544 1407 2567 30.
1427 2556 1453 2560 —
1471 2542 1490 2558 ¹³
1507 2542 1583 2572 Beda,
1605 2542 1681 2565 Hom.
1705 2543 1772 2572 aest„
1792 2543 1817 2565 in

1033 2580 1137 2603 solemn.
1156 2580 1226 2611 Deip.
1248 2580 1274 2603 V.
1286 2580 1332 2609 M.‚
1351 2578 1449 2610 quando
1465 2577 1586 2602 salutavit
1604 2576 1746 2607 Elisabeth,
1759 2576 1817 2601 ante

1035 2616 1103 2640 med.

1068 2661 1100 2691 (a)
1117 2660 1191 2692 vulg.
1208 2660 1417 2684 desideraveram.
1436 2672 1467 2677 —
1483 2658 1519 2690 (b)
1537 2659 1598 2683 Cat.
1614 2658 1675 2682 edit.
1690 2657 1795 2688 justum.
