2029 3052
248 213 310 245 298
819 207 1007 242 LEGENDA
1026 208 1062 242 S.

249 280 347 312 vento
361 278 427 310 illic
439 277 602 310 sacerdote
615 276 824 319 pauperculo,
837 276 869 310 ei
882 285 1031 310 reveren-

249 333 328 364 tiam
340 332 506 365 decentem
519 330 680 370 exhihuit,
695 332 728 362 et
742 329 782 362 ad
793 330 1031 372 reparationem

249 385 392 419 eeclesiae
411 387 444 418 et
465 393 646 427 pauperum
666 393 765 416 usum
784 384 954 426 pecuniam
971 385 1031 417 oh-

250 440 335 480 tulit,
357 442 401 479 et,
420 442 457 471 ut
479 447 590 471 secum
609 447 644 470 se
667 438 787 470 morari
805 440 969 480 pateretur
991 439 1031 471 ad

250 496 390 535 tempus,
407 492 575 525 humiliter
587 491 766 533 requisivit.
789 492 960 534 Acquievit
979 502 1031 525 sa-

250 547 362 580 cerdos
374 547 413 579 de
433 555 524 578 mora
546 545 665 587 ipsius;
689 546 756 585 sed,
777 545 892 578 timore
910 556 1032 587 paren-

251 604 333 640 tum,
350 600 520 642 pecuniam
540 600 711 632 recusavit.
729 599 834 638 Quam
857 610 955 632 verus
975 610 1032 642 pe·

251 655 420 687 cuniarum
428 656 628 695 contemptor
637 654 669 685 in
677 654 853 695 quamdam
859 655 1032 686 fenestram

251 709 433 750 projiciens,
449 709 606 749 abiectam
621 708 710 740 velut
721 708 886 749 pulverem
900 708 1034 749 vilipen-

239 762 309 794 .dit.
336 762 459 795 Moram
479 765 587 794 autem
612 762 745 794 faciente
764 771 859 794 servo
880 762 933 794 Dei
957 772 1033 794 cum

251 817 413 849 sacerdote
428 816 591 858 praedicto,
607 826 682 848 cum
697 816 758 848 hoc
773 816 930 848 intellexit
945 818 1034 858 pater

251 870 365 912 ipsius,
375 871 583 912 perturbatus
591 871 642 902 ani
647 879 710 910 mo,
718 870 859 902 cucurrit
865 870 904 902 ad
912 870 1031 902 locum.

252 924 379 966 Atspse,
393 924 471 965 quia
481 934 587 956 novus
598 924 715 956 Christi
729 927 798 956 erat
812 924 943 963 athleta,
956 934 1032 956 cum

252 978 378 1010 audiret
408 979 671 1020 persequentium
704 979 830 1017 minas,
858 981 890 1010 et
918 987 1032 1011 eorum

252 1032 452 1073 praesentiret
465 1033 652 1072 adventum,
673 1033 750 1065 dare
765 1032 872 1065 locum
893 1033 951 1065 irae
975 1042 1034 1065 vo-

251 1086 331 1126 lens,
348 1087 382 1118 in
397 1087 535 1128 quadam
551 1088 675 1118 occulta
695 1087 786 1119 fovea
799 1096 833 1118 se
856 1086 1032 1125 abscondit,

253 1141 286 1171 in
301 1150 366 1181 qua
384 1141 496 1172 diebus
519 1140 683 1181 aliquibus
703 1140 867 1178 latitando,
896 1141 1034 1180 rogabat

254 1194 426 1226 Dominum
452 1194 646 1225 incessanter
677 1194 895 1235 lacrymarum
930 1194 1034 1226 imbre

253 1247 418 1288 perfusus,
449 1250 486 1279 ut
509 1247 656 1279 liberaret
685 1248 724 1279 de
749 1248 899 1279 manibus
926 1258 1032 1289 perse-

251 1302 420 1342 quentium
437 1302 581 1333 animam
597 1310 701 1339 suam,
718 1304 749 1333 et
765 1302 829 1342 pia,
846 1311 919 1343 quae
936 1303 1034 1343 inspi-

254 1358 392 1394 raverat,
407 1358 481 1387 vota
496 1356 640 1396 benigno
653 1357 761 1388 lavore
772 1356 954 1397 compleret.
973 1356 1036 1396 lgi-

254 1412 309 1441 tur
331 1410 494 1441 excessiva
525 1410 664 1450 quadam
696 1409 874 1451 completus
903 1410 1035 1448 laetitia,

253 1463 348 1504 coepit
369 1463 407 1495 de
434 1463 705 1504 pusillanimitatis
730 1463 862 1503 ignavia
886 1464 1036 1504 semetip-

253 1526 325 1548 sum
347 1515 500 1557 arguere-5
524 1517 698 1557 relictaque
724 1518 826 1556 fovea,
855 1520 884 1548 et
912 1518 1037 1557 abjecto

254 1581 385 1612 pavore,
402 1580 514 1602 versus
527 1571 689 1602 civitatem
704 1571 812 1602 Assisii
830 1571 889 1602 iter
902 1581 1039 1611 aggres-

254 1635 309 1656 sus
334 1628 391 1656 cst.
420 1625 520 1663 Quem
546 1635 619 1656 cum
648 1626 736 1656 cives
760 1628 926 1657 cernerent
959 1626 1036 1656 facie

253 1679 449 1720 squalidum,
472 1682 502 1710 et
525 1682 631 1710 mente
655 1682 825 1715 mutatum,
843 1689 878 1710 ac
895 1689 951 1720 per
977 1680 1037 1710 hoc

254 1733 428 1765 alienatum
444 1735 593 1773 putarent
610 1742 628 1763 a
650 1742 757 1768 sensu,
777 1733 843 1764 luto
859 1733 1036 1773 platearum

255 1789 286 1818 et
302 1787 460 1827 lapidibus
476 1787 681 1826 impetebant,
696 1789 726 1817 ct
744 1789 895 1827 tanquam
912 1787 1036 1825 insano,

255 1843 286 1872 et
314 1840 469 1879 dementi,
496 1840 644 1871 clamos's
671 1841 802 1872 vocibus
829 1840 1036 1871 insultabant.

256 1894 410 1926 Famulus
428 1897 537 1926 autem
560 1894 701 1931 Domini,
727 1894 815 1925 nulla
836 1895 956 1925 sravtus
983 1897 1039 1925 aut

257 1951 398 1979 mutatus
418 1948 546 1987 injuria,
564 1951 598 1979 ut
618 1948 735 1979 surdus
750 1949 782 1979 iu
798 1948 950 1979 omnibus
965 1957 1039 1988 per-

256 2002 422 2033 transibat.
440 2002 584 2042 Cumque
598 2002 770 2032 clamorem
789 2001 972 2041 hujusmodi
989 2010 1039 2041 pa-

258 2059 304 2087 ter
318 2056 468 2089 audisset.
485 2056 594 2086 statim
617 2065 788 2086 accurrens
813 2065 875 2085 nou
899 2055 938 2085 ad
961 2055 1039 2085 lilw-

258 2110 394 2141 randum
420 2119 515 2148 eum,
542 2109 596 2140 sed
620 2110 725 2149 {notius
751 2109 789 2139 ad
821 2109 1039 2149 perdendum,

257 2164 345 2195 omni
382 2163 585 2194 miseratione
621 2163 802 2200 subtracta,
845 2165 1040 2202 pertractum

258 2217 357 2249 (lomi.
382 2219 485 2257 primo
511 2217 635 2253 verbis,
660 2217 772 2247 deinde
796 2216 984 2247 verberibus
1011 2218 1042 2246 et

259 2271 508 2310 vinculisangit.
527 2270 595 2310 lpse
611 2274 731 2307 autem,
753 2270 791 2301 ad
814 2270 1041 2310 exequendum

260 2325 394 2356 Domino
410 2324 495 2364 quod
511 2327 660 2364 caeperat,
683 2325 862 2364 promptior
877 2333 916 2355 ex
938 2324 996 2354 hoc
1013 2326 1043 2354 et

260 2378 394 2409 validior
410 2378 610 2411 reddebatur,
630 2379 771 2408 recolens
783 2378 859 2408 illud
875 2378 1040 2415 Evangelii

261 2432 396 2463 verbum
413 2433 419 2448 ¹
439 2443 445 2461 ι
465 2432 560 2463 Beati
570 2433 627 2471 qui
644 2432 895 2471 persecutionem
913 2433 1043 2471 patiun-

261 2490 315 2518 tur
331 2490 456 2526 propter
466 2485 646 2525 justitiam,
661 2487 813 2525 quonium
841 2487 983 2526 ipsorum
999 2490 1044 2518 est

262 2548 391 2580 reanum
408 2539 564 2571 cu‘lorztm.
587 2538 658 2570 Post
677 2540 836 2570 modicum
861 2549 938 2570 vero
963 2542 1043 2570 tem-

263 2603 334 2633 pus,
359 2596 446 2633 patre
471 2604 489 2623 a
512 2593 613 2633 patria
635 2593 826 2631 discedente,
849 2596 951 2624 mater
975 2595 1045 2633 eJus

263 2647 382 2677 sactum
396 2647 501 2677 mariti
516 2656 577 2678 non
589 2647 781 2687 approbans,
792 2650 821 2678 et
838 2648 1044 2679 inflexibilem

297 2710 302 2725 ¹
321 2708 422 2738 Martia,
438 2715 461 2737 v.
482 2712 518 2733 tu.

1083 208 1303 242 FRANCISCI.

1085 276 1145 310 mii
1156 277 1370 310 constantiam
1383 276 1523 310 emolliri
1535 286 1628 319 posse
1640 286 1708 312 non
1721 287 1867 322 sperans,

1087 330 1262 370 avinculis
1272 330 1456 363 absolutum
1470 331 1561 364 abire
1574 331 1732 373 permisit.
1745 333 1789 366 At
1799 333 1869 375 ipse

1089 384 1212 425 gratias
1225 384 1438 426 omnipotenti
1451 384 1516 417 Deo
1529 385 1683 425 reterens,
1697 385 1737 418 ad
1746 385 1869 428 locum,

1086 438 1121 470 in
1143 438 1316 483 quoprius
1336 438 1452 478 fuerat,
1475 440 1523 470 est
1546 447 1708 472 reversum
1735 439 1872 473 Rediens

1089 494 1198 524 autem
1213 493 1315 533 pater,
1336 493 1370 524 et
1384 501 1461 524 eum
1478 500 1547 524 non
1569 492 1740 525 inveniens
1763 493 1870 533 domi,

1087 545 1237 578 convitiis
1253 545 1352 577 illatis
1373 545 1481 585 uxori,
1506 545 1646 579 fremens
1666 547 1811 579 cucurrit
1830 547 1872 580 ad

1086 598 1206 638 locum,
1223 601 1270 638 ut,
1287 599 1312 630 si
1328 607 1404 631 eum
1420 607 1572 631 revocare
1591 609 1661 632 non
1673 602 1792 642 posset,
1807 601 1871 634 sal-

1087 654 1155 684 tem
1167 652 1207 685 de
1221 653 1389 694 provincia
1403 652 1577 693 effugaret.
1590 652 1780 686 Franciscus
1792 663 1873 687 vero

1088 707 1285 739 confortatus
1307 716 1327 738 a
1349 706 1414 738 Deo
1434 706 1569 739 obvium
1591 707 1677 739 ultro
1702 716 1738 740 se
1757 708 1874 741 obtulit

1087 760 1170 802 patri
1193 760 1330 800 furenti,
1357 760 1459 792 libera
1477 770 1555 793 voce
1581 761 1736 800 clamans,
1757 770 1792 794 se
1815 771 1874 803 pro

1089 813 1191 846 nihilo
1202 814 1320 846 ducere
1335 814 1465 847 vincula
1480 817 1510 847 et
1529 815 1663 847 verbera
1681 816 1765 856 eJus,
1781 816 1872 848 insu·

1089 877 1146 909 per
1159 870 1192 900 et
1205 870 1386 900 contestans
1400 877 1434 900 se
1447 877 1505 910 pro
1519 868 1635 901 Christi
1648 869 1781 901 nomine
1793 878 1875 910 gau-

1091 921 1204 954 denter
1223 922 1306 954 mala
1329 922 1440 954 omnia
1453 923 1650 955 subiturum.
1670 923 1795 955 Ardens
1810 923 1874 955 ita-

1089 984 1153 1017 que
1168 978 1271 1016 pater,
1287 976 1373 1017 quod
1395 985 1471 1008 eum
1491 985 1643 1008 revocare
1666 985 1733 1008 non
1755 978 1873 1018 posset,

1089 1029 1129 1060 ad
1153 1029 1409 1070 extorquendam
1432 1030 1604 1071 pecuniam
1629 1040 1663 1062 se
1685 1030 1843 1062 convertit
1863 1040 1872 1062 :

1090 1092 1154 1123 qua
1175 1083 1308 1115 tandem
1333 1084 1463 1115 inventa
1478 1083 1510 1115 in
1529 1084 1705 1115 senoetrula
1717 1083 1873 1125 quadam,

1090 1137 1330 1178 aliquantulum
1359 1137 1460 1178 ipsius
1495 1137 1664 1178 mitigatus
1690 1139 1738 1169 est
1766 1138 1874 1176 furor,

1090 1191 1234 1223 avaritiae
1251 1191 1303 1222 siti
1325 1193 1502 1232 utcumque
1522 1201 1578 1232 per
1599 1191 1754 1223 haustum
1776 1200 1875 1232 pecu-

1092 1245 1154 1277 niae
1170 1247 1357 1285 temperata.
1372 1245 1527 1277 Tentabat
1544 1245 1658 1277 deinde
1669 1247 1758 1286 pater
1769 1245 1876 1277 carnis

1092 1299 1195 1330 [ilium
1210 1299 1338 1339 gratiae,
1359 1299 1494 1339 pecunia
1503 1300 1575 1340 jam
1591 1299 1749 1330 nudatum
1759 1299 1876 1331 ducere

1092 1362 1200 1384 coram
1216 1353 1371 1394 Episcopo
1391 1353 1539 1390 civitatis
1556 1355 1602 1392 ut,
1628 1353 1660 1384 in
1683 1353 1783 1394 ipsius
1806 1362 1875 1384 ma-

1093 1407 1200 1445 nibus,
1224 1407 1428 1438 facultatibus
1451 1406 1650 1438 renuntiaret
1670 1407 1823 1447 paternis,
1845 1409 1877 1438 et

1091 1460 1201 1492 omnia
1216 1460 1373 1498 redderet,
1390 1470 1463 1501 quae
1478 1460 1628 1492 habebat.
1653 1460 1701 1491 Ad
1725 1460 1812 1501 quod
1828 1460 1877 1492 ta-

1093 1514 1242 1546 ciendum
1258 1523 1292 1545 se
1311 1516 1497 1555 promptum
1518 1514 1666 1545 exhibuit
1684 1522 1782 1546 verus
1796 1523 1877 1555 pau-

1094 1569 1224 1610 pertatis
1241 1571 1376 1606 amator,
1394 1568 1649 1609 perveniensque
1667 1577 1776 1599 coram
1801 1567 1878 1609 Epi-

1093 1632 1199 1663 scopo,
1223 1632 1281 1653 nec
1306 1631 1413 1653 moras
1438 1622 1568 1662 patitur,
1594 1631 1652 1652 uec
1675 1624 1823 1653 coutetur
1839 1622 1878 1654 de

1093 1679 1218 1719 aliquo,
1236 1688 1295 1710 nec
1318 1678 1415 1709 verba
1438 1679 1603 1718 expectat,
1630 1686 1688 1708 nec
1709 1677 1800 1716 facit,
1822 1677 1877 1709 sed

1093 1733 1246 1764 continuo
1257 1732 1407 1772 depositis
1422 1732 1572 1762 omuibus
1589 1731 1798 1769 vestimentis,
1813 1741 1879 1763 res-

1095 1787 1178 1818 tituit
1193 1796 1230 1817 ea
1247 1786 1340 1826 patri.
1366 1785 1520 1817 Inventus
1536 1787 1583 1816 est
1606 1788 1713 1816 autem
1730 1787 1806 1816 tunc
1829 1785 1879 1816 vir

1095 1840 1147 1872 Dei
1164 1840 1303 1871 cilicium
1317 1840 1434 1870 habere
1452 1839 1491 1870 ad
1511 1847 1643 1870 carnem
1657 1838 1717 1870 sub
1733 1839 1879 1871 vestibus

1094 1894 1246 1926 delicatis.
1284 1893 1416 1934 insuper
1449 1902 1489 1924 ex
1521 1892 1709 1924 admirando
1734 1893 1879 1932 fervore,

1095 1949 1209 1990 spiritu
1230 1948 1359 1986 ebrius,
1386 1948 1512 1988 reJectis
1536 1948 1634 1978 etiam
1658 1947 1878 1987 femoralibus,

1098 2005 1184 2034 totus
1199 2011 1307 2033 coram
1328 2002 1478 2032 omnibus
1495 2001 1689 2039 denudatur,
1714 2001 1822 2032 dicens
1841 2001 1880 2033 ad

1096 2059 1217 2097 patrem
1241 2065 1248 2086 :
1278 2055 1383 2096 l'sque
1406 2064 1492 2086 nunc
1515 2055 1627 2086 vocavi
1651 2057 1681 2086 te
1705 2057 1827 2095 patrem
1848 2055 1879 2085 in

1097 2109 1206 2146 te1·ris;
1224 2109 1339 2139 amodo
1352 2111 1460 2139 antem
1476 2118 1586 2139 secure
1602 2108 1708 2139 dicere
1725 2117 1854 2148 possum
1870 2119 1877 2139 z

1098 2164 1192 2195 Pater
1215 2166 1330 2200 noster,
1356 2163 1414 2202 ‘11¹¹'
1439 2170 1471 2193 cs
1496 2162 1531 2193 in
1553 2162 1652 2201 coelis,
1674 2162 1758 2202 apud
1782 2170 1880 2202 quem

1098 2225 1230 2248 omnem
1250 2216 1437 2246 thesaurum
1454 2216 1594 2256 reposui,
1616 2218 1645 2246 et
1665 2224 1795 2246 omnem
1814 2215 1880 2256 spei

1100 2271 1250 2301 fiduciam
1267 2269 1430 2300 collocavi.
1454 2269 1518 2300 lloc
1543 2279 1676 2300 cernens
1696 2269 1878 2309 Episcopus,

1097 2328 1128 2356 et
1143 2324 1306 2355 admirans
1323 2328 1386 2354 tam
1403 2323 1608 2354 excedentem
1622 2323 1654 2353 in
1671 2323 1741 2354 viro
1757 2322 1809 2354 Dei
1823 2322 1880 2353 fer-

1099 2388 1221 2416 vorem,
1241 2379 1386 2418 protinus
1399 2377 1592 2414 exsurrexit,
1608 2379 1639 2408 et
1652 2377 1735 2407 inter
1749 2375 1879 2406 brachia

1099 2443 1158 2464 sua
1174 2432 1265 2463 illum
1282 2441 1354 2462 cum
1379 2431 1455 2462 fletu
1472 2431 1671 2469 recolligens‚
1688 2429 1733 2460 uti
1749 2431 1816 2460 erat
1830 2428 1880 2460 vir

1100 2487 1172 2526 pius
1187 2489 1215 2516 et
1232 2486 1346 2522 bonus,
1363 2484 1468 2524 pallio,
1489 2493 1553 2523 quo
1571 2486 1637 2514 erat
1651 2482 1796 2519 amictuS,
1808 2491 1880 2522 ope-

1101 2541 1176 2573 ruit,
1195 2539 1382 2580 prceeipiens
1397 2538 1474 2575 suis.
1492 2540 1527 2568 ut
1546 2536 1665 2576 aliquid
1686 2536 1746 2566 sibi
1769 2535 1881 2567 darent

1100 2594 1138 2625 ad
1156 2593 1301 2624 membra
1312 2592 1454 2632 corporis
1464 2589 1660 2629 contegenda
1676 2598 1683 2619 :
1701 2589 1823 2620 oblatus
1834 2592 1882 2621 est

1100 2650 1211 2679 autem
1227 2647 1254 2677 ei
1270 2645 1441 2677 mantellus
1453 2653 1574 2685 pauper
1587 2645 1617 2674 et
1631 2643 1704 2673 vilis
1715 2644 1764 2682 cuj
1771 2643 1881 2674 usdam

1103 2700 1252 2741 agricolae
1287 2699 1456 2730 servientis
1491 2697 1654 2737 Episcopo.
1682 2696 1782 2735 Quem
1816 2697 1881 2738 ipse
