2029 3052
268 208 327 239 594
972 198 1178 232 exposmo

267 273 414 314 septimo,
429 272 470 304 ad
483 271 686 304 tolerantiam
700 269 908 311 injuriarum,
921 269 953 300 et
965 267 1046 300 alio-

266 336 341 361 rum
357 326 598 367 gravaminum,
612 325 657 357 ibi
670 336 677 357 :
692 326 738 357 Et
752 323 865 357 habere
879 321 1046 355 humilita-

267 384 331 414 tem
355 385 384 414 ec
404 380 619 422 pacientiam;
647 380 759 411 octavo
773 402 783 417 ‚
814 377 854 409 ad
884 374 1046 408 charitatis

267 435 539 477 complementum
552 458 560 473 ,
584 433 630 465 ibi
647 444 654 464 :
671 433 713 465 Ec
733 431 869 472 diligere
888 438 939 464 eos
951 454 959 470 ,
986 429 1047 471 qui

267 497 336 526 nos,
355 491 414 521 etc.

307 543 387 575 Dicit
400 551 480 583 ergo
495 541 599 583 primo
616 552 622 572 :
638 541 766 573 Fratres
779 540 838 580 qui
853 541 930 586 sunt
943 537 1044 570 mini-

267 597 341 635 stri,
354 599 383 630 et
401 597 486 629 servi
506 595 643 628 aliorum
668 594 834 634 fratrum:
850 591 988 624 ministri
1010 591 1045 622 in

272 650 506 692 spiritualibus,
522 652 554 681 et
569 649 654 681 servi
676 648 708 679 in
723 647 962 689 temporalibus.
986 645 1043 677 Vi-

265 706 364 738 sitem
379 704 551 743 socialiter,
568 705 600 735 et
613 705 763 736 moneant
773 700 979 743 judicialiter,
1004 708 1045 731 ex

265 758 348 791 dicto
375 758 548 791 Salvatoris
573 757 666 789 Petro
688 755 697 774 ¹
723 767 735 788 .·
748 756 790 789 Ec
810 758 846 788 lu
867 753 1044 796 aliquando

265 821 448 852 conversus,
463 812 621 852 confirma
634 811 754 851 fratres
773 813 854 842 tuos.
870 809 910 841 Et
923 808 986 840 hoc
1004 808 1044 840 ad

264 867 542 900 benefaciendum.
560 865 743 902 Humiliter‚
765 873 829 896 non
852 863 1042 904 imperiose3

265 924 297 954 et
310 922 518 960 charitative,
543 929 609 952 non
631 918 859 951 contumeliose
884 916 1043 949 contradi-

266 978 383 1016 centes,
401 975 485 1008 unde
499 975 533 1006 in
548 973 712 1006 Ezechiele
727 972 880 1004 dicitur-²:
901 983 916 1002 «
928 970 1045 1002 Lateri-

264 1030 327 1062 bus
350 1032 382 1061 et
405 1029 549 1061 humeris
574 1027 812 1068 impingebatis,
837 1028 869 1058 et
894 1025 1044 1057 cornibus

265 1084 380 1116 vestris
398 1083 600 1115 ventilabatis
631 1081 740 1113 omnia
766 1080 896 1112 infirma
917 1088 1041 1120 pecora,

265 1139 365 1171 donec
373 1138 634 1178 dispergerentur
642 1136 734 1167 foras.
742 1146 757 1164 »
770 1134 943 1167 Humilt'ter
949 1142 1042 1173 ergo,

264 1196 296 1224 et
315 1192 523 1230 charitative,
550 1190 698 1230 exemplo
717 1189 843 1220 Domini
867 1188 1037 1219 dicentis³2

270 1260 284 1278 ιι
292 1247 422 1285 Quoties
438 1246 523 1278 volui
535 1252 735 1285 congregare
743 1243 825 1274 filios
835 1245 916 1281 tuos,
928 1251 1041 1283 quem-

264 1301 438 1333 admodum
458 1300 600 1340 gallina!
625 1310 639 1327 n
666 1297 735 1338 lpse
753 1299 862 1328 tamen
892 1296 1044 1327 Dominus

263 1363 385 1396 asperae
402 1354 488 1386 dedit
509 1351 714 1384 correctionis
736 1350 937 1390 exemplum3
959 1349 1042 1380 unde

264 1410 344 1440 facto
359 1407 490 1447 flagello
508 1407 545 1438 de
562 1405 712 1437 funiculis
725 1405 745 1442 ⁸,
762 1404 885 1444 expulit
901 1406 1042 1435 ementes

264 1465 296 1494 et
310 1462 493 1494 vendentes.
516 1460 552 1491 Et
575 1450 668 1491 l‘efro
689 1458 805 1489 carnali
829 1467 924 1489 sensu
947 1458 1042 1489 ducto

263 1517 344 1549 dixit
364 1519 374 1535 ⁵
401 1528 408 1548 :
429 1528 443 1545 «
458 1515 543 1547 Vade
560 1517 655 1551 reu-o,
677 1513 820 1545 Satanas.
836 1523 850 1541 »
870 1512 1043 1544 Duris-sime

263 1571 361 1603 etiam
368 1570 547 1602 Pharisaeos
554 1572 583 1600 et
594 1570 632 1609 (a)
640 1567 1039 1609 hypocritasincrepabat⁶.

262 1626 334 1658 Non
348 1626 569 1666 proecz'pz'ences
585 1625 630 1655 eis
645 1622 786 1663 aliquid,
803 1622 888 1662 quod
907 1623 951 1654 sic
970 1630 1042 1654 con—

263 1682 314 1712 tra
336 1681 480 1712 animam
499 1687 590 1710 suam
607 1702 614 1715 ‚
636 1680 744 1716 utpote
767 1676 940 1706 inhibitum
971 1676 1041 1716 lege

263 1733 383 1772 divina,
404 1738 433 1766 ec
449 1732 592 1774 regulam
606 1735 761 1768 nostram,
779 1729 953 1761 inhibitum
970 1730 1041 1769 lege

262 1786 449 1827 disciplinas.

302 1839 364 1871 Pro
383 1839 523 1871 secunda
546 1841 634 1878 parte
654 1837 792 1868 rubricae
808 1836 938 1867 subdit:
960 1837 1041 1868 Fra-

262 1899 325 1928 tres
339 1902 410 1927 vero
422 1895 478 1934 (μα’
492 1897 568 1926 sunt
583 1892 719 1929 subditi,
739 1890 939 1923 recor-denem-
957 1891 1042 1930 quod

260 1953 389 1990 propter
405 1950 504 1981 Deum
519 1947 751 1987 abnesscwerzml
765 1946 916 1985 proprias
934 1945 1041 1978 rolan-

261 2007 354 2037 tates.
371 2002 503 2044 Propria
518 2002 666 2033 voluntas
679 2003 725 2031 est
740 1999 802 2036 illa,
819 2009 892 2039 qnae
908 1999 1041 2030 omnino

261 2057 371 2089 (livino
393 2056 527 2097 irnperio
552 2065 616 2086 non
643 2055 781 2094 ligatur,
809 2053 860 2084 vel
883 2053 1040 2093 superiori

261 2110 384 2151 regulae
407 2120 471 2141 non
488 2109 641 2140 adhaeret.
665 2107 754 2140 [mle
776 2107 912 2146 firmiter
928 2108 1040 2147 prcecc'-

260 2165 314 2205 pio
329 2165 387 2203 eis,
403 2167 437 2196 ut
451 2163 600 2196 obediant
615 2163 684 2194 suis
700 2162 872 2200 inine'slrz‘s,
891 2164 921 2192 et
934 2162 1038 2192 omni-

262 2218 322 2250 bus
340 2218 479 2258 praelatis
498 2217 629 2248 ordinis.
651 2216 688 2247 Et
713 2216 809 2246 dicit:
835 2217 927 2254 Suis,
953 2218 988 2247 ut
1002 2216 1040 2247 dc

261 2272 521 2314 provincialibus,
546 2274 575 2301 rt
597 2270 666 2301 aliis
692 2269 832 2310 przelatis
848 2269 1040 2300 immediatis

261 2337 293 2359 se
306 2327 394 2367 loqui
413 2325 552 2357 ostendat
576 2325 637 2363 hie,
654 2324 709 2365 qui
725 2333 822 2364 snpra
839 2323 877 2355 de
895 2324 1041 2355 obedien-

262 2383 304 2413 tia
326 2381 365 2412 ad
389 2379 571 2420 generalem
593 2379 744 2409 ministris
759 2378 792 2408 in
816 2378 918 2418 primo
939 2378 1040 2418 capite

261 2438 307 2467 cst
330 2435 465 2466 locutus.
489 2434 527 2464 1η,
552 2432 709 2471 ominibus,
732 2441 803 2471 quw
820 2433 1039 2471 pronu'sermzt

262 2491 410 2528 Demiizo,
427 2489 604 2525 observare,
617 2487 739 2527 supple,
755 2487 900 2526 explicite
917 2487 965 2517 vvl
984 2487 1041 2517 im-

262 2544 377 2584 plicite.
401 2543 441 2575 Ει
463 2551 525 2575 non
547 2546 623 2574 sunt
645 2541 810 2573 contraria
832 2542 951 2573 (ιηῖηιιε
973 2550 1040 2573 81(oe

296 2643 302 2659 ¹
319 2644 386 2673 Luc„
402 2644 563 2669 xx11,5·.2.—
580 2642 589 2657 2
603 2640 703 2671 Ezwh„
719 2645 808 2670 xx'x1vy
822 2641 898 2663 ·.’1.»-
917 2641 1038 2667 Qua-'lm

264 2680 451 2707 xxn1,37..-—
472 2678 575 2705 ⁴.701121.‚
600 2683 634 2708 ιι,
654 2679 680 2700 155
697 2689 726 2694 —-
744 2676 752 2690 '³
768 2676 857 2706 Marc„
879 2682 939 2705 riu,
955 2678 993 2700 1:23.
1009 2690 1040 2694 —

264 2717 273 2730 θ
289 2715 392 2746 ΛΙιιΗΙι.,
413 2722 458 2746 m,
477 2716 503 2741 7;
525 2721 596 2745 xlii,
616 2716 659 2744 is;
678 2719 755 2743 xxm,
777 2714 817 2743 14,
834 2714 872 2743 15,
887 2715 931 2742 123,
952 2715 990 2737 29.
1010 2727 1039 2731 —

1099 269 1131 300 et
1142 268 1259 310 rmutae
1271 273 1390 303 nostroe
1398 279 1409 311 3
1423 270 1486 302 hoc
1505 279 1602 312 supra
1620 272 1800 313 expositum
1815 275 1875 307 est.

1139 321 1292 364 Sequitur
1304 333 1364 365 pro
1387 325 1481 357 tertia
1494 327 1606 367 parte:
1626 325 1670 360 Et
1689 326 1878 368 ubicumque

1097 379 1175 409 sum
1186 377 1314 417 fratres,
1331 379 1390 419 qui
1403 379 1521 412 scirent
1535 388 1569 411 se
1584 379 1623 420 (b)
1638 389 1696 420 per
1709 381 1878 421 experien-

1099 430 1176 462 tiam
1186 455 1195 470 ,
1209 434 1240 464 et
1253 435 1473 472 evanescerent
1485 442 1543 474 per
1555 434 1680 465 rectum
1701 433 1874 474 judicium,

1098 491 1132 516 se
1144 491 1308 525 nonposse
1317 486 1460 527 requlam
1472 487 1689 528 spiritualiter
1696 487 1874 526 observare.

1097 537 1160 569 hoc
1173 540 1221 570 est
1229 538 1262 570 in
1276 539 1328 570 his
1338 540 1502 581 praecipue
1515 550 1589 582 quae
1599 541 1778 582 spiritualia
1786 544 1874 582 sunt,

1099 593 1137 623 ut
1150 592 1363 633 tranquillitas
1383 594 1498 634 cordis,
1521 596 1553 626 et
1571 595 1696 636 puritas
1710 595 1875 628 conscien-

1098 646 1162 677 tiae.
1178 646 1251 679 Non
1259 655 1362 688 posse,
1380 648 1495 689 inquit,
1511 648 1564 681 vel
1580 650 1711 690 propter
1725 649 1875 682 tentatio-

1098 708 1178 731 num
1193 701 1387 740 gravitatem
1403 701 1631 743 periculosam,
1646 703 1733 735 utin
1747 711 1878 736 consor-

1098 754 1143 786 tio
1164 754 1353 795 mulierum
1377 755 1428 788 vel
1445 763 1512 789 non
1533 764 1626 797 posse
1652 758 1811 798 quantum
1835 757 1877 790 ad

1098 809 1240 850 corporis
1266 810 1454 850 necessaria,
1480 810 1507 842 si
1530 819 1595 842 non
1617 810 1738 852 possint
1756 810 1877 842 habere

1098 862 1214 894 alicubi
1239 863 1328 895 salva
1352 863 1478 896 Ordinis
1500 864 1650 905 puritate,
1671 864 1724 896 vel
1747 866 1876 906 propter

1097 917 1225 948 similia.
1236 917 1289 950 Ad
1297 925 1370 951 suos
1380 919 1546 951 ministros
1555 918 1689 952 debeant
1701 926 1874 959 recurrere,

1097 971 1153 1012 qui
1178 971 1294 1002 debent
1318 980 1388 1003 esse
1410 971 1576 1011 refugium
1589 971 1791 1012 afflictorum,
1806 972 1877 1005 vice

1097 1024 1225 1056 Domini
1254 1025 1428 1056 dicentis⁷:
1449 1037 1463 1054 «
1481 1024 1595 1057 Venite
1618 1025 1659 1058 ad
1671 1035 1723 1058 me
1746 1034 1874 1066 omnes,

1097 1079 1153 1120 qui
1171 1079 1332 1118 laboratis,
1348 1081 1379 1111 et
1400 1079 1522 1111 onerati
1545 1079 1620 1111 estis
1632 1104 1640 1119 ,
1664 1081 1696 1112 et
1716 1089 1779 1122 ego
1800 1081 1875 1112 refl-

1097 1133 1178 1164 ciam
1201 1142 1295 1165 vos.»
1316 1133 1502 1173 Recurrere,
1524 1134 1669 1175 inquam,
1684 1143 1741 1175 per
1756 1143 1800 1172 se,
1824 1133 1877 1167 vel

1097 1197 1154 1228 per
1168 1187 1331 1226 nuntium,
1358 1188 1461 1219 forma
1475 1189 1669 1219 statutorum
1682 1187 1803 1220 ordinis
1817 1187 1875 1220 oh-

1097 1243 1223 1274 servata
1231 1241 1265 1272 in
1279 1242 1396 1281 eundo,
1410 1242 1487 1282 quia
1502 1242 1587 1274 istud
1597 1242 1742 1274 debitum
1752 1251 1819 1274 non
1829 1243 1877 1274 est

1097 1298 1283 1337 exemptum
1301 1297 1341 1328 ab
1355 1296 1534 1328 obedientia
1549 1298 1752 1329 statutorum.

1139 1350 1289 1391 Sequitur
1303 1359 1360 1391 pro
1381 1352 1495 1391 quarta
1512 1352 1601 1391 parte
1619 1361 1625 1382 :
1643 1351 1790 1384 Ministri
1804 1359 1875 1384 vero

1097 1404 1290 1437 charitative
1305 1404 1337 1435 in
1360 1404 1474 1443 corde,
1492 1408 1522 1437 et
1537 1404 1715 1446 beniynein
1736 1401 1877 1437 vultu'et

1097 1466 1255 1496 sermone,
1270 1466 1321 1490 eos
1335 1459 1507 1498 recipiant,
1523 1462 1552 1492 et
1562 1462 1687 1492 tantam
1700 1458 1875 1499 familiari-

1097 1516 1194 1544 talem
1215 1512 1352 1544 habeant
1373 1513 1459 1544 circa
1479 1520 1540 1552 eos,
1559 1513 1620 1544 hoc
1635 1515 1683 1544 est
1695 1515 1761 1544 tam
1781 1513 1874 1544 fami-

1097 1565 1190 1597 liares
1217 1566 1335 1606 seipsos
1359 1566 1542 1605 exhibeant,
1570 1569 1607 1600 ut
1625 1567 1731 1600 dicere
1750 1569 1877 1609 possint

1097 1621 1141 1652 eis
1157 1621 1266 1651 fratres
1277 1620 1315 1651 ad
1331 1630 1383 1652 eos
1398 1623 1608 1660 recurrentes,
1624 1624 1652 1654 et
1662 1623 1776 1661 tacere,
1790 1623 1876 1655 sicut

1097 1673 1224 1706 clomz'nz'
1238 1676 1340 1707 serris
1354 1676 1434 1707 suis.
1454 1674 1488 1706 ln
1509 1675 1569 1706 hoc
1592 1676 1701 1715 verbo,
1720 1675 1809 1708 Sicut
1823 1674 1876 1707 do-

1098 1729 1193 1766 mini,
1211 1729 1347 1759 ministri
1364 1729 1579 1760 informantur
1593 1729 1633 1760 ad
1646 1729 1874 1768 humilitatem,

1097 1785 1131 1813 ut
1144 1791 1177 1813 se
1190 1782 1280 1822 quasi
1293 1792 1402 1814 servos
1414 1783 1633 1823 imaginentur
1647 1783 1783 1815 fratrum
1801 1783 1876 1815 alio—

1096 1844 1172 1866 rum
1191 1844 1269 1868 esse.
1287 1836 1326 1867 Et
1347 1837 1457 1868 omnia
1477 1836 1576 1868 verba
1598 1837 1770 1878 imperium
1790 1845 1876 1869 reso-

1097 1890 1206 1921 nantia
1220 1889 1343 1928 sileant,
1367 1893 1397 1922 et
1411 1891 1492 1922 sacta
1513 1891 1714 1923 dominatum
1737 1893 1874 1933 praeten-

1097 1944 1203 1975 ‹lentia
1218 1945 1344 1985 penitus
1356 1945 1516 1983 deserant,
1533 1945 1681 1986 exemplo
1695 1945 1792 1985 illius,
1819 1945 1876 1987 qui

1096 1999 1177 2030 dixit
1189 1998 1199 2014 ⁸
1217 2010 1223 2029 :
1251 2000 1338 2037 «Qui
1355 2001 1458 2040 major
1477 2002 1525 2032 est
1542 2001 1576 2031 in
1592 2000 1696 2039 vobis,
1713 2000 1770 2031 ssat
1792 2000 1875 2031 sicut

1097 2053 1214 2091 minor;
1233 2056 1262 2084 et
1279 2049 1532 2094 quipraecessor,
1550 2054 1631 2085 sicut
1645 2053 1870 2085 ministrator.»

1097 2106 1175 2137 Cum
1192 2107 1293 2146 igitur
1301 2108 1417 2139 dicitur
1435 2119 1440 2138 :
1472 2108 1508 2140 Ut
1523 2107 1625 2140 dicere
1638 2109 1766 2148 possint
1779 2111 1807 2140 et
1821 2108 1873 2147 fa-

1096 2169 1174 2200 cere,
1202 2162 1382 2192 informatio
1406 2164 1452 2192 est
1478 2162 1710 2200 ministrorum,
1730 2171 1771 2194 ne
1793 2162 1875 2194 facto

1097 2218 1153 2247 aut
1167 2216 1266 2247 verbo
1281 2216 1481 2256 praetendant
1499 2216 1627 2255 fastum,
1646 2217 1702 2257 qui
1719 2216 1816 2256 possit
1829 2224 1876 2247 re-

1096 2269 1211 2310 pellere
1226 2270 1370 2301 subditos
1384 2280 1402 2300 a
1418 2270 1534 2301 fiducia
1548 2270 1588 2301 ad
1601 2270 1764 2301 ministros
1773 2270 1808 2301 iu
1819 2278 1875 2301 ne-

1096 2324 1296 2355 cessitatibus
1311 2323 1508 2355 recurrendi.
1531 2323 1602 2355 Non
1626 2326 1673 2355 est
1700 2326 1808 2355 autem
1823 2323 1872 2354 in-

1096 2378 1306 2418 telligendum
1322 2379 1477 2417 verbum,
1509 2379 1594 2419 quod
1623 2379 1757 2410 subditis
1781 2379 1875 2410 detur

1096 2432 1218 2463 oren-<lo
1240 2433 1443 2472 superbiendi
1472 2442 1527 2473 per
1550 2433 1683 2463 niniam
1708 2431 1872 2464 humilita-

1096 2489 1160 2517 tem
1178 2486 1409 2524 ministrorum,
1427 2496 1477 2525 ne,
1490 2487 1571 2517 sieut
1581 2486 1654 2517 dicit
1666 2485 1841 2526 Gregorius
1849 2487 1872 2524 ⁹,

1099 2552 1114 2569 κ
1129 2540 1207 2571 dnm
1236 2541 1330 2571 nimis
1358 2543 1503 2573 servatur
1526 2540 1708 2578 humilitas,
1739 2538 1873 2579 regendi

1099 2627 1106 2642 ⁷
1125 2626 1227 2655 Manli„
1249 2633 1288 2653 x1v
1312 2628 1350 2651 29.
1367 2639 1396 2644 —
1418 2626 1428 2643 ⁸
1442 2627 1509 2658 Luc„
1531 2632 1602 2656 xxii,
1622 2627 1662 2650 26.
1677 2638 1708 2643 -
1728 2625 1738 2642 ⁹
1756 2627 1874 2657 Gregor„

1097 2663 1196 2687 Pastor.
1212 2664 1283 2692 Cion,
1299 2664 1363 2693 part.
1379 2663 1410 2693 ΙΙ,
1426 2670 1448 2687 c.
1465 2669 1500 2687 vr.

1133 2714 1164 2743 (α)
1181 2713 1256 2736 Forte
1270 2712 1318 2743 [ey.
1335 2714 1371 2737 ut.
1383 2725 1414 2731 —
1430 2711 1462 2743 (b)
1484 2711 1538 2737 Del.
1553 2718 1591 2735 se.
