2029 3052
582 248 792 284 SPECULUM
812 248 957 282 BEATAE
978 250 1120 284 MARlAE
1143 251 1330 286 VIRGINIS.

145 317 214 347 licet
229 319 361 355 Auroroe,
382 319 480 355 Lunae,
505 320 534 348 et
556 318 626 354 Soli,
639 318 716 347 bene
737 319 929 354 comparatur

146 365 246 400 Maria,
260 368 383 403 propter
396 367 452 395 tria
466 366 497 394 in
511 365 576 402 ipsa
590 365 772 394 lucidissime
784 364 929 393 excellen-

145 413 259 442 tissima
273 423 279 442 :
295 413 350 442 fuit
364 414 443 443 enim
457 414 489 443 in
500 414 590 443 corde
605 415 632 443 et
645 415 743 442 mente
759 413 822 449 ejus
835 412 929 441 excel-

146 460 239 489 lenter
253 460 353 490 lucida
369 461 535 498 virginitas-‚3
551 461 604 490 fuit
613 461 644 489 in
657 460 820 496 virginitate
831 459 928 488 excel-

145 509 238 538 lenter
245 509 345 539 lucida
353 509 542 545 foecunditas;
559 510 614 538 fuit
627 510 658 538 in
665 509 854 538 foecunditate
865 509 928 544 ejus

146 556 323 586 excellenter
340 557 443 586 lucida
460 557 656 594 singularitas.
680 559 794 585 Aurora
807 556 928 592 refrige-

144 604 240 633 rativa
253 605 280 632 et
294 604 400 633 avibus
412 608 506 641 grata,
517 605 571 634 fuit
581 605 634 634 ista
644 604 728 640 virgo
737 603 828 632 Maria
840 612 846 631 :
862 603 928 639 ipsa

146 651 225 680 enim
247 652 413 688 virginitate
430 661 484 681 sua
501 653 597 681 carnis
617 652 757 680 ardorem
771 651 928 687 refrigera-

144 700 197 735 vit,
213 703 283 730 teste
297 703 326 730 B.
342 702 492 730 Bernardo
502 702 522 737 ¹,
538 701 589 738 qui
600 702 639 730 ad
652 709 718 729 eam
727 701 855 737 loquens
867 700 925 729 ait:

147 749 213 776 «Tu
223 748 363 776 ardorem
377 748 474 776 vetitae
489 747 737 784 concupiscentiae
751 748 858 775 virtute
879 755 927 775 oa-

143 794 246 823 stitatis
259 795 290 823 in
305 796 356 824 tua
372 795 507 831 virginea
527 803 615 824 carne
632 796 753 824 catenus
767 794 926 828 extinxisti,

143 843 176 870 ut
189 841 224 877 is,
240 842 272 870 in
287 842 371 878 cujus
385 844 545 879 conspectu
558 851 613 871 nec
629 844 706 871 astra
720 842 834 870 munda
849 843 925 876 sunt,

143 889 232 916 tantae
240 889 394 917 munditiae
401 898 522 918 carnem
531 891 614 918 tuam
621 889 811 925 judicaverit,
821 890 853 917 ut
860 897 927 917 eam

144 942 204 963 suae
220 935 327 964 divinae
349 936 469 972 puritati
490 936 677 973 agglutinare
701 944 764 964 non
780 936 926 972 despexe-

143 982 189 1010 rit.
207 992 222 1009 »
239 983 304 1019 Ipsa
324 983 411 1012 etiam
427 984 463 1021 (a)
480 984 648 1020 virginitate
664 992 717 1012 sua
729 983 834 1011 avibus
850 983 927 1018 cccli,

144 1028 236 1065 idest,
252 1030 366 1066 angelis
385 1031 445 1066 Dei,
461 1033 545 1067 grata
557 1031 625 1067 fuit3
643 1031 725 1067 quia,
741 1031 927 1066 111111010ογ-

143 1084 211 1104 mus
226 1076 302 1105 ait2:
320 1086 334 1103 «
344 1078 466 1114 Semper
481 1080 524 1106 est
534 1079 647 1114 angelis
659 1081 786 1114 cognata
803 1077 926 1113 virgini-

144 1125 196 1152 tas.
209 1135 222 1150 »
239 1126 359 1160 Propter
370 1125 428 1153 hoc
443 1126 520 1154 bene
532 1126 649 1161 legitur,
659 1135 661 1138 ⁴
670 1126 753 1162 quod
765 1125 888 1161 angelus
896 1125 928 1152 in

144 1178 252 1199 aurora
267 1171 420 1200 benedixit
432 1173 533 1201 Jacob.
555 1173 604 1201 Hic
619 1173 710 1201 Jacob
722 1172 857 1209 spiritum
867 1180 928 1200 cas-

143 1219 205 1245 tum
212 1219 441 1255 potestsignare,
456 1220 508 1256 qui
519 1220 637 1248 fratrem
650 1229 747 1254 suum,
757 1220 790 1248 id
802 1221 927 1255 cst‚cor-

141 1272 198 1300 pus
204 1273 292 1293 suum
298 1266 508 1302 supplantavit.
518 1267 567 1295 Hic
574 1275 635 1296 non
642 1267 741 1295 solum
750 1275 767 1295 a
774 1268 868 1303 patre,
875 1266 928 1294 sed

143 1311 232 1340 etiam
244 1312 283 1340 ab
298 1313 412 1349 Angelo
426 1314 612 1342 benedicitur
627 1314 658 1341 in
673 1322 792 1348 aurora,
813 1314 871 1341 hoc
886 1314 929 1340 est

142 1358 173 1387 in
186 1360 347 1388 castissima
359 1360 474 1396 virgine
489 1361 593 1396 Maria,
609 1361 656 1388 cui
672 1360 801 1396 Angelus
817 1360 891 1388 dixit
901 1361 926 1387 ⁸:

142 1407 290 1435 Benedicta
306 1410 334 1435 tu
347 1409 376 1435 z‘n
386 1409 555 1436 mulieribus.
568 1410 649 1443 ltem,
661 1408 787 1444 pulchra
802 1409 833 1435 ut
847 1409 928 1435 Luna

142 1454 197 1482 fuit
211 1455 296 1490 virgo
312 1455 401 1483 Maria
414 1455 445 1483 in
462 1455 612 1484 luminosa
626 1455 802 1490 virginitatis
817 1454 928 1482 foecun-

145 1500 235 1530 ditate
253 1510 259 1529 :
279 1502 471 1538 pulchritudo
488 1502 568 1531 enim
588 1504 674 1530 Lunae
690 1502 820 1530 consistit
835 1502 865 1529 in
880 1502 928 1529 lu-

143 1547 224 1576 mine
243 1551 362 1585 reoepto
386 1558 403 1578 a
418 1550 495 1579 Sole.
518 1552 611 1578 Pensa
630 1550 730 1585 igitur,
753 1557 845 1586 quam
859 1549 928 1585 pul-

145 1594 215 1623 chra
240 1595 312 1624 luna
338 1596 426 1624 fuerit
448 1597 538 1625 Maria
551 1619 559 1632 ,
576 1597 700 1633 quando
725 1598 850 1624 aeternus
878 1595 928 1623 ille

144 1641 194 1669 Sol
217 1644 295 1670 totus
313 1645 448 1680 receptus
463 1647 490 1672 et
505 1646 664 1680 conceptus
680 1645 723 1672 est
737 1644 767 1671 in
782 1644 856 1679 ipsa.
873 1644 929 1670 Ma-

144 1689 189 1717 ria
204 1697 275 1726 ergo
293 1692 336 1718 est
354 1691 406 1719 illa
426 1691 508 1727 luna,
530 1692 561 1719 in
577 1692 661 1727 cujus
678 1690 863 1728 plenitudine
879 1689 928 1717 ille

145 1737 191 1764 vir
203 1737 336 1766 Ecclesiae
351 1739 447 1773 rediit,
464 1739 501 1767 de
517 1747 579 1775 quo
595 1739 701 1767 dieitur
715 1737 725 1754 4
741 1747 747 1765 ε
765 1739 798 1765 In
814 1737 859 1765 die
872 1738 929 1772 ple-

145 1791 186 1811 πω
205 1785 275 1812 lunoe
296 1793 451 1814 reversurus
476 1789 515 1814 est
538 1788 568 1814 in
593 1787 700 1814 domum
728 1794 816 1813 suam.
842 1786 928 1812 Beata

144 1829 232 1866 Virgo
247 1831 301 1859 fuit
315 1831 387 1860 luna
402 1832 501 1869 plena,
523 1833 647 1869 quando
671 1832 698 1860 ei
723 1832 835 1860 dictum
850 1831 904 1859 fuit
920 1840 926 1858 ε

145 1879 213 1912 Ave,
225 1880 317 1912 qratia
330 1880 420 1913 plena.
435 1881 506 1907 Item
517 1880 609 1908 eiecta
624 1882 656 1907 ut
669 1879 719 1908 Sol
732 1879 786 1907 suit
800 1879 889 1906 Maria
898 1878 928 1906 in

145 1923 329 1953 lucidissima
347 1925 546 1954 foecunditatis
568 1926 782 1961 singularitate,
805 1926 927 1961 quando

145 1978 207 1999 non
222 1971 315 2000 homo
335 1980 443 2008 purus,
466 1981 526 2001 non
546 1973 669 2008 angelus
684 1981 782 2008 verus,
799 1973 851 2000 sed
866 1973 928 2008 ipse

145 2018 195 2046 Dei
210 2019 308 2054 Filius,
324 2019 386 2055 ipse
402 2020 452 2048 Sol
464 2020 582 2055 justitiae
596 2021 626 2048 in
642 2020 703 2048 sole
716 2019 816 2056 posuit
830 2019 928 2047 taber-

144 2065 285 2093 naculum
306 2074 404 2102 suum,
427 2067 499 2094 dum
521 2067 552 2094 in
572 2067 662 2095 Maria
682 2071 844 2103 conceptus
863 2066 926 2095 t'uit.

145 2112 236 2140 Valde
261 2114 338 2141 certe
359 2113 508 2149 singulare
528 2113 640 2149 fuisset,
661 2114 684 2142 si
706 2115 794 2149 Virgo
818 2122 928 2150 purum

145 2158 299 2187 hominem
309 2161 492 2197 concepisset
498 2171 506 2197 3
523 2161 618 2189 multo
634 2163 733 2189 autem
748 2161 928 2196 singularius

147 2205 262 2241 fuisset,
283 2207 307 2234 si
322 2208 410 2243 Virgo
431 2208 571 2243 angelum
591 2208 791 2244 concepisset3
813 2208 866 2236 sed
881 2217 928 2236 su-

146 2260 202 2288 pra
227 2254 328 2281 omnia
353 2255 621 2290 singularissimum
641 2255 705 2290 fuit,
731 2255 814 2291 quod
839 2255 927 2290 Virgo

148 2300 239 2327 Deum
246 2301 389 2336 concepit,
400 2303 491 2329 Deum
497 2302 620 2338 peperit.
629 2304 749 2338 Propter
760 2302 927 2338 quodbene

147 2346 252 2375 beatus
272 2348 451 2383 Augustinus
475 2349 514 2376 ait
527 2349 557 2376 ὓς
577 2359 590 2375 «
614 2349 714 2377 Merito
738 2350 825 2377 Beata
840 2349 928 2377 Maria

148 2393 290 2429 singulari
305 2403 323 2422 a
337 2395 425 2423 nobis
439 2396 588 2431 praeconio
604 2396 767 2430 extollitur,
786 2405 852 2432 quae
871 2397 928 2423 sin-

149 2441 253 2476 gulare
271 2442 484 2470 commercium
497 2442 612 2470 mundo
627 2443 762 2478 praebuit,
786 2451 854 2470 cum
868 2445 929 2470 tan-

150 2489 213 2516 tum
229 2497 259 2517 se
273 2489 312 2517 ad
328 2489 395 2518 coeli
414 2489 530 2525 fastigia
548 2489 730 2524 sublimavit,
750 2492 782 2518 ut
797 2491 927 2518 Verbum

181 2585 188 2601 ¹
206 2585 251 2609 Vel
270 2587 380 2617 Eebert.‚
400 2587 502 2618 Deprec.
518 2589 541 2611 el
557 2587 626 2611 laud.
646 2587 674 2611 B.
694 2587 728 2610 M.
755 2587 792 2617 V.‚
808 2594 833 2611 n.
857 2589 880 2610 5.
896 2600 927 2604 —

151 2620 161 2635 Ἃ
177 2621 338 2654 Hieronym.,
359 2623 388 2646 (le
409 2624 538 2655 Assampt.
560 2624 588 2648 B.
612 2624 658 2653 M„
677 2630 764 2652 serm,
781 2623 849 2647 idem
869 2629 927 2646 cum

151 2657 225 2687 epist.
241 2664 266 2682 x.
282 2672 312 2676 —
324 2660 333 2674 ³
347 2660 415 2690 Luc„
433 2666 450 2690 1,
466 2662 504 2685 28.
520 2673 550 2678 —
565 2660 673 2687 ⁷·127·ov..
689 2665 734 2689 vn,
750 2661 789 2683 20.
804 2673 834 2677 —
850 2660 858 2673 ὃ
874 2660 927 2683 lino

151 2694 252 2724 auctor,
282 2695 396 2726 quisquis
421 2696 462 2720 ille
490 2696 540 2727 sit,
567 2703 643 2720 serm.
672 2697 701 2718 dc
725 2696 821 2724 Sanam,
847 2701 927 2724 xxxv,

152 2728 183 2751 nl.
201 2735 293 2761 cuvui,
308 2738 333 2756 11,
348 2733 369 2755 li.
387 2745 417 2749 —
432 2733 488 2756 ⁰111
507 2733 576 2763 Κεφ,
591 2739 620 2762 x,
640 2734 663 2755 2.
681 2745 709 2748 —
727 2731 733 2747 ⁷
752 2731 835 2761 Αμθθυ
853 2736 886 2760 W,
903 2733 926 2754 3·

1709 255 1764 285 271

986 319 1017 347 in
1033 320 1179 357 principio
1200 321 1282 358 apud
1301 321 1393 349 Deum
1412 327 1548 355 manenS,
1572 320 1610 349 de
1628 329 1769 358 suprema

986 366 1051 394 coeii
1069 375 1136 396 arce
1151 368 1321 405 susciperet.
1337 378 1350 395 1>
1369 369 1456 396 Beata
1471 367 1560 404 igitur
1575 368 1665 404 Virgo
1680 369 1770 397 Maria

984 422 1142 450 progressa
1157 417 1200 444 cst
1215 415 1300 452 quasi
1325 423 1434 444 aurora
1455 423 1649 452 consurgens,
1670 416 1701 444 in
1715 416 1770 444 mi-

984 461 1080 489 randa
1095 461 1132 498 (b)
1148 463 1244 490 carnis
1259 464 1286 491 et
1301 462 1407 491 mentis
1421 462 1604 499 virginitate3
1631 463 1724 492 electa
1738 466 1770 491 ut

985 507 1041 542 sol,
1058 507 1089 536 10
1101 508 1258 537 adoranda
1272 511 1374 546 partus
1389 509 1542 545 virginalis
1555 510 1718 538 divinitate.

1020 555 1114 584 Tertio
1126 556 1292 590 considera,
1303 557 1484 592 charissime,
1498 557 1584 594 quod
1598 557 1767 586 invenimus

983 601 1104 630 Mariam
1119 602 1336 639 ingredientem
1351 604 1390 632 ad
1402 604 1530 640 gloriam
1544 604 1692 633 coelestem
1705 604 1768 633 sine

985 650 1151 679 obstaculo.
1175 652 1244 686 Quis
1260 652 1339 680 enim
1363 652 1481 681 obstare
1502 655 1601 688 posset
1617 654 1705 682 tantae
1720 661 1766 682 re-

984 697 1061 734 ginae
1087 707 1156 726 cum
1179 701 1260 727 tanto
1284 699 1426 727 comitatu
1449 700 1674 736 progredienti?
1702 702 1768 737 Ipsa

984 753 1114 782 namque
1130 745 1245 781 signata
1258 748 1300 774 est
1314 754 1367 783 per
1380 746 1517 782 reginam
1532 747 1641 782 Sabba,
1657 747 1694 776 de
1705 756 1768 784 qua

984 791 1110 820 dicitur⁶
1127 802 1133 820 ε
1151 794 1186 820 Et
1208 795 1329 828 ingressa
1354 794 1524 821 Hierusalem
1543 803 1603 822 cum
1631 796 1764 823 comitatu

983 841 1080 875 multo,
1098 843 1123 868 et
1144 841 1265 876 divitiis,
1282 842 1389 868 camelis
1401 842 1577 876 portantibus
1592 845 1724 876 aromata,
1741 845 1766 870 et

984 895 1081 914 aurum
1096 889 1237 922 infinitum
1251 889 1345 922 nimis,
1361 890 1386 916 et
1401 897 1517 923 gemmas
1532 891 1675 924 pretiosas.
1693 890 1766 917 Con-

984 934 1083 962 sidera
1097 934 1129 962 in
1143 935 1189 962 his
1203 935 1302 963 verbis
1316 935 1445 971 gloriam
1459 936 1651 971 ingredientis
1671 936 1766 965 Marioe

983 981 1014 1009 in
1027 981 1176 1010 coelestem
1188 982 1380 1011 Hierusalem.
1392 983 1563 1018 Considera,
1576 984 1654 1019 dico,
1667 984 1764 1019 ingre-

985 1028 1091 1056 dientis
1115 1029 1338 1064 excellentiam,
1365 1029 1559 1065 ingredientis
1581 1031 1768 1066 potentiam,

983 1075 1177 1111 ingredientis
1206 1076 1399 1112 opulentiam.
1428 1077 1589 1106 Considera
1617 1078 1765 1106 excellen-

984 1123 1056 1151 tiam
1071 1123 1101 1150 in
1114 1123 1292 1160 principatu,
1303 1124 1467 1160 potentiam
1482 1125 1512 1152 in
1526 1125 1678 1160 comitatu,
1694 1133 1768 1162 opu-

984 1169 1107 1198 lentiam
1127 1171 1158 1198 in
1176 1173 1330 1207 apparatu.
1348 1172 1509 1200 Considera
1529 1173 1606 1200 certe
1623 1172 1768 1201 excellen-

985 1218 1056 1246 tiam
1072 1214 1255 1255 principatus
1277 1218 1394 1254 Reginae
1413 1220 1520 1247 nostrie
1541 1219 1637 1248 Mariae
1659 1220 1689 1247 in
1712 1228 1768 1256 eo,

985 1266 1069 1301 quod
1094 1266 1200 1294 dicitur
1221 1267 1325 1301 Regina
1347 1267 1427 1301 Saba,
1451 1267 1535 1303 quod
1560 1267 1768 1304 interpretatur

985 1313 1109 1340 clamor.
1126 1313 1214 1341 Maria
1235 1313 1314 1341 enim
1332 1316 1375 1341 est
1387 1314 1499 1349 Regina
1523 1314 1639 1349 mundi,
1658 1314 1710 1342 ubi
1726 1315 1769 1342 est

985 1359 1100 1387 clamor
1120 1360 1338 1394 gemebundus.
1364 1362 1410 1388 Est
1434 1361 1522 1389 etiam
1550 1361 1661 1396 Regina
1681 1361 1768 1396 coeli,

984 1406 1036 1434 ubi
1053 1408 1096 1434 est
1111 1407 1222 1435 clamor
1234 1407 1394 1443 jucundus.
1405 1407 1540 1436 Clamant
1552 1408 1669 1435 enimin
1681 1407 1768 1443 coelo,

985 1453 1060 1480 510111
1069 1453 1174 1481 dicitur
1183 1454 1213 1481 in
1224 1455 1416 1490 Apoealypsffl:
1427 1454 1551 1489 Sanctus,
1565 1456 1690 1490 Sanctus,
1701 1455 1768 1482 San-

984 1503 1042 1528 ctus
1056 1503 1181 1529 Dominus
1190 1504 1257 1529 Deus
1268 1504 1444 1537 omnipotens.
1458 1503 1522 1529 Haec
1531 1503 1558 1529 et
1573 1502 1640 1538 ipsa
1656 1502 1768 1537 Regina

985 1547 1178 1576 clamantium
1204 1557 1273 1576 cum
1288 1549 1398 1577 caeteris
1420 1549 1618 1577 clamantibus
1639 1549 1767 1577 clamare

984 1602 1047 1622 non
1062 1597 1165 1629 cessat,
1186 1598 1308 1624 testante
1328 1596 1490 1631 Augustino
1507 1596 1559 1632 qui
1578 1596 1618 1623 ait
1632 1597 1642 1613 ⁸
1659 1606 1666 1623 :
1687 1606 1699 1622 «
1714 1598 1766 1631 Tu,

985 1642 1085 1675 Maria,
1110 1642 1241 1670 concivis
1265 1643 1330 1671 coeli
1351 1643 1482 1676 civibus,
1506 1643 1568 1670 sine
1587 1643 1646 1670 fine
1669 1643 1768 1670 choris

985 1689 1144 1724 conjuncta
1176 1690 1319 1725 angelicis
1351 1690 1596 1726 archangelisque
1631 1690 1742 1718 sociata
1757 1711 1766 1725 ,

984 1735 1133 1764 indefessa
1154 1745 1238 1772 voce,
1260 1738 1385 1772 Sanctus,
1407 1738 1530 1769 Sanctus,
1558 1738 1683 1770 Sanctus,
1707 1737 1767 1764 cla-

984 1790 1066 1810 mare
1081 1791 1142 1811 non
1155 1791 1285 1811 cessas.»
1300 1786 1364 1812 Haec
1374 1784 1475 1820 utique
1487 1786 1527 1811 est
1539 1784 1660 1819 Regina,
1675 1792 1766 1819 quam

984 1830 1139 1858 Psalmista
1160 1831 1329 1859 describens
1354 1831 1410 1858 ait⁹
1425 1840 1431 1858 ε
1447 1832 1547 1858 Λεείίίὲ
1570 1832 1675 1865 regina,
1699 1832 1766 1864 etc„

984 1884 1079 1912 usque
1103 1879 1246 1905 varietate.
1269 1879 1347 1905 Hanc
1364 1878 1505 1913 Reginam
1525 1878 1564 1905 ad
1584 1885 1710 1912 regnum
1724 1886 1768 1905 se-

985 1926 1036 1959 qui
1051 1927 1176 1960 possunt
1191 1925 1378 1960 fiducialiter,
1395 1925 1577 1962 quicumque
1594 1926 1619 1953 ei
1635 1925 1665 1952 in
1682 1933 1768 1952 mun-

984 1971 1024 1999 do
1049 1972 1203 2000 servierint
1222 1972 1358 2000 fideliter.
1382 1973 1463 2000 Unde
1485 1975 1514 2000 B.
1543 1972 1705 2000 Bernardus
1722 1971 1764 2000 ¹⁰:

987 2028 1000 2043 «
1015 2019 1163 2047 Praecessit
1176 2027 1230 2047 nos
1243 2020 1354 2055 Regina
1364 2021 1479 2054 nostra3
1495 2020 1652 2056 praecessit,
1665 2022 1692 2047 et
1707 2022 1767 2047 tam

984 2065 1113 2100 gloriose
1135 2069 1271 2102 suscepta
1291 2069 1351 2101 est,
1376 2068 1408 2094 ut
1423 2067 1599 2094 fiducialiter
1624 2067 1699 2095 servi
1728 2067 1766 2094 ad

983 2113 1140 2141 Dominam
1156 2113 1316 2142 clamantes
1331 2115 1349 2131 ¹¹
1369 2123 1376 2141 ε
1402 2115 1489 2141 Trahc
1507 2122 1546 2141 me
1566 2117 1629 2149 post
1654 2117 1697 2148 te,
1724 2114 1767 2141 di—

984 2163 1060 2189 cant.
1077 2172 1090 2187 »
1109 2163 1179 2190 Item
1199 2162 1355 2189 considera
1377 2161 1408 2188 in
1430 2161 1564 2196 ingressu
1579 2161 1697 2196 Reginae
1711 2169 1765 2188 no-

983 2211 1047 2236 strae
1058 2209 1220 2244 potentiam
1236 2209 1392 2236 comitatus
1407 2209 1503 2244 ipsam
1522 2208 1666 2244 stipantis,
1682 2208 1713 2235 in
1728 2216 1764 2235 eo

983 2255 1066 2291 quod
1079 2255 1185 2282 dieitur
1202 2264 1207 2282 :
1225 2256 1362 2284 Comz'laca
1375 2256 1468 2282 nucleo.
1486 2257 1618 2290 ingressa
1632 2255 1711 2283 enim
1724 2257 1766 2282 est

982 2302 1073 2330 Maria
1081 2302 1228 2330 coelestem
1239 2302 1429 2336 Hierusalem,
1440 2311 1508 2330 cum
1518 2302 1658 2330 comitatu
1670 2302 1763 2329 multo

982 2350 1148 2384 potentium
1157 2349 1340 2383 augelorum.
1350 2349 1430 2377 Unde
1439 2351 1467 2377 B.
1478 2349 1674 2385 Hieronymus
1683 2349 1723 2376 ait
1730 2349 1763 2376 ¹2:

987 2396 1149 2431 «Legimus
1165 2404 1257 2432 quam
1277 2404 1353 2432 scepe
1375 2396 1414 2424 ad
1428 2396 1534 2424 funera
1553 2399 1580 2424 et
1599 2396 1764 2431 sepulturas

984 2443 1187 2478 quorumlibet
1210 2446 1380 2471 sanctorum
1406 2444 1526 2479 angelos
1550 2443 1716 2477 advenisse,
1738 2444 1765 2470 et

984 2490 1098 2518 animas
1114 2491 1275 2519 electorum
1290 2500 1384 2528 usque
1400 2492 1439 2520 ad
1454 2491 1544 2519 coelos
1560 2499 1627 2518 cum
1644 2489 1764 2526 hymnis

984 2591 1013 2595 —
1034 2580 1042 2593 ὃ
1059 2580 1111 2603 imo
1130 2581 1233 2603 auctore
1253 2580 1340 2611 ignoto
1352 2599 1358 2610 ‚
1377 2580 1419 2604 ubi
1436 2588 1512 2611 supra
1526 2580 1659 2611 proxime,
1675 2587 1700 2604 n.
1725 2582 1763 2604 11.

983 2628 1012 2633 —
1028 2617 1036 2629 '³
1054 2615 1122 2639 Psal.
1141 2622 1210 2645 XLIV,
1233 2619 1267 2639 10.
1287 2630 1314 2634 -
1336 2618 1353 2632 ¹⁰
1369 2617 1453 2646 Deru„
1475 2617 1500 2639 [a
1520 2617 1647 2646 Assiwipt.
1668 2617 1697 2640 B.
1718 2617 1769 2645 M.,·

983 2658 1060 2674 serm.
1079 2653 1107 2681 1,
1129 2658 1156 2675 n.
1176 2653 1198 2675 1.
1217 2664 1247 2669 —
1274 2653 1289 2668 ¹¹
1313 2652 1397 2681 Cant„
1418 2658 1439 2682 1,
1460 2653 1483 2675 3.
1504 2665 1535 2669 —
1557 2652 1577 2668 ¹²
1594 2652 1710 2682 Hieron,
1734 2651 1764 2675 tle

983 2687 1109 2716 Assumpt.
1127 2687 1155 2711 B.
1174 2687 1217 2716 M„
1234 2693 1321 2716 serm„
1338 2687 1405 2710 idem
1424 2694 1481 2710 01101
1498 2687 1570 2718 epist.
1586 2694 1614 2712 x.

1016 2734 1049 2760 (a)
1066 2731 1127 2756 Coet.
1144 2731 1204 2755 mlii.
1221 2732 1298 2755 enim.
1319 2745 1344 2749 —
1365 2732 1395 2762 (b)
1414 2733 1472 2756 llem
1490 2733 1514 2756 111
1530 2732 1660 2757 imitanda.

1783 567 1892 588 B.Maria

1792 604 1883 625 quomo-

1795 630 1824 650 do
1841 629 1877 650 iu-

1796 667 1874 688 gressa

1785 692 1826 713 suit
1845 698 1890 713 εω-

1782 724 1836 745 lum.
