2029 3052
257 249 316 280 306

255 314 320 347 lem
340 314 389 346 vir
410 313 609 346 Christianus
629 311 804 350 conculcet,
827 317 928 351 quam
948 307 1038 338 tanta

257 368 462 400 veneratione
475 366 591 399 extulit
602 365 792 398 Saracenus.

297 422 342 454 Eo
359 425 501 462 tempore
521 419 708 460 Religiosus
728 418 859 460 quidam
874 417 914 449 de
926 414 1038 447 ordine

257 476 505 514 Crucfferorum,
520 474 658 506 Moricus
681 473 824 511 nomine,
840 472 874 502 in
887 467 1038 510 hospitali

257 530 397 571 quodam
415 537 513 569 prope
529 527 688 559 Assisium
710 525 870 566 languore
885 526 950 555 tam
964 531 1038 562 gra-

256 585 308 624 vi,
323 586 454 625 tamque
477 582 602 623 prolixo
624 581 794 620 laborans,
809 582 846 612 ut
858 580 926 620 jam
941 576 1038 609 morti

256 639 338 671 foret
357 637 556 678 adjudicatus
575 645 591 667 a
615 635 746 667 medicis
760 659 768 673 ,
785 634 856 666 viro
880 632 936 664 Dei
957 639 1036 671 sup-

256 693 330 734 plex
353 692 454 724 factus
475 699 532 732 per
553 689 706 722 nuntium
726 687 908 730 postulabat
921 685 1040 717 instan-

256 748 316 785 ter,
339 748 376 778 ut
396 754 454 787 pro
477 754 512 776 se
534 744 572 776 ad
598 743 772 775 Dominum
786 739 983 772 intercedere
995 737 1040 769 di-

257 802 425 841 gnaretur.
447 798 504 831 Cui
528 798 642 830 beatus
662 798 752 837 pater
772 794 915 834 benigne
929 801 1037 824 assen-

258 855 350 893 tiens,
367 853 512 885 oratione
527 851 711 893 praemissa,
730 849 822 890 panis
837 848 936 879 micas
950 855 1040 878 acce-

259 909 325 949 pit,
341 910 373 939 et
395 916 471 939 cum
494 906 565 937 oleo
586 906 715 945 accepto
730 903 770 935 de
784 901 946 942 lampade,
963 908 1038 940 quae

258 971 366 994 coram
382 960 528 1000 Virginis
541 959 673 990 ardebat
693 957 800 996 altari,
816 954 1037 992 commiscens,

258 1016 350 1057 quasi
365 1014 527 1056 quoddam
541 1012 762 1050 electuarium,
781 1019 837 1051 per
852 1018 969 1041 manus
981 1008 1040 1039 fra-

258 1073 344 1101 trum
358 1068 537 1100 infirmanti
552 1065 747 1104 transmisit,
763 1065 871 1096 dicens
886 1073 894 1094 ι
910 1062 1038 1094 Medici-

259 1133 334 1155 nam
357 1124 440 1154 hanc
463 1121 550 1153 fratri
569 1123 677 1152 nostro
692 1119 811 1151 deferte
827 1117 955 1155 Morico,
974 1126 1039 1157 qua

259 1177 365 1218 ipsum
383 1175 499 1207 Christi
516 1174 621 1206 virtus
635 1182 700 1204 non
717 1172 821 1203 solum
836 1170 940 1211 plenae
954 1170 1038 1200 sani-

258 1230 313 1261 tati
330 1229 488 1267 restituet,
504 1226 717 1259 verumetiam
732 1225 900 1257 robustum
912 1223 1039 1255 bellato-

258 1293 326 1316 rem
353 1283 502 1315 effectum
514 1306 523 1320 ‚
551 1281 629 1313 aciei
656 1283 775 1312 nostrae
799 1279 1040 1319 perseveranter

258 1338 426 1379 adiunget.
445 1336 560 1368 Statim
580 1337 688 1366 autem
703 1336 739 1365 ut
754 1333 932 1364 antidotum
948 1331 1038 1369 illud,

257 1392 357 1423 sancti
398 1391 538 1431 Spiritus
578 1388 803 1420 adinventione
837 1386 1015 1417 confectum
1029 1408 1037 1423 ,

258 1455 347 1486 aeger
371 1446 468 1476 homo
489 1443 644 1484 gustavit,
664 1452 763 1473 sanus
778 1448 956 1479 exurgens,
973 1441 1039 1469 tan-

258 1503 327 1531 tum
347 1499 462 1530 mentis
476 1501 507 1529 et
521 1497 662 1538 corporis
675 1506 693 1527 a
710 1496 772 1527 Deo
788 1495 935 1534 vigorem
957 1492 1038 1524 obti-

258 1554 344 1591 nuit,
361 1555 397 1584 ut
413 1552 508 1593 paulo
531 1553 600 1592 post
623 1551 683 1581 viri
711 1549 809 1581 sancti
836 1546 1039 1586 Religionem

258 1609 423 1648 ingressus
434 1631 442 1645 ,
459 1608 491 1637 et
512 1606 605 1637 unica
621 1607 745 1636 tantum
761 1602 938 1643 operiretur
956 1600 1041 1631 tuni-

258 1662 341 1699 cula,
359 1661 419 1692 sub
436 1669 500 1700 qua
514 1660 612 1699 longo
628 1661 770 1698 temporo
787 1657 918 1687 loricam
932 1657 1038 1695 porta-

260 1716 313 1747 bat
326 1715 365 1747 ad
381 1723 527 1751 carnem,
546 1715 577 1744 et
592 1712 700 1743 crudis
723 1712 879 1742 duntaxat
899 1709 1037 1746 cibariis,

259 1769 367 1801 herbis
389 1768 547 1805 videlicet,
572 1765 795 1805 leguminibus
819 1763 1040 1802 fructibusque

258 1825 442 1861 contentus,
467 1831 523 1862 per
546 1821 638 1861 plura
653 1824 834 1859 temporum
850 1818 965 1855 lustra,
982 1826 1040 1847 nec

258 1886 372 1918 panem
390 1877 546 1916 gustaret,
564 1884 623 1905 nec
637 1874 770 1910 vinum3
788 1872 876 1903 fortis
887 1874 995 1901 tamen
1010 1874 1040 1900 et

259 1933 429 1964 incolumis
445 1939 662 1972 perseverans.
680 1928 900 1960 Crescentibus
910 1935 1039 1967 quoque

259 1987 417 2018 virtutum
442 1985 565 2016 meritis
589 1985 620 2015 in
638 1983 781 2024 parvulis
804 1981 939 2018 Christi,
962 1980 1039 2010 odor

258 2039 418 2080 opinionis
433 2039 538 2076 bonae,
556 2039 808 2077 circumquaque
830 2034 984 2071 diffusus,
1000 2032 1039 2063 ad

259 2094 462 2134 praesentiam
488 2092 587 2123 saneti
617 2091 714 2131 patris
740 2088 910 2121 videndam
944 2086 1041 2127 pluri-

260 2157 329 2179 mos
352 2157 369 2178 e
392 2147 526 2179 diversis
549 2145 660 2176 mundi
684 2143 829 2184 partibus
849 2141 1037 2172 attrahebat.

261 2202 346 2233 lnter
370 2210 451 2241 quos
474 2200 605 2240 quidam
629 2197 836 2229 saecularium
851 2195 1039 2225 cantionum

260 2256 406 2287 curiosus
424 2255 589 2291 inventor,
614 2252 669 2293 qui
688 2252 727 2282 ab
750 2251 943 2290 Imperatore
969 2257 1040 2288 pro-

261 2312 330 2350 pter
340 2309 400 2340 hoc
410 2309 512 2339 fuerat
523 2309 704 2342 coronatus,
721 2307 752 2335 et
767 2303 883 2334 exinde
899 2311 956 2333 rex
971 2310 1040 2332 ver-

260 2373 356 2395 suum
382 2363 484 2394 dictus
496 2385 505 2399 ,
537 2361 644 2391 virum
679 2359 729 2389 liei
744 2382 752 2396 ,
789 2358 1039 2396 contemptorem

263 2416 484 2453 mundalium,
501 2414 588 2445 adire
603 2413 777 2453 proposuit.
793 2411 935 2450 Cumque
956 2409 1039 2449 apud

262 2475 403 2503 castrum
428 2469 533 2501 Sancti
555 2467 699 2499 Severini
718 2476 793 2497 eum
814 2465 1039 2505 praedicantem

263 2526 429 2566 reperisset
440 2524 472 2554 in
483 2521 675 2553 monasterio
687 2520 836 2560 quodam,
850 2520 929 2549 facta
941 2526 1039 2547 manu

266 2580 386 2611 Domini
403 2587 561 2618 superse,
580 2575 659 2606 vidit
674 2574 822 2605 cumdem
838 2572 940 2603 crucis
955 2571 1041 2602 Chri-

263 2634 303 2664 sti
320 2633 559 2673 praedicatorem
578 2628 781 2660 ltraumiscum
801 2627 926 2657 duobus
940 2628 1040 2656 traus-

264 2687 364 2719 versis
387 2686 517 2717 ensibus
534 2683 624 2713 valdo
642 2681 842 2721 fulgentibus
859 2681 891 2709 iu
907 2679 1038 2709 modum

263 2741 364 2773 crucis
388 2741 550 2779 signatum
561 2761 569 2775 ,
585 2744 727 2777 quorum
750 2743 836 2765 unus
850 2743 868 2764 a
883 2733 984 2772 capite
1000 2733 1036 2762 acl

821 239 951 274 LEGEN
957 238 1009 270 DA
1029 236 1064 270 S.
1088 235 1306 270 FRANClscl.

1092 305 1202 346 pedes,
1225 305 1309 337 alius
1322 314 1342 336 a
1355 313 1457 337 manu
1475 304 1510 336 in
1527 313 1662 337 manum
1683 315 1740 347 per
1761 310 1873 349 peetus

1093 359 1347 391 transversaliter
1367 358 1570 390 tendebatur.
1592 357 1663 391 Non
1677 363 1811 394 noverat
1821 363 1872 394 ta-

1093 413 1140 444 cie
1161 421 1292 445 servum
1313 412 1448 451 Christi,
1471 412 1526 445 sed
1545 414 1635 444 tanto
1660 416 1874 447 monstratum

1093 466 1250 498 miraculo
1271 475 1348 498 mox
1367 467 1513 507 agnovit.
1543 466 1658 498 Subito
1681 467 1875 508 stupetactus

1093 520 1134 553 ad
1147 520 1266 558 visum,
1288 520 1401 561 incipit
1421 520 1554 552 meliora
1576 530 1766 562 proponere.
1787 521 1874 554 Tan-

1093 573 1230 614 demque
1252 574 1428 606 verborum
1452 573 1554 615 ipsius
1575 578 1788 616 compunctus
1805 576 1873 608 vir-

1094 629 1182 666 tute,
1206 629 1361 668 tanquam
1385 627 1412 658 si
1433 629 1515 659 esset
1544 627 1653 668 gladio
1676 629 1809 670 spiritus
1833 639 1874 662 ex

1093 681 1164 721 ejus
1181 690 1236 712 ore
1256 681 1444 722 procedente
1461 682 1647 722 transfixus,
1665 683 1875 716 saecularibus

1094 735 1220 776 pompis
1234 735 1368 766 omnino
1383 735 1583 777 contemptis,
1599 736 1692 768 beato
1706 737 1790 778 patri
1802 747 1875 778 pro-

1093 789 1229 821 fessione
1243 790 1385 822 cohaesit.
1398 789 1532 831 Propter
1542 791 1628 831 quod
1640 791 1751 823 videns
1764 792 1873 833 ipsum

1093 843 1145 875 vir
1159 846 1287 875 sanctus
1301 844 1342 875 ab
1353 844 1576 885 inquietudine
1587 845 1696 877 saeculi
1707 845 1747 877 ad
1757 845 1873 878 Christi

1094 907 1205 938 pacem
1229 897 1366 938 perfecte
1389 906 1600 937 conversum,
1620 898 1766 930 Fratrem
1788 899 1874 931 Paci-

1094 951 1191 982 ficum
1216 951 1400 992 appellavit.
1428 951 1486 983 Hic
1508 952 1714 992 postmodum
1728 953 1763 984 in
1783 953 1874 985 omni

1094 1005 1259 1036 sanctitate
1274 1005 1451 1045 proficiens,
1471 1007 1646 1046 antequam
1659 1006 1750 1038 fieret
1766 1006 1875 1038 minis-

1095 1061 1142 1090 ter
1158 1059 1191 1089 in
1206 1058 1350 1096 Francia,
1366 1058 1525 1098 siquidem
1540 1059 1664 1100 primus
1678 1059 1797 1091 ibidem
1811 1060 1872 1092 mi-

1094 1111 1216 1142 nisterii
1240 1111 1340 1151 gessit
1363 1111 1522 1151 officium,
1539 1113 1659 1144 meruit
1677 1113 1790 1144 iterato
1809 1122 1875 1145 ma·

1095 1175 1200 1206 gnum
1219 1165 1309 1196 Thau
1325 1165 1357 1196 in
1372 1166 1458 1197 fonte
1474 1165 1632 1197 Francisci
1653 1166 1772 1206 videre,
1788 1167 1875 1208 quod

1095 1221 1238 1252 colorum
1256 1221 1407 1252 varietate
1427 1220 1626 1259 distinctum,
1644 1221 1755 1253 faciem
1772 1221 1875 1262 ipsius

1096 1275 1178 1305 miro
1189 1274 1380 1305 venustabat
1390 1276 1519 1305 ornatu.
1534 1273 1599 1305 lloc
1617 1274 1735 1315 quippe
1743 1275 1875 1315 signum

1095 1329 1145 1360 vir
1159 1331 1288 1360 sanctus
1302 1337 1422 1368 magno
1436 1328 1650 1360 venerabatur
1665 1328 1792 1368 affectu,
1817 1329 1876 1361 fre-

1095 1383 1204 1423 quenti
1221 1382 1465 1414 commendabat
1479 1382 1618 1423 cloquio,
1631 1385 1662 1414 et
1677 1383 1709 1414 in
1721 1383 1779 1421 eis,
1795 1392 1876 1423 quas

1095 1437 1276 1477 dirigebat,
1298 1437 1447 1468 litterulis
1469 1446 1568 1468 manu
1584 1437 1712 1478 propria
1728 1437 1878 1469 inscribe-

1096 1492 1149 1522 bat
1162 1516 1170 1529 ,
1186 1494 1341 1531 tanquam
1365 1491 1389 1521 si
1411 1499 1507 1522 omne
1521 1490 1623 1531 ipsius
1637 1491 1780 1523 studium
1796 1492 1878 1523 soret

1096 1545 1228 1583 signare
1252 1544 1343 1575 Thau
1367 1545 1464 1583 juxta
1483 1544 1604 1575 dictum
1630 1544 1875 1585 propheticum·

1097 1608 1193 1639 super
1208 1600 1328 1630 frontes
1343 1599 1489 1630 virorum
1504 1598 1707 1638 gementium
1723 1601 1753 1630 et
1769 1599 1877 1631 dolen-

1099 1654 1179 1684 tium
1194 1678 1200 1692 ,
1219 1653 1258 1684 ad
1272 1653 1431 1684 Christum
1447 1652 1557 1683 Jesum
1576 1653 1730 1684 veraciter
1745 1662 1878 1685 conver-

1096 1716 1219 1738 sorum.
1239 1706 1391 1737 Processu
1413 1715 1541 1746 quoque
1557 1707 1709 1746 temporis
1724 1706 1875 1747 multipli-

1097 1761 1175 1792 catis
1185 1762 1254 1800 jam
1270 1760 1430 1798 fratribuS,
1449 1760 1544 1800 coepit
1565 1769 1619 1791 eos
1637 1762 1744 1800 pastor
1765 1760 1879 1792 sollici-

1097 1817 1149 1846 tus
1165 1815 1197 1845 in
1212 1815 1280 1845 loco
1296 1814 1421 1845 Sanctae
1438 1813 1546 1844 Mariae
1560 1813 1599 1844 de
1614 1813 1822 1846 Portiuncula
1838 1814 1878 1845 ad

1098 1868 1248 1908 generale
1267 1868 1445 1908 capitulum
1469 1877 1657 1902 convocare,
1683 1870 1720 1899 ut
1740 1869 1772 1899 in
1795 1868 1879 1900 funi-

1097 1922 1168 1953 culo
1184 1922 1418 1953 distributionis
1434 1921 1550 1952 divina:
1575 1921 1608 1951 in
1631 1923 1715 1952 terra
1737 1930 1874 1962 pauper-

1097 1976 1170 2006 tatis
1185 1985 1298 2007 eorum
1314 1975 1494 2015 unicuique
1516 1974 1669 2006 tribueret
1689 1975 1879 2006 obedientia}

1097 2030 1287 2070 portionem.
1305 2028 1362 2059 Ubi
1380 2029 1451 2059 licet
1465 2028 1610 2059 omnium
1623 2028 1878 2059 necessariorum

1097 2088 1179 2116 esset
1204 2085 1348 2125 penurIa,
1376 2085 1575 2124 fratrumque
1599 2083 1771 2115 multitudo
1793 2083 1879 2115 ultra

1096 2139 1238 2179 quinque
1254 2139 1351 2169 millia
1368 2138 1554 2171 conveniret
1565 2137 1751 2177 aliquando,
1767 2137 1877 2169 divina

1098 2196 1203 2224 tamen
1225 2192 1401 2233 opitulante
1418 2190 1585 2222 clementia
1596 2215 1605 2229 ,
1621 2193 1652 2222 et
1668 2191 1772 2222 victus
1792 2191 1879 2222 suffi-

1097 2247 1211 2278 cientia
1226 2247 1365 2283 suberat,
1383 2249 1411 2277 et
1429 2246 1515 2277 salus
1535 2245 1748 2276 comitabatur
1762 2254 1877 2285 corpo-

1098 2312 1163 2340 rea,
1180 2305 1210 2332 et
1225 2301 1398 2342 spiritualis
1409 2300 1595 2340 jucunditas
1609 2300 1770 2330 affluebat.
1788 2299 1878 2339 Capi-

1099 2356 1173 2386 tulis
1197 2364 1274 2385 vero
1300 2354 1559 2395 [irovincialibuss
1583 2353 1658 2394 quia
1679 2353 1877 2393 corporalem

1099 2409 1300 2450 praescntiam
1316 2409 1470 2440 exhibere
1486 2417 1548 2439 non
1566 2409 1707 2448 poterat,
1724 2416 1780 2447 per
1795 2406 1880 2437 solli·

1097 2464 1192 2494 citam
1215 2472 1325 2494 curam
1351 2462 1542 2502 regiminis,
1559 2461 1742 2492 instantiam
1764 2460 1876 2500 precis,

1098 2520 1129 2548 et
1155 2517 1327 2548 efficaciam
1355 2514 1583 2546 benedictionis
1606 2513 1719 2553 spiritu
1738 2522 1879 2553 praesens

1098 2574 1166 2602 erat
1180 2582 1186 2602 :
1203 2571 1352 2611 quamvis
1369 2569 1554 2609 aliquando,
1572 2567 1654 2598 mira
1668 2567 1723 2598 Dei
1745 2567 1878 2598 faciente

1098 2628 1217 2659 virtute
1239 2651 1247 2665 ,
1270 2626 1435 2658 visibiliter
1468 2625 1646 2664 appareret.
1680 2623 1761 2654 Dum
1792 2624 1878 2655 enim

1098 2679 1251 2719 egregius
1276 2678 1483 2719 pra-dicator,
1508 2675 1562 2715 qui
1594 2677 1623 2705 et
1655 2684 1739 2705 nune
1763 2675 1878 2706 Christi

1133 2744 1139 2758 ¹
1158 2741 1256 2770 [2³:00qu
1271 2747 1307 2771 lx,
1325 2742 1347 2764 4.
