2029 3052
215 242 276 274 ¹24

212 308 253 338 ad
264 307 380 337 bellum
393 305 578 344 procedebat
598 305 630 334 in
646 303 788 339 persiam,
811 302 869 332 sibi
884 301 996 331 daemo-

211 363 280 385 nem
301 356 457 392 parentem
480 353 512 382 in
535 352 726 383 Occidentem
749 349 839 386 misit,
865 351 899 379 ut
919 348 995 378 seire

211 405 326 441 posset,
341 401 416 440 quid
430 401 461 430 in
475 399 611 439 partibus
633 397 869 428 occidentalibus
891 404 995 433 agere·

212 453 268 480 tur.
278 451 401 479 Daemon
410 448 501 485 igitur
515 448 570 476 iter
584 445 718 483 arripuit,
732 445 784 482 qui
798 444 993 480 monachum,

210 497 272 527 sive
286 496 461 534 religiosum
474 493 639 533 plurimum
654 494 791 522 orantem
805 491 836 520 in
850 491 901 520 via
912 491 996 520 inve-

211 545 255 574 nit
273 553 280 573 :
303 551 432 581 cumque
454 549 508 579 per
527 540 634 569 decem
653 539 718 568 dies
740 538 780 568 ab
801 538 918 568 orando
932 546 995 567 non

211 594 351 627 cessaret,
364 593 394 620 et
407 590 511 619 divina
524 589 632 618 virtute
653 587 808 623 orationis,
823 586 902 616 ultra
916 587 994 615 tran-

211 640 269 669 sire
288 646 351 668 non
370 639 480 676 posset,
505 636 544 665 ad
562 635 715 665 lulianum
732 634 830 669 rediit,
850 635 880 662 et
901 640 994 670 quare

212 686 335 716 transire
349 693 411 715 non
425 683 567 723 potuerit,
580 681 734 711 indicavit.
750 683 825 711 Nam
839 682 867 710 et
875 682 995 709 sanctus

211 735 294 763 Pater
309 732 393 769 vidit,
409 731 494 769 quod
509 738 578 760 cum
596 731 710 759 Fratres
722 728 861 764 orabant,
878 727 995 756 daemo-

210 790 264 810 nes
278 782 362 810 extra
381 779 488 809 cellam
510 778 682 815 fugiebant:
707 776 761 806 sed
781 775 856 804 dum
871 774 910 803 ab
926 782 994 803 ora-

210 829 291 858 tione
315 827 482 862 cessabant,
504 834 577 854 mox
595 825 635 854 ad
654 833 706 854 eos
727 824 758 852 in
780 822 887 852 cellam
913 821 994 851 redi-

210 877 294 905 bant.
313 875 342 904 Si
357 882 430 912 ergo
452 873 497 902 vis
513 872 661 910 Angelum
676 871 730 900 tibi
746 878 864 908 semper
879 869 995 898 assiste-

210 932 254 959 re,
269 931 332 952 non
347 930 442 951 cesses
455 928 575 958 semper
595 927 692 948 orare.
711 918 782 953 Quis
798 919 841 947 est
862 917 953 952 euim,
969 916 995 945 si

211 971 313 1000 multis
335 969 423 998 malis
442 975 573 1006 pressus,
588 969 616 996 et
630 966 668 995 ab
684 965 858 995 adversario
873 966 994 1002 potente

212 1018 361 1053 obsessus,
384 1015 435 1054 qui
455 1015 594 1044 nuntium
620 1014 699 1050 regis
713 1013 770 1042 sibi
786 1012 994 1047 auxiliantem,

212 1068 240 1095 et
251 1074 321 1094 eum
336 1065 375 1094 ab
390 1063 531 1093 omnibus
546 1062 687 1101 periculis
701 1061 995 1095 defendentem‚non

210 1114 331 1150 rogaret
344 1112 495 1147 instanter,
515 1113 548 1139 ut
561 1112 660 1145 staret,
679 1113 706 1138 et
721 1117 738 1138 a
752 1117 783 1138 se
796 1116 857 1137 non
871 1107 994 1136 recede-

210 1162 264 1196 ret,
281 1162 310 1189 et
323 1159 422 1189 eordis
432 1159 552 1194 affectu,
564 1160 592 1186 et
603 1157 664 1186 oris
673 1157 776 1192 affatu,
792 1158 819 1185 et
835 1154 994 1184 oculorum

211 1210 296 1243 nutu,
312 1208 340 1236 et
354 1214 446 1235 manu
458 1205 635 1242 complicata
645 1204 684 1233 ad
696 1211 831 1235 manum,
844 1203 905 1230 imo
915 1204 994 1230 certe

211 1255 234 1283 si
254 1257 360 1283 cuncta
378 1253 516 1282 membra
537 1251 673 1289 eorporis
692 1251 814 1286 linguas
837 1249 993 1284 baberent,

213 1302 314 1332 omnia
323 1300 468 1337 Angelum
479 1301 670 1337 precarentur
680 1300 712 1326 nt
720 1297 827 1326 staret?
838 1298 912 1332 Ergo
923 1304 995 1324 con-

213 1351 292 1378 tinue
308 1351 351 1377 est
366 1348 526 1377 orandum.
542 1349 615 1375 Nam
635 1349 662 1374 et
677 1346 752 1374 sicut
771 1344 900 1380 Angelus
924 1343 996 1371 assi-

213 1398 260 1426 stit
277 1396 432 1425 orantibus
449 1397 477 1422 ct
495 1394 670 1428 humilibus,
695 1393 736 1421 sic
760 1391 869 1420 resistit
892 1399 996 1427 super-

213 1444 373 1473 bientibus.
391 1441 567 1478 Exemplum
588 1441 625 1469 de
648 1439 773 1473 Herode,
798 1438 849 1476 qui
873 1438 996 1466 indutus

214 1493 292 1520 veste
307 1490 400 1527 regia,
416 1490 491 1518 sicut
505 1489 612 1525 legitur
630 1488 659 1516 in
676 1487 802 1515 Historia
816 1485 997 1515 Scliolatisca

216 1544 259 1574 tex
283 1546 356 1567 auro
381 1538 566 1574 argentoque
590 1537 739 1570 contexta,
764 1536 844 1562 tanto
868 1532 997 1568 fulgore,

214 1594 387 1623 repercussa
402 1584 550 1613 solaribus
565 1583 666 1617 radiis,
683 1582 877 1617 refulgebal);
895 1588 996 1616 quem,

215 1642 282 1662 cum
304 1632 435 1670 populus
458 1633 575 1664 astaret,
599 1630 713 1667 aliquid
746 1629 774 1657 in
799 1638 829 1656 se
859 1628 998 1655 divinum

215 1681 324 1709 habere
345 1679 486 1709 credebat
503 1688 509 1706 z
528 1681 554 1706 et
575 1678 644 1706 ideo
664 1677 730 1714 ipsi,
755 1676 839 1713 quasi
862 1678 936 1703 Deus
953 1683 997 1702 es-

215 1731 268 1763 set,
288 1728 412 1756 vocibus
433 1726 647 1754 acclamatum.
672 1726 805 1761 Cumque
836 1723 923 1751 taulis
947 1731 998 1759 np-

215 1775 371 1812 plausibus
385 1774 540 1808 exultaret,
557 1781 609 1800 nec
626 1772 744 1799 divinas
756 1771 860 1799 laudes
873 1778 996 1806 respue-

216 1825 269 1858 ret,
286 1825 354 1850 tunc
369 1821 408 1850 ab
425 1821 536 1856 Angelo
557 1823 599 1848 est
621 1827 777 1856 percussus
798 1820 903 1846 morte.
919 1819 999 1845 Tunc

216 1871 306 1898 fertur
321 1869 429 1897 dixisse
443 1868 481 1897 ad
499 1867 648 1905 populum
668 1877 673 1894 :
691 1869 785 1901 Quem
807 1865 893 1893 tantis
913 1865 999 1893 favo-

215 1918 298 1946 ribus
314 1916 489 1954 proedicatis,
505 1923 572 1944 ecce
587 1917 661 1943 Deus
676 1917 771 1942 vester
787 1913 909 1941 morior.

251 1965 357 1999 Terbo,
385 1964 521 1992 assistunt
544 1962 645 1997 Angeli
667 1961 889 1993 obedientibus,
914 1962 940 1987 et
961 1959 1001 1987 la-

218 2011 394 2041 borantibus
419 2011 448 2038 in
473 2010 614 2038 continua
638 2012 766 2037 actione.
792 2010 847 2036 Nec
868 2000 999 2035 mirum':

219 2069 288 2089 nam
304 2060 451 2093 videmus,
468 2058 549 2095 quod
568 2057 660 2085 nuntii
677 2056 803 2091 alicujus
820 2056 910 2090 regis,
926 2056 949 2082 si
967 2056 1001 2082 ti-

219 2109 301 2137 deles
316 2109 394 2141 sunt,
418 2114 485 2134 vere
513 2105 573 2141 regi
600 2104 726 2132 multum
751 2104 900 2137 assistunt,
917 2106 943 2130 e:
960 2103 1002 2130 ta-

219 2159 288 2184 vent
303 2155 370 2190 illis,
387 2154 436 2190 qui
455 2154 530 2181 bene
551 2152 698 2181 obediunt
718 2152 746 2179 in
772 2151 889 2187 palatiis
911 2151 1001 2185 regis,

219 2203 356 2232 continue
373 2201 511 2229 laborant
525 2201 553 2227 in
568 2199 718 2235 regalibus
734 2199 823 2233 agris.
842 2200 918 2233 Ergo
929 2198 1003 2225 sisic

220 2251 329 2279 faciunt
342 2249 437 2277 nuntii
452 2248 620 2280 szrculares,
638 2249 749 2282 quanto
772 2245 867 2280 magis
887 2245 939 2273 boe
962 2245 1003 2272 sa-

220 2300 299 2327 ciunt
319 2296 460 2333 angelica}
476 2296 654 2331 potestates?
670 2294 749 2321 l‘ndc
765 2293 903 2320 scribitur
919 2293 1002 2329 quod

221 2345 350 2382 Angelus
367 2343 459 2379 teligit
474 2342 596 2375 Heliam,
614 2341 664 2377 qui
683 2341 774 2367 sessus
790 2343 862 2373 erat,
879 2339 1003 2368 labora-

220 2394 304 2421 verat
318 2392 414 2425 cni1u;
432 2393 460 2418 et
475 2388 651 2417 confortavit
665 2396 732 2415 eum
749 2387 869 2414 dicens¹
885 2397 890 2414 ς
909 2398 921 2413 ιι
938 2389 1003 2414 Sur-

221 2449 268 2475 ge,
290 2438 425 2473 comede,
441 2448 454 2463 n
476 2438 530 2464 etc.
557 2437 589 2464 Et
614 2434 720 2462 dicitur
735 2436 755 2468 ²,
774 2434 855 2469 quod
875 2446 886 2459 ιι
905 2436 1004 2462 Petrus

223 2490 284 2515 erat
305 2486 420 2513 vinctus
441 2483 551 2513 catenis
573 2482 700 2516 duabus,
726 2484 753 2509 et
780 2481 917 2509 custodes
937 2483 1003 2509 ante

225 2534 332 2562 ostium
349 2532 556 2561 custodiebant
570 2537 729 2558 carcerem.
749 2531 779 2556 tit
795 2537 861 2556 ecce
874 2529 1003 2564 Angelus

223 2581 339 2610 Domini
369 2579 484 2613 assistit,
509 2580 537 2607 et
559 2578 662 2606 lumen
690 2576 803 2604 refulsit
832 2576 861 2603 in
890 2576 1005 2604 habita-

257 2657 310 2680 ἸΙΙ
333 2657 401 2687 Παφ,
423 2661 481 2685 xix,
501 2656 524 2677 ὅ.
545 2667 575 2671 -
598 2654 604 2667 ²
625 2653 692 2681 Act„
714 2657 765 2680 xu,
785 2652 832 2674 ti—T.
855 2664 882 2668 —
906 2652 915 2666 ³
938 2651 1005 2674 Psal.

226 2699 314 2722 xxxiv,
336 2694 359 2716 ti.
380 2705 410 2709 —
434 2692 440 2704 ⁸
466 2691 542 2717 Dum,
563 2696 623 2714 xut.
645 2690 682 2711 Ξὶῗὶ.
706 2701 731 2705 —-
756 2688 766 2703 ὅ
790 2686 855 2713 Tul».v
878 2694 900 2716 ν,
922 2688 958 2710 27.
976 2701 1006 2705 —

225 2730 234 2744 ἢ
254 2730 283 2754 W
302 2729 444 2759 1tey..x1x‚
467 2729 550 2751 23:¹1.—
569 2726 578 2741 '¹
597 2725 669 2754 Dum,
687 2730 722 2754 vt,
754 2726 775 2748 2.
797 2737 820 2740 -
844 2724 852 2737 ’
873 2723 947 2752 lum,
963 2730 1005 2753 ιιι,

366 237 418 271 DE
440 235 635 276 DEDICAT„
659 234 782 268 INTER
801 231 1015 268 SERMONES
1037 232 1090 266 DE
1110 231 1280 267 SANCTIS
1302 233 1343 267 ΙΝ
1364 232 1560 275 comum,
1582 233 1689 269 xmv.

1053 301 1134 338 culo,
1153 311 1169 329 ι
1193 303 1249 332 etc.
1273 301 1344 338 Quis
1363 309 1447 339 ergo,
1468 301 1568 332 sinon
1587 302 1694 333 stultus
1707 303 1756 341 eit,
1770 311 1835 335 non

1053 348 1162 378 debeat
1174 348 1326 385 laborare,
1342 350 1376 378 nt
1388 349 1483 387 possit
1497 351 1557 378 tam
1570 349 1663 379 fortes
1676 350 1835 382 auxiliato-

1028 414 1030 416 -
1050 404 1099 426 res
1112 396 1224 426 habere
1237 397 1253 426 ἵ
1266 397 1478 427 Stultissimum
1493 401 1547 434 est,
1561 407 1624 428 non
1639 399 1763 428 obedire
1777 407 1835 437 po-

1053 443 1216 474 tentissimo
1230 445 1314 482 Regi,
1334 445 1401 474 sola
1415 453 1476 475 non
1491 445 1560 483 sibi,
1574 446 1628 476 sed
1642 446 1732 476 nobis
1750 446 1836 477 utilia

1051 491 1222 529 imperanti,
1237 500 1307 521 cum
1328 492 1466 522 membra
1481 493 1572 523 etiam
1591 493 1727 532 corporis
1741 494 1836 524 nostri

1052 538 1095 567 sic
1109 538 1254 568 obedient
1265 539 1362 575 cordi,
1375 541 1404 568 et
1410 539 1554 570 animalia
1563 541 1652 570 bruta
1660 541 1753 570 leoni.
1761 543 1836 571 Nam

1052 585 1091 615 de
1109 586 1206 615 corvis
1227 586 1346 622 dieitur,
1366 586 1451 624 quod
1472 589 1634 625 postquam
1658 588 1838 619 bellaverint

1051 633 1128 662 inter
1147 641 1179 663 se
1198 641 1302 672 pugna
1320 633 1400 670 forti,
1420 634 1512 664 victus
1535 643 1590 672 per
1609 635 1713 665 omnia
1731 635 1838 666 obedit

1051 681 1167 710 victori.
1183 681 1280 710 Simus
1294 689 1367 718 ergo
1387 681 1573 718 obedientes,
1587 682 1618 711 in
1633 682 1744 711 divinis
1763 690 1837 720 ope—

1051 727 1135 757 ribus
1156 727 1340 765 laborantes,
1363 729 1388 758 si
1408 729 1538 766 Angelos
1563 729 1706 759 volumus
1723 729 1837 760 habere

1051 775 1226 804 assistentes.
1254 778 1326 805 Nam
1349 785 1412 806 non
1431 777 1650 812 laborantibus,
1678 785 1740 806 non
1765 777 1837 806 obe-

1052 822 1213 859 dientibus,
1238 823 1291 852 sed
1312 823 1516 861 voluptatibus
1531 827 1560 854 et
1573 825 1689 854 deliciis
1703 825 1837 855 vacanti-

1051 870 1108 899 bus
1121 871 1260 900 resistunt
1271 871 1376 908 Angeli
1390 873 1401 890 ¹
1416 881 1424 900 z
1442 882 1457 899 ιι
1473 872 1535 901 Fiat
1549 873 1598 901 via
1612 872 1735 902 illorum
1756 875 1837 902 tene-

1051 917 1113 946 broe
1125 920 1153 947 et
1162 917 1322 954 lubricum,
1336 920 1365 948 et
1377 919 1507 955 Angelus
1524 919 1639 948 Domini
1650 927 1836 958 persequens

1051 973 1113 994 eos.
1130 976 1143 991 ι»
1162 966 1340 1003 Exemplum
1360 969 1404 996 est
1419 966 1457 996 de
1471 975 1542 996 sene
1557 967 1725 1003 luxurioso,
1740 970 1769 996 et
1783 975 1836 996 va-

1052 1014 1137 1041 cante
1159 1020 1177 1041 a
1198 1012 1282 1042 bono
1301 1021 1403 1051 opere,
1427 1014 1476 1042 cui
1501 1014 1604 1043 Daniel
1626 1015 1667 1043 ait
1681 1015 1714 1043 ⁸:
1734 1025 1748 1041 ι
1763 1016 1836 1044 Ecce

1051 1059 1182 1095 Angelus
1202 1060 1329 1095 Domini,
1353 1062 1474 1098 accepta
1494 1061 1649 1096 sententia,
1672 1061 1786 1090 scindet
1808 1064 1836 1091 te

1050 1107 1195 1140 medium,
1210 1117 1224 1134 n
1240 1109 1294 1136 ete.
1313 1108 1488 1145 Exemplum
1508 1108 1546 1137 de
1565 1108 1696 1145 Angelis,
1711 1109 1763 1146 qui
1781 1109 1836 1138 So-

1052 1153 1176 1182 domam
1197 1154 1418 1190 subverterunt,
1442 1163 1479 1184 eo
1503 1155 1587 1193 quod
1606 1158 1747 1184 vacantes
1762 1155 1836 1192 otio,

1052 1200 1177 1230 luxuriae
1197 1201 1403 1230 intendebant.

1089 1249 1211 1283 Quarto,
1235 1249 1374 1277 assistunt
1398 1249 1500 1286 Angeli
1515 1250 1660 1287 patienter
1673 1259 1705 1279 se
1721 1249 1837 1287 agenti-

1053 1295 1109 1323 bus
1125 1296 1163 1332 (α)
1175 1297 1203 1324 in
1220 1296 1498 1332 tribulatione.Quis
1514 1297 1594 1326 enim
1610 1300 1650 1326 tot
1665 1297 1756 1334 mala,
1772 1306 1839 1335 quae

1052 1351 1122 1372 earo
1138 1344 1279 1379 suggerit,
1297 1344 1428 1372 mundus
1447 1345 1564 1381 ingerit,
1589 1347 1617 1373 et
1640 1345 1759 1374 daemon
1780 1345 1837 1373 im-

1053 1391 1158 1428 pingit,
1173 1394 1291 1428 portare
1307 1394 1416 1428 posset,
1434 1392 1457 1420 si
1475 1392 1578 1428 Angeli
1595 1400 1657 1421 non
1670 1393 1812 1428 Juvarent
1823 1393 1838 1420 *ἲ

1053 1439 1122 1472 Quis
1143 1439 1232 1467 etiam
1253 1438 1362 1467 audeat
1387 1439 1558 1476 desperare,
1581 1441 1609 1468 et
1633 1447 1694 1467 non
1717 1438 1840 1469 viriliter

1054 1493 1154 1521 agere,
1175 1494 1243 1514 cum
1272 1488 1331 1514 tam
1354 1488 1491 1515 strenuos
1517 1486 1624 1515 milites
1649 1489 1753 1515 noscat
1781 1485 1839 1516 sibi

1054 1533 1213 1561 assistere?
1242 1533 1322 1561 Unde
1349 1533 1469 1562 dicebat
1490 1533 1597 1562 Tobias
1620 1533 1706 1562 uxori
1725 1541 1786 1562 sure
1799 1534 1810 1551 ⁸
1830 1542 1838 1562 ε

1058 1591 1070 1606 ιι
1098 1580 1160 1608 Noli
1183 1581 1252 1608 tlere
1275 1590 1280 1608 :
1302 1581 1392 1609 credo
1421 1581 1514 1615 enim,
1535 1581 1617 1617 quod
1637 1580 1766 1617 Angelus
1789 1581 1838 1610 Dei

1055 1627 1152 1656 bonus
1167 1628 1323 1656 comitetur
1338 1629 1374 1656 ei.
1391 1639 1403 1654 a
1423 1628 1599 1665 Exemplum
1617 1628 1654 1656 de
1669 1628 1725 1656 hoc
1743 1628 1838 1656 habe-

1056 1684 1121 1703 mus
1133 1676 1154 1708 ⁴³,
1171 1675 1221 1703 ubi
1242 1675 1362 1703 ezechia
1384 1684 1453 1703 cum
1473 1675 1538 1703 aliis
1558 1676 1702 1712 patienter
1716 1675 1839 1704 tribula-

1057 1723 1167 1751 tionem
1184 1723 1407 1758 sustinentibus,
1430 1723 1559 1759 Angelus
1585 1723 1700 1751 Domini
1721 1723 1751 1751 in
1774 1723 1839 1760 ipsa

1056 1773 1141 1798 nocte
1161 1771 1305 1807 percussit
1327 1771 1355 1798 in
1379 1771 1481 1798 castris
1503 1770 1689 1806 Assyriorum
1705 1771 1743 1806 (h)
1759 1773 1839 1799 octo·

1056 1818 1276 1854 gintaquinque
1285 1817 1838 1854 milliahominumpugnatorum.ttem

1057 1865 1164 1893 dicitur
1180 1866 1189 1882 ⁷
1206 1874 1212 1892 :
1231 1877 1242 1889 ιι
1262 1865 1333 1893 Misit
1349 1866 1422 1893 Deus
1436 1864 1582 1901 Angelum
1604 1873 1703 1898 suum,
1723 1866 1751 1893 et
1766 1872 1840 1893 con-

1058 1912 1143 1940 clusit
1157 1921 1210 1940 ora
1226 1912 1358 1940 leonum.
1378 1922 1391 1938 ι
1412 1913 1485 1948 Lege
1509 1911 1662 1940 historiam
1683 1914 1711 1939 et
1731 1919 1838 1946 narra,

1059 1968 1128 1988 nani
1143 1962 1171 1988 et
1185 1959 1298 1988 ibidem
1311 1959 1417 1987 dicitur
1426 1959 1448 1994 ⁸,
1457 1959 1539 1996 quod
1558 1970 1570 1984 n
1581 1959 1709 1995 Angelus
1724 1959 1839 1987 Domini

1059 2007 1211 2035 descendit
1226 2008 1254 2035 in
1271 2008 1434 2041 fornacem,
1449 2011 1474 2035 et
1491 2008 1557 2036 tecit
1570 2008 1702 2035 medium
1711 2007 1841 2035 fornacis

1058 2055 1142 2091 quasi
1159 2055 1235 2083 roris
1248 2056 1380 2082 flantem.
1392 2065 1405 2079 n
1424 2056 1533 2082 Omnes
1549 2054 1608 2082 istoe
1623 2054 1752 2082 historite
1771 2062 1840 2082 nar-

1060 2102 1160 2130 randre
1170 2105 1248 2136 sunt,
1259 2102 1330 2138 quia
1340 2101 1427 2129 valde
1436 2104 1502 2129 suut
1513 2101 1653 2137 pulchrae,
1663 2104 1690 2129 et
1700 2101 1841 2137 angelicae

1059 2150 1230 2177 assistentiae
1251 2149 1424 2186 probativa‘.
1443 2148 1498 2177 Sed
1516 2148 1740 2183 attendendum,
1756 2147 1840 2185 quod

1059 2197 1131 2225 sicut
1143 2197 1280 2224 assistunt
1292 2196 1481 2233 patientibus,
1498 2196 1538 2224 sic
1554 2195 1689 2224 resistunt
1706 2203 1780 2223 vane
1803 2195 1841 2224 do

1059 2253 1088 2272 se
1103 2244 1308 2279 gloriantibus.
1327 2243 1533 2280 Exemplum⁹t
1550 2243 1657 2271 dicitur
1668 2243 1747 2271 enim
1758 2242 1842 2279 quod

1060 2301 1127 2319 cum
1144 2291 1235 2320 David
1254 2291 1401 2328 populum
1417 2290 1566 2318 numerari
1583 2290 1696 2325 feeerit,
1714 2289 1842 2326 Angelus

1062 2339 1175 2367 bomini
1191 2347 1226 2366 ex
1239 2338 1353 2374 populo
1363 2338 1514 2373 octoginta
1523 2337 1776 2372 milliaintertecit,
1786 2338 1840 2364 etc.

1171 2438 1219 2475 DE
1245 2437 1499 2474 DEDlCATlONE
1526 2436 1729 2473 ECCLESLE.

1278 2516 1407 2545 stimi«)
1432 2514 1575 2544 rtth'S
1591 2514 1624 2542 ¹⁰.

1099 2577 1275 2611 Sanctificaci
1299 2576 1405 2603 domum
1431 2576 1513 2609 hanc,
1535 2581 1614 2609 quam
1637 2573 1789 2608 oedtsicasti,
1813 2576 1843 2601 ut

1063 2646 1100 2669 39,
1121 2657 1151 2662 -
1171 2644 1181 2660 ⁹
1199 2645 1216 2668 ΙΙ
1235 2644 1301 2675 qu..
1319 2649 1392 2673 xxiv,
1411 2645 1417 2667 t
1434 2644 1459 2667 et
1476 2649 1531 2673 seq.
1550 2654 1581 2659 —
1594 2642 1612 2658 '⁰
1624 2641 1679 2665 Vid.
1694 2643 1758 2665 tom.
1775 2641 1842 2672 thl,

1063 2688 1122 2711 pag.
1139 2682 1195 2711 0:33,
1212 2681 1288 2704 ulium
1305 2686 1452 2704 sennonem
1468 2679 1499 2703 de
1519 2678 1691 2703 medicatione.

1097 2725 1131 2754 (τι)
1149 2724 1204 2753 [sy.
1220 2723 1376 2753 gerentibus.
1395 2735 1420 2739 —
1434 2720 1465 2751 (b,
1479 2720 1566 2752 Suppl.
1581 2722 1693 2745 centum.
