2029 3052
649 204 701 236 AD
724 201 961 235 MAGISTRUM
985 200 1278 234 INNOMINATUM.

155 274 207 306 nis
221 273 420 316 paupertati,
445 273 564 305 babere
584 271 722 304 Missalia
743 271 784 302 ad
803 272 934 302 cantan-

154 328 234 361 dum
248 328 372 366 missas,
388 328 420 360 et
433 326 600 360 Breviaria
608 325 647 358 ad
661 325 759 358 horas
772 323 919 356 dicendas
927 334 935 362 ;

154 382 200 414 sic
213 391 280 415 non
293 382 396 415 obstat
403 384 434 414 et
445 381 561 414 Biblias
573 380 613 412 ad
623 379 724 412 verba
734 378 845 411 divina
856 387 937 419 prae-

155 436 301 470 dicanda.
333 436 420 469 Licet
446 436 549 477 igitur
581 435 681 466 libros
709 433 840 465 habere.
874 431 935 464 Sed

154 491 315 533 numquid
328 491 444 532 regula
457 490 517 522 sibi
531 489 692 522 contraria
703 490 761 528 est,
774 495 847 528 quae
858 486 933 518 alibi

153 545 285 577 mandat
298 545 381 577 nihil
392 544 536 577 habere?
549 544 639 576 Absit
652 543 725 582 hoc,
743 538 780 574 ut
796 542 829 573 in
844 550 882 574 ea
894 541 934 572 sit

154 599 362 632 contrarietas
380 599 500 640 aliqua,
525 598 609 630 sicut
632 606 691 630 nec
712 596 842 636 falsitas,
860 604 934 627 cum

153 655 220 686 tota
234 653 279 695 ’,(10
299 653 386 686 fonte
407 653 579 694 Evangelii
607 653 648 684 sit
672 652 826 690 extracta,
851 650 934 682 sicut

154 707 246 748 mihi,
261 708 317 749 qui
325 717 441 750 pamm
454 707 543 747 novi,
558 706 649 739 facile
659 707 743 738 esset
752 704 931 738 ostendere.

153 761 229 794 Dico
243 771 334 803 ergo,
351 762 440 804 quod
455 761 604 794 tratribus
623 761 744 793 horum
763 767 934 792 concessus

151 817 200 848 est
212 824 304 855 usus,
320 809 377 847 sed
391 816 520 847 vetatur
532 813 760 856 appropriatio.
773 812 855 844 Nam
867 821 933 844 non

150 869 226 902 dicit
241 869 378 910 regula:
394 868 521 902 Fratres
532 869 615 901 nihil
628 869 779 906 habeant,
795 875 854 898 nec
872 866 931 898 ali-

150 933 216 965 qua
239 932 275 955 re
303 925 447 963 utantur,
469 923 555 964 quod
582 925 664 955 esset
691 923 860 960 insanum;
877 921 932 952 sed

149 977 236 1019 quod
250 978 354 1010 «nihil
364 977 425 1010 sibi
435 977 652 1019 approprient.
667 988 682 1007 ›>
692 976 748 1008 Cui
762 976 862 1016 igitur
872 975 930 1006 ho-

148 1040 224 1063 rum
239 1032 418 1073 proprietas
432 1031 671 1072 assignabitur?
687 1031 738 1063 Sic
755 1029 931 1070 respondeo

149 1094 224 1125 egO,
250 1086 337 1127 quod
360 1087 594 1127 cujuscumque
616 1085 668 1124 sit,
693 1093 758 1116 non
778 1086 825 1116 est
847 1093 928 1122 mea,

148 1148 207 1171 nec
230 1139 352 1171 ordinis
371 1150 378 1172 :
401 1142 433 1172 et
460 1140 522 1171 hoc
544 1139 625 1171 mihi
648 1139 764 1170 sufficit
784 1138 824 1170 ad
849 1147 930 1169 010εο

148 1193 350 1225 conscientiae
362 1193 548 1234 puritatem.
562 1192 608 1224 Ne
618 1194 728 1224 tamen
742 1191 930 1223 hominibus

147 1247 261 1287 fugam
273 1256 388 1288 parare
397 1247 518 1285 videar,
529 1247 599 1279 dico
608 1246 727 1277 harum
742 1254 854 1277 rerum
865 1254 930 1277 mo-

147 1301 263 1333 bilium
278 1301 491 1342 gubernatori
505 1303 535 1333 et
545 1300 717 1342 protectori
727 1299 848 1331 ordinis
858 1299 930 1331 Car-

148 1355 248 1387 dinali
262 1357 464 1397 potestatem,
481 1357 513 1387 et
529 1355 763 1393 auctoritatem,
781 1357 812 1385 et
826 1354 930 1394 provi-

147 1409 289 1441 dentiam
303 1419 323 1442 a
337 1410 472 1441 Domino
487 1409 573 1450 Papa
586 1417 653 1440 esse
668 1417 861 1440 concessam.
881 1407 929 1439 Si-

147 1466 201 1495 cut
215 1463 302 1495 enim
322 1463 476 1495 Dominus
501 1463 587 1504 Papa
610 1463 669 1501 ait,
686 1471 745 1494 nec
762 1462 857 1494 vendi
871 1462 926 1493 de-

147 1518 224 1549 bent
238 1517 381 1556 mobilia,
403 1517 456 1549 vel
470 1519 561 1548 extra
575 1516 721 1548 ordinem
737 1517 928 1548 commutari

147 1581 280 1613 quoquo
296 1573 403 1611 modo,
417 1571 478 1603 nisi
494 1571 642 1603 Ecclesiae
653 1571 805 1602 Romanae
823 1571 928 1603 Cardi-

147 1626 238 1665 00115,
265 1627 321 1667 qui
343 1626 441 1658 fuerit
464 1626 586 1658 ordinis
602 1625 813 1664 Gubernator,
832 1635 928 1666 super

146 1680 207 1711 hoc
221 1680 443 1712 auctoritatem
458 1680 635 1721 praebuerit
649 1682 680 1711 et
692 1689 870 1711 assensum.

187 1734 249 1766 Sed
263 1735 362 1766 dieis:
389 1734 552 1776 Numquid
567 1735 624 1776 qui
639 1734 757 1766 Biblias
770 1734 926 1765 (10111110-

147 1788 259 1827 tribus,
276 1788 446 1820 intendunt
462 1797 515 1820 eas
532 1789 608 1820 dare
623 1788 730 1829 Papae,
747 1790 803 1820 aut
818 1788 924 1819 Cardi-

145 1842 232 1873 nali?
248 1841 322 1873 Dico
337 1843 369 1873 et
387 1851 469 1881 ego:
493 1841 657 1882 Numquid
683 1844 783 1882 pater,
803 1842 858 1882 qui
872 1843 926 1873 dat

147 1896 284 1928 Bibliam
315 1895 390 1934 tilio,
415 1896 550 1927 intendit
578 1896 753 1928 labefacere
780 1897 925 1928 ordinem

144 1951 216 1989 filii,
240 1952 270 1981 et
291 1950 395 1981 filium
418 1959 515 1982 suum
539 1950 641 1981 facere
665 1950 768 1981 filium
786 1951 926 1982 diaboli?

145 2005 244 2037 Credo
259 2007 290 2036 te
305 2004 409 2036 dicere
423 2005 509 2045 quod
519 2014 595 2036 non.
606 2005 664 2036 Dat
676 2005 778 2045 igitur
788 2005 865 2045 filio,
875 2006 924 2036 in-

144 2060 290 2100 tendens,
306 2060 392 2101 quod
407 2060 528 2091 ordinis
551 2062 722 2101 paupertas
742 2060 782 2091 sit
796 2060 923 2100 penitus

144 2114 275 2153 illibata,
292 2123 329 2145 ac
342 2123 399 2155 per
410 2114 483 2153 hoc,
499 2116 536 2146 ut
547 2115 625 2146 ordo
640 2116 761 2153 utatur,
780 2115 922 2155 proprie-

144 2169 192 2199 tas
205 2170 315 2199 autem
339 2168 379 2199 sit
395 2169 477 2208 ejuS‚
503 2169 594 2208 cujus
617 2168 794 2199 decreverit
817 2170 925 2208 pastor

145 2219 272 2251 Ordinis
293 2221 324 2251 et
338 2220 497 2251 Ecclesiae.
521 2219 572 2251 An
586 2229 650 2251 non
668 2220 780 2258 credis,
797 2220 883 2260 quod
898 2220 924 2250 si

144 2275 234 2314 pater
248 2283 313 2305 non
327 2274 427 2315 possit
447 2274 514 2305 filio
537 2274 658 2305 librum
680 2274 766 2312 dare,
785 2274 847 2304 nisi
869 2283 924 2314 per

144 2337 279 2359 manum
295 2328 442 2368 alicujuS‚
459 2329 497 2360 de
511 2338 577 2369 quo
592 2330 813 2368 praesumeret,
840 2329 922 2369 quod

144 2390 209 2413 non
238 2384 320 2413 esset
347 2382 405 2412 filii
433 2383 483 2414 sui
511 2383 682 2423 praedator,
713 2383 768 2414 sed
798 2384 922 2423 pastor,

144 2444 251 2467 nonne
266 2436 375 2467 daret?
390 2436 506 2477 Utique
521 2437 621 2475 daret,
642 2438 679 2467 ut
693 2437 759 2468 filio
779 2446 924 2468 commo-

144 2489 234 2520 daret
247 2490 286 2520 ad
302 2499 409 2521 usum.
435 2490 474 2521 Et
487 2490 521 2521 10
542 2490 603 2521 1100
627 2490 742 2522 melius
757 2490 923 2530 provisum

145 2545 193 2575 est
215 2544 341 2584 Ordini,
359 2545 493 2576 Domino
515 2545 658 2576 faciente.
684 2544 765 2576 Nam
781 2545 806 2575 si
822 2545 923 2576 libro-

145 2606 220 2629 rum
233 2600 409 2639 proprietas
417 2600 599 2630 remaneret
612 2599 695 2639 apud
707 2600 866 2639 parentes,
880 2599 924 2629 sic

146 2649 286 2681 ministri
300 2660 365 2682 non
376 2653 506 2692 possent
513 2651 639 2682 auferre
649 2651 802 2682 fratribus
813 2650 923 2688 1111105,

139 2723 142 2727 »
164 2705 178 2735 t
194 2706 299 2736 essent
312 2706 404 2745 quasi
420 2706 562 2747 perpetui
578 2705 618 2737 ad
637 2706 746 2737 vitam.
763 2705 855 2737 Nunc
869 2714 923 2736 au-

1716 209 1776 239 629

993 271 1058 301 tem
1073 269 1150 301 ordo
1165 269 1246 301 011111
1258 270 1321 301 sibi
1335 272 1521 312 appropriat
1535 272 1569 304 10
1580 273 1683 313 libris,
1693 274 1773 306 dum

993 323 1130 355 ministri
1153 323 1252 356 libros
1274 333 1333 356 000
1355 324 1514 366 vendere,
1540 335 1599 358 nec
1633 327 1774 360 alienare

991 378 1177 410 auctoritate
1192 378 1322 420 propria
1336 380 1482 420 possunt,
1495 389 1555 412 000
1566 380 1680 414 fratres
1694 382 1771 414 sub-

991 431 1048 463 diti
1064 434 1209 473 possunt,
1225 432 1304 464 dum
1324 432 1510 474 frequenter
1532 434 1715 475 resignant,
1741 438 1774 468 et

991 485 1037 517 eis
1053 494 1110 525 pro
1134 486 1299 518 voluntate
1324 486 1548 519 ministrorum
1564 488 1772 530 assignantur

990 541 1021 570 et
1043 539 1248 571 auferuntur.
1274 539 1384 572 Certus
1407 549 1498 580 sum,
1524 542 1610 582 quod
1633 542 1702 575 haec
1725 545 1771 576 est

989 593 1182 625 conscientia
1196 593 1344 626 fratrum.
1677 592 1680 594 ’

1032 647 1071 679 Ut
1084 649 1191 679 autem
1214 647 1293 679 nihil
1314 652 1489 689 remaneat,
1512 649 1587 682 audi
1613 650 1652 682 (10
1666 651 1771 683 (10011-

989 701 1061 733 bus.
1074 701 1148 733 Dico
1163 701 1275 734 domos
1289 711 1355 734 non
1370 711 1438 735 esse
1453 703 1601 736 fratrum.
1618 703 1680 736 Sed
1694 705 1721 736 si
1731 705 1770 738 (10

989 756 1055 788 5010
1070 756 1200 797 quaeris,
1217 757 1287 788 dico
1297 757 1384 798 quod
1397 757 1544 790 dantium
1558 760 1647 790 estet
1660 761 1771 800 patro-

987 818 1120 849 norum3
1138 810 1164 841 si
1188 810 1227 842 de
1243 810 1397 850 aedificiis,
1424 811 1492 852 pari
1516 811 1640 844 ratione
1665 813 1770 845 aedifi-

988 864 1142 904 cantium,
1157 864 1207 896 vel
1220 873 1332 896 eorum
1345 873 1486 906 quorum
1494 867 1542 897 est
1555 865 1661 898 solum
1672 875 1680 898 t
1692 867 1770 908 quia

987 918 1070 949 cedit
1085 918 1152 950 solo
1169 919 1277 956 1101115,
1302 919 1328 950 51
1355 929 1440 951 unus
1459 919 1612 960 aedificat3
1632 921 1682 952 vel
1697 921 1769 962 plu-

986 971 1084 1010 rium,
1097 972 1122 1003 si
1137 972 1256 1013 plures.
1272 972 1406 1005 Mentior
1427 973 1558 1010 etenim,
1576 975 1602 1005 si
1624 984 1689 1006 non
1708 975 1768 1008 Do-

986 1025 1094 1057 minus
1109 1025 1195 1067 Papa
1209 1027 1284 1058 dicit
1298 1027 1332 1058 in
1347 1027 1479 1067 regula:
1495 1027 1614 1060 «Salvo
1625 1028 1770 1061 locorum

986 1081 1017 1110 et
1030 1080 1201 1111 domorum
1217 1081 1359 1112 dominio
1381 1081 1461 1120 illis,
1478 1082 1516 1112 ad
1532 1091 1614 1123 quos
1627 1083 1771 1115 noscitur

987 1134 1145 1175 pertinere
1159 1145 1165 1165 :
1177 1145 1191 1163 »
1206 1135 1238 1165 iu
1251 1134 1327 1174 loco,
1340 1135 1522 1176 intelligens
1536 1136 1654 1176 solum;
1667 1137 1701 1168 in
1711 1137 1768 1171 do-

985 1187 1101 1227 mibus,
1124 1188 1258 1220 aedificia
1283 1189 1496 1229 superaddita.
1521 1189 1611 1221 Unde
1635 1200 1694 1222 nec
1717 1201 1771 1232 ap-

986 1243 1188 1282 propriamus
1202 1242 1294 1274 nobis
1307 1243 1430 1282 locum,
1456 1253 1530 1275 cum
1544 1244 1687 1276 dicamus
1701 1253 1770 1277 esse

985 1296 1114 1328 illorum
1128 1297 1184 1337 qui
1207 1297 1283 1328 dant
1306 1297 1480 1338 impensas,
1506 1298 1556 1329 vel
1579 1298 1661 1330 cedit
1683 1299 1767 1338 50]ο;

985 1360 1044 1382 nec
1058 1351 1154 1382 etiam
1183 1360 1263 1383 usus
1289 1352 1548 1393 appropriamus,
1565 1352 1625 1383 nisi
1641 1362 1700 1393 pro
1717 1362 1770 1385 vo-

984 1405 1107 1437 luntate
1123 1414 1248 1445 eorum,
1262 1406 1318 1447 qui
1334 1407 1487 1438 fratribus
1502 1407 1680 1439 concedunt
1689 1417 1770 1448 prae-

985 1459 1078 1490 dicta.
1096 1460 1208 1491 Certus
1224 1469 1297 1491 sum
1313 1461 1411 1500 enim,
1437 1461 1523 1502 quod
1546 1461 1617 1493 haec
1631 1464 1677 1493 est
1691 1471 1769 1494 con-

984 1514 1116 1544 scientia
1138 1514 1287 1545 fratrum.
1314 1514 1384 1546 Non
1406 1516 1522 1554 obstat,
1547 1516 1572 1547 si
1596 1516 1769 1556 aliquando

984 1568 1092 1599 vidisti
1107 1569 1316 1608 contrarium,
1334 1569 1419 1610 quod
1433 1579 1498 1601 non
1515 1571 1620 1609 credo,
1636 1571 1712 1611 quia
1722 1571 1769 1603 in-

983 1622 1130 1653 discretio
1146 1623 1242 1654 unius
1261 1632 1325 1654 non
1348 1624 1388 1655 ad
1404 1633 1516 1656 omnes
1533 1625 1636 1664 debet,
1653 1635 1711 1656 nec
1727 1626 1766 1657 ad

984 1676 1132 1716 singulos
1154 1677 1343 1717 retorqueri.
1369 1677 1403 1708 Si
1419 1678 1508 1717 dicis,
1525 1687 1583 1710 nos
1610 1681 1765 1720 tanquam

983 1730 1122 1761 advenas
1137 1733 1168 1762 et
1181 1731 1371 1771 peregrinos
1382 1732 1496 1763 debere
1510 1732 1557 1762 ire
1569 1731 1608 1763 de
1622 1732 1717 1763 domo
1729 1733 1763 1763 in

983 1783 1126 1822 domum,
1155 1787 1263 1824 parcat
1282 1785 1326 1815 illi
1351 1785 1451 1824 Deus,
1473 1786 1529 1826 qui
1551 1785 1656 1826 primo
1681 1786 1765 1817 hanc

983 1838 1151 1869 stultitiam
1181 1839 1346 1878 cogitavit.
1377 1838 1489 1870 Nonne
1514 1838 1547 1870 B.
1577 1839 1763 1872 Franciscus

983 1892 1153 1922 aedificavit
1167 1892 1257 1923 loca?
1274 1891 1439 1932 Numquid
1454 1895 1611 1933 tanquam
1622 1894 1767 1934 peregri-

983 1954 1043 1976 nus
1063 1946 1128 1976 ibat
1147 1945 1288 1986 quotidie
1311 1955 1409 1977 unam
1434 1946 1575 1978 dietam?
1601 1947 1767 1989 Numquid

981 1999 1017 2030 B.
1034 1999 1159 2038 Petrus,
1171 2008 1247 2030 cum
1255 1999 1338 2030 dicat
1347 2000 1379 2030 in
1395 2001 1547 2032 canonica
1560 2002 1655 2033 sua²:
1676 2002 1766 2034 Obse-

981 2062 1033 2086 cro
1048 2062 1103 2086 vos
1117 2057 1272 2094 tanquam
1288 2054 1431 2087 advenas
1446 2057 1474 2087 et
1488 2057 1680 2096 pereqrz'nos,
1691 2058 1764 2095 etc„

981 2108 1093 2147 voluit,
1119 2108 1204 2148 quod
1221 2118 1333 2139 omnes
1349 2109 1526 2140 transirent
1550 2110 1588 2141 de
1610 2110 1706 2142 domo
1729 2111 1765 2142 1ἱο

981 2162 1138 2193 domum?
1162 2162 1241 2193 Cum
1269 2163 1355 2193 enim
1374 2163 1457 2194 dicat
1472 2163 1712 2195 Ecclesiasticus
1727 2165 1737 2182 ²
1754 2174 1762 2195 :

986 2217 1064 2249 Vita
1078 2224 1214 2256 nequam
1228 2217 1388 2257 hospitari
1403 2217 1441 2249 de
1457 2217 1548 2250 domo
1562 2219 1599 2249 z'n
1614 2217 1764 2259 1101111071,-

983 2274 1046 2302 tam
1063 2270 1192 2309 Petrus,
1216 2280 1314 2311 quain
1330 2271 1353 2302 F
1355 2272 1517 2302 ranciscus
1531 2272 1604 2302 filiis
1619 2275 1649 2302 et
1666 2272 1759 2302 disci-

981 2325 1064 2366 pulis
1079 2325 1145 2356 suis
1166 2334 1232 2356 non
1255 2328 1397 2356 sanctam
1412 2326 1525 2364 vitam,
1549 2325 1603 2356 sed
1618 2335 1759 2366 nequam

981 2379 1220 2420 imposuissent,
1237 2379 1263 2410 si
1279 2380 1455 2410 secundum
1466 2379 1654 2420 praedictum
1669 2379 1761 2410 intel-

980 2434 1101 2464 lectum
1114 2443 1174 2464 nos
1189 2433 1308 2464 similes
1331 2442 1398 2464 esse
1420 2433 1599 2473 peregrinis
1626 2433 1760 2464 manda-

981 2490 1063 2519 rent.
1095 2487 1155 2518 Sed
1183 2487 1244 2518 hoc
1270 2487 1391 2518 dictum
1420 2487 1622 2527 intelligitur,
1641 2488 1677 2518 ut
1695 2496 1761 2518 non

981 2544 1089 2573 currat
1118 2541 1292 2572 similitudo
1320 2542 1460 2581 quatuor
1482 2541 1626 2581 pedibus,
1650 2541 1704 2572 sed
1724 2543 1761 2572 ut

981 2596 1104 2634 domos,
1117 2595 1150 2625 in
1165 2595 1284 2635 quibus
1299 2595 1493 2633 habitamus,
1510 2603 1627 2635 parum
1641 2594 1760 2634 diliga-

982 2660 1065 2688 mus,
1093 2658 1152 2680 nec
1178 2649 1324 2689 proprias
1346 2650 1544 2689 reputemus,
1569 2648 1651 2679 sicut
1665 2657 1759 2689 pere·
1787 2666 1790 2668 -

1016 2714 1022 2730 ¹
1040 2713 1046 2736 1
1064 2712 1143 2743 Patr„
1161 2717 1188 2742 11,
1207 2713 1242 2737 11.
1259 2724 1289 2729 —
1304 2712 1311 2725 2'
1327 2711 1414 2741 Ecclz'.,
1430 2717 1502 2742 xxm,
1519 2711 1559 2735 31.
