<?xml version="1.0" encoding="UTF-8"?>
<!DOCTYPE html PUBLIC "-//W3C//DTD XHTML 1.0 Transitional//EN"
    "http://www.w3.org/TR/xhtml1/DTD/xhtml1-transitional.dtd">
<html xmlns="http://www.w3.org/1999/xhtml" xml:lang="en" lang="en">
 <head>
  <title>
</title>
<meta http-equiv="Content-Type" content="text/html;charset=utf-8" />
  <meta name='ocr-system' content='tesseract 3.04.00' />
  <meta name='ocr-capabilities' content='ocr_page ocr_carea ocr_par ocr_line ocrx_word'/>
</head>
<body>
  <div class='ocr_page' id='page_1' title='image "./operaomniasixtiv14bonauoft/operaomniasixtiv14bonauoft_0266.png"; bbox 0 0 2029 3052; ppageno 0'>
   <div class='ocr_carea' id='block_1_1' title="bbox 257 268 319 300">
    <p class='ocr_par' dir='ltr' id='par_1_1' title="bbox 257 268 319 300">
     <span class='ocr_line' id='line_1_1' title="bbox 257 268 319 300; baseline 0 0"><span class='ocrx_word' id='word_1_1' title='bbox 257 268 319 300; x_wconf 78' lang='lat'><strong>228</strong></span> 
     </span>
    </p>
   </div>
   <div class='ocr_carea' id='block_1_2' title="bbox 255 330 1045 693">
    <p class='ocr_par' dir='ltr' id='par_1_2' title="bbox 257 330 1045 418">
     <span class='ocr_line' id='line_1_2' title="bbox 293 330 1045 372; baseline -0.005 -8"><span class='ocrx_word' id='word_1_2' title='bbox 293 333 428 372; x_wconf 84' lang='lat' dir='ltr'><strong>speravit</strong></span> <span class='ocrx_word' id='word_1_3' title='bbox 440 333 473 363; x_wconf 90' lang='lat' dir='ltr'><strong>in</strong></span> <span class='ocrx_word' id='word_1_4' title='bbox 491 333 631 370; x_wconf 84' lang='lat' dir='ltr'><strong>Domino,</strong></span> <span class='ocrx_word' id='word_1_5' title='bbox 652 332 759 371; x_wconf 88' lang='lat' dir='ltr'><strong>eripiat</strong></span> <span class='ocrx_word' id='word_1_6' title='bbox 775 332 812 370; x_wconf 89' lang='grc' dir='ltr'><strong>(α)</strong></span> <span class='ocrx_word' id='word_1_7' title='bbox 829 339 911 368; x_wconf 90' lang='lat' dir='ltr'><strong>eum,</strong></span> <span class='ocrx_word' id='word_1_8' title='bbox 926 330 1045 360; x_wconf 83' lang='lat' dir='ltr'><strong>salvum</strong></span> 
     </span>
     <span class='ocr_line' id='line_1_3' title="bbox 257 379 829 418; baseline -0.003 -8"><span class='ocrx_word' id='word_1_9' title='bbox 257 381 348 412; x_wconf 79' lang='lat' dir='ltr'><strong>faciat</strong></span> <span class='ocrx_word' id='word_1_10' title='bbox 361 381 400 418; x_wconf 78' lang='lat' dir='ltr'><strong>(b)</strong></span> <span class='ocrx_word' id='word_1_11' title='bbox 416 389 497 418; x_wconf 89' lang='lat' dir='ltr'><strong>eum,</strong></span> <span class='ocrx_word' id='word_1_12' title='bbox 511 381 658 418; x_wconf 84' lang='lat' dir='ltr'><strong>quoniam</strong></span> <span class='ocrx_word' id='word_1_13' title='bbox 668 379 734 409; x_wconf 88' lang='lat' dir='ltr'><strong>vult</strong></span> <span class='ocrx_word' id='word_1_14' title='bbox 748 387 829 409; x_wconf 86' lang='lat' dir='ltr'><strong>eum.</strong></span> 
     </span>
    </p>

    <p class='ocr_par' dir='ltr' id='par_1_3' title="bbox 255 425 1044 560">
     <span class='ocr_line' id='line_1_4' title="bbox 294 425 1044 465; baseline -0.005 -7"><span class='ocrx_word' id='word_1_15' title='bbox 294 428 443 464; x_wconf 87' lang='lat' dir='ltr'><strong>Quoniam</strong></span> <span class='ocrx_word' id='word_1_16' title='bbox 456 430 488 457; x_wconf 86' lang='lat' dir='ltr'><strong>tu</strong></span> <span class='ocrx_word' id='word_1_17' title='bbox 503 436 534 457; x_wconf 88' lang='lat' dir='ltr'><strong>es</strong></span> <span class='ocrx_word' id='word_1_18' title='bbox 549 427 601 465; x_wconf 90' lang='lat' dir='ltr'><strong>qui</strong></span> <span class='ocrx_word' id='word_1_19' title='bbox 623 426 775 456; x_wconf 80' lang='lat' dir='ltr'><strong>extraxisti</strong></span> <span class='ocrx_word' id='word_1_20' title='bbox 798 434 848 455; x_wconf 87' lang='lat' dir='ltr'><strong>me</strong></span> <span class='ocrx_word' id='word_1_21' title='bbox 869 425 907 454; x_wconf 88' lang='lat' dir='ltr'><strong>de</strong></span> <span class='ocrx_word' id='word_1_22' title='bbox 931 427 1044 461; x_wconf 86' lang='lat' dir='ltr'><strong>ventre,</strong></span> 
     </span>
     <span class='ocr_line' id='line_1_5' title="bbox 258 473 1044 513; baseline -0.005 -8"><span class='ocrx_word' id='word_1_23' title='bbox 258 483 327 513; x_wconf 77' lang='lat' dir='ltr'><strong>spes</strong></span> <span class='ocrx_word' id='word_1_24' title='bbox 341 483 411 504; x_wconf 84' lang='lat' dir='ltr'><strong>mea</strong></span> <span class='ocrx_word' id='word_1_25' title='bbox 424 475 464 504; x_wconf 84' lang='lat' dir='ltr'><strong>ab</strong></span> <span class='ocrx_word' id='word_1_26' title='bbox 478 474 622 504; x_wconf 84' lang='lat' dir='ltr'><strong>uberibus</strong></span> <span class='ocrx_word' id='word_1_27' title='bbox 639 473 743 503; x_wconf 86' lang='lat' dir='ltr'><strong>matris</strong></span> <span class='ocrx_word' id='word_1_28' title='bbox 761 481 836 503; x_wconf 73' lang='lat' dir='ltr'><strong>mete</strong></span> <span class='ocrx_word' id='word_1_29' title='bbox 852 483 860 501; x_wconf 73' lang='grc' dir='ltr'><strong><em>ε</em></strong></span> <span class='ocrx_word' id='word_1_30' title='bbox 878 473 911 501; x_wconf 91' lang='lat' dir='ltr'><strong>in</strong></span> <span class='ocrx_word' id='word_1_31' title='bbox 925 474 953 501; x_wconf 87' lang='lat' dir='ltr'><strong>te</strong></span> <span class='ocrx_word' id='word_1_32' title='bbox 971 480 1044 510; x_wconf 89' lang='lat' dir='ltr'><strong>pro-</strong></span> 
     </span>
     <span class='ocr_line' id='line_1_6' title="bbox 255 519 1018 560; baseline -0.005 -8"><span class='ocrx_word' id='word_1_33' title='bbox 255 523 352 560; x_wconf 83' lang='lat' dir='ltr'><strong>jectus</strong></span> <span class='ocrx_word' id='word_1_34' title='bbox 366 530 433 551; x_wconf 88' lang='lat' dir='ltr'><strong>sum</strong></span> <span class='ocrx_word' id='word_1_35' title='bbox 447 530 484 551; x_wconf 86' lang='lat' dir='ltr'><strong>ex</strong></span> <span class='ocrx_word' id='word_1_36' title='bbox 498 523 594 550; x_wconf 87' lang='lat' dir='ltr'><strong>utero.</strong></span> <span class='ocrx_word' id='word_1_37' title='bbox 611 521 711 550; x_wconf 80' lang='lat' dir='ltr'><strong>Gloria</strong></span> <span class='ocrx_word' id='word_1_38' title='bbox 724 520 811 556; x_wconf 81' lang='lat' dir='ltr'><strong>Patri,</strong></span> <span class='ocrx_word' id='word_1_39' title='bbox 825 522 853 549; x_wconf 88' lang='lat' dir='ltr'><strong>et</strong></span> <span class='ocrx_word' id='word_1_40' title='bbox 865 519 950 555; x_wconf 83' lang='lat' dir='ltr'><strong>Filio,</strong></span> <span class='ocrx_word' id='word_1_41' title='bbox 963 522 1018 548; x_wconf 85' lang='lat' dir='ltr'><strong>etc.</strong></span> 
     </span>
    </p>

    <p class='ocr_par' dir='ltr' id='par_1_4' title="bbox 259 566 1045 693">
     <span class='ocr_line' id='line_1_7' title="bbox 295 566 1045 606; baseline -0.007 -8"><span class='ocrx_word' id='word_1_42' title='bbox 295 570 469 606; x_wconf 72' lang='lat' dir='ltr'><strong>Antiphone.</strong></span> <span class='ocrx_word' id='word_1_43' title='bbox 494 568 538 597; x_wconf 83' lang='lat' dir='ltr'><strong>Fit</strong></span> <span class='ocrx_word' id='word_1_44' title='bbox 552 576 611 598; x_wconf 83' lang='lat' dir='ltr'><strong>vox</strong></span> <span class='ocrx_word' id='word_1_45' title='bbox 631 568 721 596; x_wconf 84' lang='lat' dir='ltr'><strong>nimis</strong></span> <span class='ocrx_word' id='word_1_46' title='bbox 743 567 863 603; x_wconf 85' lang='lat' dir='ltr'><strong>flebilis,</strong></span> <span class='ocrx_word' id='word_1_47' title='bbox 883 575 943 595; x_wconf 89' lang='lat' dir='ltr'><strong>vox</strong></span> <span class='ocrx_word' id='word_1_48' title='bbox 956 566 1045 594; x_wconf 86' lang='lat' dir='ltr'><strong>nimis</strong></span> 
     </span>
     <span class='ocr_line' id='line_1_8' title="bbox 259 612 1045 652; baseline -0.006 -6"><span class='ocrx_word' id='word_1_49' title='bbox 259 624 364 646; x_wconf 87' lang='lat' dir='ltr'><strong>amara</strong></span> <span class='ocrx_word' id='word_1_50' title='bbox 377 615 483 652; x_wconf 79' lang='lat' dir='ltr'><strong>Matris,</strong></span> <span class='ocrx_word' id='word_1_51' title='bbox 497 615 622 652; x_wconf 88' lang='lat' dir='ltr'><strong>quando</strong></span> <span class='ocrx_word' id='word_1_52' title='bbox 642 615 698 644; x_wconf 80' lang='lat' dir='ltr'><strong>fuit</strong></span> <span class='ocrx_word' id='word_1_53' title='bbox 718 616 806 652; x_wconf 83' lang='lat' dir='ltr'><strong>capta</strong></span> <span class='ocrx_word' id='word_1_54' title='bbox 823 613 859 651; x_wconf 89' lang='lat' dir='ltr'><strong>(c)</strong></span> <span class='ocrx_word' id='word_1_55' title='bbox 877 621 932 642; x_wconf 89' lang='lat' dir='ltr'><strong>sua</strong></span> <span class='ocrx_word' id='word_1_56' title='bbox 944 612 1045 650; x_wconf 84' lang='lat' dir='ltr'><strong>proles</strong></span> 
     </span>
     <span class='ocr_line' id='line_1_9' title="bbox 259 663 360 693; baseline -0.01 -1"><span class='ocrx_word' id='word_1_57' title='bbox 259 663 360 693; x_wconf 88' lang='lat' dir='ltr'><strong>chara.</strong></span> 
     </span>
    </p>
   </div>
   <div class='ocr_carea' id='block_1_3' title="bbox 576 716 744 752">
    <p class='ocr_par' dir='ltr' id='par_1_5' title="bbox 576 716 744 752">
     <span class='ocr_line' id='line_1_10' title="bbox 576 716 744 752; baseline 0 -8"><span class='ocrx_word' id='word_1_58' title='bbox 576 716 744 752; x_wconf 78' lang='lat' dir='ltr'><strong><em>Capitulum.</em></strong></span> 
     </span>
    </p>
   </div>
   <div class='ocr_carea' id='block_1_4' title="bbox 257 781 1046 955">
    <p class='ocr_par' dir='ltr' id='par_1_6' title="bbox 257 781 1046 955">
     <span class='ocr_line' id='line_1_11' title="bbox 295 781 1046 820; baseline -0.007 -7"><span class='ocrx_word' id='word_1_59' title='bbox 295 785 368 813; x_wconf 92' lang='lat' dir='ltr'><strong>Cum</strong></span> <span class='ocrx_word' id='word_1_60' title='bbox 383 783 513 812; x_wconf 79' lang='lat' dir='ltr'><strong>audisset</strong></span> <span class='ocrx_word' id='word_1_61' title='bbox 530 783 630 820; x_wconf 84' lang='lat' dir='ltr'><strong>Virgo,</strong></span> <span class='ocrx_word' id='word_1_62' title='bbox 651 782 735 819; x_wconf 88' lang='lat' dir='ltr'><strong>quod</strong></span> <span class='ocrx_word' id='word_1_63' title='bbox 755 781 845 810; x_wconf 87' lang='lat' dir='ltr'><strong>Filius</strong></span> <span class='ocrx_word' id='word_1_64' title='bbox 863 782 927 817; x_wconf 87' lang='lat' dir='ltr'><strong>ejus</strong></span> <span class='ocrx_word' id='word_1_65' title='bbox 942 782 1046 818; x_wconf 83' lang='lat' dir='ltr'><strong>captus</strong></span> 
     </span>
     <span class='ocr_line' id='line_1_12' title="bbox 259 828 1046 867; baseline -0.006 -6"><span class='ocrx_word' id='word_1_66' title='bbox 259 833 335 861; x_wconf 85' lang='lat' dir='ltr'><strong>esset</strong></span> <span class='ocrx_word' id='word_1_67' title='bbox 348 839 367 860; x_wconf 85' lang='lat' dir='ltr'><strong>a</strong></span> <span class='ocrx_word' id='word_1_68' title='bbox 384 830 503 867; x_wconf 80' lang='lat' dir='ltr'><strong>Judaeis,</strong></span> <span class='ocrx_word' id='word_1_69' title='bbox 520 832 549 859; x_wconf 90' lang='lat' dir='ltr'><strong>et</strong></span> <span class='ocrx_word' id='word_1_70' title='bbox 563 830 603 859; x_wconf 87' lang='lat' dir='ltr'><strong>ad</strong></span> <span class='ocrx_word' id='word_1_71' title='bbox 621 831 737 858; x_wconf 80' lang='lat' dir='ltr'><strong>Annam</strong></span> <span class='ocrx_word' id='word_1_72' title='bbox 751 829 924 864; x_wconf 83' lang='lat' dir='ltr'><strong>duceretur,</strong></span> <span class='ocrx_word' id='word_1_73' title='bbox 946 828 1046 864; x_wconf 87' lang='lat' dir='ltr'><strong>januis</strong></span> 
     </span>
     <span class='ocr_line' id='line_1_13' title="bbox 258 875 1046 915; baseline -0.006 -7"><span class='ocrx_word' id='word_1_74' title='bbox 258 879 378 915; x_wconf 83' lang='lat' dir='ltr'><strong>clausis,</strong></span> <span class='ocrx_word' id='word_1_75' title='bbox 393 886 511 907; x_wconf 82' lang='lat' dir='ltr'><strong>sacrum</strong></span> <span class='ocrx_word' id='word_1_76' title='bbox 530 878 634 914; x_wconf 90' lang='lat' dir='ltr'><strong>pectus</strong></span> <span class='ocrx_word' id='word_1_77' title='bbox 649 876 773 906; x_wconf 85' lang='lat' dir='ltr'><strong>tundere</strong></span> <span class='ocrx_word' id='word_1_78' title='bbox 788 878 817 905; x_wconf 89' lang='lat' dir='ltr'><strong>et</strong></span> <span class='ocrx_word' id='word_1_79' title='bbox 839 875 989 912; x_wconf 84' lang='lat' dir='ltr'><strong>lacrymas</strong></span> <span class='ocrx_word' id='word_1_80' title='bbox 1003 875 1046 904; x_wconf 81' lang='lat' dir='ltr'><strong>ef-</strong></span> 
     </span>
     <span class='ocr_line' id='line_1_14' title="bbox 257 924 612 955; baseline -0.008 0"><span class='ocrx_word' id='word_1_81' title='bbox 257 925 384 955; x_wconf 78' lang='lat' dir='ltr'><strong>fundere</strong></span> <span class='ocrx_word' id='word_1_82' title='bbox 398 933 461 954; x_wconf 91' lang='lat' dir='ltr'><strong>non</strong></span> <span class='ocrx_word' id='word_1_83' title='bbox 477 924 612 954; x_wconf 82' lang='lat' dir='ltr'><strong>cessavit.</strong></span> 
     </span>
    </p>
   </div>
   <div class='ocr_carea' id='block_1_5' title="bbox 588 1015 711 1043">
    <p class='ocr_par' dir='ltr' id='par_1_7' title="bbox 588 1015 711 1043">
     <span class='ocr_line' id='line_1_15' title="bbox 588 1015 711 1043; baseline -0.016 0"><span class='ocrx_word' id='word_1_84' title='bbox 588 1015 711 1043; x_wconf 66' lang='lat' dir='ltr'><strong>ttrunus.</strong></span> 
     </span>
    </p>
   </div>
   <div class='ocr_carea' id='block_1_6' title="bbox 258 1087 1048 2011">
    <p class='ocr_par' dir='ltr' id='par_1_8' title="bbox 258 1087 1048 2011">
     <span class='ocr_line' id='line_1_16' title="bbox 366 1087 689 1122; baseline -0.012 -4"><span class='ocrx_word' id='word_1_85' title='bbox 366 1089 389 1118; x_wconf 92' lang='grc' dir='ltr'>Ο</span> <span class='ocrx_word' id='word_1_86' title='bbox 403 1087 539 1117; x_wconf 88' lang='lat' dir='ltr'><strong>Gloriosa</strong></span> <span class='ocrx_word' id='word_1_87' title='bbox 552 1087 689 1122; x_wconf 89' lang='lat' dir='ltr'><strong>Domina,</strong></span> 
     </span>
     <span class='ocr_line' id='line_1_17' title="bbox 330 1133 675 1170; baseline -0.009 -6"><span class='ocrx_word' id='word_1_88' title='bbox 330 1137 402 1170; x_wconf 81' lang='lat' dir='ltr'><strong>Quoe</strong></span> <span class='ocrx_word' id='word_1_89' title='bbox 417 1137 468 1164; x_wconf 86' lang='lat' dir='ltr'><strong>tua</strong></span> <span class='ocrx_word' id='word_1_90' title='bbox 481 1133 675 1167; x_wconf 82' lang='lat' dir='ltr'><strong>cruciamina,</strong></span> 
     </span>
     <span class='ocr_line' id='line_1_18' title="bbox 330 1179 740 1213; baseline -0.01 -2"><span class='ocrx_word' id='word_1_91' title='bbox 330 1184 404 1211; x_wconf 92' lang='lat' dir='ltr'><strong>Cum</strong></span> <span class='ocrx_word' id='word_1_92' title='bbox 415 1181 560 1210; x_wconf 81' lang='lat' dir='ltr'><strong>Barrabas</strong></span> <span class='ocrx_word' id='word_1_93' title='bbox 573 1179 740 1213; x_wconf 69' lang='lat' dir='ltr'><strong>dimittitur,</strong></span> 
     </span>
     <span class='ocr_line' id='line_1_19' title="bbox 332 1226 763 1266; baseline -0.012 -8"><span class='ocrx_word' id='word_1_94' title='bbox 332 1231 364 1258; x_wconf 84' lang='lat' dir='ltr'><strong>Et</strong></span> <span class='ocrx_word' id='word_1_95' title='bbox 377 1236 480 1266; x_wconf 85' lang='lat' dir='ltr'><strong>poenas</strong></span> <span class='ocrx_word' id='word_1_96' title='bbox 493 1228 623 1257; x_wconf 87' lang='lat' dir='ltr'><strong>Christus</strong></span> <span class='ocrx_word' id='word_1_97' title='bbox 635 1226 763 1263; x_wconf 86' lang='lat' dir='ltr'><strong>patitur!</strong></span> 
     </span>
     <span class='ocr_line' id='line_1_20' title="bbox 367 1273 812 1311; baseline -0.011 -5"><span class='ocrx_word' id='word_1_98' title='bbox 367 1279 528 1311; x_wconf 81' lang='lat' dir='ltr'><strong>Pastorem,</strong></span> <span class='ocrx_word' id='word_1_99' title='bbox 543 1276 616 1304; x_wconf 83' lang='lat' dir='ltr'><strong>heu!</strong></span> <span class='ocrx_word' id='word_1_100' title='bbox 634 1273 812 1311; x_wconf 87' lang='lat' dir='ltr'><strong>percutiunt,</strong></span> 
     </span>
     <span class='ocr_line' id='line_1_21' title="bbox 331 1322 702 1360; baseline -0.011 -7"><span class='ocrx_word' id='word_1_101' title='bbox 331 1326 406 1353; x_wconf 82' lang='lat' dir='ltr'><strong>Oves</strong></span> <span class='ocrx_word' id='word_1_102' title='bbox 422 1324 561 1360; x_wconf 71' lang='lat' dir='ltr'><strong>dispersae</strong></span> <span class='ocrx_word' id='word_1_103' title='bbox 576 1322 702 1358; x_wconf 78' lang='lat' dir='ltr'><strong>fugiunt,</strong></span> 
     </span>
     <span class='ocr_line' id='line_1_22' title="bbox 330 1369 721 1406; baseline -0.01 -6"><span class='ocrx_word' id='word_1_104' title='bbox 330 1373 367 1400; x_wconf 88' lang='lat' dir='ltr'><strong>Te</strong></span> <span class='ocrx_word' id='word_1_105' title='bbox 383 1371 459 1406; x_wconf 85' lang='lat' dir='ltr'><strong>sola,</strong></span> <span class='ocrx_word' id='word_1_106' title='bbox 475 1378 544 1398; x_wconf 91' lang='lat' dir='ltr'><strong>cum</strong></span> <span class='ocrx_word' id='word_1_107' title='bbox 559 1369 721 1405; x_wconf 80' lang='lat' dir='ltr'><strong>Discipulo,</strong></span> 
     </span>
     <span class='ocr_line' id='line_1_23' title="bbox 332 1415 698 1453; baseline -0.011 -6"><span class='ocrx_word' id='word_1_108' title='bbox 332 1419 465 1447; x_wconf 82' lang='lat' dir='ltr'><strong>Manente</strong></span> <span class='ocrx_word' id='word_1_109' title='bbox 479 1417 536 1445; x_wconf 85' lang='lat' dir='ltr'><strong>sub</strong></span> <span class='ocrx_word' id='word_1_110' title='bbox 552 1415 698 1453; x_wconf 86' lang='lat' dir='ltr'><strong>patibulo.</strong></span> 
     </span>
     <span class='ocr_line' id='line_1_24' title="bbox 367 1462 757 1496; baseline -0.01 -2"><span class='ocrx_word' id='word_1_111' title='bbox 367 1467 424 1494; x_wconf 88' lang='lat' dir='ltr'><strong>Nec</strong></span> <span class='ocrx_word' id='word_1_112' title='bbox 439 1464 548 1493; x_wconf 89' lang='lat' dir='ltr'><strong>mirum</strong></span> <span class='ocrx_word' id='word_1_113' title='bbox 565 1464 587 1491; x_wconf 87' lang='lat' dir='ltr'><strong>si</strong></span> <span class='ocrx_word' id='word_1_114' title='bbox 603 1463 642 1491; x_wconf 90' lang='lat' dir='ltr'><strong>sis</strong></span> <span class='ocrx_word' id='word_1_115' title='bbox 657 1462 757 1496; x_wconf 76' lang='lat' dir='ltr'><strong>anxia,</strong></span> 
     </span>
     <span class='ocr_line' id='line_1_25' title="bbox 332 1510 637 1541; baseline -0.003 -2"><span class='ocrx_word' id='word_1_116' title='bbox 332 1512 398 1541; x_wconf 81' lang='lat' dir='ltr'><strong>Visa</strong></span> <span class='ocrx_word' id='word_1_117' title='bbox 413 1511 526 1540; x_wconf 87' lang='lat' dir='ltr'><strong>crudeli</strong></span> <span class='ocrx_word' id='word_1_118' title='bbox 543 1510 618 1539; x_wconf 77' lang='lat' dir='ltr'><strong>turia</strong></span> <span class='ocrx_word' id='word_1_119' title='bbox 631 1519 637 1538; x_wconf 76' lang='grc' dir='ltr'>ε</span> 
     </span>
     <span class='ocr_line' id='line_1_26' title="bbox 330 1557 777 1595; baseline -0.011 -7"><span class='ocrx_word' id='word_1_120' title='bbox 330 1561 367 1588; x_wconf 88' lang='lat' dir='ltr'><strong>Te</strong></span> <span class='ocrx_word' id='word_1_121' title='bbox 381 1559 476 1588; x_wconf 88' lang='lat' dir='ltr'><strong>sciens</strong></span> <span class='ocrx_word' id='word_1_122' title='bbox 490 1566 598 1595; x_wconf 89' lang='lat' dir='ltr'><strong>puram</strong></span> <span class='ocrx_word' id='word_1_123' title='bbox 615 1557 777 1593; x_wconf 84' lang='lat' dir='ltr'><strong>Virginem,</strong></span> 
     </span>
     <span class='ocr_line' id='line_1_27' title="bbox 331 1604 792 1635; baseline -0.007 -1"><span class='ocrx_word' id='word_1_124' title='bbox 331 1606 460 1635; x_wconf 88' lang='lat' dir='ltr'><strong>Genuisti</strong></span> <span class='ocrx_word' id='word_1_125' title='bbox 477 1607 568 1634; x_wconf 89' lang='lat' dir='ltr'><strong>Deum</strong></span> <span class='ocrx_word' id='word_1_126' title='bbox 585 1607 613 1633; x_wconf 88' lang='lat' dir='ltr'><strong>et</strong></span> <span class='ocrx_word' id='word_1_127' title='bbox 627 1604 792 1632; x_wconf 88' lang='lat' dir='ltr'><strong>hominem.</strong></span> 
     </span>
     <span class='ocr_line' id='line_1_28' title="bbox 367 1654 530 1682; baseline -0.006 -1"><span class='ocrx_word' id='word_1_128' title='bbox 367 1654 408 1682; x_wconf 86' lang='lat' dir='ltr'><strong>Sit</strong></span> <span class='ocrx_word' id='word_1_129' title='bbox 422 1654 530 1682; x_wconf 87' lang='lat' dir='ltr'><strong>honor.</strong></span> 
     </span>
     <span class='ocr_line' id='line_1_29' title="bbox 297 1695 1045 1737; baseline -0.007 -10"><span class='ocrx_word' id='word_1_130' title='bbox 297 1701 325 1737; x_wconf 45' lang='grc' dir='ltr'><strong>γι.</strong></span> <span class='ocrx_word' id='word_1_131' title='bbox 349 1703 507 1737; x_wconf 80' lang='lat' dir='ltr'><strong>Nunquam</strong></span> <span class='ocrx_word' id='word_1_132' title='bbox 532 1701 620 1728; x_wconf 81' lang='lat' dir='ltr'><strong>Mater</strong></span> <span class='ocrx_word' id='word_1_133' title='bbox 643 1697 763 1734; x_wconf 86' lang='lat' dir='ltr'><strong>pertulit</strong></span> <span class='ocrx_word' id='word_1_134' title='bbox 787 1699 846 1725; x_wconf 89' lang='lat' dir='ltr'><strong>tam</strong></span> <span class='ocrx_word' id='word_1_135' title='bbox 863 1696 968 1724; x_wconf 82' lang='lat' dir='ltr'><strong>anxios</strong></span> <span class='ocrx_word' id='word_1_136' title='bbox 990 1695 1045 1723; x_wconf 89' lang='lat' dir='ltr'><strong>do-</strong></span> 
     </span>
     <span class='ocr_line' id='line_1_30' title="bbox 258 1743 1012 1782; baseline -0.008 -6"><span class='ocrx_word' id='word_1_137' title='bbox 258 1749 348 1776; x_wconf 76' lang='lat' dir='ltr'><strong>lores,</strong></span> <span class='ocrx_word' id='word_1_138' title='bbox 373 1749 402 1782; x_wconf 67' lang='grc' dir='ltr'><strong>ιῖ.</strong></span> <span class='ocrx_word' id='word_1_139' title='bbox 433 1748 465 1775; x_wconf 88' lang='lat' dir='ltr'><strong>Ut</strong></span> <span class='ocrx_word' id='word_1_140' title='bbox 485 1746 573 1774; x_wconf 82' lang='lat' dir='ltr'><strong>Maria</strong></span> <span class='ocrx_word' id='word_1_141' title='bbox 595 1745 788 1773; x_wconf 82' lang='lat' dir='ltr'><strong>considerans</strong></span> <span class='ocrx_word' id='word_1_142' title='bbox 813 1744 875 1772; x_wconf 78' lang='lat' dir='ltr'><strong>Filii</strong></span> <span class='ocrx_word' id='word_1_143' title='bbox 893 1743 1012 1771; x_wconf 80' lang='lat' dir='ltr'><strong>livores.</strong></span> 
     </span>
     <span class='ocr_line' id='line_1_31' title="bbox 296 1790 1046 1828; baseline -0.009 -5"><span class='ocrx_word' id='word_1_144' title='bbox 296 1795 343 1823; x_wconf 84' lang='lat' dir='ltr'><strong>Ad</strong></span> <span class='ocrx_word' id='word_1_145' title='bbox 358 1794 529 1827; x_wconf 73' lang='lat' dir='ltr'><strong>Benedictus,</strong></span> <span class='ocrx_word' id='word_1_146' title='bbox 546 1793 719 1828; x_wconf 73' lang='lat' dir='ltr'><strong>Antiphone.</strong></span> <span class='ocrx_word' id='word_1_147' title='bbox 735 1793 889 1827; x_wconf 85' lang='lat' dir='ltr'><strong>Tanquam</strong></span> <span class='ocrx_word' id='word_1_148' title='bbox 906 1790 980 1818; x_wconf 84' lang='lat' dir='ltr'><strong>latro</strong></span> <span class='ocrx_word' id='word_1_149' title='bbox 997 1797 1046 1817; x_wconf 89' lang='lat' dir='ltr'><strong>ca-</strong></span> 
     </span>
     <span class='ocr_line' id='line_1_32' title="bbox 258 1837 1045 1878; baseline -0.009 -8"><span class='ocrx_word' id='word_1_150' title='bbox 258 1842 348 1878; x_wconf 90' lang='lat' dir='ltr'><strong>pitur,</strong></span> <span class='ocrx_word' id='word_1_151' title='bbox 360 1841 494 1877; x_wconf 84' lang='lat' dir='ltr'><strong>undiquc</strong></span> <span class='ocrx_word' id='word_1_152' title='bbox 510 1839 683 1868; x_wconf 89' lang='lat' dir='ltr'><strong>constrictus</strong></span> <span class='ocrx_word' id='word_1_153' title='bbox 695 1848 700 1867; x_wconf 89' lang='lat'>:</span> <span class='ocrx_word' id='word_1_154' title='bbox 713 1838 845 1872; x_wconf 62' lang='lat' dir='ltr'><strong>creditur,</strong></span> <span class='ocrx_word' id='word_1_155' title='bbox 861 1837 1045 1873; x_wconf 79' lang='lat' dir='ltr'><strong>conspuitur,</strong></span> 
     </span>
     <span class='ocr_line' id='line_1_33' title="bbox 259 1883 1048 1925; baseline -0.008 -9"><span class='ocrx_word' id='word_1_156' title='bbox 259 1888 355 1925; x_wconf 84' lang='lat' dir='ltr'><strong>alapis</strong></span> <span class='ocrx_word' id='word_1_157' title='bbox 367 1887 502 1916; x_wconf 80' lang='lat' dir='ltr'><strong>aillictuS.</strong></span> <span class='ocrx_word' id='word_1_158' title='bbox 518 1890 540 1915; x_wconf 81' lang='lat'>0</span> <span class='ocrx_word' id='word_1_159' title='bbox 561 1886 656 1915; x_wconf 81' lang='lat' dir='ltr'><strong>Matris</strong></span> <span class='ocrx_word' id='word_1_160' title='bbox 672 1885 825 1921; x_wconf 81' lang='lat' dir='ltr'><strong>angustioe,</strong></span> <span class='ocrx_word' id='word_1_161' title='bbox 847 1893 915 1912; x_wconf 89' lang='lat' dir='ltr'><strong>eum</strong></span> <span class='ocrx_word' id='word_1_162' title='bbox 931 1883 1048 1912; x_wconf 84' lang='lat' dir='ltr'><strong>audiret</strong></span> 
     </span>
     <span class='ocr_line' id='line_1_34' title="bbox 260 1931 1046 1968; baseline -0.008 -4"><span class='ocrx_word' id='word_1_163' title='bbox 260 1936 349 1964; x_wconf 81' lang='lat' dir='ltr'><strong>ictus!</strong></span> <span class='ocrx_word' id='word_1_164' title='bbox 374 1937 428 1963; x_wconf 85' lang='lat' dir='ltr'><strong>Pro</strong></span> <span class='ocrx_word' id='word_1_165' title='bbox 450 1934 537 1963; x_wconf 81' lang='lat' dir='ltr'><strong>nobis</strong></span> <span class='ocrx_word' id='word_1_166' title='bbox 562 1934 623 1962; x_wconf 76' lang='lat' dir='ltr'><strong>hoec</strong></span> <span class='ocrx_word' id='word_1_167' title='bbox 647 1933 788 1968; x_wconf 78' lang='lat' dir='ltr'><strong>tolerans,</strong></span> <span class='ocrx_word' id='word_1_168' title='bbox 804 1932 839 1959; x_wconf 87' lang='lat' dir='ltr'><strong>sit</strong></span> <span class='ocrx_word' id='word_1_169' title='bbox 865 1933 923 1959; x_wconf 78' lang='lat' dir='ltr'><strong>Rex</strong></span> <span class='ocrx_word' id='word_1_170' title='bbox 954 1931 1046 1959; x_wconf 88' lang='lat' dir='ltr'><strong>bene-</strong></span> 
     </span>
     <span class='ocr_line' id='line_1_35' title="bbox 261 1983 366 2011; baseline -0.01 0"><span class='ocrx_word' id='word_1_171' title='bbox 261 1983 366 2011; x_wconf 84' lang='lat' dir='ltr'><strong>dictus.</strong></span> 
     </span>
    </p>
   </div>
   <div class='ocr_carea' id='block_1_7' title="bbox 585 2039 721 2065">
    <p class='ocr_par' dir='ltr' id='par_1_9' title="bbox 585 2039 721 2065">
     <span class='ocr_line' id='line_1_36' title="bbox 585 2039 721 2065; baseline -0.007 0"><span class='ocrx_word' id='word_1_172' title='bbox 585 2039 721 2065; x_wconf 54' lang='lat' dir='ltr'><strong>Psatmus.</strong></span> 
     </span>
    </p>
   </div>
   <div class='ocr_carea' id='block_1_8' title="bbox 298 2121 887 2159">
    <p class='ocr_par' dir='ltr' id='par_1_10' title="bbox 298 2121 887 2159">
     <span class='ocr_line' id='line_1_37' title="bbox 298 2121 887 2159; baseline -0.01 -5"><span class='ocrx_word' id='word_1_173' title='bbox 298 2124 481 2159; x_wconf 82' lang='lat' dir='ltr'><strong>Benedictus,</strong></span> <span class='ocrx_word' id='word_1_174' title='bbox 498 2125 553 2152; x_wconf 87' lang='lat' dir='ltr'><strong>etc.</strong></span> <span class='ocrx_word' id='word_1_175' title='bbox 569 2123 598 2159; x_wconf 58' lang='lat'><strong>5.</strong></span> <span class='ocrx_word' id='word_1_176' title='bbox 617 2122 751 2157; x_wconf 88' lang='lat' dir='ltr'><strong>Domine,</strong></span> <span class='ocrx_word' id='word_1_177' title='bbox 768 2121 887 2149; x_wconf 82' lang='lat' dir='ltr'><strong>exaudi.</strong></span> 
     </span>
    </p>
   </div>
   <div class='ocr_carea' id='block_1_9' title="bbox 601 2203 706 2231">
    <p class='ocr_par' dir='ltr' id='par_1_11' title="bbox 601 2203 706 2231">
     <span class='ocr_line' id='line_1_38' title="bbox 601 2203 706 2231; baseline -0.019 0"><span class='ocrx_word' id='word_1_178' title='bbox 601 2203 706 2231; x_wconf 73' lang='lat' dir='ltr'><strong>Oratio.</strong></span> 
     </span>
    </p>
   </div>
   <div class='ocr_carea' id='block_1_10' title="bbox 263 2264 1047 2679">
    <p class='ocr_par' dir='ltr' id='par_1_12' title="bbox 263 2264 1047 2679">
     <span class='ocr_line' id='line_1_39' title="bbox 300 2264 1046 2305; baseline -0.009 -8"><span class='ocrx_word' id='word_1_179' title='bbox 300 2270 420 2305; x_wconf 80' lang='lat' dir='ltr'><strong>Propter</strong></span> <span class='ocrx_word' id='word_1_180' title='bbox 439 2269 564 2295; x_wconf 87' lang='lat' dir='ltr'><strong>terrores</strong></span> <span class='ocrx_word' id='word_1_181' title='bbox 590 2266 669 2293; x_wconf 83' lang='lat' dir='ltr'><strong>illius</strong></span> <span class='ocrx_word' id='word_1_182' title='bbox 689 2264 899 2292; x_wconf 81' lang='lat' dir='ltr'><strong>commotionis</strong></span> <span class='ocrx_word' id='word_1_183' title='bbox 923 2271 983 2299; x_wconf 85' lang='lat' dir='ltr'><strong>qua</strong></span> <span class='ocrx_word' id='word_1_184' title='bbox 1008 2264 1046 2299; x_wconf 78' lang='lat' dir='ltr'><strong>(d)</strong></span> 
     </span>
     <span class='ocr_line' id='line_1_40' title="bbox 263 2311 1046 2347; baseline -0.009 -3"><span class='ocrx_word' id='word_1_185' title='bbox 263 2318 409 2345; x_wconf 86' lang='lat' dir='ltr'><strong>cortuum</strong></span> <span class='ocrx_word' id='word_1_186' title='bbox 424 2313 611 2346; x_wconf 79' lang='lat' dir='ltr'><strong>contremuit,</strong></span> <span class='ocrx_word' id='word_1_187' title='bbox 627 2313 714 2347; x_wconf 83' lang='lat' dir='ltr'><strong>Virgo</strong></span> <span class='ocrx_word' id='word_1_188' title='bbox 728 2311 909 2345; x_wconf 84' lang='lat' dir='ltr'><strong>beatissima,</strong></span> <span class='ocrx_word' id='word_1_189' title='bbox 923 2311 1046 2346; x_wconf 86' lang='lat' dir='ltr'><strong>quando</strong></span> 
     </span>
     <span class='ocr_line' id='line_1_41' title="bbox 263 2358 1047 2393; baseline -0.009 -2"><span class='ocrx_word' id='word_1_190' title='bbox 263 2363 371 2391; x_wconf 84' lang='lat' dir='ltr'><strong>audisti</strong></span> <span class='ocrx_word' id='word_1_191' title='bbox 394 2361 499 2389; x_wconf 84' lang='lat' dir='ltr'><strong>Filium</strong></span> <span class='ocrx_word' id='word_1_192' title='bbox 523 2363 605 2387; x_wconf 84' lang='lat' dir='ltr'><strong>tuum</strong></span> <span class='ocrx_word' id='word_1_193' title='bbox 635 2359 858 2386; x_wconf 79' lang='lat' dir='ltr'><strong>dilectissimum</strong></span> <span class='ocrx_word' id='word_1_194' title='bbox 886 2358 924 2385; x_wconf 90' lang='lat' dir='ltr'><strong>ab</strong></span> <span class='ocrx_word' id='word_1_195' title='bbox 949 2358 1047 2393; x_wconf 85' lang='lat' dir='ltr'><strong>impiis</strong></span> 
     </span>
     <span class='ocr_line' id='line_1_42' title="bbox 263 2405 1047 2446; baseline -0.008 -8"><span class='ocrx_word' id='word_1_196' title='bbox 263 2412 394 2446; x_wconf 90' lang='lat' dir='ltr'><strong>captum,</strong></span> <span class='ocrx_word' id='word_1_197' title='bbox 419 2408 554 2444; x_wconf 81' lang='lat' dir='ltr'><strong>ligatum,</strong></span> <span class='ocrx_word' id='word_1_198' title='bbox 580 2409 607 2434; x_wconf 85' lang='lat' dir='ltr'><strong>et</strong></span> <span class='ocrx_word' id='word_1_199' title='bbox 632 2406 670 2433; x_wconf 85' lang='lat' dir='ltr'><strong>ad</strong></span> <span class='ocrx_word' id='word_1_200' title='bbox 692 2405 838 2441; x_wconf 75' lang='lat' dir='ltr'><strong>supplicia</strong></span> <span class='ocrx_word' id='word_1_201' title='bbox 858 2407 992 2439; x_wconf 83' lang='lat' dir='ltr'><strong>tractum,</strong></span> <span class='ocrx_word' id='word_1_202' title='bbox 1019 2407 1047 2432; x_wconf 83' lang='lat' dir='ltr'><strong>et</strong></span> 
     </span>
     <span class='ocr_line' id='line_1_43' title="bbox 263 2454 1046 2491; baseline -0.008 -5"><span class='ocrx_word' id='word_1_203' title='bbox 263 2457 415 2491; x_wconf 85' lang='lat' dir='ltr'><strong>traditum,</strong></span> <span class='ocrx_word' id='word_1_204' title='bbox 432 2455 541 2490; x_wconf 78' lang='lat' dir='ltr'><strong>adjuva</strong></span> <span class='ocrx_word' id='word_1_205' title='bbox 556 2462 628 2481; x_wconf 78' lang='lat' dir='ltr'><strong>nos:</strong></span> <span class='ocrx_word' id='word_1_206' title='bbox 646 2455 677 2480; x_wconf 91' lang='lat' dir='ltr'><strong>ut</strong></span> <span class='ocrx_word' id='word_1_207' title='bbox 687 2461 737 2480; x_wconf 79' lang='lat' dir='ltr'><strong>cor</strong></span> <span class='ocrx_word' id='word_1_208' title='bbox 752 2454 885 2479; x_wconf 88' lang='lat' dir='ltr'><strong>nostrum</strong></span> <span class='ocrx_word' id='word_1_209' title='bbox 902 2460 980 2479; x_wconf 88' lang='lat' dir='ltr'><strong>nunc</strong></span> <span class='ocrx_word' id='word_1_210' title='bbox 991 2460 1046 2488; x_wconf 85' lang='lat' dir='ltr'><strong>pro</strong></span> 
     </span>
     <span class='ocr_line' id='line_1_44' title="bbox 264 2499 1046 2535; baseline -0.008 -3"><span class='ocrx_word' id='word_1_211' title='bbox 264 2504 378 2532; x_wconf 81' lang='lat' dir='ltr'><strong>delictis</strong></span> <span class='ocrx_word' id='word_1_212' title='bbox 393 2502 499 2531; x_wconf 84' lang='lat' dir='ltr'><strong>nostris</strong></span> <span class='ocrx_word' id='word_1_213' title='bbox 523 2502 676 2534; x_wconf 77' lang='lat' dir='ltr'><strong>terreatur,</strong></span> <span class='ocrx_word' id='word_1_214' title='bbox 702 2501 729 2527; x_wconf 83' lang='lat' dir='ltr'><strong>et</strong></span> <span class='ocrx_word' id='word_1_215' title='bbox 749 2501 903 2527; x_wconf 80' lang='lat' dir='ltr'><strong>moveatur</strong></span> <span class='ocrx_word' id='word_1_216' title='bbox 924 2499 961 2527; x_wconf 87' lang='lat' dir='ltr'><strong>ad</strong></span> <span class='ocrx_word' id='word_1_217' title='bbox 984 2508 1046 2535; x_wconf 76' lang='lat' dir='ltr'><strong>prr-</strong></span> 
     </span>
     <span class='ocr_line' id='line_1_45' title="bbox 263 2546 1046 2584; baseline -0.008 -5"><span class='ocrx_word' id='word_1_218' title='bbox 263 2551 431 2584; x_wconf 85' lang='lat' dir='ltr'><strong>nitcntiam,</strong></span> <span class='ocrx_word' id='word_1_219' title='bbox 462 2557 498 2577; x_wconf 85' lang='lat' dir='ltr'><strong>ne</strong></span> <span class='ocrx_word' id='word_1_220' title='bbox 533 2547 635 2576; x_wconf 88' lang='lat' dir='ltr'><strong>mortis</strong></span> <span class='ocrx_word' id='word_1_221' title='bbox 663 2547 693 2574; x_wconf 92' lang='lat' dir='ltr'><strong>in</strong></span> <span class='ocrx_word' id='word_1_222' title='bbox 722 2546 795 2574; x_wconf 86' lang='lat' dir='ltr'><strong>hora</strong></span> <span class='ocrx_word' id='word_1_223' title='bbox 823 2546 862 2573; x_wconf 90' lang='lat' dir='ltr'><strong>ad</strong></span> <span class='ocrx_word' id='word_1_224' title='bbox 891 2554 1046 2574; x_wconf 77' lang='lat' dir='ltr'><strong>occursum</strong></span> 
     </span>
     <span class='ocr_line' id='line_1_46' title="bbox 263 2593 1045 2633; baseline -0.008 -7"><span class='ocrx_word' id='word_1_225' title='bbox 263 2597 426 2626; x_wconf 77' lang='lat' dir='ltr'><strong>adversarii</strong></span> <span class='ocrx_word' id='word_1_226' title='bbox 450 2597 567 2633; x_wconf 79' lang='lat' dir='ltr'><strong>paveat,</strong></span> <span class='ocrx_word' id='word_1_227' title='bbox 590 2597 640 2622; x_wconf 90' lang='lat' dir='ltr'><strong>aut</strong></span> <span class='ocrx_word' id='word_1_228' title='bbox 664 2594 702 2621; x_wconf 79' lang='lat' dir='ltr'><strong>ad</strong></span> <span class='ocrx_word' id='word_1_229' title='bbox 726 2596 876 2629; x_wconf 80' lang='lat' dir='ltr'><strong>aspectum</strong></span> <span class='ocrx_word' id='word_1_230' title='bbox 901 2593 1045 2621; x_wconf 76' lang='lat' dir='ltr'><strong>tremendi</strong></span> 
     </span>
     <span class='ocr_line' id='line_1_47' title="bbox 263 2640 1045 2679; baseline -0.008 -6"><span class='ocrx_word' id='word_1_231' title='bbox 263 2645 388 2679; x_wconf 68' lang='lat' dir='ltr'><strong>iudicis,</strong></span> <span class='ocrx_word' id='word_1_232' title='bbox 418 2644 574 2672; x_wconf 82' lang='lat' dir='ltr'><strong>accusante</strong></span> <span class='ocrx_word' id='word_1_233' title='bbox 603 2640 796 2675; x_wconf 81' lang='lat' dir='ltr'><strong>conscicntia,</strong></span> <span class='ocrx_word' id='word_1_234' title='bbox 827 2641 1045 2675; x_wconf 83' lang='lat' dir='ltr'><strong>contremiscat;</strong></span> 
     </span>
    </p>
   </div>
   <div class='ocr_carea' id='block_1_11' title="bbox 264 2706 1046 2777">
    <p class='ocr_par' dir='ltr' id='par_1_13' title="bbox 264 2706 1046 2777">
     <span class='ocr_line' id='line_1_48' title="bbox 298 2706 1046 2741; baseline -0.005 -7"><span class='ocrx_word' id='word_1_235' title='bbox 298 2710 330 2741; x_wconf 72' lang='lat' dir='ltr'><strong>(u)</strong></span> <span class='ocrx_word' id='word_1_236' title='bbox 345 2710 405 2734; x_wconf 63' lang='lat' dir='ltr'><strong>Cet-I.</strong></span> <span class='ocrx_word' id='word_1_237' title='bbox 429 2709 489 2733; x_wconf 68' lang='lat' dir='ltr'><strong>edit.</strong></span> <span class='ocrx_word' id='word_1_238' title='bbox 510 2708 599 2739; x_wconf 69' lang='lat' dir='ltr'><strong>eripiet</strong></span> <span class='ocrx_word' id='word_1_239' title='bbox 618 2706 769 2738; x_wconf 75' lang='grc' dir='ltr'><strong>-([ι)1(εἠι</strong></span> <span class='ocrx_word' id='word_1_240' title='bbox 786 2706 871 2730; x_wconf 70' lang='lat' dir='ltr'><strong>saciet.</strong></span> <span class='ocrx_word' id='word_1_241' title='bbox 890 2720 919 2724; x_wconf 85' lang='lat'><strong>—-</strong></span> <span class='ocrx_word' id='word_1_242' title='bbox 938 2708 968 2737; x_wconf 68' lang='lat' dir='ltr'><strong>(v)</strong></span> <span class='ocrx_word' id='word_1_243' title='bbox 987 2707 1046 2730; x_wconf 75' lang='lat' dir='ltr'><strong>ltcm</strong></span> 
     </span>
     <span class='ocr_line' id='line_1_49' title="bbox 264 2744 619 2777; baseline -0.011 -7"><span class='ocrx_word' id='word_1_244' title='bbox 264 2746 372 2777; x_wconf 69' lang='lat' dir='ltr'><strong>capitur.</strong></span> <span class='ocrx_word' id='word_1_245' title='bbox 384 2758 413 2762; x_wconf 89' lang='lat'><em>-</em></span> <span class='ocrx_word' id='word_1_246' title='bbox 429 2744 464 2774; x_wconf 77' lang='lat' dir='ltr'><strong>(d)</strong></span> <span class='ocrx_word' id='word_1_247' title='bbox 483 2745 543 2768; x_wconf 74' lang='lat' dir='ltr'><strong>mm</strong></span> <span class='ocrx_word' id='word_1_248' title='bbox 559 2751 619 2773; x_wconf 69' lang='lat' dir='ltr'><strong>qun.</strong></span> 
     </span>
    </p>
   </div>
   <div class='ocr_carea' id='block_1_12' title="bbox 522 261 1621 320">
    <p class='ocr_par' dir='ltr' id='par_1_14' title="bbox 522 261 1621 320">
     <span class='ocr_line' id='line_1_50' title="bbox 522 261 1621 320; baseline 0 -22"><span class='ocrx_word' id='word_1_249' title='bbox 522 263 712 298; x_wconf 87' lang='lat' dir='ltr'>OFFICIUM</span> <span class='ocrx_word' id='word_1_250' title='bbox 732 263 784 297; x_wconf 83' lang='lat' dir='ltr'><strong>DE</strong></span> <span class='ocrx_word' id='word_1_251' title='bbox 805 261 1081 296; x_wconf 79' lang='lat' dir='ltr'>COMPASSIONE</span> <span class='ocrx_word' id='word_1_252' title='bbox 1101 262 1249 320; x_wconf 63' lang='lat' dir='ltr'>BEATAE</span> <span class='ocrx_word' id='word_1_253' title='bbox 1268 263 1412 298; x_wconf 76' lang='lat' dir='ltr'>MARIAE</span> <span class='ocrx_word' id='word_1_254' title='bbox 1431 263 1621 300; x_wconf 70' lang='lat' dir='ltr'><strong>VIRGIMS.</strong></span> 
     </span>
    </p>
   </div>
   <div class='ocr_carea' id='block_1_13' title="bbox 1099 332 1888 512">
    <p class='ocr_par' dir='ltr' id='par_1_15' title="bbox 1099 332 1888 512">
     <span class='ocr_line' id='line_1_51' title="bbox 1099 332 1886 370; baseline 0.004 -9"><span class='ocrx_word' id='word_1_255' title='bbox 1099 332 1156 362; x_wconf 88' lang='lat' dir='ltr'><strong>sed</strong></span> <span class='ocrx_word' id='word_1_256' title='bbox 1177 333 1277 370; x_wconf 80' lang='lat' dir='ltr'><strong>potius</strong></span> <span class='ocrx_word' id='word_1_257' title='bbox 1294 333 1401 362; x_wconf 80' lang='lat' dir='ltr'><strong>taciem</strong></span> <span class='ocrx_word' id='word_1_258' title='bbox 1414 340 1501 362; x_wconf 87' lang='lat' dir='ltr'><strong>suam</strong></span> <span class='ocrx_word' id='word_1_259' title='bbox 1522 332 1639 369; x_wconf 82' lang='lat' dir='ltr'><strong>videns,</strong></span> <span class='ocrx_word' id='word_1_260' title='bbox 1658 332 1692 362; x_wconf 87' lang='lat' dir='ltr'><strong>in</strong></span> <span class='ocrx_word' id='word_1_261' title='bbox 1708 332 1808 370; x_wconf 75' lang='lat' dir='ltr'><strong>iubilo</strong></span> <span class='ocrx_word' id='word_1_262' title='bbox 1831 334 1886 364; x_wconf 84' lang='lat' dir='ltr'><strong>de-</strong></span> 
     </span>
     <span class='ocr_line' id='line_1_52' title="bbox 1100 379 1887 418; baseline 0.004 -10"><span class='ocrx_word' id='word_1_263' title='bbox 1100 379 1244 416; x_wconf 85' lang='lat' dir='ltr'><strong>lectetur,</strong></span> <span class='ocrx_word' id='word_1_264' title='bbox 1276 380 1528 417; x_wconf 76' lang='lat' dir='ltr'><strong>ineffabiliterque</strong></span> <span class='ocrx_word' id='word_1_265' title='bbox 1554 379 1668 409; x_wconf 71' lang='lat' dir='ltr'><strong>laetetur</strong></span> <span class='ocrx_word' id='word_1_266' title='bbox 1694 390 1702 408; x_wconf 90' lang='lat'>:</span> <span class='ocrx_word' id='word_1_267' title='bbox 1731 382 1887 418; x_wconf 67' lang='lat' dir='ltr'><strong>prestante</strong></span> 
     </span>
     <span class='ocr_line' id='line_1_53' title="bbox 1101 426 1888 465; baseline 0.003 -10"><span class='ocrx_word' id='word_1_268' title='bbox 1101 427 1210 455; x_wconf 88' lang='lat' dir='ltr'><strong>eodem</strong></span> <span class='ocrx_word' id='word_1_269' title='bbox 1229 427 1354 456; x_wconf 88' lang='lat' dir='ltr'><strong>Domino</strong></span> <span class='ocrx_word' id='word_1_270' title='bbox 1371 429 1473 456; x_wconf 87' lang='lat' dir='ltr'><strong>nostro</strong></span> <span class='ocrx_word' id='word_1_271' title='bbox 1497 428 1565 456; x_wconf 71' lang='lat' dir='ltr'><strong>:esu</strong></span> <span class='ocrx_word' id='word_1_272' title='bbox 1588 426 1722 463; x_wconf 74' lang='lat' dir='ltr'><strong>Christo,</strong></span> <span class='ocrx_word' id='word_1_273' title='bbox 1745 427 1798 465; x_wconf 88' lang='lat' dir='ltr'><strong>qui</strong></span> <span class='ocrx_word' id='word_1_274' title='bbox 1817 435 1888 458; x_wconf 79' lang='lat' dir='ltr'><strong>eum</strong></span> 
     </span>
     <span class='ocr_line' id='line_1_54' title="bbox 1103 474 1851 512; baseline 0.001 -10"><span class='ocrx_word' id='word_1_275' title='bbox 1103 474 1185 502; x_wconf 83' lang='lat' dir='ltr'><strong>Patre</strong></span> <span class='ocrx_word' id='word_1_276' title='bbox 1201 476 1230 503; x_wconf 88' lang='lat' dir='ltr'><strong>et</strong></span> <span class='ocrx_word' id='word_1_277' title='bbox 1251 474 1360 511; x_wconf 85' lang='lat' dir='ltr'><strong>Spiritu</strong></span> <span class='ocrx_word' id='word_1_278' title='bbox 1379 476 1483 504; x_wconf 86' lang='lat' dir='ltr'><strong>sancto</strong></span> <span class='ocrx_word' id='word_1_279' title='bbox 1507 474 1591 510; x_wconf 84' lang='lat' dir='ltr'><strong>vivit,</strong></span> <span class='ocrx_word' id='word_1_280' title='bbox 1614 476 1644 503; x_wconf 90' lang='lat' dir='ltr'><strong>et</strong></span> <span class='ocrx_word' id='word_1_281' title='bbox 1664 476 1780 512; x_wconf 80' lang='lat' dir='ltr'><strong>regnat,</strong></span> <span class='ocrx_word' id='word_1_282' title='bbox 1796 476 1851 504; x_wconf 83' lang='lat' dir='ltr'><strong>etc.</strong></span> 
     </span>
    </p>
   </div>
   <div class='ocr_carea' id='block_1_14' title="bbox 1139 582 1798 700">
    <p class='ocr_par' dir='ltr' id='par_1_16' title="bbox 1139 582 1798 700">
     <span class='ocr_line' id='line_1_55' title="bbox 1393 582 1602 612; baseline 0.01 -2"><span class='ocrx_word' id='word_1_283' title='bbox 1393 583 1437 610; x_wconf 86' lang='grc' dir='ltr'><strong>ΑΙ)</strong></span> <span class='ocrx_word' id='word_1_284' title='bbox 1459 582 1602 612; x_wconf 69' lang='lat' dir='ltr'><strong>rmum.</strong></span> 
     </span>
     <span class='ocr_line' id='line_1_56' title="bbox 1139 662 1798 700; baseline 0.002 -9"><span class='ocrx_word' id='word_1_285' title='bbox 1139 664 1226 698; x_wconf 88' lang='lat' dir='ltr'><strong>Deus,</strong></span> <span class='ocrx_word' id='word_1_286' title='bbox 1241 662 1271 691; x_wconf 91' lang='lat' dir='ltr'><strong>in</strong></span> <span class='ocrx_word' id='word_1_287' title='bbox 1285 662 1471 699; x_wconf 86' lang='lat' dir='ltr'><strong>adjutorium</strong></span> <span class='ocrx_word' id='word_1_288' title='bbox 1486 671 1587 692; x_wconf 88' lang='lat' dir='ltr'><strong>meum</strong></span> <span class='ocrx_word' id='word_1_289' title='bbox 1597 662 1728 700; x_wconf 87' lang='lat' dir='ltr'><strong>intende,</strong></span> <span class='ocrx_word' id='word_1_290' title='bbox 1743 665 1798 693; x_wconf 77' lang='lat' dir='ltr'><strong>etc.</strong></span> 
     </span>
    </p>
   </div>
   <div class='ocr_carea' id='block_1_15' title="bbox 1434 745 1558 773">
    <p class='ocr_par' dir='ltr' id='par_1_17' title="bbox 1434 745 1558 773">
     <span class='ocr_line' id='line_1_57' title="bbox 1434 745 1558 773; baseline 0 -1"><span class='ocrx_word' id='word_1_291' title='bbox 1434 745 1558 773; x_wconf 61' lang='lat' dir='ltr'><strong>Rimas.</strong></span> 
     </span>
    </p>
   </div>
   <div class='ocr_carea' id='block_1_16' title="bbox 1142 805 1613 1264">
    <p class='ocr_par' dir='ltr' id='par_1_18' title="bbox 1176 805 1560 888">
     <span class='ocr_line' id='line_1_58' title="bbox 1211 805 1560 841; baseline 0 -8"><span class='ocrx_word' id='word_1_292' title='bbox 1211 806 1277 834; x_wconf 70' lang='lat' dir='ltr'><strong>:esu</strong></span> <span class='ocrx_word' id='word_1_293' title='bbox 1294 806 1362 833; x_wconf 87' lang='lat' dir='ltr'><strong>nate</strong></span> <span class='ocrx_word' id='word_1_294' title='bbox 1379 805 1416 834; x_wconf 86' lang='lat' dir='ltr'><strong>de</strong></span> <span class='ocrx_word' id='word_1_295' title='bbox 1430 805 1560 841; x_wconf 85' lang='lat' dir='ltr'><strong>Virgine,</strong></span> 
     </span>
     <span class='ocr_line' id='line_1_59' title="bbox 1176 851 1543 888; baseline 0.003 -9"><span class='ocrx_word' id='word_1_296' title='bbox 1176 853 1216 880; x_wconf 83' lang='lat' dir='ltr'><strong>Ex</strong></span> <span class='ocrx_word' id='word_1_297' title='bbox 1234 851 1358 888; x_wconf 88' lang='lat' dir='ltr'><strong>mystico</strong></span> <span class='ocrx_word' id='word_1_298' title='bbox 1370 852 1543 888; x_wconf 87' lang='lat' dir='ltr'><strong>spiramine,</strong></span> 
     </span>
    </p>

    <p class='ocr_par' dir='ltr' id='par_1_19' title="bbox 1175 899 1613 1077">
     <span class='ocr_line' id='line_1_60' title="bbox 1177 899 1613 936; baseline 0.002 -9"><span class='ocrx_word' id='word_1_299' title='bbox 1177 899 1230 933; x_wconf 86' lang='lat' dir='ltr'><strong>Qui</strong></span> <span class='ocrx_word' id='word_1_300' title='bbox 1246 901 1374 927; x_wconf 89' lang='lat' dir='ltr'><strong>mortem</strong></span> <span class='ocrx_word' id='word_1_301' title='bbox 1385 899 1480 929; x_wconf 81' lang='lat' dir='ltr'><strong>crucis</strong></span> <span class='ocrx_word' id='word_1_302' title='bbox 1493 899 1613 936; x_wconf 71' lang='lat' dir='ltr'><strong>pateris,</strong></span> 
     </span>
     <span class='ocr_line' id='line_1_61' title="bbox 1175 946 1584 984; baseline 0.002 -9"><span class='ocrx_word' id='word_1_303' title='bbox 1175 946 1336 975; x_wconf 79' lang='lat' dir='ltr'><strong>Confessus</strong></span> <span class='ocrx_word' id='word_1_304' title='bbox 1348 946 1446 983; x_wconf 81' lang='lat' dir='ltr'><strong>plagis</strong></span> <span class='ocrx_word' id='word_1_305' title='bbox 1461 947 1584 984; x_wconf 84' lang='lat' dir='ltr'><strong>asperis.</strong></span> 
     </span>
     <span class='ocr_line' id='line_1_62' title="bbox 1211 994 1555 1029; baseline 0 -7"><span class='ocrx_word' id='word_1_306' title='bbox 1211 996 1319 1022; x_wconf 74' lang='lat' dir='ltr'><strong>Amore</strong></span> <span class='ocrx_word' id='word_1_307' title='bbox 1335 994 1433 1022; x_wconf 78' lang='lat' dir='ltr'><strong>Matris</strong></span> <span class='ocrx_word' id='word_1_308' title='bbox 1447 994 1555 1029; x_wconf 80' lang='lat' dir='ltr'><strong>anxiae,</strong></span> 
     </span>
     <span class='ocr_line' id='line_1_63' title="bbox 1177 1041 1569 1077; baseline 0.003 -9"><span class='ocrx_word' id='word_1_309' title='bbox 1177 1041 1287 1069; x_wconf 82' lang='lat' dir='ltr'><strong>Nostrae</strong></span> <span class='ocrx_word' id='word_1_310' title='bbox 1301 1048 1407 1077; x_wconf 85' lang='lat' dir='ltr'><strong>parcas</strong></span> <span class='ocrx_word' id='word_1_311' title='bbox 1422 1041 1546 1069; x_wconf 84' lang='lat' dir='ltr'><strong>miserioe</strong></span> <span class='ocrx_word' id='word_1_312' title='bbox 1562 1051 1569 1069; x_wconf 74' lang='grc' dir='ltr'>ε</span> 
     </span>
    </p>

    <p class='ocr_par' dir='ltr' id='par_1_20' title="bbox 1142 1087 1582 1264">
     <span class='ocr_line' id='line_1_64' title="bbox 1176 1087 1502 1125; baseline 0.003 -10"><span class='ocrx_word' id='word_1_313' title='bbox 1176 1087 1287 1124; x_wconf 84' lang='lat' dir='ltr'><strong>suique</strong></span> <span class='ocrx_word' id='word_1_314' title='bbox 1302 1088 1389 1116; x_wconf 84' lang='lat' dir='ltr'><strong>fletus</strong></span> <span class='ocrx_word' id='word_1_315' title='bbox 1403 1087 1502 1125; x_wconf 84' lang='lat' dir='ltr'><strong>copia,</strong></span> 
     </span>
     <span class='ocr_line' id='line_1_65' title="bbox 1178 1134 1582 1171; baseline 0.005 -9"><span class='ocrx_word' id='word_1_316' title='bbox 1178 1134 1321 1163; x_wconf 85' lang='lat' dir='ltr'><strong>Perducat</strong></span> <span class='ocrx_word' id='word_1_317' title='bbox 1335 1142 1391 1164; x_wconf 91' lang='lat' dir='ltr'><strong>nos</strong></span> <span class='ocrx_word' id='word_1_318' title='bbox 1406 1134 1446 1163; x_wconf 89' lang='lat' dir='ltr'><strong>ad</strong></span> <span class='ocrx_word' id='word_1_319' title='bbox 1460 1135 1582 1171; x_wconf 84' lang='lat' dir='ltr'><strong>gaudia.</strong></span> 
     </span>
     <span class='ocr_line' id='line_1_66' title="bbox 1211 1181 1374 1210; baseline 0.006 -1"><span class='ocrx_word' id='word_1_320' title='bbox 1211 1181 1252 1209; x_wconf 89' lang='lat' dir='ltr'><strong>Sit</strong></span> <span class='ocrx_word' id='word_1_321' title='bbox 1266 1181 1374 1210; x_wconf 89' lang='lat' dir='ltr'><strong>honor.</strong></span> 
     </span>
     <span class='ocr_line' id='line_1_67' title="bbox 1142 1229 1540 1264; baseline 0.008 -9"><span class='ocrx_word' id='word_1_322' title='bbox 1142 1229 1309 1264; x_wconf 66' lang='lat' dir='ltr'><strong>Antiphonti⁴</strong></span> <span class='ocrx_word' id='word_1_323' title='bbox 1326 1229 1427 1258; x_wconf 83' lang='lat' dir='ltr'><strong>Stabat</strong></span> <span class='ocrx_word' id='word_1_324' title='bbox 1442 1230 1540 1258; x_wconf 78' lang='lat' dir='ltr'><strong>Maria.</strong></span> 
     </span>
    </p>
   </div>
   <div class='ocr_carea' id='block_1_17' title="bbox 1430 1312 1567 1340">
    <p class='ocr_par' dir='ltr' id='par_1_21' title="bbox 1430 1312 1567 1340">
     <span class='ocr_line' id='line_1_68' title="bbox 1430 1312 1567 1340; baseline 0.007 -1"><span class='ocrx_word' id='word_1_325' title='bbox 1430 1312 1567 1340; x_wconf 59' lang='lat' dir='ltr'><strong>Psttnus.</strong></span> 
     </span>
    </p>
   </div>
   <div class='ocr_carea' id='block_1_18' title="bbox 1103 1371 1890 1729">
    <p class='ocr_par' dir='ltr' id='par_1_22' title="bbox 1177 1371 1762 1408">
     <span class='ocr_line' id='line_1_69' title="bbox 1177 1371 1762 1408; baseline 0.002 -9"><span class='ocrx_word' id='word_1_326' title='bbox 1177 1371 1334 1399; x_wconf 77' lang='lat' dir='ltr'><strong>Astiterunt</strong></span> <span class='ocrx_word' id='word_1_327' title='bbox 1348 1379 1433 1406; x_wconf 82' lang='lat' dir='ltr'><strong>reges</strong></span> <span class='ocrx_word' id='word_1_328' title='bbox 1448 1373 1548 1406; x_wconf 81' lang='lat' dir='ltr'><strong>terrae,</strong></span> <span class='ocrx_word' id='word_1_329' title='bbox 1561 1373 1589 1400; x_wconf 93' lang='lat' dir='ltr'><strong>et</strong></span> <span class='ocrx_word' id='word_1_330' title='bbox 1602 1371 1762 1408; x_wconf 58' lang='lat' dir='ltr'><strong>principes</strong></span> 
     </span>
    </p>

    <p class='ocr_par' dir='ltr' id='par_1_23' title="bbox 1142 1417 1618 1454">
     <span class='ocr_line' id='line_1_70' title="bbox 1142 1417 1618 1454; baseline 0.002 -9"><span class='ocrx_word' id='word_1_331' title='bbox 1142 1417 1351 1454; x_wconf 88' lang='lat' dir='ltr'><strong>Dirumpamus</strong></span> <span class='ocrx_word' id='word_1_332' title='bbox 1365 1418 1487 1446; x_wconf 83' lang='lat' dir='ltr'><strong>vincula</strong></span> <span class='ocrx_word' id='word_1_333' title='bbox 1503 1426 1618 1447; x_wconf 89' lang='lat' dir='ltr'><strong>eorum.</strong></span> 
     </span>
    </p>

    <p class='ocr_par' dir='ltr' id='par_1_24' title="bbox 1141 1464 1691 1498">
     <span class='ocr_line' id='line_1_71' title="bbox 1141 1464 1691 1498; baseline 0 -6"><span class='ocrx_word' id='word_1_334' title='bbox 1141 1465 1194 1498; x_wconf 87' lang='lat' dir='ltr'><strong>Qui</strong></span> <span class='ocrx_word' id='word_1_335' title='bbox 1211 1464 1324 1492; x_wconf 86' lang='lat' dir='ltr'><strong>habitat</strong></span> <span class='ocrx_word' id='word_1_336' title='bbox 1338 1464 1368 1492; x_wconf 92' lang='lat' dir='ltr'><strong>in</strong></span> <span class='ocrx_word' id='word_1_337' title='bbox 1383 1464 1464 1493; x_wconf 86' lang='lat' dir='ltr'><strong>coelis</strong></span> <span class='ocrx_word' id='word_1_338' title='bbox 1480 1464 1616 1494; x_wconf 86' lang='lat' dir='ltr'><strong>irridebit</strong></span> <span class='ocrx_word' id='word_1_339' title='bbox 1630 1473 1691 1494; x_wconf 82' lang='lat' dir='ltr'><strong>eos,</strong></span> 
     </span>
    </p>

    <p class='ocr_par' dir='ltr' id='par_1_25' title="bbox 1139 1511 1677 1547">
     <span class='ocr_line' id='line_1_72' title="bbox 1139 1511 1677 1547; baseline 0.006 -9"><span class='ocrx_word' id='word_1_340' title='bbox 1139 1513 1219 1539; x_wconf 87' lang='lat' dir='ltr'><strong>Tunc</strong></span> <span class='ocrx_word' id='word_1_341' title='bbox 1236 1511 1376 1547; x_wconf 82' lang='lat' dir='ltr'><strong>loquetur</strong></span> <span class='ocrx_word' id='word_1_342' title='bbox 1390 1511 1429 1540; x_wconf 88' lang='lat' dir='ltr'><strong>ad</strong></span> <span class='ocrx_word' id='word_1_343' title='bbox 1444 1520 1495 1540; x_wconf 79' lang='lat' dir='ltr'><strong>eos</strong></span> <span class='ocrx_word' id='word_1_344' title='bbox 1510 1512 1540 1540; x_wconf 92' lang='lat' dir='ltr'><strong>in</strong></span> <span class='ocrx_word' id='word_1_345' title='bbox 1555 1512 1599 1541; x_wconf 91' lang='lat' dir='ltr'><strong>ira</strong></span> <span class='ocrx_word' id='word_1_346' title='bbox 1613 1520 1677 1541; x_wconf 89' lang='lat' dir='ltr'><strong>sua.</strong></span> 
     </span>
    </p>

    <p class='ocr_par' dir='ltr' id='par_1_26' title="bbox 1140 1558 1552 1593">
     <span class='ocr_line' id='line_1_73' title="bbox 1140 1558 1552 1593; baseline 0.005 -8"><span class='ocrx_word' id='word_1_347' title='bbox 1140 1558 1239 1586; x_wconf 74' lang='lat' dir='ltr'><strong>Gloria</strong></span> <span class='ocrx_word' id='word_1_348' title='bbox 1255 1559 1340 1593; x_wconf 79' lang='lat' dir='ltr'><strong>Patri,</strong></span> <span class='ocrx_word' id='word_1_349' title='bbox 1355 1561 1382 1587; x_wconf 93' lang='lat' dir='ltr'><strong>et</strong></span> <span class='ocrx_word' id='word_1_350' title='bbox 1398 1559 1481 1593; x_wconf 75' lang='lat' dir='ltr'><strong>Filio,</strong></span> <span class='ocrx_word' id='word_1_351' title='bbox 1497 1562 1552 1588; x_wconf 85' lang='lat' dir='ltr'><strong>etc.</strong></span> 
     </span>
    </p>

    <p class='ocr_par' dir='ltr' id='par_1_27' title="bbox 1103 1605 1890 1729">
     <span class='ocr_line' id='line_1_74' title="bbox 1143 1605 1890 1643; baseline 0.005 -12"><span class='ocrx_word' id='word_1_352' title='bbox 1143 1606 1314 1641; x_wconf 67' lang='lat' dir='ltr'><strong>Antiphone.</strong></span> <span class='ocrx_word' id='word_1_353' title='bbox 1340 1605 1442 1634; x_wconf 83' lang='lat' dir='ltr'><strong>Stabat</strong></span> <span class='ocrx_word' id='word_1_354' title='bbox 1466 1607 1574 1641; x_wconf 84' lang='lat' dir='ltr'><strong>Maria,</strong></span> <span class='ocrx_word' id='word_1_355' title='bbox 1604 1608 1693 1635; x_wconf 83' lang='lat' dir='ltr'><strong>Mater</strong></span> <span class='ocrx_word' id='word_1_356' title='bbox 1712 1607 1780 1643; x_wconf 91' lang='lat' dir='ltr'><strong>pia,</strong></span> <span class='ocrx_word' id='word_1_357' title='bbox 1801 1607 1890 1642; x_wconf 82' lang='lat' dir='ltr'><strong>toris,</strong></span> 
     </span>
     <span class='ocr_line' id='line_1_75' title="bbox 1103 1652 1890 1689; baseline 0.003 -9"><span class='ocrx_word' id='word_1_358' title='bbox 1103 1652 1225 1689; x_wconf 85' lang='lat' dir='ltr'><strong>plorans</strong></span> <span class='ocrx_word' id='word_1_359' title='bbox 1242 1652 1357 1686; x_wconf 85' lang='lat' dir='ltr'><strong>acriter,</strong></span> <span class='ocrx_word' id='word_1_360' title='bbox 1374 1654 1483 1689; x_wconf 78' lang='lat' dir='ltr'><strong>Regem</strong></span> <span class='ocrx_word' id='word_1_361' title='bbox 1504 1653 1619 1689; x_wconf 88' lang='lat' dir='ltr'><strong>mundi,</strong></span> <span class='ocrx_word' id='word_1_362' title='bbox 1634 1653 1800 1689; x_wconf 82' lang='lat' dir='ltr'><strong>furibundi,</strong></span> <span class='ocrx_word' id='word_1_363' title='bbox 1817 1653 1890 1682; x_wconf 89' lang='lat' dir='ltr'><strong>dum</strong></span> 
     </span>
     <span class='ocr_line' id='line_1_76' title="bbox 1106 1701 1383 1729; baseline 0 -1"><span class='ocrx_word' id='word_1_364' title='bbox 1106 1702 1262 1729; x_wconf 82' lang='lat' dir='ltr'><strong>tractarent</strong></span> <span class='ocrx_word' id='word_1_365' title='bbox 1279 1701 1383 1729; x_wconf 81' lang='lat' dir='ltr'><strong>viliter.</strong></span> 
     </span>
    </p>
   </div>
   <div class='ocr_carea' id='block_1_19' title="bbox 1414 1781 1583 1816">
    <p class='ocr_par' dir='ltr' id='par_1_28' title="bbox 1414 1781 1583 1816">
     <span class='ocr_line' id='line_1_77' title="bbox 1414 1781 1583 1816; baseline -0.006 -8"><span class='ocrx_word' id='word_1_366' title='bbox 1414 1781 1583 1816; x_wconf 75' lang='lat' dir='ltr'><strong>Capitulum.</strong></span> 
     </span>
    </p>
   </div>
   <div class='ocr_carea' id='block_1_20' title="bbox 1105 1843 1891 2115">
    <p class='ocr_par' dir='ltr' id='par_1_29' title="bbox 1105 1843 1891 1973">
     <span class='ocr_line' id='line_1_78' title="bbox 1141 1843 1891 1880; baseline 0.004 -9"><span class='ocrx_word' id='word_1_367' title='bbox 1141 1844 1181 1872; x_wconf 90' lang='lat' dir='ltr'><strong>Sit</strong></span> <span class='ocrx_word' id='word_1_368' title='bbox 1209 1846 1341 1879; x_wconf 90' lang='lat' dir='ltr'><strong>tuarum,</strong></span> <span class='ocrx_word' id='word_1_369' title='bbox 1366 1843 1508 1879; x_wconf 85' lang='lat' dir='ltr'><strong>obsecro,</strong></span> <span class='ocrx_word' id='word_1_370' title='bbox 1531 1843 1732 1880; x_wconf 80' lang='lat' dir='ltr'><strong>lacrymarum</strong></span> <span class='ocrx_word' id='word_1_371' title='bbox 1754 1845 1845 1880; x_wconf 86' lang='lat' dir='ltr'><strong>rivus,</strong></span> <span class='ocrx_word' id='word_1_372' title='bbox 1861 1846 1891 1874; x_wconf 92' lang='lat' dir='ltr'><strong>in</strong></span> 
     </span>
     <span class='ocr_line' id='line_1_79' title="bbox 1105 1890 1890 1927; baseline 0.003 -9"><span class='ocrx_word' id='word_1_373' title='bbox 1105 1891 1195 1919; x_wconf 87' lang='lat' dir='ltr'><strong>corde</strong></span> <span class='ocrx_word' id='word_1_374' title='bbox 1220 1899 1287 1919; x_wconf 84' lang='lat' dir='ltr'><strong>meo</strong></span> <span class='ocrx_word' id='word_1_375' title='bbox 1311 1890 1432 1927; x_wconf 88' lang='lat' dir='ltr'><strong>lapideo</strong></span> <span class='ocrx_word' id='word_1_376' title='bbox 1455 1891 1591 1919; x_wconf 82' lang='lat' dir='ltr'><strong>moeroris</strong></span> <span class='ocrx_word' id='word_1_377' title='bbox 1614 1891 1754 1920; x_wconf 85' lang='lat' dir='ltr'><strong>motivus.</strong></span> <span class='ocrx_word' id='word_1_378' title='bbox 1779 1893 1808 1924; x_wconf 62' lang='grc' dir='ltr'><strong>ἡ.</strong></span> <span class='ocrx_word' id='word_1_379' title='bbox 1832 1894 1890 1921; x_wconf 88' lang='lat' dir='ltr'><strong>Deo</strong></span> 
     </span>
     <span class='ocr_line' id='line_1_80' title="bbox 1105 1938 1223 1973; baseline -0.008 -7"><span class='ocrx_word' id='word_1_380' title='bbox 1105 1938 1223 1973; x_wconf 78' lang='lat' dir='ltr'><strong>gratias.</strong></span> 
     </span>
    </p>

    <p class='ocr_par' dir='ltr' id='par_1_30' title="bbox 1105 1985 1890 2068">
     <span class='ocr_line' id='line_1_81' title="bbox 1142 1985 1890 2021; baseline 0.003 -8"><span class='ocrx_word' id='word_1_381' title='bbox 1142 1987 1170 2021; x_wconf 61' lang='lat'><strong>&gt;⁷-</strong></span> <span class='ocrx_word' id='word_1_382' title='bbox 1188 1988 1240 2014; x_wconf 72' lang='lat' dir='ltr'><strong>t‘er</strong></span> <span class='ocrx_word' id='word_1_383' title='bbox 1255 1985 1350 2014; x_wconf 68' lang='lat' dir='ltr'><strong>Merite</strong></span> <span class='ocrx_word' id='word_1_384' title='bbox 1365 1985 1523 2021; x_wconf 71' lang='lat' dir='ltr'><strong>lacrymas,</strong></span> <span class='ocrx_word' id='word_1_385' title='bbox 1541 1986 1623 2013; x_wconf 80' lang='lat' dir='ltr'><strong>Pater</strong></span> <span class='ocrx_word' id='word_1_386' title='bbox 1638 1986 1764 2021; x_wconf 81' lang='lat' dir='ltr'><strong>pietatis.</strong></span> <span class='ocrx_word' id='word_1_387' title='bbox 1786 1986 1815 2014; x_wconf 60' lang='lat' dir='ltr'><strong>nl.</strong></span> <span class='ocrx_word' id='word_1_388' title='bbox 1832 1988 1890 2015; x_wconf 80' lang='lat' dir='ltr'><strong>No-</strong></span> 
     </span>
     <span class='ocr_line' id='line_1_82' title="bbox 1105 2032 1726 2068; baseline 0 -8"><span class='ocrx_word' id='word_1_389' title='bbox 1105 2033 1150 2060; x_wconf 66' lang='lat' dir='ltr'><strong>hi:</strong></span> <span class='ocrx_word' id='word_1_390' title='bbox 1167 2041 1268 2060; x_wconf 70' lang='lat' dir='ltr'><strong>voram</strong></span> <span class='ocrx_word' id='word_1_391' title='bbox 1283 2032 1410 2068; x_wconf 83' lang='lat' dir='ltr'><strong>gloriam</strong></span> <span class='ocrx_word' id='word_1_392' title='bbox 1426 2032 1528 2061; x_wconf 78' lang='lat' dir='ltr'><strong>confer</strong></span> <span class='ocrx_word' id='word_1_393' title='bbox 1539 2040 1608 2060; x_wconf 82' lang='lat' dir='ltr'><strong>eum</strong></span> <span class='ocrx_word' id='word_1_394' title='bbox 1624 2032 1726 2061; x_wconf 84' lang='lat' dir='ltr'><strong>beatis.</strong></span> 
     </span>
    </p>

    <p class='ocr_par' dir='ltr' id='par_1_31' title="bbox 1142 2080 1455 2115">
     <span class='ocr_line' id='line_1_83' title="bbox 1142 2080 1455 2115; baseline 0.003 -8"><span class='ocrx_word' id='word_1_395' title='bbox 1142 2082 1170 2107; x_wconf 56' lang='grc' dir='ltr'><strong>κ’.</strong></span> <span class='ocrx_word' id='word_1_396' title='bbox 1190 2080 1322 2115; x_wconf 72' lang='lat' dir='ltr'><strong>bomine,</strong></span> <span class='ocrx_word' id='word_1_397' title='bbox 1335 2080 1455 2108; x_wconf 78' lang='lat' dir='ltr'><strong>exaudi.</strong></span> 
     </span>
    </p>
   </div>
   <div class='ocr_carea' id='block_1_21' title="bbox 1447 2160 1551 2187">
    <p class='ocr_par' dir='ltr' id='par_1_32' title="bbox 1447 2160 1551 2187">
     <span class='ocr_line' id='line_1_84' title="bbox 1447 2160 1551 2187; baseline 0 0"><span class='ocrx_word' id='word_1_398' title='bbox 1447 2160 1551 2187; x_wconf 75' lang='lat' dir='ltr'><strong>Oratio.</strong></span> 
     </span>
    </p>
   </div>
   <div class='ocr_carea' id='block_1_22' title="bbox 1104 2222 1889 2776">
    <p class='ocr_par' dir='ltr' id='par_1_33' title="bbox 1104 2222 1889 2776">
     <span class='ocr_line' id='line_1_85' title="bbox 1140 2222 1888 2259; baseline 0 -9"><span class='ocrx_word' id='word_1_399' title='bbox 1140 2224 1260 2258; x_wconf 80' lang='lat' dir='ltr'><strong>Propter</strong></span> <span class='ocrx_word' id='word_1_400' title='bbox 1274 2223 1401 2258; x_wconf 83' lang='lat' dir='ltr'><strong>gemitus</strong></span> <span class='ocrx_word' id='word_1_401' title='bbox 1421 2224 1449 2250; x_wconf 93' lang='lat' dir='ltr'><strong>et</strong></span> <span class='ocrx_word' id='word_1_402' title='bbox 1463 2222 1621 2258; x_wconf 78' lang='lat' dir='ltr'><strong>lacrymas,</strong></span> <span class='ocrx_word' id='word_1_403' title='bbox 1645 2222 1755 2259; x_wconf 90' lang='lat' dir='ltr'><strong>quibus</strong></span> <span class='ocrx_word' id='word_1_404' title='bbox 1776 2222 1888 2251; x_wconf 84' lang='lat' dir='ltr'><strong>afficie-</strong></span> 
     </span>
     <span class='ocr_line' id='line_1_86' title="bbox 1105 2270 1888 2306; baseline 0 -8"><span class='ocrx_word' id='word_1_405' title='bbox 1105 2270 1194 2304; x_wconf 85' lang='lat' dir='ltr'><strong>baris,</strong></span> <span class='ocrx_word' id='word_1_406' title='bbox 1211 2271 1298 2306; x_wconf 61' lang='lat' dir='ltr'><strong>Virgo</strong></span> <span class='ocrx_word' id='word_1_407' title='bbox 1321 2271 1502 2306; x_wconf 80' lang='lat' dir='ltr'><strong>dulcissima,</strong></span> <span class='ocrx_word' id='word_1_408' title='bbox 1518 2270 1642 2306; x_wconf 86' lang='lat' dir='ltr'><strong>quando</strong></span> <span class='ocrx_word' id='word_1_409' title='bbox 1663 2270 1761 2298; x_wconf 85' lang='lat' dir='ltr'><strong>vidisti</strong></span> <span class='ocrx_word' id='word_1_410' title='bbox 1784 2270 1888 2298; x_wconf 78' lang='lat' dir='ltr'><strong>Filium</strong></span> 
     </span>
     <span class='ocr_line' id='line_1_87' title="bbox 1105 2317 1889 2354; baseline 0 -9"><span class='ocrx_word' id='word_1_411' title='bbox 1105 2319 1186 2345; x_wconf 88' lang='lat' dir='ltr'><strong>tuum</strong></span> <span class='ocrx_word' id='word_1_412' title='bbox 1201 2317 1407 2345; x_wconf 78' lang='lat' dir='ltr'><strong>dulcissimum</strong></span> <span class='ocrx_word' id='word_1_413' title='bbox 1422 2318 1511 2352; x_wconf 84' lang='lat' dir='ltr'><strong>judici</strong></span> <span class='ocrx_word' id='word_1_414' title='bbox 1522 2318 1701 2354; x_wconf 59' lang='lat' dir='ltr'><strong>praesentari,</strong></span> <span class='ocrx_word' id='word_1_415' title='bbox 1719 2317 1823 2345; x_wconf 85' lang='lat' dir='ltr'><strong>acriter</strong></span> <span class='ocrx_word' id='word_1_416' title='bbox 1838 2317 1889 2345; x_wconf 86' lang='lat' dir='ltr'><strong>ssa-</strong></span> 
     </span>
     <span class='ocr_line' id='line_1_88' title="bbox 1104 2363 1887 2401; baseline -0.001 -10"><span class='ocrx_word' id='word_1_417' title='bbox 1104 2363 1216 2398; x_wconf 74' lang='lat' dir='ltr'><strong>gellari,</strong></span> <span class='ocrx_word' id='word_1_418' title='bbox 1235 2364 1324 2391; x_wconf 80' lang='lat' dir='ltr'><strong>variis</strong></span> <span class='ocrx_word' id='word_1_419' title='bbox 1340 2364 1530 2393; x_wconf 78' lang='lat' dir='ltr'><strong>illusionibus</strong></span> <span class='ocrx_word' id='word_1_420' title='bbox 1554 2367 1581 2393; x_wconf 85' lang='lat' dir='ltr'><strong>et</strong></span> <span class='ocrx_word' id='word_1_421' title='bbox 1602 2364 1772 2401; x_wconf 85' lang='lat' dir='ltr'><strong>opprobriis</strong></span> <span class='ocrx_word' id='word_1_422' title='bbox 1787 2363 1863 2392; x_wconf 83' lang='lat' dir='ltr'><strong>affici</strong></span> <span class='ocrx_word' id='word_1_423' title='bbox 1879 2373 1887 2390; x_wconf 92' lang='lat'><strong>:</strong></span> 
     </span>
     <span class='ocr_line' id='line_1_89' title="bbox 1104 2411 1889 2448; baseline 0 -10"><span class='ocrx_word' id='word_1_424' title='bbox 1104 2411 1229 2447; x_wconf 88' lang='lat' dir='ltr'><strong>impetra</strong></span> <span class='ocrx_word' id='word_1_425' title='bbox 1245 2411 1331 2439; x_wconf 75' lang='lat' dir='ltr'><strong>nobis</strong></span> <span class='ocrx_word' id='word_1_426' title='bbox 1348 2411 1484 2439; x_wconf 88' lang='lat' dir='ltr'><strong>dolorem</strong></span> <span class='ocrx_word' id='word_1_427' title='bbox 1507 2420 1561 2447; x_wconf 81' lang='lat' dir='ltr'><strong>pro</strong></span> <span class='ocrx_word' id='word_1_428' title='bbox 1585 2412 1710 2448; x_wconf 84' lang='lat' dir='ltr'><strong>peccatis</strong></span> <span class='ocrx_word' id='word_1_429' title='bbox 1725 2411 1841 2444; x_wconf 84' lang='lat' dir='ltr'><strong>nostris,</strong></span> <span class='ocrx_word' id='word_1_430' title='bbox 1861 2412 1889 2438; x_wconf 87' lang='lat' dir='ltr'><strong>et</strong></span> 
     </span>
     <span class='ocr_line' id='line_1_90' title="bbox 1104 2457 1887 2493; baseline 0 -9"><span class='ocrx_word' id='word_1_431' title='bbox 1104 2457 1252 2493; x_wconf 73' lang='lat' dir='ltr'><strong>lacrymas</strong></span> <span class='ocrx_word' id='word_1_432' title='bbox 1265 2457 1421 2486; x_wconf 58' lang='lat' dir='ltr'><strong>salutifera}</strong></span> <span class='ocrx_word' id='word_1_433' title='bbox 1439 2458 1634 2492; x_wconf 81' lang='lat' dir='ltr'><strong>contritionis,</strong></span> <span class='ocrx_word' id='word_1_434' title='bbox 1649 2460 1674 2485; x_wconf 83' lang='lat' dir='ltr'><strong>ct</strong></span> <span class='ocrx_word' id='word_1_435' title='bbox 1695 2457 1806 2492; x_wconf 83' lang='lat' dir='ltr'><strong>adjuva</strong></span> <span class='ocrx_word' id='word_1_436' title='bbox 1821 2465 1887 2491; x_wconf 86' lang='lat' dir='ltr'><strong>nos,</strong></span> 
     </span>
     <span class='ocr_line' id='line_1_91' title="bbox 1105 2504 1887 2540; baseline 0 -9"><span class='ocrx_word' id='word_1_437' title='bbox 1105 2512 1141 2532; x_wconf 88' lang='lat' dir='ltr'><strong>ne</strong></span> <span class='ocrx_word' id='word_1_438' title='bbox 1157 2504 1243 2531; x_wconf 82' lang='lat' dir='ltr'><strong>nobis</strong></span> <span class='ocrx_word' id='word_1_439' title='bbox 1259 2505 1350 2540; x_wconf 73' lang='lat' dir='ltr'><strong>possit</strong></span> <span class='ocrx_word' id='word_1_440' title='bbox 1372 2506 1508 2533; x_wconf 78' lang='lat' dir='ltr'><strong>inimicus</strong></span> <span class='ocrx_word' id='word_1_441' title='bbox 1524 2505 1659 2538; x_wconf 83' lang='lat' dir='ltr'><strong>illudere,</strong></span> <span class='ocrx_word' id='word_1_442' title='bbox 1675 2511 1772 2540; x_wconf 87' lang='lat' dir='ltr'><strong>neque</strong></span> <span class='ocrx_word' id='word_1_443' title='bbox 1788 2504 1887 2532; x_wconf 82' lang='lat' dir='ltr'><strong>diver-</strong></span> 
     </span>
     <span class='ocr_line' id='line_1_92' title="bbox 1104 2551 1888 2587; baseline 0.001 -9"><span class='ocrx_word' id='word_1_444' title='bbox 1104 2551 1142 2578; x_wconf 84' lang='lat' dir='ltr'><strong>sis</strong></span> <span class='ocrx_word' id='word_1_445' title='bbox 1157 2559 1211 2586; x_wconf 87' lang='lat' dir='ltr'><strong>pro</strong></span> <span class='ocrx_word' id='word_1_446' title='bbox 1221 2551 1305 2579; x_wconf 86' lang='lat' dir='ltr'><strong>libitu</strong></span> <span class='ocrx_word' id='word_1_447' title='bbox 1318 2561 1371 2580; x_wconf 75' lang='lat' dir='ltr'><strong>suo</strong></span> <span class='ocrx_word' id='word_1_448' title='bbox 1389 2552 1598 2580; x_wconf 84' lang='lat' dir='ltr'><strong>tentationibus</strong></span> <span class='ocrx_word' id='word_1_449' title='bbox 1613 2551 1774 2587; x_wconf 80' lang='lat' dir='ltr'><strong>flagellare,</strong></span> <span class='ocrx_word' id='word_1_450' title='bbox 1791 2551 1888 2579; x_wconf 82' lang='lat' dir='ltr'><strong>devic-</strong></span> 
     </span>
     <span class='ocr_line' id='line_1_93' title="bbox 1105 2598 1888 2635; baseline 0 -9"><span class='ocrx_word' id='word_1_451' title='bbox 1105 2600 1208 2634; x_wconf 81' lang='lat' dir='ltr'><strong>tosquc</strong></span> <span class='ocrx_word' id='word_1_452' title='bbox 1224 2601 1349 2627; x_wconf 74' lang='lat' dir='ltr'><strong>statuere</strong></span> <span class='ocrx_word' id='word_1_453' title='bbox 1369 2599 1490 2627; x_wconf 85' lang='lat' dir='ltr'><strong>terribili</strong></span> <span class='ocrx_word' id='word_1_454' title='bbox 1512 2598 1624 2633; x_wconf 81' lang='lat' dir='ltr'><strong>Judici;</strong></span> <span class='ocrx_word' id='word_1_455' title='bbox 1644 2598 1696 2626; x_wconf 82' lang='lat' dir='ltr'><strong>sed</strong></span> <span class='ocrx_word' id='word_1_456' title='bbox 1718 2599 1812 2634; x_wconf 85' lang='lat' dir='ltr'><strong>magis</strong></span> <span class='ocrx_word' id='word_1_457' title='bbox 1831 2599 1888 2635; x_wconf 88' lang='lat' dir='ltr'><strong>ipsi</strong></span> 
     </span>
     <span class='ocr_line' id='line_1_94' title="bbox 1105 2645 1887 2682; baseline 0.001 -10"><span class='ocrx_word' id='word_1_458' title='bbox 1105 2653 1279 2673; x_wconf 87' lang='lat' dir='ltr'><strong>accusemus</strong></span> <span class='ocrx_word' id='word_1_459' title='bbox 1293 2648 1320 2674; x_wconf 88' lang='lat' dir='ltr'><strong>et</strong></span> <span class='ocrx_word' id='word_1_460' title='bbox 1338 2646 1506 2681; x_wconf 84' lang='lat' dir='ltr'><strong>judicemus</strong></span> <span class='ocrx_word' id='word_1_461' title='bbox 1521 2645 1718 2682; x_wconf 83' lang='lat' dir='ltr'><strong>nosmetipsos</strong></span> <span class='ocrx_word' id='word_1_462' title='bbox 1732 2645 1769 2673; x_wconf 89' lang='lat' dir='ltr'><strong>de</strong></span> <span class='ocrx_word' id='word_1_463' title='bbox 1788 2653 1887 2673; x_wconf 79' lang='lat' dir='ltr'><strong>exces-</strong></span> 
     </span>
     <span class='ocr_line' id='line_1_95' title="bbox 1104 2692 1888 2729; baseline 0.001 -10"><span class='ocrx_word' id='word_1_464' title='bbox 1104 2692 1186 2719; x_wconf 74' lang='lat' dir='ltr'><strong>sibus</strong></span> <span class='ocrx_word' id='word_1_465' title='bbox 1201 2693 1317 2728; x_wconf 80' lang='lat' dir='ltr'><strong>nostris,</strong></span> <span class='ocrx_word' id='word_1_466' title='bbox 1337 2695 1363 2721; x_wconf 83' lang='lat' dir='ltr'><strong>et</strong></span> <span class='ocrx_word' id='word_1_467' title='bbox 1380 2701 1456 2721; x_wconf 79' lang='lat' dir='ltr'><strong>verae</strong></span> <span class='ocrx_word' id='word_1_468' title='bbox 1471 2693 1649 2729; x_wconf 78' lang='lat' dir='ltr'><strong>poenitentiae</strong></span> <span class='ocrx_word' id='word_1_469' title='bbox 1664 2693 1827 2729; x_wconf 85' lang='lat' dir='ltr'><strong>disciplinis</strong></span> <span class='ocrx_word' id='word_1_470' title='bbox 1837 2693 1888 2721; x_wconf 92' lang='lat' dir='ltr'><strong>ssa-</strong></span> 
     </span>
     <span class='ocr_line' id='line_1_96' title="bbox 1106 2739 1887 2776; baseline 0.001 -10"><span class='ocrx_word' id='word_1_471' title='bbox 1106 2739 1263 2773; x_wconf 76' lang='lat' dir='ltr'><strong>gellemus,</strong></span> <span class='ocrx_word' id='word_1_472' title='bbox 1280 2743 1311 2767; x_wconf 85' lang='lat' dir='ltr'><strong>ut</strong></span> <span class='ocrx_word' id='word_1_473' title='bbox 1326 2740 1442 2768; x_wconf 82' lang='lat' dir='ltr'><strong>veniam</strong></span> <span class='ocrx_word' id='word_1_474' title='bbox 1456 2743 1484 2768; x_wconf 85' lang='lat' dir='ltr'><strong>et</strong></span> <span class='ocrx_word' id='word_1_475' title='bbox 1504 2740 1629 2775; x_wconf 83' lang='lat' dir='ltr'><strong>gratiam</strong></span> <span class='ocrx_word' id='word_1_476' title='bbox 1645 2741 1674 2768; x_wconf 87' lang='lat' dir='ltr'><strong>in</strong></span> <span class='ocrx_word' id='word_1_477' title='bbox 1690 2743 1822 2776; x_wconf 87' lang='lat' dir='ltr'><strong>tempore</strong></span> <span class='ocrx_word' id='word_1_478' title='bbox 1838 2747 1887 2767; x_wconf 86' lang='lat' dir='ltr'><strong>ne-</strong></span> 
     </span>
    </p>
   </div>
  </div>
 </body>
</html>
