2029 3052
697 207 737 240 IN
759 207 950 240 REGULAM
970 206 1163 240 FRATRUM
1186 205 1386 240 MlNORUM.

506 333 648 369 CAPUT
672 333 730 369 VI.

230 419 308 453 Quod
323 421 428 454 fratres
442 420 515 448 nihil
528 419 582 448 sibi
595 421 774 456 appropriant
779 441 789 456 ,
808 421 834 448 et
848 419 881 448 de
896 420 1006 448 eleemo-

321 472 389 500 syna
401 464 529 500 petenda,
545 467 571 493 et
585 465 618 493 de
632 465 769 499 fratribus
784 466 912 501 infirmis.

267 546 396 579 Fratres
403 547 484 580 nihil
493 547 552 580 sibi
563 547 780 589 appropriant,
791 557 850 580 nec
859 547 1004 586 domum,

225 609 285 632 nee
296 601 402 633 locum
416 626 424 640 ‚
441 611 500 633 nec
513 601 654 642 aliquam
669 611 756 640 rem;
781 602 836 634 sed
852 603 1005 643 tanquam

225 655 390 696 peregrini
401 656 433 687 et
449 655 582 687 advenae
598 655 630 687 in
646 656 707 687 hoc
727 655 858 695 saeculo,
874 656 908 687 in
923 665 1005 696 pau-

224 711 346 750 pertate
370 711 401 741 et
429 709 611 742 humilitate
637 710 772 742 Domino
799 710 1003 749 famulantes,

223 763 343 796 vadant
377 772 436 804 pro
466 763 671 804 eleemosyna
706 764 912 796 confidenter.
941 763 1005 796 Nec

223 818 346 858 oportet
362 825 415 848 eos
429 817 639 849 verecundari
656 827 663 848 ε
678 817 755 858 quia
770 817 923 849 Dominus
946 827 1004 859 pro

222 871 316 903 nobis
331 880 364 902 se
376 871 449 903 fecit
463 880 638 912 pauperem
653 871 687 902 in
700 871 761 903 hoc
778 871 911 903 mundo.
928 871 1004 903 Haec

223 927 269 957 est
282 925 336 956 illa
350 925 504 957 celsitudo
518 925 682 957 altissimae
703 925 912 966 paupertatis,
928 935 1002 967 quae

222 988 280 1011 vos
294 979 500 1011 charissimos
519 979 630 1011 fratres
645 989 734 1012 meos
746 980 890 1012 haeredes
905 982 936 1011 et
951 990 1001 1012 re-

224 1043 283 1074 ges
298 1034 392 1075 regni
407 1034 560 1066 coelorum
576 1034 727 1074 instituit,
742 1043 899 1076 pauperes
907 1035 1003 1066 rebus

221 1089 314 1128 fecit,
331 1089 508 1121 virtutihus
532 1089 730 1121 sublimavit.
752 1089 827 1121 Haec
841 1090 882 1120 sit
900 1091 1003 1130 portio

221 1144 349 1183 vestra,
365 1152 438 1184 quae
457 1143 603 1184 perducit
619 1144 652 1174 in
671 1145 792 1175 terram
806 1144 999 1176 viventium.

223 1195 291 1235 Cui,
304 1196 501 1228 dilectissimi
513 1197 635 1234 fratres,
647 1197 786 1229 totaliter
795 1198 1001 1237 inhaerentes,

220 1249 302 1282 nihil
323 1250 410 1281 aliud
428 1260 486 1291 pro
509 1251 640 1282 nomine
660 1251 786 1283 Domini
808 1251 907 1282 nostri
926 1251 1003 1283 Jesu

221 1304 335 1336 Christi
343 1304 378 1334 111
389 1305 581 1344 perpetuum
594 1305 654 1336 sub
669 1305 748 1336 coelo
755 1305 873 1336 habere
883 1306 999 1338 velitis.

220 1358 260 1390 Et
286 1358 482 1399 ubicumque
503 1359 620 1390 fuerint
645 1359 684 1399 (a)
708 1361 739 1391 et
758 1368 792 1390 se
819 1359 1002 1391 invenerint

219 1413 343 1451 fratrea
359 1412 527 1444 ostendant
541 1422 575 1444 se
589 1413 780 1444 domesticos
796 1413 934 1445 invicem
949 1414 1000 1444 in-

219 1468 268 1498 ter
287 1475 332 1507 se,
352 1468 383 1498 et
398 1475 509 1499 secure
531 1467 711 1498 manifestet
731 1476 816 1498 unus
838 1467 930 1498 alteri
944 1477 1002 1499 ne-

218 1521 397 1552 cessitatem
412 1530 504 1553 suam
523 1533 529 1552 :
546 1521 623 1562 quia
638 1523 663 1552 si
678 1523 781 1553 mater
794 1523 897 1553 nutrit
911 1524 942 1553 et
956 1522 1001 1553 di-

218 1575 290 1615 ligit
303 1575 407 1606 filium
425 1585 523 1606 suum
536 1576 707 1614 carnalem⁷
725 1577 845 1616 quanto
860 1576 999 1615 diligen-

217 1628 281 1659 tius
296 1628 389 1660 debet
411 1629 484 1669 quis
505 1629 639 1669 diligere
661 1632 691 1660 et
718 1630 842 1661 nutrire
867 1630 999 1661 fratrem

217 1691 315 1714 suum
339 1682 563 1723 spiritualem?
579 1683 617 1715 Et
632 1684 658 1715 si
673 1685 745 1724 quis
765 1693 879 1715 eorum
900 1685 934 1715 in
949 1685 998 1715 in-

216 1736 404 1767 firmitatem
427 1737 594 1776 ceciderit,
612 1737 664 1768 alii
691 1738 806 1769 fratres
828 1738 945 1770 debent
970 1739 1000 1769 ei

216 1789 348 1829 servire,
366 1790 448 1821 sicut
463 1790 580 1822 vellent
595 1791 652 1821 sibi
670 1792 796 1823 serviri.

498 1885 717 1912 EXPOSITIO.

256 1952 383 1984 Fratres
407 1951 493 1984 m'hz'l
512 1952 577 1984 sibi
592 1952 813 1992 approprieut.
835 1952 892 1984 Hic
907 1954 999 1984 tertio

216 2005 357 2037 excludit
371 2005 503 2036 tertium
517 2005 713 2046 periculum,
728 2007 815 2046 quod
831 2006 948 2038 scilicet
960 2007 998 2039 de

216 2059 430 2100 appropriatis
459 2060 597 2100 propriis
627 2060 769 2091 noscitur
796 2061 995 2101 processisse.

215 2113 254 2144 Et
274 2113 345 2144 haec
369 2122 444 2154 pars
460 2113 556 2145 habet
571 2115 710 2154 quatuor
727 2125 734 2144 :
753 2114 858 2153 primo
874 2115 997 2146 inhibet

215 2167 527 2207 appropriationem;
551 2167 690 2198 secundo
712 2167 849 2208 imponit
871 2168 994 2199 mendi-

215 2220 354 2259 citatem,
370 2221 415 2252 ibi
431 2231 437 2251 :
459 2221 590 2254 Vadam
605 2230 662 2262 pro
676 2221 890 2262 deamo-symm
904 2222 996 2253 tertio

214 2274 331 2305 excitat
354 2275 393 2306 ad
412 2275 608 2315 paupertatis
623 2275 823 2307 immobilem
838 2285 993 2313 amorem,

214 2327 258 2358 ibi
275 2339 282 2359 :
300 2328 374 2360 Hoec
390 2331 436 2361 est
451 2329 508 2361 illa
523 2329 695 2367 celsiacum·
717 2331 830 2370 quarto
846 2329 997 2361 informat

213 2381 326 2413 fratres
345 2382 385 2413 ad
409 2384 558 2414 mutuam
581 2384 849 2422 consolationem,
867 2383 911 2414 ibi
929 2392 937 2414 ε
955 2383 997 2416 Et

214 2436 405 2477 ubicumque
419 2438 559 2477 fuerint.

253 2490 333 2521 Dicit
352 2499 433 2530 ergo
457 2500 515 2531 pro
538 2491 642 2532 primo
659 2502 666 2522 z
683 2492 811 2524 Fratres
831 2491 917 2524 nihil
932 2492 996 2524 sibi

214 2545 435 2585 appropriant.
465 2544 545 2582 Quia
566 2545 717 2577 fratribus
741 2546 882 2577 inhibuit
907 2555 995 2578 rece-

213 2598 353 2638 ptionem
369 2599 513 2639 pecuniae
524 2624 531 2637 ,
558 2609 598 2629 ne
622 2600 768 2631 credatur
785 2600 870 2640 quod
884 2600 945 2631 alia
957 2601 993 2631 li-

247 2679 251 2692 ¹
269 2678 361 2703 Senec.
376 2692 406 2697 —
427 2680 438 2695 2
457 2680 561 2710 Περι-61η
582 2682 647 2711 part.
662 2682 686 2711 Ι,
703 2688 771 2706 caus.
797 2687 846 2712 xil,
864 2688 885 2705 c.
903 2681 946 2712 13,
963 2689 993 2706 ex

214 2713 352 2745 Prospero,
366 2714 395 2739 de
414 2715 464 2741 Vz't.
479 2716 618 2747 Contempl.

1789 215 1848 246 583

1064 278 1147 308 cerel
1167 275 1346 313 admittere,
1364 275 1474 316 utpote
1489 275 1680 319 immobilia,
1696 280 1731 311 in
1746 289 1848 321 gene-

1064 331 1122 362 rali
1139 340 1288 364 sermone
1306 331 1447 363 excludit
1461 333 1587 369 omnia,
1605 334 1713 367 dicens
1731 347 1738 368 :
1754 336 1849 370 Nihil

1063 385 1128 418 sibi
1139 386 1358 426 ammomum,
1369 385 1492 426 supple,
1505 396 1563 418 nec
1573 390 1768 429 proprietate
1777 400 1848 431 per-

1063 439 1185 478 sonali,
1203 448 1262 471 nec
1286 439 1430 479 generali
1457 440 1559 480 ipsius
1584 444 1844 484 communitatis,

1063 493 1144 524 sicut
1164 493 1240 524 dicit
1257 493 1342 534 Papa
1355 493 1504 534 regulam
1527 495 1730 529 declarando.
1758 497 1846 530 Unde

1062 545 1147 577 addit
1163 557 1169 577 :
1187 546 1248 579 Nec
1264 546 1405 584 domum,
1421 556 1477 580 uec
1493 549 1606 589 locum,
1624 558 1681 583 uec
1699 551 1847 592 aliquam

1061 607 1139 632 rem.
1156 599 1223 632 Hoc
1237 601 1367 641 quidem
1382 603 1465 633 recte
1476 626 1486 642 ,
1503 603 1579 643 quia
1594 604 1669 636 dicit
1685 604 1806 637 Seneca
1817 607 1843 637 ¹:

1066 665 1080 684 (‹
1095 653 1266 686 Tutissime
1289 655 1454 687 viveretur
1470 679 1478 694 ‚
1502 657 1529 687 si
1559 657 1748 690 tollerentur
1780 660 1845 691 duo

1061 708 1170 747 verba,
1186 717 1286 747 1111111111,
1301 710 1333 740 61
1344 719 1440 741 Tuum.
1457 720 1471 738 1)
1492 709 1628 742 Planum
1640 714 1686 743 est
1700 713 1751 744 his
1765 715 1844 744 tem-

1060 763 1192 803 poribus
1203 772 1372 794 summum
1387 764 1489 795 facere
1504 765 1682 797 tumultum
1692 766 1727 797 in
1738 766 1846 799 Eccle-

1059 816 1117 854 sia,
1132 819 1278 849 nostrum
1289 841 1298 856 ,
1314 819 1345 849 et
1360 820 1510 850 vestrum.
1537 818 1600 851 Sea
1623 821 1778 861 tanquam
1789 829 1845 862 pe-

1059 870 1183 910 reqrt'uz'
1199 873 1230 903 ec
1243 870 1377 903 advenae
1390 872 1429 904 iu
1439 872 1496 904 1100
1509 872 1635 912 saeculo,
1654 874 1691 906 z'n
1704 882 1845 915 pauper-

1060 925 1126 956 tate
1149 926 1178 956 et
1193 924 1376 958 humilitate
1396 926 1534 958 Domino
1556 927 1766 966 famulantes.
1795 928 1845 960 In-

1058 978 1158 1009 tentio
1173 978 1267 1019 plane
1281 981 1328 1010 est
1344 979 1376 1010 S.
1394 979 1569 1019 Francisci,
1587 983 1623 1012 ut
1647 981 1781 1021 fratres,
1803 983 1844 1014 si-

1059 1034 1113 1063 cut
1136 1033 1238 1071 servi,
1264 1035 1399 1065 utantur
1422 1035 1519 1066 rebus
1545 1035 1580 1065 in
1606 1035 1710 1067 aliena
1731 1036 1845 1077 positis

1059 1087 1224 1126 potestate.

1099 1139 1158 1170 Sed
1176 1139 1308 1180 quidam
1324 1141 1499 1173 adversarii
1510 1141 1542 1173 S.
1560 1141 1730 1181 Francisci‚
1748 1145 1778 1174 et
1794 1153 1845 1175 ve-

1058 1193 1180 1231 ritatis,
1215 1194 1387 1235 aliquando
1414 1197 1525 1227 contra
1552 1196 1614 1227 hoc
1640 1197 1841 1237 objecerunt,

1058 1247 1135 1287 quia
1158 1247 1233 1279 dicit
1255 1248 1379 1286 Canon,
1405 1258 1472 1289 xu,
1499 1260 1531 1290 q.
1555 1260 1577 1289 1,
1595 1260 1621 1282 0.
1648 1251 1793 1292 Expedit
1806 1253 1842 1284 ²:

1059 1313 1074 1331 (1
1090 1301 1226 1342 Expedit
1249 1303 1413 1335 facultates
1443 1303 1590 1336 Ecclesiae
1615 1306 1782 1346 possideri⁷
1811 1309 1843 1338 et

1058 1356 1203 1396 proprias
1226 1357 1425 1396 perfectionis
1450 1367 1559 1390 amore
1579 1360 1751 1392 contemni.
1768 1372 1782 1389 »
1803 1360 1842 1392 Et

1057 1413 1289 1450 consequenter
1314 1411 1425 1442 eodem
1449 1412 1552 1452 capite
1579 1413 1709 1453 ponitur
1729 1423 1839 1446 exem-

1057 1464 1146 1504 plum
1160 1465 1198 1495 de
1212 1465 1244 1496 S.
1262 1465 1408 1503 Paulino,
1429 1467 1498 1506 qui,
1515 1467 1667 1498 omnibus
1682 1468 1751 1499 suis
1766 1478 1841 1508 pro-

1057 1517 1135 1557 priis
1154 1518 1331 1557 distractis,
1355 1519 1457 1550 faetus
1486 1522 1533 1551 651
1566 1523 1675 1561 postea
1701 1522 1842 1554 eeclesiae

1056 1572 1241 1612 6915009115,
1269 1574 1361 1613 cnjus
1386 1574 1551 1605 facultates
1574 1575 1759 1607 fidelissime
1775 1576 1840 1607 dis-

1055 1625 1212 1665 pensavit,
1230 1626 1338 1657 subdit
1354 1636 1360 1657 :
1383 1639 1397 1656 «
1414 1627 1484 1665 Quo
1506 1628 1588 1659 facto
1605 1629 1681 1660 satis
1698 1630 1839 1661 ostendi-

1055 1680 1119 1717 tur,
1138 1681 1168 1709 et
1188 1680 1316 1720 propria
1339 1680 1454 1712 debere
1470 1684 1599 1722 propter
1613 1683 1840 1722 perfectionem

1055 1734 1230 1771 contemni,
1248 1736 1279 1765 et
1295 1737 1413 1773 tamen,
1437 1735 1505 1766 51116
1520 1736 1750 1776 impedimento
1766 1747 1838 1778 per-

1056 1787 1209 1826 fectionis,
1218 1797 1309 1827 posse
1318 1788 1466 1820 Ecclesiae
1476 1790 1639 1821 facultates
1648 1791 1836 1831 dispensari,

1057 1851 1131 1881 quae
1153 1844 1228 1872 50111
1248 1843 1389 1882 profecto
1415 1845 1600 1875 communia
1623 1845 1794 1885 possidere.
1819 1858 1834 1876 »

1056 1895 1130 1926 Haec
1155 1895 1301 1936 Prosper.
1323 1896 1410 1936 Ergo
1427 1906 1535 1929 carere
1551 1899 1645 1929 bonis
1660 1901 1840 1931 communi-

1055 1951 1114 1981 bus
1129 1951 1341 1991 appropriatis
1363 1952 1444 1982 1111111
1459 1953 1545 1984 addit
1559 1954 1755 1993 perfectioni.

1096 2005 1172 2035 Item
1202 2005 1328 2036 videtur
1353 2005 1412 2036 ista
1440 2007 1543 2037 forma
1568 2007 1697 2039 vivendi
1721 2009 1837 2040 falsum

1054 2060 1220 2100 imponere
1242 2059 1390 2091 Ecclesiae
1411 2060 1477 2091 Dei.
1504 2060 1614 2092 Clerici
1637 2064 1667 2092 et
1682 2062 1835 2102 religiosi,

1055 2115 1111 2154 qui
1126 2114 1244 2145 habent
1260 2114 1345 2144 bona
1365 2114 1586 2153 ecclesiarum,
1609 2125 1674 2146 non
1691 2117 1836 2148 511111110-

1055 2168 1133 2198 mini
1147 2177 1271 2205 eorum,
1288 2168 1343 2198 sed
1360 2177 1456 2199 usum
1472 2171 1597 2200 tantum
1610 2169 1741 2209 habent,
1761 2171 1837 2210 quia

1053 2221 1203 2259 (110111611,
1218 2221 1253 2251 ff.
1275 2223 1318 2253 De
1337 2229 1446 2253 rerum
1460 2221 1617 2261 dominio,
1633 2224 1719 2263 quod
1733 2234 1746 2252 c<
1762 2233 1836 2263 quae

1053 2276 1155 2308 divini
1164 2275 1339 2314 511111]111·15,
1350 2276 1384 2306 in
1395 2275 1518 2306 nullius
1529 2277 1621 2307 bonis
1632 2279 1706 2308 sunt
1719 2288 1748 2308 ς»
1755 2286 1834 2317 ergo

1052 2330 1157 2361 clerici
1173 2339 1240 2361 non
1254 2329 1373 2360 habent
1384 2330 1577 2368 dominium,
1595 2331 1649 2361 sed
1662 2333 1834 2362 1150011611-

1052 2385 1134 2414 tum.

1092 2437 1172 2468 Item
1187 2446 1249 2475 reS,
1266 2437 1383 2477 quibus
1397 2439 1535 2468 utuntur
1551 2438 1675 2476 fratres,
1689 2441 1745 2469 aut
1759 2441 1834 2469 sunt

1051 2492 1186 2532 alicuius
1208 2491 1339 2529 domini,
1362 2493 1417 2521 aut
1430 2500 1510 2529 non3
1531 2492 1555 2521 si
1572 2492 1715 2531 nullius,
1731 2502 1833 2532 quare

1051 2549 1129 2577 tune
1142 2546 1212 2586 ipsi,
1231 2546 1305 2585 plus
1321 2554 1419 2585 quam
1434 2545 1488 2575 alii
1500 2569 1508 2583 ,
1526 2547 1705 2586 occupant?
1720 2545 1754 2577 Si
1774 2556 1833 2577 au-

1051 2604 1115 2633 tem
1131 2602 1166 2641 (b)
1185 2600 1319 2639 alicujus
1336 2600 1476 2630 hominis
1491 2602 1577 2638 sunt,
1596 2602 1705 2641 utpote
1721 2600 1831 2635 Eccle-

1051 2656 1106 2687 siae
1122 2656 1284 2691 Romanae,
1300 2653 1426 2684 videtur
1441 2663 1522 2693 ergo
1537 2654 1624 2694 quod
1636 2655 1761 2691 fratres,
1777 2655 1830 2694 qui

1087 2719 1117 2749 (u)
1136 2718 1196 2742 Cret.
1209 2716 1272 2741 edet.
1287 2718 1355 2740 5001.
1372 2716 1446 2747 -(b)
1460 2718 1520 2741 ciet.
1536 2716 1595 2741 edit.
1610 2717 1733 2748 proemitt.
1750 2717 1784 2741 in.
