2029 3052
224 217 284 248 212
563 213 815 248 PSALTERIUM
837 209 965 244 MAJUS
985 207 1129 242 BEATAE
1149 207 1290 241 MARIAE
1308 205 1496 240 VlRGINlS.

519 316 645 344 Psamus
665 316 710 343 9ο.

259 377 315 412 Qui
331 376 445 406 habitat
459 377 490 406 in
504 377 653 414 adjutorio
672 376 768 406 Matris
787 375 859 404 Dei:
882 374 913 402 in
933 380 1004 410 pro-

222 424 350 453 tectione
363 424 456 462 ipsius
465 423 708 453 commorabitur.

259 471 424 500 Concursus
438 471 531 500 hostis
546 478 608 499 non
626 470 747 500 nocebit
759 469 786 498 ei
803 478 810 498 :
825 468 932 504 sagitta
950 475 1004 495 vo-

222 517 288 547 lans
301 526 363 546 non
376 520 476 554 tanget
489 526 569 546 eum.

257 565 405 600 Quoniam
417 565 558 594 liberabit
577 572 646 594 eum
668 564 705 593 de
729 564 839 600 laqueo
861 561 1003 591 insidian-

221 612 257 640 tis
273 621 279 640 :
300 615 328 640 et
341 612 397 640 sub
411 612 518 648 pennis
530 612 590 640 suis
601 613 735 649 proteget
746 619 825 640 eum.

257 659 386 687 Clamate
405 659 444 687 ad
459 659 542 687 illam
556 659 588 687 in
602 658 741 695 periculis
755 657 860 686 vestris
875 666 882 684 z
903 658 932 685 et
948 656 1002 684 ssa-

220 705 333 741 genum
347 713 409 734 non
419 706 675 743 appropinquabit
688 704 881 734 tabernaculo
891 704 1001 731 vestro.

255 754 377 781 Fructus
404 753 504 789 gratiae
531 753 672 788 inveniet,
701 752 754 789 qui
782 749 946 788 speraverit
971 749 1003 777 in

218 800 271 830 illa
289 811 296 830 :
315 803 402 838 porta
423 801 553 838 paradisi
567 800 748 830 reserabitur
763 799 801 827 ci.
817 798 926 833 Gloria,
945 799 1001 826 etc.

515 883 642 910 Psiiuus
660 883 691 909 91
700 902 707 908 .

254 945 369 972 Bonum
377 945 420 971 est
429 942 562 971 confiteri
573 941 684 978 Virgini
697 940 793 969 Mariae
809 949 815 968 :
833 941 861 968 et
874 938 1000 976 psallere

221 991 264 1019 illi
279 990 418 1027 gloriam,
434 989 615 1026 prosperitas
626 991 669 1017 est
679 987 796 1016 mentis.

253 1037 433 1067 Annuntiare
447 1036 550 1065 merita
567 1036 641 1072 ejus,
656 1034 784 1063 laetificat
800 1033 1000 1062 intellectum:

218 1089 247 1114 et
259 1086 367 1114 imitari
380 1093 472 1122 opera
483 1085 545 1120 ejus
560 1084 704 1113 exhilarat
718 1082 844 1118 angelos
862 1081 923 1110 Dei.

252 1133 307 1167 Qui
323 1132 449 1169 acquirit
464 1132 590 1168 gratiam
605 1131 668 1167 ejus
687 1139 693 1158 :
710 1131 888 1165 agnoscetur
904 1136 921 1156 a
934 1128 1003 1156 civi-

219 1181 276 1211 hus
288 1179 431 1217 paradisi.

253 1229 285 1256 Et
299 1227 350 1264 qui
373 1226 510 1255 habuerit
533 1226 735 1254 characterem
759 1223 890 1252 nominis
914 1222 978 1258 ejus

216 1274 408 1303 annotabitur
423 1273 453 1301 iu
468 1273 545 1301 libro
562 1272 637 1300 vitoe.

253 1323 378 1357 Exurge,
395 1320 529 1354 Domina,
546 1322 573 1347 et
584 1319 689 1355 judica
702 1325 822 1346 eausam
843 1319 973 1345 nostram
991 1325 997 1343 :

218 1372 246 1397 et
259 1369 298 1398 ab
314 1367 534 1403 insurgentibus
550 1367 579 1394 in
595 1374 660 1401 nos,
676 1365 771 1393 libera
784 1372 848 1392 nos.

253 1418 292 1444 Ne
310 1415 441 1443 retrahas
461 1422 478 1442 a
497 1416 651 1450 peccatore
672 1412 826 1440 dexteram
850 1413 930 1438 tuam
948 1418 954 1437 :
976 1411 1004 1437 et

219 1463 321 1499 excipe
338 1461 439 1498 gladio
460 1464 509 1490 tuo
524 1460 624 1496 iacula
644 1459 808 1488 vastatoris
829 1458 927 1487 Gloria
948 1459 1001 1485 Pa-

218 1510 266 1546 tri,
281 1511 334 1538 ete.

513 1546 640 1572 Psiimzs
659 1544 704 1572 92.

254 1604 396 1633 Dominus
410 1603 556 1639 regnavit,
573 1602 712 1630 decorem
730 1600 827 1628 induit
847 1609 853 1627 ι
871 1600 1002 1627 Matrem-

219 1661 278 1689 que
294 1660 379 1680 suam
393 1653 568 1679 ornamento
585 1648 739 1677 coronavit
750 1647 899 1675 virtutum.

255 1699 422 1735 Adimple-‘it
433 1697 673 1734 propitiationem
692 1703 776 1722 suam
793 1694 822 1721 in
838 1693 924 1721 uobis
941 1694 999 1721 Ma-

218 1750 259 1775 ter
274 1746 355 1782 pacis
373 1755 378 1773 :
397 1748 425 1773 ct
440 1745 518 1772 viam
529 1743 673 1780 aequitatis
688 1742 793 1769 doceat
809 1748 910 1768 servos
920 1747 998 1767 suos.

254 1793 307 1827 Qui
338 1792 511 1820 desideratis
535 1789 711 1827 sapientiam
735 1788 838 1816 Christi
863 1797 868 1815 :
896 1786 1000 1815 servite

220 1841 300 1869 Matri
316 1840 378 1875 ejus
394 1839 495 1867 animo
511 1837 665 1866 reverenti.

253 1887 323 1921 Quis
344 1886 500 1915 satisfaciet
515 1892 652 1913 enarrare
672 1892 764 1919 opera
779 1885 838 1916 tua,
855 1882 1001 1909 Domina?

217 1937 245 1963 et
277 1934 343 1970 quis
379 1932 567 1967 investigabit
601 1931 754 1958 thesauros
791 1927 1001 1956 misericordiae

219 1984 274 2009 tuae
284 1984 298 2008 ζ)

254 2029 367 2056 Sustine
385 2027 553 2055 deficientes
574 2026 603 2053 in
623 2024 831 2052 tentationibus
847 2022 906 2050 suis
926 2031 931 2049 :
949 2022 1000 2049 dc-

217 2076 293 2103 stiua
305 2075 372 2102 illos
387 2075 417 2101 in
432 2076 540 2102 sortem
556 2072 695 2100 veritatis.

255 2122 353 2151 Gloria
368 2122 454 2155 Patri,
471 2124 524 2149 etc.

513 2205 638 2231 l‘sALurs
659 2203 704 2229 ¹³3.

255 2268 329 2294 Deus
345 2265 493 2293 ultionum
508 2263 649 2291 Dominus
664 2272 669 2289 ;
687 2261 740 2289 sed
756 2264 800 2295 tu,
817 2262 903 2288 Mater
914 2259 999 2286 mise-

216 2313 362 2346 ricordiae,
377 2312 415 2339 ad
432 2310 634 2338 miserandum
647 2308 780 2336 iutlectis.

252 2358 467 2395 Magnilicentia
484 2361 542 2391 tua,
560 2357 696 2390 Domina,
714 2354 890 2391 praedicatur
906 2354 934 2380 in
949 2362 999 2380 sce-

216 2407 317 2435 eulum
341 2417 347 2434 :
371 2405 422 2442 qui
448 2408 546 2433 autem
575 2403 674 2430 colunt
692 2405 727 2431 tc.
744 2401 891 2428 invenient
916 2400 995 2427 viam

217 2454 309 2491 pacis.

252 2502 360 2531 Servite
383 2501 423 2529 iili
442 2500 608 2528 reverenter
626 2498 789 2525 exultantes
807 2506 812 2523 z
834 2498 860 2523 ct
879 2495 996 2523 sanabit

217 2558 270 2577 vos
287 2548 461 2576 benedictus
483 2547 591 2574 fructus
613 2544 764 2572 castissimi
781 2543 888 2570 ventris
905 2542 995 2569 illius.

252 2597 381 2631 Respice,
402 2595 536 2628 Domina,
553 2592 748 2621 humilitatem
761 2598 914 2618 servorum
931 2592 994 2617 tuo-

216 2652 281 2671 rum
298 2652 304 2670 2
323 2647 350 2670 et
365 2642 530 2670 laudabunt
551 2643 576 2668 te
596 2640 626 2667 in
647 2638 888 2674 generationibus
903 2645 994 2665 saecu-

216 2691 322 2719 lorum

1094 275 1249 313 Magnifica
1262 283 1374 304 nomen
1383 277 1472 304 tuum-
1478 273 1511 303 in
1523 273 1770 312 multiplicatione
1775 281 1842 312 gra-

1059 323 1168 352 tiarum
1182 325 1301 352 tuarum
1320 331 1328 350 :
1346 324 1375 351 et
1393 329 1432 350 ne
1449 321 1530 351 sinas
1542 328 1646 351 servos
1656 322 1726 351 tuos
1737 321 1841 359 subja-

1059 378 1124 400 cere
1138 370 1288 408 periculis.
1306 369 1405 399 Gloria
1418 368 1507 404 Patri,
1522 371 1576 398 etc.

1353 453 1479 481 Psuuus
1497 451 1543 480 94.

1097 512 1206 547 Venite,
1223 511 1390 540 exultemus
1415 511 1549 540 Dominae
1571 513 1679 540 nostrae
1702 520 1710 540 ε
1732 511 1843 547 jubile-

1058 567 1126 588 mus
1139 558 1295 587 salutiferae
1309 558 1404 587 Mariae
1418 557 1541 594 Reginae
1555 560 1672 588 nostroe.

1095 607 1338 642 praeoccupemus
1353 605 1460 634 faciem
1473 606 1538 642 ejus
1553 606 1585 635 in
1595 606 1775 642 jubilatione
1792 616 1799 635 :
1816 608 1845 636 et

1059 652 1091 680 in
1105 652 1225 681 canticis
1239 652 1447 681 collaudemus
1461 661 1539 682 eam.

1097 700 1209 735 Venite,
1224 699 1394 736 adoremus,
1417 702 1445 728 et
1459 700 1653 737 procidamus
1667 703 1735 730 aute
1754 709 1820 730 eam
1835 711 1842 730 :

1059 746 1256 776 confiteamur
1270 746 1314 775 illi
1328 755 1397 775 cum
1410 747 1528 776 fletibus
1541 749 1663 785 peccata
1677 750 1788 777 nostra.

1067 797 1074 804 ”
1096 795 1222 831 impetra
1239 794 1328 823 nobis
1346 794 1563 831 indulgentiam
1581 795 1703 832 plenam
1720 806 1726 824 :
1742 795 1843 824 assiste

1058 849 1114 878 pro
1128 841 1216 870 nobis
1234 843 1301 870 ante
1316 841 1448 870 tribunal
1461 843 1523 871 Dei.

1093 888 1212 925 Suscipe
1232 889 1263 916 'm
1279 888 1339 917 siue
1360 889 1476 918 animas
1498 892 1614 918 nostras
1635 899 1641 918 ε
1658 892 1686 918 et
1703 889 1842 918 introduc

1058 943 1114 964 nos
1129 935 1160 964 in
1172 935 1307 972 requiem
1323 938 1473 965 aeternam.
1489 936 1589 966 Gloria
1598 936 1686 970 Patri,
1697 938 1750 965 etc.

1359 1019 1484 1045 Psaruus
1503 1018 1548 1045 95.

1096 1080 1215 1106 Cantate
1230 1077 1326 1114 plenoe
1339 1078 1440 1113 gratiae
1455 1077 1604 1105 canticum
1619 1085 1732 1106 novum
1750 1086 1757 1105 :
1773 1084 1843 1105 can-

1060 1127 1118 1154 tate
1137 1125 1231 1153 Marioe
1245 1132 1350 1153 omnes
1364 1124 1517 1160 terrigenoe
1532 1124 1624 1152 orbis.

1098 1172 1245 1205 Quoniam
1261 1179 1365 1200 omnes
1379 1171 1502 1207 angelos
1517 1171 1668 1200 sanctitate
1682 1170 1840 1208 praecellit:

1061 1221 1089 1247 et
1107 1221 1192 1247 natos
1206 1219 1366 1247 mulierum
1385 1219 1542 1247 virtutibus
1559 1218 1747 1247 mirabilibus
1761 1219 1790 1246 et
1803 1218 1841 1245 si-

1058 1265 1134 1302 gnis.

1095 1314 1273 1341 Formositas
1288 1315 1316 1341 et
1330 1313 1427 1349 gloria
1442 1313 1472 1342 in
1490 1313 1574 1341 vultu
1589 1313 1668 1341 illius
1684 1321 1691 1340 :
1707 1314 1735 1340 et
1749 1311 1843 1348 gratia

1059 1360 1090 1388 in
1105 1360 1196 1388 oeulis
1211 1360 1283 1395 ejus.

1095 1407 1201 1435 Atrei-te
1218 1406 1259 1434 illi
1274 1406 1413 1442 gloriam,
1424 1406 1526 1443 patriae
1540 1406 1673 1442 gentium
1689 1415 1697 1433 :
1713 1405 1841 1434 exultate

1059 1457 1090 1484 in
1103 1464 1149 1490 ea,
1159 1464 1264 1484 omnes
1277 1458 1417 1484 creaturae
1432 1456 1491 1484 Dei.

1095 1502 1277 1531 Admirabile
1299 1503 1512 1531 commercium
1533 1502 1648 1531 habetis
1668 1510 1721 1539 per
1750 1509 1816 1530 eam
1833 1511 1840 1529 :

1059 1559 1095 1578 ex
1111 1559 1170 1587 qua
1185 1550 1278 1579 vocati
1294 1550 1361 1579 estis
1376 1550 1429 1578 tilii
1445 1549 1494 1578 Dei
1515 1549 1631 1578 excelsi.
1655 1549 1764 1586 Gloria,
1784 1550 1839 1578 etc.

1357 1632 1483 1659 l‘samus
1502 1632 1546 1657 96.

1096 1691 1237 1720 Dominus
1263 1691 1407 1727 regnavit,
1437 1690 1547 1718 exultet
1572 1689 1682 1718 Maria:
1706 1690 1736 1718 in
1758 1690 1840 1718 omni

1058 1738 1184 1775 imperio
1205 1738 1417 1766 dominationis
1434 1746 1503 1766 suae.

1094 1786 1219 1815 Adai-ate
1240 1794 1317 1821 eam,
1337 1786 1416 1813 cives
1437 1785 1524 1813 curiae
1543 1785 1675 1821 paradisi
1691 1794 1697 1813 :
1715 1784 1839 1813 exaltate

1059 1841 1137 1868 eam,
1154 1833 1282 1867 virgines
1297 1832 1449 1868 speciosae,
1466 1832 1533 1859 tiliae
1550 1832 1624 1867 ejus.

1095 1881 1242 1914 Quoniam
1258 1879 1372 1908 clevata
1386 1883 1428 1908 est
1442 1888 1531 1916 super
1547 1879 1728 1915 principatus
1744 1881 1772 1907 et
1787 1880 1840 1907 Do-

1059 1927 1236 1955 miuatioues
1257 1937 1262 1954 :
1290 1927 1416 1955 exaltata
1441 1929 1483 1954 est
1505 1934 1594 1963 super
1616 1926 1797 1962 Angelorum
1812 1929 1840 1954 et

1057 1975 1311 2010 archangelorum
1329 1974 1503 2009 legationes.

1094 2021 1265 2050 l’atriarchae
1281 2023 1308 2049 et
1329 2022 1490 2057 Prophetae,
1510 2018 1687 2056 co'ucrepate
1705 2020 1746 2048 illi
1773 2020 1837 2048 lau-

1057 2069 1126 2096 dem
1143 2078 1149 2096 :
1169 2071 1346 2097 concentum
1363 2068 1406 2095 illi
1423 2068 1517 2102 facite,
1530 2067 1672 2103 Apostoli,
1688 2068 1840 2104 Martyres-

1057 2124 1114 2152 que
1130 2115 1244 2143 Christi.

1092 2162 1280 2190 consessores
1295 2170 1362 2190 cum
1376 2161 1555 2197 Virginibus,
1571 2162 1608 2190 de
1624 2161 1744 2190 canticis
1767 2161 1837 2189 Sion

1057 2210 1143 2237 dicite
1159 2210 1305 2237 canticum
1321 2209 1347 2237 ei
1364 2218 1369 2236 τ
1391 2211 1419 2236 et
1433 2208 1635 2244 regratiamini
1650 2209 1688 2243 ei,
1703 2208 1836 2236 monachi

1055 2257 1159 2291 sancti,
1176 2257 1212 2284 dc
1235 2256 1360 2292 acceptis
1377 2255 1543 2292 triumphis.
1562 2255 1662 2284 Gloria
1677 2255 1762 2290 Patri,
1779 2257 1833 2283 etc.

1352 2340 1478 2367 PSALMGS
1497 2340 1542 2366 97.

1091 2400 1208 2427 Cantate
1234 2399 1363 2426 Dominae
1389 2402 1495 2427 nostrae
1519 2399 1665 2427 canticum
1692 2405 1804 2426 novum
1827 2408 1832 2426 :

1055 2446 1126 2481 quia
1141 2446 1289 2474 mirabilia
1304 2446 1379 2474 fecit.

1091 2494 1121 2520 ln
1129 2496 1287 2529 conspectu
1299 2493 1431 2527 gentium
1446 2493 1588 2521 revelavit
1600 2492 1833 2520 misericordiam

1054 2548 1139 2568 suam
1157 2550 1163 2567 :
1187 2541 1216 2567 in
1236 2540 1374 2568 extremis
1399 2542 1481 2568 terrae
1503 2539 1639 2568 auditum
1661 2542 1703 2567 est
1724 2547 1833 2567 nomen

1054 2589 1126 2622 ejus.

1092 2634 1268 2669 Recordare,
1297 2634 1430 2668 Domina,
1460 2641 1626 2669 pauperum
1657 2636 1684 2661 et
1711 2634 1834 2662 misero-

1054 2690 1118 2709 rum
1136 2691 1141 2709 :
1159 2685 1185 2710 ct
1201 2684 1329 2710 sustenta
1349 2690 1400 2709 eos
1426 2688 1482 2716 ope
1505 2680 1646 2715 refrigerii
1667 2682 1758 2710 sancti
1780 2682 1830 2710 tui.
