2060 3052
173 2076 250 2095 Exem-

169 2113 182 2126 u
209 2120 214 2126 ·
265 2105 344 2132 minc
361 2107 420 2132 tuta
436 2105 498 2137 erit,
510 2104 643 2132 similiter
655 2112 707 2131 nec
722 2112 739 2132 a
754 2104 857 2137 ventis,
875 2104 898 2131 si
914 2104 1042 2132 multum

1630 161 1656 183 O

274 222 313 252 ¹6
664 214 876 252 SERMONES
896 213 948 249 DE
969 212 1135 248 SANCTIS
1157 215 1199 248 IN
1216 215 1410 250 comtum.
1431 217 1485 252 Vl.

269 287 353 315 timet
365 286 442 323 ignis
457 285 640 315 incendium.
659 286 741 315 Unde
761 286 863 314 narrat
883 283 1047 314 Eusebius-1¹

270 333 354 369 quod
369 333 492 370 quidam
504 333 684 362 Christianus
695 331 881 369 temporibus
894 330 966 365 suis,
975 329 1049 358 duc-

270 381 316 408 tus
338 379 378 408 ad
399 381 591 417 martyrium,
609 379 712 408 omnia
732 379 800 408 laeto
821 377 908 406 vultu
928 376 1050 414 pertulit

269 433 380 461 genera
399 429 625 455 tormentorum.
648 425 808 454 carnifices
827 432 900 453 vero
923 423 1048 452 omnino

269 471 381 508 fatigati
396 473 570 501 dimiserunt
584 481 663 501 eum.
678 473 813 509 Cumque
831 471 870 500 ab
883 479 920 500 eo
934 478 1048 508 quaere-

268 521 344 554 rent,
359 519 384 547 si
398 519 430 547 in
444 521 524 548 tanta
538 518 730 556 percussione
745 520 774 547 et
787 518 969 546 laceratione
984 525 1049 546 car-

269 565 354 594 nium
368 565 520 600 doluisset,
548 566 588 594 ait
608 565 657 594 ille
678 574 685 593 z
709 575 722 592 α
743 565 821 594 Nihil
843 564 928 601 quasi
951 563 1047 592 dolui.

269 613 343 640 Nam
356 611 388 640 in
405 611 476 648 ipsis
490 612 645 640 tormentis
658 611 788 648 Angelus
803 619 871 640 cum
890 611 962 640 alba
976 610 1049 638 ade-

267 661 323 694 rat,
339 659 390 695 qui
409 659 532 696 insuper
553 652 694 688 sudorem
713 659 751 687 de
771 659 846 687 facie
865 657 1047 694 extergebat.

268 707 310 734 Ex
334 713 396 741 quo
419 707 532 734 tantam
554 705 745 734 dulcedinem
770 705 870 734 anima
894 704 1048 741 capiebat,

269 750 353 788 quod
376 760 467 788 grave
491 752 565 780 mibi
582 751 672 780 valde
694 751 767 786 fuit,
788 751 912 788 quando
936 759 985 779 me
1009 750 1047 778 de

267 798 398 835 equuleo
423 799 617 835 deponentes,
642 798 771 827 liberum
792 798 953 826 dimisistis.
977 807 991 823 n
1016 798 1048 825 Et

267 845 326 874 hoc
339 845 435 874 sciens
447 846 553 874 beatus
572 845 720 879 Martinus,
740 853 809 873 cum
823 844 850 872 ei
872 844 964 872 semel
985 843 1048 872 dia-

268 892 356 921 bolus
371 892 402 920 in
416 892 466 921 via
484 892 648 927 obviasset,
665 893 694 920 et
713 899 774 928 quo
794 891 849 919 iret
872 890 1047 927 inquireret,

268 939 328 967 ait:
348 949 362 965 α
377 939 459 967 Vado
474 946 666 975 quocumque
691 938 771 966 misit
791 946 839 966 me
863 938 1014 966 Dominus.
1030 948 1044 963 n

268 986 320 1014 Cui
334 985 474 1014 diabolus
490 994 497 1014 :
517 995 530 1011 α
545 985 619 1020 Tibi,
640 993 832 1022 quocumque
848 985 926 1020 ieris,
942 985 1048 1013 adver-

268 1032 368 1060 sabor.
385 1042 398 1057 n
416 1032 468 1060 Cui
487 1032 609 1060 Sanctus
628 1041 635 1059 :
656 1042 669 1058 «ι
683 1032 711 1060 Si
726 1033 737 1048 ¹
758 1032 890 1059 Dominus
904 1032 974 1058 mihi
994 1031 1047 1059 ad-

263 1078 352 1113 jutor,
368 1087 421 1106 non
436 1079 532 1106 timebo
543 1079 611 1114 quid
624 1080 713 1112 saciat
723 1079 791 1106 mihi
807 1079 892 1106 homo.
908 1088 921 1105 ι)
939 1079 1047 1115 Captus

268 1133 340 1161 ergo
355 1133 372 1153 a
387 1125 553 1154 latronibus
575 1125 651 1153 inter
675 1124 773 1162 Alpes,
789 1133 866 1152 unus
885 1132 986 1153 ensem
1005 1124 1047 1152 le-

267 1172 358 1206 vavit,
372 1174 405 1199 ut
425 1180 492 1199 eum
507 1171 615 1200 feriret.
631 1171 769 1206 Quaesivit
789 1179 807 1199 a
821 1171 955 1205 Martino,
970 1171 994 1198 si
1011 1171 1046 1198 ti-

266 1219 409 1247 muisset?
423 1219 475 1247 Cui
488 1219 609 1247 Sanctus
625 1228 631 1246 :
645 1230 658 1243 ιι
675 1219 832 1254 Nunquam
847 1218 887 1246 fui
903 1218 1044 1251 securior,

267 1265 339 1302 quia
365 1265 436 1292 scivi
452 1265 609 1293 Dominum
625 1265 754 1292 maxime
778 1265 807 1293 in
825 1265 1046 1292 necessitatibus

265 1313 436 1340 assuturum.
461 1312 607 1348 Scriptum
631 1312 711 1339 enim
733 1314 775 1339 est
794 1313 804 1329 ³
831 1320 839 1339 ε
865 1311 931 1344 Quis
951 1314 994 1345 tu,
1014 1315 1045 1338 ut

266 1361 373 1386 timeres
397 1360 430 1386 ab
457 1360 562 1386 homine
590 1360 717 1392 mortali,
744 1361 768 1386 et
791 1367 807 1386 a
830 1359 888 1393 filio
912 1359 1045 1393 hominis,

266 1407 315 1441 qui
329 1407 409 1441 quasi
421 1407 520 1439 soenum
538 1407 647 1439 arescit,
665 1408 689 1432 c!
705 1405 805 1432 omnus
824 1413 850 1432 es
867 1406 973 1432 Domini
985 1407 1043 1438 fac-

266 1454 334 1480 toris
350 1454 402 1485 tui,
417 1454 465 1487 qui
487 1453 599 1480 tetendit
625 1453 712 1485 coelos,
731 1455 755 1479 et
770 1452 900 1485 fundarit
922 1454 1018 1479 terram
1035 1461 1045 1479 .-

265 1502 290 1526 et
304 1499 465 1532 formidasti
473 1499 580 1533 jugiter
594 1501 649 1526 tota
665 1498 710 1526 die
733 1507 748 1525 a
768 1500 840 1531 facie
855 1500 960 1531 suroris
975 1498 1040 1532 ejus,

265 1548 312 1580 qui
325 1548 350 1573 te
359 1545 520 1579 tribulabat,
536 1548 560 1572 ct
574 1547 719 1580 paraverat
733 1545 768 1571 ad
790 1545 953 1579 perdendum
963 1547 976 1571 ἶ)
995 1545 1045 1571 rbi

264 1600 333 1618 nunc
347 1594 385 1619 est
399 1593 480 1625 furor
501 1592 682 1618 tribulantis?
696 1602 708 1615 ιν
728 1591 815 1624 Quasi
832 1591 927 1619 dicat:
944 1591 1044 1618 Nullus

264 1638 356 1666 hostis
375 1638 540 1666 timendum
563 1640 616 1670 est,
640 1640 798 1673 postquam
826 1639 916 1665 Deum
935 1637 1044 1665 exerci-

266 1687 349 1712 tuum
367 1684 534 1719 adjutorem
550 1684 652 1712 habes.

299 1732 435 1760 Secundo
464 1732 564 1759 videre
588 1731 731 1759 debemus
760 1731 835 1759 intra
865 1739 920 1759 nos
948 1731 1043 1758 carnis

264 1779 416 1806 stimulum
433 1778 570 1806 continue
590 1778 827 1814 impugnantem,
843 1786 878 1805 ne
901 1777 974 1805 sorte
997 1786 1044 1805 ca-

265 1826 383 1854 damus.
399 1825 531 1853 Fundata
546 1825 625 1852 enim
641 1826 682 1852 cst
697 1824 805 1852 domus
821 1827 922 1852 nostra
937 1824 967 1852 in
982 1832 1043 1852 are-

265 1881 314 1907 na,
331 1875 358 1900 et
372 1879 489 1908 semper
504 1871 633 1898 minatur
645 1871 778 1905 ruinan1;
797 1879 850 1898 nec
867 1879 884 1898 a
900 1879 969 1899 casu
985 1879 1042 1907 po·

265 1922 318 1947 test
333 1927 394 1947 esse
410 1921 481 1952 tuta,
501 1918 556 1945 nisi
578 1918 800 1953 diligentissime
823 1918 909 1946 suerit
927 1925 1043 1945 conser-

265 1969 342 1993 vata.
374 1965 454 1992 Unde
478 1965 636 2000 Apostolus
659 1964 668 1979 ⁸
690 1974 695 1992 :
721 1976 734 1990 ιι
763 1965 815 1998 Qui
845 1967 927 2000 putat
952 1965 987 1999 (a)
1011 1973 1041 1993 se

265 2015 352 2045 stare,
366 2011 514 2038 videatne
538 2011 633 2038 cadat.
654 2021 667 2036 ι)
688 2012 780 2039 t'acile
803 2011 859 2038 ruit
879 2011 971 2045 terris,
991 2012 1040 2047 qui

265 2058 391 2086 multum
411 2065 441 2084 se
459 2057 488 2084 in
505 2057 597 2084 altum
622 2058 743 2085 extollit.
769 2059 823 2085 Nec
843 2058 933 2085 arbor
953 2065 970 2085 a
989 2058 1042 2085 iul-

266 2151 390 2179 exaltata
406 2150 494 2178 sortes
505 2150 617 2178 radices
628 2150 657 2177 in
670 2153 813 2178 terranon
829 2150 902 2185 figit.
915 2152 1042 2186 Etprop-

266 2200 355 2231 terea,
371 2200 644 2233 quantumcumque
656 2197 747 2225 homo
760 2198 794 2224 sit
804 2199 930 2231 sanctus,
947 2205 1041 2233 quan-

266 2247 457 2279 tumcumque
474 2244 502 2270 in
517 2243 608 2270 altum
622 2247 788 2278 provectus,
805 2244 828 2270 si
842 2252 872 2271 se
889 2244 916 2270 in
932 2251 1042 2279 magna

266 2291 400 2319 custodia
422 2291 527 2318 fortem
545 2298 604 2317 ιιοιι
628 2290 796 2322 servaverit,
813 2292 840 2317 et
855 2290 951 2317 omnis
971 2290 1041 2318 mali

266 2337 396 2365 radicem
425 2345 486 2365 non
507 2336 634 2373 perfecte
655 2337 826 2371 subjecerit,
849 2337 933 2364 facile
950 2337 1042 2365 ruince

267 2384 387 2419 patebit.
404 2386 475 2412 Nam
489 2387 515 2411 et
530 2385 646 2411 sanctus
661 2383 833 2410 Ambrosius
843 2405 850 2417 ,
868 2392 921 2419 per
940 2384 1040 2411 civita-

267 2433 323 2457 tem
339 2430 587 2457 Mediolanensem
613 2429 770 2463 inccdens,
789 2430 873 2464 vidit,
890 2430 962 2457 dum
978 2430 1042 2465 qui-

267 2476 335 2503 dam
349 2477 476 2511 graviter
493 2476 616 2507 ruisset,
633 2475 724 2503 alium
744 2476 904 2511 quemdam
921 2476 963 2503 illi
980 2484 1040 2504 non

267 2525 506 2560 compatientem,
522 2523 574 2551 sed
589 2523 651 2558 ejus
666 2530 767 2550 casum
790 2522 945 2551 ridentem.
968 2524 1042 2551 Dixit

267 2572 388 2599 Sanctus
405 2580 411 2597 :
432 2582 444 2595 u
455 2570 508 2604 Qui
522 2571 605 2606 putat
618 2578 648 2598 se
657 2571 744 2604 stare,
757 2569 902 2598 videatne
917 2570 1012 2598 cadat.
1025 2581 1037 2596 n

299 2634 305 2649 ¹
325 2633 414 2657 Euscb.
432 2646 461 2650 —
477 2633 486 2648 ἵ
501 2632 568 2656 Psal.
585 2638 669 2661 mvn,
684 2633 706 2656 (3.
722 2645 752 2649 -
767 2632 850 2661 ⁸150„
869 2634 1039 2661 L1,12-l;3.-

268 2669 276 2685 ⁴
293 2669 299 2693 l
319 2669 385 2695 (“ι»1·.,
404 2674 433 2698 x,
452 2669 488 2691 ¹2.
505 2680 534 2685 —
549 2668 558 2684 ⁵
582 2667 630 2691 l'tt.
653 2668 680 2692 S.
696 2667 808 2691 Ambros.
825 2681 854 2685 —
871 2668 879 2683 ὅ
893 2670 993 2699 demun,
1011 2675 1038 2698 ll,

1103 283 1265 322 Statimque
1278 284 1329 314 ille
1343 285 1377 314 in
1388 285 1584 323 pioecipitium
1604 285 1715 314 cadens
1724 305 1734 320 ‚
1759 285 1881 314 coactus

1104 331 1148 358 est
1161 330 1232 360 flere
1243 339 1345 361 casum
1358 333 1526 370 proprium,
1535 333 1589 370 qui
1597 332 1702 361 riserat
1711 331 1845 361 alienum
1858 331 1881 357 ⁵.

1104 378 1138 406 Et
1149 377 1224 406 sicut
1238 380 1281 407 est
1300 379 1332 407 in
1355 379 1563 416 corporalibus
1586 379 1704 408 casibus
1712 388 1727 414 ,·
1735 378 1778 407 sic
1791 379 1834 406 est
1849 377 1880 406 in

1103 424 1316 461 spiritualibus
1338 427 1408 460 Quis
1431 428 1475 455 est
1497 433 1584 462 ergo,
1607 427 1883 462 quantumcumque

1103 474 1238 508 sanctus,
1267 472 1322 510 qui
1348 473 1452 502 cadere
1478 480 1540 501 non
1566 472 1728 501 formidet?
1747 472 1835 506 Quis,
1858 470 1883 499 si

1103 517 1204 553 ignem
1220 518 1253 546 in
1263 518 1390 547 fimbriis
1403 518 1516 547 habeat
1530 519 1784 553 vestimentorum,
1800 525 1884 546 com-

1103 563 1272 593 bustionem
1292 573 1354 593 non
1373 565 1497 593 timeat?
1511 565 1670 599 Quomodo
1690 565 1783 594 homo
1796 566 1882 602 pote-

1102 610 1140 638 rit
1153 618 1216 639 esse
1231 610 1347 647 absque
1360 612 1479 646 timore,
1494 611 1520 639 si
1533 611 1658 640 baberet
1671 612 1838 648 serpentem
1850 610 1883 639 in

1103 657 1224 685 ventre?
1238 657 1284 686 Sic
1298 657 1436 686 stimulus
1446 658 1543 687 carnis
1563 659 1607 686 est
1620 665 1743 695 serpens
1759 657 1882 693 ventris,

1102 704 1131 730 et
1144 702 1266 732 [lamma
1279 704 1412 732 mortalis
1425 704 1515 740 ignis,
1526 712 1588 742 quo
1603 704 1735 733 animam
1749 706 1883 733 nostram

1103 749 1244 786 depascit.
1260 750 1330 785 Quis
1347 759 1418 787 ergo
1431 752 1511 780 tutus
1524 751 1598 780 erit?
1618 753 1650 780 Et
1661 753 1821 788 propterea
1835 750 1883 779 di-

1103 796 1178 824 citur
1192 797 1203 814 ⁶
1219 806 1226 824 :
1245 807 1259 823 ι
1272 797 1343 825 Vide
1363 798 1427 826 vias
1449 799 1514 826 tuas
1534 797 1565 826 in
1589 797 1747 833 convalle,
1766 800 1795 826 et
1808 797 1882 827 scito

1103 843 1176 879 quid
1191 843 1294 872 feceris
1307 854 1321 870 ι)
1341 853 1349 872 :
1365 844 1451 881 quasi
1471 844 1550 874 dicat
1565 855 1574 873 :
1588 845 1722 882 Semper,
1731 853 1769 874 ne
1779 845 1881 880 cadas,

1102 889 1164 918 vias
1177 893 1240 918 tuas
1255 890 1371 919 attende
1383 912 1391 925 ‚
1405 893 1433 919 et
1447 891 1526 920 istud
1540 893 1571 920 ιἰι
1584 893 1718 926 convalle,
1733 891 1766 920 id
1780 894 1835 926 est,
1849 891 1880 920 in

1101 935 1278 972 bumilitate,
1293 945 1354 965 non
1370 937 1402 965 in
1416 940 1528 973 monte,
1542 938 1623 966 unde
1647 938 1742 975 possis
1762 938 1879 966 cadere.

1102 982 1204 1010 Nullus
1217 983 1296 1011 enim
1312 983 1400 1019 cadit,
1413 984 1468 1012 uisi
1479 984 1572 1021 quiin
1586 984 1647 1013 alto
1662 984 1811 1018 consistit3
1827 983 1881 1012 sed

1101 1029 1153 1065 qui
1168 1029 1198 1057 in
1217 1030 1354 1059 convalle
1369 1030 1474 1060 infima
1487 1031 1613 1060 domum
1626 1031 1725 1068 ponit,
1744 1031 1784 1060 ab
1797 1030 1881 1060 omni

1102 1083 1173 1104 casu
1188 1078 1265 1104 tutus
1279 1077 1385 1107 existit.

1136 1123 1242 1158 Tertio,
1257 1124 1358 1152 videre
1374 1124 1518 1153 debemus
1530 1125 1614 1161 juxta
1638 1133 1694 1153 nos
1707 1125 1880 1162 proximum

1101 1171 1237 1198 nostrum
1250 1170 1473 1207 delinquentem
1483 1193 1491 1207 ‚
1506 1174 1539 1200 ut
1559 1171 1587 1200 ei
1601 1171 1816 1200 condoleamus
1828 1193 1836 1203 .
1852 1173 1881 1200 et

1102 1217 1214 1245 malum
1230 1218 1381 1253 cognitum
1396 1218 1590 1247 declinemus.
1601 1220 1675 1247 Dum
1685 1219 1765 1247 enim
1779 1219 1880 1256 proxi-

1101 1272 1184 1292 mum
1196 1267 1368 1300 peccantem
1384 1265 1574 1299 attendimus,
1589 1265 1612 1292 si
1625 1265 1677 1293 filii
1688 1266 1736 1294 Dei
1748 1268 1775 1294 et
1786 1274 1880 1294 mem-

1101 1310 1154 1338 bra
1169 1311 1270 1339 Christi
1286 1319 1406 1346 sumuS,
1431 1312 1647 1348 compassionis
1661 1312 1762 1348 gladio
1781 1312 1880 1348 perio-

1100 1365 1211 1384 ramur.
1242 1357 1321 1385 Unde
1346 1358 1383 1386 de
1411 1358 1497 1386 malis
1525 1360 1553 1386 et
1580 1359 1679 1395 impiis
1703 1358 1830 1387 habetur
1848 1359 1880 1387 in

1102 1403 1243 1431 Psalmis⁷
1261 1413 1267 1431 :
1286 1414 1300 1430 α
1313 1405 1513 1433 Obscurentur
1535 1405 1614 1433 oculi
1639 1413 1762 1439 eorum,
1782 1413 1821 1433 ne
1834 1405 1880 1435 vi-

1101 1449 1198 1478 deant.
1223 1460 1236 1476 »
1259 1451 1317 1478 lloc
1341 1459 1404 1478 non
1425 1451 1496 1479 dicit
1518 1451 1664 1487 propheta
1684 1453 1802 1480 sanctus
1823 1459 1879 1488 op-

1100 1497 1202 1531 tando,
1218 1497 1270 1525 sed
1292 1497 1484 1533 praedieando
1497 1519 1506 1532 ‚
1531 1506 1567 1526 eo
1583 1497 1665 1534 quod
1689 1497 1789 1534 plures
1811 1499 1878 1527 caeci

1100 1546 1167 1571 sunt
1182 1543 1389 1579 proximorum
1400 1543 1486 1572 malis
1499 1543 1718 1580 compatiendo.
1737 1544 1817 1572 Unde
1832 1544 1878 1572 di-

1100 1590 1174 1618 citur
1194 1591 1230 1617 ad
1250 1591 1435 1626 Philippenses
1447 1592 1457 1607 ⁸
1474 1612 1480 1618 .
1504 1602 1518 1616 «
1534 1591 1633 1618 Videte
1653 1598 1740 1619 canes
1753 1612 1762 1625 ‚
1777 1591 1876 1620 videte

1099 1636 1194 1664 malos
1209 1637 1377 1672 operarios,
1400 1636 1497 1665 videte
1521 1637 1733 1665 concisionem.
1753 1648 1767 1664 i>
1792 1635 1878 1667 Canes

1099 1682 1237 1710 dicuntur
1259 1686 1446 1719 peccatores,
1462 1691 1516 1719 per
1535 1683 1744 1712 detractionem
1766 1684 1877 1720 linguae

1099 1729 1292 1757 ostendentes.
1312 1731 1381 1757 Mali
1403 1732 1502 1758 autem
1525 1732 1644 1765 operarii
1671 1730 1811 1759 dicuntur
1823 1739 1878 1767 per

1099 1776 1248 1803 bonorum
1273 1776 1475 1804 omissionem.
1493 1777 1550 1805 Sed
1564 1779 1680 1805 concisio
1695 1777 1876 1814 appellatur,

1100 1824 1220 1858 propter
1236 1822 1273 1858 (tu)
1288 1822 1387 1851 cordis
1402 1826 1429 1851 et
1444 1823 1562 1851 unitatis
1572 1823 1780 1852 lacerationem
1789 1826 1818 1852 et
1831 1824 1877 1852 di-

1098 1870 1254 1897 visionem.
1273 1870 1344 1897 Vere
1364 1877 1523 1905 possumus
1550 1870 1640 1898 hodie
1664 1870 1814 1907 compati,
1829 1878 1877 1906 ge-

1099 1923 1178 1943 mere
1203 1918 1231 1943 et
1251 1916 1366 1949 dolere,
1393 1916 1475 1952 quod
1502 1916 1656 1953 impletum
1681 1919 1723 1945 est
1743 1917 1818 1944 illud
1841 1918 1874 1944 ⁹:

1102 1974 1114 1986 ιι
1130 1962 1236 1990 videns
1252 1964 1339 1997 Deus,
1362 1962 1445 1999 quod
1464 1963 1558 1990 multa
1583 1963 1695 1991 malitia
1719 1963 1875 1992 hominum

1099 2012 1172 2036 esset
1197 2010 1226 2036 in
1253 2012 1347 2043 terra,
1364 2011 1392 2037 et
1415 2012 1520 2037 cuncta
1541 2010 1680 2044 cogitatio
1704 2009 1802 2037 cordis
1822 2009 1877 2037 hu-

1098 2056 1178 2083 mani
1202 2058 1276 2083 esset
1290 2055 1400 2083 intenta
1420 2055 1458 2083 ad
1479 2055 1592 2083 malum
1615 2056 1697 2083 omni
1720 2058 1873 2093 tempore,

1098 2102 1235 2138 poenituit
1247 2109 1316 2129 eum
1331 2102 1415 2138 quod
1430 2102 1580 2130 hominem
1591 2102 1705 2130 fecisset
1716 2102 1747 2130 in
1759 2105 1845 2131 terra.
1859 2114 1873 2129 »

1098 2148 1224 2182 Quando
1239 2150 1319 2176 tanta
1341 2148 1477 2183 lascivia,
1495 2150 1573 2176 tanta
1595 2149 1718 2184 malitia,
1734 2152 1794 2177 tam
1809 2157 1875 2178 cru-

1102 2196 1177 2224 delis
1192 2199 1220 2224 et
1235 2196 1371 2224 intestina
1384 2199 1450 2224 ante
1465 2196 1622 2231 diluvium,
1639 2199 1666 2224 et
1680 2198 1747 2233 post
1759 2196 1824 2231 fuit,
1839 2198 1876 2225 si-

1099 2248 1146 2272 cut
1166 2244 1349 2280 temporibus
1375 2243 1484 2271 nostris
1510 2243 1626 2271 existit?
1650 2245 1721 2272 Nam
1740 2244 1874 2281 undique

1099 2291 1206 2319 clausae
1224 2294 1291 2318 sunt
1304 2290 1359 2317 viae
1374 2290 1549 2324 latronibus
1564 2291 1660 2318 maria
1674 2294 1740 2319 sunt
1755 2291 1875 2320 obsessa

1098 2337 1304 2373 preedonibuS,
1321 2339 1348 2364 et
1363 2336 1404 2364 illi
1423 2336 1513 2365 hodie
1528 2337 1668 2365 laudibus
1681 2337 1872 2372 extolluntur,

1099 2385 1149 2420 qui
1173 2383 1335 2418 majoribus
1359 2383 1532 2410 criminibus
1554 2385 1750 2419 occupantur,
1773 2387 1801 2412 et
1821 2384 1872 2420 qui

1098 2431 1276 2458 insidiantur
1291 2430 1376 2466 quasi
1391 2429 1439 2458 leo
1453 2430 1483 2457 in
1496 2430 1671 2458 abscondito
1685 2430 1714 2457 in
1731 2429 1873 2466 spelunca

1098 2485 1160 2504 sua.
1178 2478 1236 2504 Leo
1251 2476 1330 2504 enim
1346 2476 1376 2503 in
1392 2484 1520 2504 caverna
1534 2483 1564 2504 se
1579 2475 1784 2511 abscondit,ut
1799 2476 1872 2504 dum
1917 2486 1994 2506 Exem-

1099 2523 1242 2551 animalia
1256 2530 1325 2550 eum
1339 2523 1442 2551 adesse
1457 2530 1518 2551 non
1539 2522 1683 2558 cogitant,
1698 2530 1752 2559 per
1772 2523 1872 2551 locum
1887 2517 1955 2543 ΨΜ

1099 2592 1137 2614 23.
1161 2603 1191 2607 —
1219 2591 1225 2603 ⁷
1249 2589 1316 2613 I’sal.
1345 2596 1441 2621 urin,
1465 2592 1502 2615 24.
1527 2603 1557 2607 —
1578 2589 1588 2606 ⁸
1606 2589 1709 2621 Philip„
1729 2597 1773 2622 ιιι,
1797 2594 1820 2616 2.
1843 2605 1872 2610 -

1099 2627 1108 2641 ¹
1125 2626 1196 2654 Gen„
1214 2631 1246 2655 xl,
1263 2627 1312 2650 5-6.

1132 2669 1166 2698 μι)
1189 2667 1262 2698 l'uly.
1279 2668 1416 2692 existimat.
1432 2681 1460 2685 —
1476 2667 1508 2699 (b)
1526 2668 1586 2692 Cat.
1601 2668 1662 2692 edit.
1676 2676 1730 2700 per.
