2029 3052
689 303 930 359 PASSIO
981 304 1259 359 CHRISTI

339 430 590 471 BREVITER
616 428 867 470 COLLECTA
896 428 960 468 AD
992 429 1168 470 MonUM
1197 425 1596 472 FASClCULORUM¹

800 662 825 696 A
837 659 895 696 RG
907 659 930 696 U
940 659 971 696 M
981 659 1004 696 E
1015 659 1040 696 N
1050 659 1074 695 T
1085 660 1109 696 U
1119 660 1151 697 M

847 734 901 771 (Em
915 735 982 762 edit.
997 735 1103 770 vatic.)

210 813 357 847 Devotus
377 814 410 845 et
432 810 524 844 omni
546 810 666 855 pietate
687 810 807 855 plenus
822 813 869 843 est
890 810 949 843 iste
967 813 1124 844 tractatus
1142 823 1149 843 :
1172 810 1206 843 in
1222 822 1289 856 quo
1305 811 1482 844 fasciculus
1497 811 1643 853 Myrrhae
1659 823 1788 857 sponsoe

167 871 327 905 uberibus
340 869 578 915 interponitur,
596 872 633 902 ut
648 868 812 902 virtutum
829 868 991 911 studium,
1009 872 1040 902 et
1054 869 1095 902 ad
1110 869 1231 902 Christi
1246 869 1388 903 vulnera
1401 870 1639 915 compassionis
1654 870 1790 904 affectus

168 932 342 974 augeatur.
358 929 397 961 In
412 928 561 973 antiquis
575 927 744 972 impressis
754 939 822 961 non
839 931 908 960 erat
923 927 985 960 hoc
999 927 1199 972 opusculum
1219 939 1237 961 a
1253 929 1419 973 superiori
1434 929 1567 973 (scilicet
1581 929 1789 963 fasciculario

167 988 207 1023 de
222 987 388 1022 exercitiis
403 986 648 1033 spiritualibus,
662 986 763 1031 hujus
780 986 936 1020 editionis
950 990 1039 1020 tomo
1053 986 1128 1028 XII,
1142 997 1217 1031 pag.
1239 987 1312 1031 171)
1328 987 1521 1021 distinctum
1538 1000 1544 1020 z
1559 992 1668 1021 tamen
1681 988 1791 1022 visum

168 1051 216 1081 est
230 1047 263 1080 in
280 1047 341 1080 hac
351 1046 495 1079 editione
510 1045 572 1079 sub
584 1045 744 1090 peculiari
760 1045 857 1078 titulo
873 1045 1069 1090 praecedenti
1080 1049 1266 1088 annectere,
1280 1057 1356 1079 cum
1369 1047 1476 1079 solum
1488 1046 1522 1079 in
1539 1058 1577 1080 eo
1592 1047 1631 1080 de
1643 1047 1792 1092 passione

168 1105 291 1140 Christi
312 1105 353 1139 ad
376 1104 512 1138 modum
536 1103 770 1137 fasciculorum
795 1115 946 1137 sermone
968 1108 1083 1137 auctor
1105 1104 1238 1137 scribat.
1266 1104 1450 1150 Itidemque
1474 1105 1598 1138 factum
1620 1110 1668 1139 est
1689 1106 1729 1139 de
1754 1118 1792 1139 eo

169 1164 342 1210 opusculo,
368 1163 456 1209 quod
474 1163 588 1208 (hujus
610 1162 764 1196 editionis
780 1166 868 1196 tomo
888 1163 968 1205 XII,
992 1174 1067 1208 pag.
1089 1163 1162 1207 158)
1188 1163 1382 1196 inscribitur
1400 1176 1406 1196 z
1430 1165 1478 1196 De
1488 1175 1606 1209 puqmc
1622 1165 1794 1210 spirituali

165 1229 282 1257 contra
295 1228 418 1268 septem
432 1222 517 1255 vitia
538 1221 714 1267 capitalia,
736 1221 826 1266 quod
848 1225 920 1266 post
939 1221 1000 1255 hoc
1020 1221 1090 1254 sine
1107 1221 1177 1255 ullo
1194 1222 1294 1255 titulo
1311 1222 1345 1255 in
1366 1222 1513 1267 antiquis
1534 1223 1702 1268 impressis
1716 1235 1793 1257 con-

164 1281 345 1315 tinebatur.
367 1280 417 1314 Ibi
432 1280 521 1314 enim
537 1280 647 1325 aptius
663 1280 771 1313 visum
789 1280 850 1313 fuit
864 1291 1029 1325 apponere
1045 1284 1117 1325 post
1132 1280 1217 1313 illud
1228 1308 1236 1323 ,
1259 1280 1313 1313 cui
1330 1280 1448 1313 titulus
1464 1285 1512 1314 est
1530 1294 1536 1314 :
1555 1283 1716 1316 Formula
1732 1295 1792 1315 au.

164 1352 221 1374 rea
237 1340 277 1374 de
290 1339 449 1386 qradz‘bus
466 1340 630 1373 virtutum
648 1330 819 1384 (in-nostra
833 1351 912 1373 vero
927 1338 1071 1372 editione
1087 1342 1163 1373 ante
1178 1339 1263 1372 illud
1283 1338 1322 1372 de
1338 1345 1531 1385 contemptu
1545 1340 1682 1385 soeculz).

166 1538 274 1565 Primus
281 1537 435 1571 fasciculus,
444 1535 582 1563 dominica
592 1536 637 1563 dte
647 1535 678 1562 de
690 1537 813 1563 oratione
823 1536 852 1562 ιῖη
862 1535 947 1569 horto,

472 1581 498 1606 et
511 1579 646 1614 captione.

206 1645 396 1679 Fasciculus
416 1644 558 1685 myrrhae
579 1643 715 1676 dilectus
741 1651 830 1676 meus
855 1643 947 1682 mihi,

165 1703 251 1735 inter
272 1700 369 1733 ubera
396 1708 467 1732 mea
482 1698 732 1731 commorabitur
748 1701 758 1717 2
772 1722 782 1737 ,
804 1698 949 1739 loquitur

165 1756 274 1787 anima
287 1754 419 1792 devota,
433 1753 609 1793 designans
625 1752 740 1783 Christi
757 1751 946 1783 amaritudi—

165 1818 240 1841 nem
257 1818 290 1840 se
306 1807 404 1839 simul
419 1807 585 1839 collectam
607 1795 734 1847 jugite'r
755 1806 788 1837 in
811 1815 869 1837 suo
892 1815 946 1846 pe-

167 1865 253 1895 ctore
268 1862 486 1894 circumferre.
502 1860 543 1892 Ut
560 1862 671 1891 autem
690 1862 726 1891 tu
748 1859 855 1899 etiam,
875 1860 946 1900 qui-

167 1927 306 1959 cumque
326 1916 518 1949 memoriam
533 1918 622 1947 tuam
637 1924 694 1956 per
709 1915 948 1946 meditationem

166 1972 279 2004 mortis
294 1971 408 2003 Christi
425 1970 602 2002 reformare
612 1969 781 2007 desideras,
796 1969 828 1999 in
843 1978 950 2009 prom-

165 2028 224 2068 ptu
238 2026 358 2057 habeas
380 2024 558 2062 fasciculos,
585 2023 641 2064 qui
666 2023 698 2054 in
722 2023 877 2054 memoria
893 2026 950 2055 tua

166 2081 419 2118 commorentur,
436 2078 618 2120 passionem
634 2078 749 2110 Christi
764 2078 816 2110 hic
832 2080 948 2110 tactam

167 2135 370 2167 solummodo
398 2133 511 2165 ordine
531 2133 785 2173 Evangeliorum
811 2134 948 2165 inserui-

168 2199 242 2222 mus
256 2188 491 2229 compendiose,
511 2189 547 2219 ut
568 2197 608 2219 ex
626 2187 687 2218 illis
708 2188 819 2228 paucis
840 2197 950 2219 secun-

168 2245 247 2276 dum
258 2243 314 2274 illa
323 2243 395 2281 tria,
408 2251 483 2283 quae
493 2242 576 2274 dicta
584 2244 659 2273 sunt
668 2241 690 2280 ³,
700 2251 792 2282 opus,
803 2242 948 2281 moduni,

168 2300 200 2330 et
215 2305 357 2334 causam,
374 2296 493 2327 habeas
509 2295 677 2327 materiam
701 2295 827 2336 copiose
848 2296 950 2327 medi-

169 2351 269 2391 tandi,
287 2352 317 2382 et
331 2351 370 2382 de
386 2349 496 2390 paucis
515 2349 656 2389 plurima
677 2349 821 2389 colligas.
839 2350 951 2390 Cogita

169 2407 274 2447 igitur
298 2403 460 2446 quomodo
484 2403 619 2434 solemni
639 2403 694 2434 illa
714 2413 816 2443 coena,
834 2404 873 2435 de
887 2414 952 2445 qua

171 2469 269 2501 supra
283 2460 403 2491 dictum
420 2460 479 2496 est,
495 2457 662 2496 celebrata,
676 2459 707 2488 et
720 2457 843 2498 hymno
855 2458 950 2497 dicto,

172 2514 316 2546 Christus
326 2513 409 2544 Deus
419 2513 450 2543 et
462 2511 561 2542 homo
573 2510 684 2542 videns
694 2511 952 2552 appropinquare

172 2569 299 2608 tempus
313 2575 424 2605 suum,
443 2564 584 2597 surrexit
608 2566 643 2596 ut
667 2564 728 2596 iret
741 2564 780 2596 ad
796 2566 949 2604 montem,

208 2650 216 2666 ¹
233 2649 274 2679 Cf.
295 2648 362 2673 Edit.
384 2647 477 2679 Vatic.,
497 2654 538 2671 an.
556 2647 631 2678 1596,
646 2648 710 2671 tom.
732 2647 793 2677 vn,
814 2653 873 2677 pag.
893 2647 949 2675 1113

176 2684 236 2710 edit.
258 2684 348 2716 Lugd.‚
364 2691 405 2710 an.
427 2685 498 2715 1647,
513 2685 576 2708 tom.
598 2683 632 2714 Η,
648 2690 706 2714 pag.
725 2684 780 2713 1075
798 2682 858 2707 edit.
875 2682 951 2713 Ven.,

1006 1535 1068 1566 hoc
1087 1537 1145 1571 est,
1168 1543 1249 1575 opus
1268 1535 1353 1575 quod
1376 1534 1459 1566 fecit.
1483 1535 1596 1574 Cogita
1617 1535 1732 1575 igitur,
1758 1537 1793 1566 ut

1006 1598 1105 1629 supra
1120 1589 1242 1619 dictum
1259 1590 1317 1627 est,
1335 1589 1373 1619 de
1390 1589 1496 1627 modo,
1514 1589 1676 1629 quomodo
1692 1599 1725 1621 se
1740 1590 1793 1621 ha-

1006 1643 1077 1674 buit
1092 1643 1181 1673 intus
1193 1644 1224 1673 et
1239 1644 1331 1673 extra
1348 1653 1354 1673 :
1377 1643 1495 1681 eundo,
1517 1636 1631 1683 fugam
1653 1643 1792 1684 discipu-

1004 1699 1112 1730 lorum
1132 1697 1284 1738 praedixit
1302 1706 1309 1728 :
1330 1696 1461 1728 Petrum
1484 1698 1622 1728 asseruit
1638 1698 1677 1737 (a)
1696 1699 1745 1728 ter
1760 1706 1793 1728 se

1005 1754 1217 1792 negaturum,
1232 1753 1263 1782 et
1278 1751 1340 1782 alia
1360 1760 1433 1792 quae
1455 1752 1668 1792 loquebatur3
1687 1754 1717 1783 et
1731 1752 1793 1784 hoc

1006 1807 1124 1838 iterun]
1141 1815 1223 1846 opus
1234 1805 1372 1837 attende.
1392 1806 1502 1845 Cogita
1514 1806 1610 1837 etiam
1622 1806 1793 1847 quomodo

1005 1860 1156 1892 exteriori
1170 1860 1269 1891 verba
1290 1859 1345 1890 illa
1361 1860 1571 1900 deprompsit,
1588 1862 1619 1891 et
1638 1860 1726 1900 quali
1741 1860 1792 1891 in-

1005 1915 1115 1946 teriori
1145 1913 1280 1954 protulit
1306 1914 1442 1951 affectu3
1472 1914 1516 1944 sic
1540 1913 1636 1944 facias
1659 1914 1791 1954 ubique,

1005 1978 1064 2000 nec
1091 1977 1172 2009 opus
1202 1977 1329 2008 semper
1359 1970 1407 1999 est
1437 1969 1592 2008 repetere.
1618 1968 1792 2008 Assumpto

1005 2023 1110 2061 Petro,
1136 2023 1258 2054 Iacobo
1281 2025 1312 2054 et
1333 2023 1467 2060 Joanne,
1484 2023 1529 2054 ait
1543 2023 1553 2039 ”
1575 2033 1581 2054 :
1608 2023 1724 2055 Tristis
1748 2028 1793 2055 est

1006 2080 1119 2111 anima
1141 2087 1209 2111 mea
1234 2086 1335 2118 usque
1358 2078 1403 2110 ad
1426 2080 1567 2110 mortem.
1592 2077 1717 2108 Relictis
1731 2077 1793 2108 illis

1005 2134 1092 2165 solus
1106 2135 1176 2164 orat
1191 2133 1225 2163 in
1244 2134 1365 2164 monte.
1391 2132 1495 2163 Finita
1516 2132 1609 2163 tertia
1629 2132 1698 2163 vice
1720 2141 1791 2163 ora-

1005 2189 1104 2227 tione,
1136 2197 1177 2219 ex
1199 2187 1436 2227 imaginatione
1465 2186 1589 2221 mortis,
1615 2187 1645 2217 et
1667 2186 1793 2218 interno

1007 2242 1115 2274 dolore
1135 2244 1165 2273 et
1187 2241 1314 2278 timore,
1331 2246 1340 2262 ὅ
1361 2242 1468 2279 sactus
1488 2242 1534 2272 est
1548 2239 1647 2272 sudor
1662 2240 1731 2279 ejus
1746 2242 1792 2272 si-

1006 2298 1061 2328 cut
1071 2296 1225 2335 sanquis,
1237 2295 1375 2326 innuens
1386 2294 1581 2326 ineffabilem
1596 2303 1724 2335 poenam
1738 2304 1794 2335 per

1008 2349 1090 2388 hoc3
1118 2358 1193 2380 nam
1224 2348 1264 2379 de
1286 2348 1376 2379 nullo
1405 2348 1467 2379 tale
1495 2347 1615 2388 aliquid
1641 2347 1792 2387 legimus.

1009 2402 1100 2434 Tunc
1116 2402 1258 2442 angelus
1273 2412 1359 2433 unus
1374 2411 1471 2434 suum
1488 2402 1659 2433 Dominum
1674 2402 1795 2432 confor-

1008 2458 1097 2488 tavit.
1116 2456 1235 2497 Cogita
1250 2457 1412 2497 quomodo
1423 2456 1567 2487 Christus
1579 2455 1716 2486 inimicis
1731 2455 1796 2486 suis

1008 2511 1164 2549 obviavit,
1186 2513 1217 2542 et
1238 2512 1351 2551 sponte
1377 2519 1410 2541 se
1433 2510 1560 2548 obtulit,
1577 2511 1607 2539 et
1623 2509 1723 2540 verbo
1737 2518 1795 2540 suo

1008 2610 1050 2627 an.
1069 2603 1146 2634 1754,
1164 2605 1231 2627 tom.
1247 2603 1291 2633 Vl,
1307 2604 1371 2633 part
1392 2603 1410 2632 Ι,
1426 2608 1484 2632 pag.
1502 2603 1539 2625 45.
1553 2613 1582 2619 ·-
1598 2600 1606 2614 2
1621 2598 1805 2630 Cam.‚1‚12.'

1011 2653 1037 2657 —-
1049 2639 1057 2653 ³
1072 2640 1147 2663 Tem.
1163 2639 1219 2670 ΧΗ,
1233 2646 1291 2670 pag.
1307 2639 1393 2662 178.—
1403 2638 1412 2654 '0
1424 2637 1610 2667 Maulz.,xxv1‚
1621 2637 1693 2661 38.—
1703 2637 1710 2650 s*
1729 2636 1795 2664 Luc„

1009 2686 1074 2711 xxii,
1091 2681 1129 2704 44.
1147 2693 1177 2697 —
1196 2680 1226 2711 (a)
1246 2680 1307 2706 (ἶφι.
1324 2679 1384 2703 edil.
1402 2678 1501 2702 asserit.
