2060 3052
148 817 229 837 Exem.

119 847 190 875 plum.

243 221 284 252 62

243 286 350 315 dicitur
363 289 372 306 ¹
387 287 472 324 quod
493 287 635 317 animalia
656 287 797 325 quatuor,
811 286 841 314 et
853 283 953 321 angeli
961 305 972 320 ‚
998 285 1028 312 et

242 333 346 369 viginti
361 335 491 372 quatuor
509 335 643 364 seniores
659 345 673 362 n
687 333 880 372 prociderunt
889 331 922 360 in
935 330 1026 360 facies

242 388 322 416 suas,
344 383 373 410 et
395 382 598 412 adoraverunt
619 381 789 411 Dominum.
803 390 818 407 n
835 379 973 408 Similiter
987 378 1026 407 de

242 429 354 465 Moyse,
369 429 421 466 qui
435 429 490 458 fuit
501 429 547 458 vir
560 429 682 458 humilis
694 427 794 463 valde,
805 425 932 456 dieitur²
941 425 1026 463 quod

243 477 306 504 erat
315 475 382 504 «vir
395 484 524 512 maguus
535 484 638 505 eoram
652 474 778 512 populo.
788 485 801 499 υ
810 473 930 502 Talibus
944 473 1026 502 enim

242 522 324 559 viris,
346 523 389 551 sic
409 523 574 552 humilibus
602 524 632 552 et
652 521 778 556 devotis,
802 529 858 550 sua
879 519 1026 549 beneficia

243 570 318 598 Deus
331 569 486 607 impendit.
503 569 584 598 Unde
604 571 632 598 et
648 569 742 606 Moysi
755 567 830 597 dixit
842 568 854 587 ⁸
868 577 875 596 ι
895 577 908 594 α
922 568 1024 597 osten-

243 616 314 645 dam
327 616 382 645 tibi
397 624 486 645 omne
500 616 626 645 bonum.
642 626 654 643 n
675 618 707 644 Et
721 615 814 644 David
826 614 972 644 humilem
987 614 1024 643 tle

241 665 310 700 post
322 663 455 692 foetantes
472 663 586 700 aceepit
599 671 655 700 pro
669 662 739 692 Saul
756 661 899 699 superbo,
913 663 942 690 et
956 669 1025 690 eum

241 717 344 746 regem
358 710 491 740 instituit.
503 711 620 739 Dixerat
629 710 709 738 enim
719 709 757 738 de
767 717 803 738 eo
815 709 854 738 ad
865 709 985 738 Samuel
994 709 1005 726 ⁴
1016 718 1024 736 :

246 768 259 784 ιι
270 757 369 786 inveni
383 757 482 787 virum
497 757 663 787 seeundum
678 765 730 786 cor
744 765 857 792 meum,
872 756 923 793 qui
938 756 1026 784 saciet

242 813 347 834 omnes
360 805 528 834 voluntates
541 813 635 834 meas.
651 815 665 831 i)
683 805 711 834 Si
727 804 815 840 falco,
831 803 939 841 proedae
949 803 1024 839 avis,

241 852 376 889 aquilam
397 860 500 888 regem
527 853 629 881 avium
656 851 687 880 in
710 853 826 880 tantum
848 850 1024 888 expavescit,

243 899 326 935 quod
336 907 398 928 non
408 899 499 928 audet
507 898 636 936 praedari
649 907 684 927 ea
694 898 754 934 die,
765 907 825 935 qua
836 898 941 926 camin
955 906 1024 926 aere

241 946 328 974 sentit
335 956 344 982 ;
365 948 478 983 quanta
496 946 536 974 ad
554 946 732 982 majestatem
746 945 890 980 divinam,
905 945 1025 974 creatri-

242 1001 307 1022 cem
329 995 505 1022 eunetorum
529 992 726 1026 existentium,
749 995 792 1021 est
815 993 854 1021 ab
883 992 1024 1021 omnibus

242 1040 413 1069 exhibenda
433 1040 621 1069 reverentia?
645 1039 703 1068 Sed
725 1039 851 1076 quidam
871 1042 950 1073 sunt,
971 1040 1023 1077 qui

241 1087 479 1116 verecundantur
498 1087 589 1116 hodie
606 1087 645 1115 ad
672 1087 828 1116 ecclesiam
841 1087 894 1122 ire,
909 1087 952 1114 ibi
967 1087 1022 1115 ad-

242 1143 347 1172 orare3
362 1136 413 1173 qui
428 1138 539 1171 tamen,
554 1135 729 1164 adveniente
741 1135 788 1163 die
795 1135 911 1171 judicii,
920 1134 1023 1170 velint,

241 1182 348 1218 nolint,
363 1185 506 1219 cogentur
524 1185 614 1211 Deum
637 1182 774 1217 adorare,
799 1182 934 1218 quamvis
955 1184 1023 1210 tunc

240 1229 281 1257 eis
296 1229 400 1258 inutile
414 1230 459 1258 sit.
471 1230 482 1246 ⁵
498 1241 511 1255 υ
527 1229 703 1258 Adorabunt
722 1237 790 1257 eum
815 1237 920 1257 omnes
938 1236 1023 1264 reges

240 1279 334 1311 terrae,
346 1279 374 1305 et
388 1285 492 1305 omnes
506 1279 606 1312 gentes
620 1276 747 1305 servient
762 1276 798 1304 ei.
813 1287 826 1302 n

275 1324 422 1359 Secundo,
440 1324 493 1352 suit
507 1326 561 1359 vir,
578 1326 710 1360 respectu
728 1324 876 1352 altissimae
893 1325 1022 1360 potesta-

240 1371 284 1403 tis,
301 1379 353 1407 per
368 1371 508 1399 devotam
524 1371 735 1399 obedientiam.
753 1371 833 1399 Unde
854 1371 891 1399 de
915 1379 950 1399 eo
970 1379 1023 1407 po-

241 1419 295 1446 test
309 1417 366 1446 dici
382 1418 456 1446 illud
470 1419 672 1446 Prouerbiorum
686 1419 696 1435 ‘¹
709 1427 715 1446 :
731 1429 744 1444 a
756 1418 803 1446 Vir
818 1418 964 1447 obediens
979 1418 1022 1447 lo-

241 1467 347 1502 quetur
362 1466 510 1494 victorias.
527 1476 540 1492 »
559 1466 585 1494 Si
609 1466 688 1494 enim
711 1466 849 1501 christus,
864 1466 954 1494 Filius
975 1467 1023 1494 tici

240 1512 353 1546 unicus,
370 1522 463 1549 usque
479 1513 518 1541 ad
534 1515 660 1541 mortem
675 1513 800 1549 imperio
817 1515 907 1541 Patris
919 1513 1023 1541 obedi-

240 1560 296 1595 vit,⁴
307 1560 373 1596 quis
389 1568 523 1597 unquam
539 1562 596 1588 Deo
613 1561 736 1589 obedire
752 1561 960 1598 contempserit
972 1564 984 1589 ῒ
996 1561 1024 1589 Si

239 1606 280 1634 sie
296 1606 426 1635 civitates
441 1607 587 1635 obediunt
611 1608 817 1644 potestatibus,
839 1609 880 1635 sie
899 1609 1023 1644 provin-

241 1654 291 1682 cioe
306 1654 444 1689 ducibus,
465 1654 489 1681 si
507 1655 547 1682 sic
563 1655 709 1690 regimina
722 1655 782 1682 sui>v
798 1655 929 1690 regibus,
944 1656 967 1683 si
984 1656 1023 1683 sic

241 1709 330 1736 grues
348 1703 375 1728 et
390 1709 507 1729 anseres
527 1701 572 1729 sui
594 1701 721 1737 agminis
746 1702 930 1736 ductoribus,
946 1702 967 1730 si
983 1702 1024 1730 sie

241 1747 346 1784 pupilli
357 1748 417 1775 suis
432 1749 615 1784 parentibus,
634 1749 707 1785 quid
723 1751 774 1781 est,
788 1749 870 1785 quod
884 1749 938 1776 soli
955 1750 1024 1783 lieo,

242 1795 311 1830 [tegi
330 1803 458 1830 summo,
479 1803 540 1824 non
566 1795 749 1824 obedimus?
769 1797 796 1824 Si
817 1798 876 1824 Deo
897 1796 939 1824 sic
954 1796 1024 1824 obe-

241 1841 326 1869 diunt
349 1841 478 1870 coelestia
499 1851 637 1879 corpora,
658 1843 682 1870 si
705 1843 864 1878 elementa,
883 1843 907 1870 si
923 1844 1025 1872 omnia

242 1889 380 1924 viventia,
401 1890 424 1917 si
445 1890 574 1918 eoelestia
596 1891 736 1926 agmina:
762 1891 834 1926 quid
860 1893 911 1925 est,
941 1891 1024 1927 quod

241 1936 332 1964 homo
348 1937 439 1971 solus,
457 1939 576 1973 propter
597 1946 686 1974 quem
709 1938 801 1965 sactus
820 1941 862 1966 cst
883 1939 1025 1973 mundus,

242 1986 269 2010 et
291 1986 365 2011 {teus
379 1986 422 2011 est
437 1984 626 2019 humanatus,
649 1985 726 2012 adeo
752 1985 861 2012 incedit
883 1986 1025 2013 adversus

243 2032 345 2064 Deum,
369 2038 423 2058 nee
446 2032 471 2058 ei
496 2031 619 2059 obedire
645 2032 806 2067 dignatur?
828 2034 859 2059 Et
878 2033 939 2068 ipsc
956 2033 1024 2060 ideo

242 2077 313 2104 dicit
328 2077 368 2104 eis
380 2079 389 2095 ⁷
407 2087 412 2104 ι
434 2089 446 2102 α
460 2079 533 2112 Quia
548 2079 664 2113 vocavi,
682 2081 709 2106 et
726 2080 862 2106 renuistis
876 2089 882 2114 3
905 2080 1023 2108 extendi

243 2132 364 2152 manum
387 2133 495 2160 meam,
516 2127 544 2154 et
565 2134 625 2153 non
646 2126 699 2153 suit
720 2126 770 2161 qui
793 2127 954 2162 aspiceret;
975 2127 1025 2154 de-

241 2171 376 2206 spexistis
392 2180 479 2200 omne
501 2173 657 2201 consitium
678 2181 790 2208 meum,
805 2175 832 2201 et
847 2174 1023 2209 increpatio-

243 2226 293 2244 nes
319 2227 400 2246 meas
424 2219 591 2254 neglexistis
614 2229 620 2247 2
646 2229 700 2255 ego
724 2228 845 2256 quoque
862 2221 891 2248 in
908 2221 1024 2249 interitu

242 2267 311 2292 vest.
322 2273 339 2293 ο
355 2265 472 2300 ridebo,
488 2269 514 2294 et
536 2267 739 2297 subsannabo,
756 2276 823 2294 cum
840 2268 925 2295 vobis
941 2268 1023 2304 quod

243 2311 389 2340 timebatis
402 2313 540 2341 evenerit.
559 2324 569 2336 n
590 2317 719 2347 Quatuor
738 2314 766 2341 in
782 2314 835 2341 bac
852 2316 1023 2343 auctoritate

242 2360 335 2395 ponit,
352 2361 462 2397 quibus
484 2370 538 2389 nos
559 2362 683 2389 intendit
699 2362 737 2389 ad
753 2372 782 2389 se
800 2364 912 2391 trahere
930 2373 936 2391 :
954 2372 1023 2392 nam

242 2408 357 2436 vocatio
379 2408 411 2435 iit
432 2416 484 2444 per
499 2409 675 2436 exteriorem
692 2410 896 2445 vocatiouein5
918 2420 1024 2439 manus

242 2455 384 2489 extensio,
400 2463 453 2491 per
468 2455 682 2484 beneficiorum
703 2456 890 2491 largitionem
905 2468 910 2492 ;
929 2459 1024 2486 consi-

242 2500 314 2528 lium
328 2502 445 2537 respicit
457 2503 603 2530 internam
618 2503 856 2539 inspirationem,-
868 2505 919 2532 sed
931 2505 1022 2533 incre-

242 2547 321 2583 patio
338 2550 368 2576 tit
382 2558 433 2585 per
445 2550 632 2585 flagellorum
645 2550 870 2579 immissionem.
883 2553 937 2585 Qui
951 2561 1021 2589 ergo

275 2624 379 2655 milwe,
396 2630 431 2655 lv,
450 2627 485 2649 10.
505 2639 533 2644 —
550 2627 557 2640 ²
572 2626 662 2656 lca-orl„
679 2628 797 2657 x1,:3.—-
813 2627 822 2644 ³
836 2628 908 2658 lbid.,
924 2635 1022 2661 xxxiii,

244 2661 281 2684 19.
300 2673 331 2677 »-
357 2662 362 2674 ¹
388 2662 394 2684 l
416 2662 485 2693 1109„
507 2668 570 2693 xm,
596 2664 633 2686 tt.
656 2676 687 2680 -—
707 2664 715 2677 ⁵
738 2663 805 2688 Psal.
830 2670 904 2695 ιλΧί,
931 2668 966 2690 Η.
993 2679 1022 2684 --

243 2700 246 2709 “
270 2697 351 2726 psov,
378 2704 436 2727 XM,
456 2700 492 2722 13⁸.
523 2712 544 2715 *A
573 2699 582 2715 ⁷
609 2699 681 2729 ibid„
705 2706 724 2730 t,
746 2701 827 2724 {ik-26.
851 2713 874 2717 >-<
901 2701 910 2717 ⁵
936 2702 1021 2733 I'1·01·.‚

611 216 822 253 SERMONES
843 215 895 250 DE
915 213 1084 249 SANcTts
1105 215 1147 249 IN
1167 215 1361 250 commum.
1382 215 1493 250 xxm.

1083 283 1123 313 ad
1137 285 1231 314 Deum
1246 284 1332 314 nullo
1346 285 1441 314 modo
1454 283 1647 322 convertitur,
1663 285 1756 322 digne
1768 294 1791 317 a
1803 288 1864 317 neo

1081 330 1233 368 irridetur,
1245 334 1274 362 et
1286 333 1389 370 petens
1403 332 1642 362 misericordiam
1655 340 1719 362 non
1731 333 1862 364 auditur.

1117 379 1212 408 Tertio
1225 379 1280 408 fuit
1293 380 1516 422 amabilissimae
1526 380 1668 410 bonitatis
1680 381 1729 417 (a),
1744 389 1800 418 per
1812 389 1865 411 ve—

1072 418 1147 455 ⁴ram
1161 426 1262 455 cordis
1275 426 1446 456 amicitiam.
1461 429 1569 456 Amant
1582 427 1736 464 animalia,
1751 429 1781 457 et
1795 430 1865 458 sunt
1877 437 1985 466 Empi-

1081 474 1142 502 suis
1159 472 1400 502 benefactoribus
1418 474 1507 503 valde
1526 474 1632 504 fideles
1647 475 1695 512 (b),
1713 475 1790 504 sicut
1801 475 1864 504 leo-

1081 528 1167 556 num,
1182 528 1302 555 canum,
1324 528 1473 557 equorum
1484 542 1493 556 ‚
1507 521 1640 558 probant
1651 522 1748 551 multa
1761 530 1863 551 exem-

1080 567 1141 604 pla.
1157 567 1249 604 Igitur
1263 567 1346 596 solus
1359 567 1453 596 bomo
1467 568 1632 605 rationalis,
1647 569 1696 598 eui
1716 569 1784 606 plus
1801 578 1864 607 prae

1082 615 1192 643 eaeteris
1207 614 1311 643 datum
1324 614 1378 643 fuit
1392 623 1411 644 a
1425 616 1495 651 Deo,
1510 615 1625 644 amicus
1642 623 1706 645 non
1725 617 1790 653 erit,
1808 624 1865 646 neo

1080 660 1173 690 fidem
1190 661 1217 690 ei
1239 661 1380 698 servabit,
1397 661 1449 700 qui
1464 670 1554 691 causa
1568 663 1787 692 beneficiorum
1801 665 1864 701 ejus

1080 707 1157 737 fuit?
1168 708 1249 737 Unde
1263 709 1301 738 de
1308 708 1448 739 hocfaoto
1457 712 1559 739 nostro
1567 713 1664 747 potest
1673 711 1732 739 diei
1742 711 1838 740 illud⁸
1854 720 1861 740 ε

1084 765 1098 782 α
1109 756 1156 784 Vir
1169 756 1267 785 fidelis
1281 757 1409 786 multum
1424 757 1607 786 laudabitur.
1625 768 1640 785 i>
1657 759 1776 787 Multum
1793 758 1863 787 ideo

1081 802 1167 839 dicit,
1193 803 1265 840 quia
1288 804 1339 832 vix
1363 804 1514 833 invenitur
1535 804 1645 842 aliquis
1665 813 1729 834 esse
1753 805 1861 835 fidelis.

1080 850 1162 879 Unde
1180 851 1325 880 dicitur⁰z
1343 851 1437 886 «Quis
1457 854 1544 888 putas
1563 854 1607 881 est
1628 852 1727 881 fidelis
1746 861 1861 888 sel-vua,

1081 900 1109 926 et
1123 898 1256 934 prudens
1267 900 1281 927 ⁸?
1295 909 1308 925 »ι
1327 899 1449 928 Attende
1460 920 1470 935 ‚
1484 899 1577 928 homo
1586 921 1595 934 ,
1610 900 1729 929 attende
1750 902 1862 937 quanta

1080 945 1117 973 sit
1140 945 1298 974 fidelitatas
1327 946 1463 975 omnium
1487 954 1648 984 corporum
1673 947 1862 984 superiorum

1080 992 1120 1021 ad
1133 993 1270 1021 facienda
1286 993 1386 1022 officia
1397 1001 1451 1022 sua
1464 1003 1471 1021 :
1489 996 1601 1031 quanta
1615 993 1743 1023 fidelitas
1766 1002 1862 1032 aqua-

1079 1047 1146 1068 rum
1175 1039 1214 1068 ad
1239 1040 1424 1076 irrigandam
1445 1042 1575 1076 terram,
1604 1043 1716 1078 quanta
1734 1041 1863 1070 fidelitas

1080 1089 1162 1116 terrae
1177 1088 1216 1116 ad
1237 1088 1351 1117 semina
1366 1088 1522 1124 mittenda,
1548 1090 1576 1116 et
1590 1087 1727 1123 germina
1747 1088 1862 1125 produ-

1079 1135 1192 1163 cenda!
1210 1135 1286 1169 Quid
1303 1136 1362 1164 Deo
1378 1135 1528 1164 infidelius
1547 1135 1653 1170 existit,
1674 1143 1766 1172 quam
1780 1143 1862 1164 erea-

1080 1185 1144 1212 tura
1158 1184 1312 1213 rationalis
1323 1206 1332 1220 ,
1353 1185 1400 1213 cui
1415 1185 1527 1213 eunctis
1541 1192 1604 1214 esse
1620 1184 1738 1213 fidelior
1757 1185 1864 1214 debuit

1079 1239 1115 1259 ex
1130 1232 1280 1268 acceptis?
1291 1232 1347 1260 Sed
1366 1244 1379 1258 n
1390 1232 1495 1261 beatus
1510 1233 1566 1268 vir,
1581 1232 1631 1269 qui
1647 1235 1743 1269 portat
1754 1233 1862 1268 jugum

1080 1279 1195 1307 Domini
1221 1280 1260 1307 ab
1287 1279 1487 1309 adolescentia
1511 1288 1576 1314 sua,
1603 1291 1615 1306 n
1640 1280 1714 1308 sicut
1736 1279 1863 1308 habetur

1079 1325 1110 1354 in
1128 1327 1239 1355 Thrcnz's
1256 1327 1284 1356 ¹⁰.

1115 1374 1235 1409 Quarto,
1255 1374 1307 1402 iste
1328 1376 1449 1403 Sanctus
1469 1374 1523 1402 suit
1542 1376 1600 1409 vir,
1624 1376 1760 1411 respectu
1776 1382 1860 1402 reve·

1078 1421 1262 1449 rendissimre
1276 1422 1417 1457 veritatis,
1438 1429 1493 1458 per
1507 1423 1617 1450 eertim
1635 1421 1860 1450 confidentiam.

1079 1468 1195 1495 Sciebat
1209 1469 1289 1496 enim
1305 1469 1447 1505 seriptum
1462 1469 1552 1497 esse¹¹
1569 1477 1576 1496 :
1596 1480 1609 1493 (ι
1623 1470 1727 1497 Beatus
1737 1468 1792 1503 vir,
1808 1469 1860 1504 qui

1079 1514 1203 1542 contidit
1214 1515 1242 1543 in
1253 1515 1388 1543 Domino.
1403 1526 1415 1541 »
1434 1515 1492 1544 ΕΝ
1509 1525 1515 1544 :
1531 1526 1543 1541 (ι
1554 1515 1723 1544 Maledictus
1738 1515 1794 1550 vir,
1809 1515 1860 1552 qui

1080 1562 1202 1590 contidit
1218 1563 1247 1590 in
1268 1562 1398 1590 homine.
1415 1573 1429 1588 n
1452 1564 1568 1596 Quare?
1587 1562 1659 1596 Quia
1685 1562 1766 1590 solus
1788 1564 1862 1590 Deus

1080 1617 1168 1637 verax
1185 1611 1228 1637 est
1253 1618 1259 1636 :
1280 1620 1293 1634 «
1309 1609 1406 1637 omnis
1426 1612 1525 1637 autem
1546 1609 1566 1626 ¹³
1580 1609 1672 1637 homo
1689 1609 1828 1637 mendax.
1846 1620 1859 1634 n

1081 1656 1161 1684 t'nde
1177 1656 1285 1684 dicitur
1295 1655 1314 1674 ¹⁸
1326 1666 1351 1684 :a
1364 1658 1426 1684 Non
1439 1659 1482 1684 est
1493 1658 1567 1684 Deus
1576 1659 1607 1684 ut
1623 1657 1725 1691 homo,
1738 1659 1768 1684 ut
1782 1664 1864 1684 men-

1080 1703 1180 1738 tiatur;
1198 1711 1250 1731 nee
1270 1706 1302 1731 ut
1318 1704 1397 1731 tilius
1417 1703 1556 1738 hominis,
1577 1706 1609 1732 ut
1630 1706 1766 1732 mutetur.
1789 1704 1863 1732 Dixit

1080 1759 1150 1785 ergo
1167 1753 1194 1778 et
1209 1758 1269 1778 non
1286 1751 1391 1779 saciet-s
1414 1750 1530 1778 loeutus
1550 1753 1607 1785 est,
1628 1753 1655 1779 et
1673 1759 1734 1779 non
1756 1751 1861 1788 imple-

1081 1797 1177 1825 bitur?
1194 1808 1206 1823 »
1225 1800 1300 1833 tirgo
1316 1798 1338 1825 si
1357 1798 1385 1825 in
1402 1806 1516 1832 verace,
1539 1801 1566 1825 et
1580 1806 1641 1826 non
1663 1798 1691 1826 in
1708 1798 1862 1832 mendace,

1080 1845 1294 1872 confidendum
1308 1848 1360 1879 est,
1377 1845 1406 1872 in
1424 1847 1480 1873 Deo
1497 1848 1608 1873 tantum
1619 1866 1628 1878 ,
1645 1847 1673 1873 et
1687 1852 1749 1873 non
1766 1845 1795 1872 in
1810 1845 1863 1873 ho-

1081 1893 1171 1927 mine,
1189 1893 1371 1929 sperandum
1387 1895 1438 1921 est.
1457 1894 1526 1920 item
1545 1895 1588 1921 est
1607 1892 1666 1921 alia
1688 1893 1762 1921 ratio
1779 1902 1785 1920 ε
1802 1901 1863 1921 non

1081 1940 1160 1967 euim
1176 1942 1218 1968 est
1234 1939 1346 1967 homini
1364 1939 1578 1968 confidendum
1592 1940 1621 1967 in
1633 1948 1722 1974 vano,
1733 1940 1786 1968 sed
1803 1942 1864 1968 tan·

1081 1991 1142 2015 tum
1165 1988 1194 2015 in
1210 1988 1319 2017 solido.
1345 1989 1494 2025 Numquid
1513 1997 1573 2016 non
1596 1988 1701 2016 stultus
1721 1988 1864 2016 transiens

1081 2035 1263 2071 profundum
1281 2036 1402 2071 flumen,
1421 2035 1535 2063 habens
1555 2035 1709 2071 lapideum
1725 2038 1861 2071 pontem,

1081 2082 1264 2119 velletsuper
1271 2086 1391 2119 pontem
1401 2083 1527 2110 vitreum
1536 2082 1678 2110 transire?
1686 2083 1788 2110 Nonne
1795 2082 1862 2109 stul-

1083 2133 1186 2163 tusest,
1198 2131 1246 2166 qui
1260 2131 1372 2166 positus
1385 2130 1413 2157 in
1422 2130 1565 2166 periculo,
1579 2129 1702 2157 confidit
1715 2129 1743 2157 in
1753 2129 1861 2158 baculo

1081 2178 1258 2212 arundineo,
1275 2177 1401 2205 totaliter
1417 2177 1537 2205 interius
1553 2176 1721 2213 perforato?
1736 2177 1792 2205 Sed
1808 2177 1862 2205 ho-

1081 2233 1130 2252 mo
1140 2227 1181 2252 est
1191 2225 1416 2260 fragiliorvitro,
1427 2224 1564 2252 etvanior
1576 2224 1685 2252 baculo
1697 2224 1859 2260 perforato:

1080 2280 1152 2307 ergo
1169 2280 1228 2300 non
1245 2274 1287 2300 est
1308 2272 1522 2300 eontidendum
1538 2272 1566 2299 in
1584 2280 1629 2300 eo.
1647 2272 1733 2306 Quod
1750 2272 1773 2299 si
1790 2272 1861 2300 mihi

1080 2326 1139 2346 nou
1157 2319 1263 2353 credis,
1280 2319 1350 2347 audi
1372 2319 1549 2355 i‘rophetam
1563 2319 1582 2335 ¹³
1598 2329 1603 2346 :
1624 2330 1636 2345 «
1652 2319 1792 2360 Universa
1812 2327 1862 2346 va-

1080 2366 1164 2400 nitas,
1189 2366 1286 2393 omnis
1309 2367 1400 2394 homo
1424 2366 1560 2394 vivens.»
1592 2368 1720 2394 snit-ersa
1735 2368 1859 2400 vam‘les,

1080 2412 1147 2440 ideo
1163 2413 1244 2448 dicit,
1261 2413 1331 2449 quia
1347 2414 1461 2441 vanitas
1473 2414 1569 2441 omnis
1585 2413 1615 2441 in
1630 2413 1751 2441 homine
1767 2413 1861 2440 existit

1080 2460 1174 2495 magis
1189 2468 1280 2496 quam
1297 2460 1325 2487 in
1341 2460 1406 2488 aliis
1427 2460 1527 2488 rebuS.
1551 2462 1624 2489 Cum
1645 2462 1744 2488 autem
1759 2460 1860 2487 onmia

1079 2510 1184 2542 prseter
1204 2509 1294 2535 Deum
1317 2509 1373 2535 sint
1394 2516 1482 2542 vana,
1500 2508 1605 2543 juvare
1627 2514 1657 2534 se
1677 2514 1738 2534 non
1762 2506 1860 2534 valen-

1080 2590 1173 2614 xxvm,
1186 2586 1223 2608 20.
1240 2598 1268 2602 —
1284 2586 1293 2601 ν
1307 2584 1408 2610 natm..
1426 2590 1496 2615 xx1v‚
1513 2585 1550 2608 45.
1567 2596 1596 2601 -
1616 2586 1634 2599 '⁰
1649 2583 1745 2613 ΤΙυέη.,
1764 2589 1804 2614 ιιι,
1819 2585 1857 2608 27.

1079 2633 1109 2638 —-
1129 2621 1144 2637 ¹¹
1162 2621 1263 2650 der-em„
1282 2627 1350 2650 xx'tt,
1373 2622 1395 2645 7.
1412 2634 1442 2638 —
1462 2621 1481 2637 ¹²
1499 2619 1572 2650 thid„
1590 2621 1613 2642 5.
1632 2633 1658 2636 -—
1681 2619 1700 2635 ¹³
1714 2619 1782 2644 psal.
1799 2626 1857 2646 cxx.

1082 2659 1118 2681 tt.
1135 2669 1163 2674 —-
1181 2656 1199 2672 ’Β
1213 2657 1397 2687 i'v'imz.,xx111,
1415 2658 1451 2681 ss).
1468 2657 1531 2674 -—¹⁵
1544 2655 1614 2680 Psal.
1633 2661 1751 2687 xxxviii,
1766 2658 1789 2679 6.

1112 2703 1145 2733 (u)
1164 2702 1224 2727 le.
1244 2702 1303 2726 edil.
1318 2702 1440 2726 veritatis.
1454 2715 1484 2720 —
1500 2702 1532 2732 (la)
1549 2701 1606 2732 Ley,
1625 2701 1715 2725 tidelia.
