2029 3052
201 403 642 460 PSALTERIUM
689 402 912 457 MAJUS
955 403 1015 457 B.
1065 401 1306 456 MARIAE
1353 385 1703 455 VIRGINIS¹

811 689 1083 727 ARGUMENTUM

750 772 805 808 (Em
825 773 889 800 edit.
913 773 1039 800 Vatican.
1062 771 1151 807 1596.)

185 855 335 901 Sequens
350 855 562 900 opusculum,
577 854 631 887 cui
646 854 765 888 titulus
780 857 828 888 est
846 854 1052 888 Psalterz'um
1068 856 1107 887 B.
1130 854 1286 899 Virqinz's,
1305 853 1480 887 artificiose
1495 853 1599 886 instar
1611 851 1762 886 Davidici

139 914 292 948 Psalterii
302 913 443 948 Sanctus
453 913 688 947 Bonaventura
697 913 893 959 composuit.
909 913 996 947 Sunt
1007 916 1119 947 autem
1131 913 1166 946 in
1177 924 1214 946 eo
1225 917 1358 946 centuni
1368 911 1617 957 quinquaginta
1627 911 1759 956 psalmi,

139 984 285 1019 quorum
310 972 406 1006 initia
427 972 591 1005 cohaerent
613 983 690 1005 cum
711 972 847 1017 psalmis
868 972 1024 1015 Davidis;
1047 983 1123 1017 quae
1142 983 1220 1006 vero
1240 971 1492 1016 subsequuntur
1514 970 1628 1012 verba,
1649 969 1760 1003 Beatae

140 1031 274 1075 Virgini
297 1031 434 1076 pulchre
456 1035 624 1076 aptantur.
648 1031 803 1066 Continet
817 1031 918 1065 etiam
934 1031 1060 1065 cantica
1075 1034 1159 1073 octo,
1179 1030 1283 1063 instar
1298 1030 1420 1063 scilicet
1438 1029 1640 1063 canticorum
1655 1028 1757 1068 Isaiae,

140 1090 299 1133 Ezechiae,
325 1090 445 1134 Annae,
471 1091 617 1124 duorum
641 1090 760 1135 Moysi,
789 1090 957 1133 Habacuc,
986 1090 1089 1123 trium
1120 1100 1316 1135 puerorum,
1341 1092 1373 1122 et
1396 1088 1580 1129 Zachariae;
1604 1090 1761 1133 praeterea

138 1149 317 1194 hymnum,
335 1151 375 1183 Te
384 1156 529 1183 matrem
544 1150 606 1184 Dei
620 1149 813 1192 laudamus,
831 1149 974 1183 similem
993 1149 1056 1191 illi,
1074 1149 1134 1194 qui
1149 1148 1327 1182 Ambrosio
1338 1146 1569 1191 etAugustino
1582 1145 1741 1179 tribuitur
1748 1158 1757 1187 ;

138 1207 282 1253 denique
302 1208 512 1254 symbolum,
539 1209 745 1254 Quicumque
768 1209 851 1250 vult,
883 1208 924 1242 ad
949 1208 1171 1241 imitationem
1198 1206 1352 1252 Symboli
1373 1205 1559 1239 Athanasii.
1582 1205 1663 1245 Quis
1681 1216 1759 1238 vero

138 1265 240 1300 fuerit
254 1266 408 1300 Auctoris
422 1278 539 1312 scopus
554 1267 589 1300 in
605 1267 667 1301 hoc
682 1267 856 1312 opusculo,
874 1279 914 1301 ex
929 1267 1125 1312 praefatione
1140 1267 1174 1299 in
1191 1266 1301 1311 ipsum
1318 1265 1395 1298 satis
1410 1268 1556 1310 apparet.

802 1496 1102 1536 PRAEFATIO

176 1603 278 1639 Arripe
289 1604 378 1638 illam,
394 1604 419 1631 et
433 1604 565 1630 exaltabit
582 1604 621 1637 te,
640 1604 664 1630 et
680 1603 876 1637 glorificaberis
891 1603 922 1630 ab

139 1658 182 1685 ea,
201 1659 260 1678 cum
279 1651 357 1677 illam
374 1651 460 1684 fueris
477 1650 658 1685 amplexatus.
677 1650 759 1677 Dabit
776 1651 863 1685 capiti
878 1653 923 1677 tuo

140 1700 284 1733 augmenta
292 1699 457 1733 manarum,
463 1700 488 1724 et
496 1705 592 1725 corona
600 1698 704 1732 inclyta
708 1699 832 1732 proteget
840 1700 876 1732 te,
884 1697 924 1726 ait

140 1745 262 1782 Sapiens
275 1746 295 1772 ².
312 1744 411 1773 Gloria
425 1745 456 1772 in
479 1744 601 1772 excelsis
624 1745 693 1778 De0,
714 1746 743 1772 et
758 1744 922 1780 gratiarum

140 1792 227 1827 actio,
243 1794 271 1820 et
284 1800 344 1820 vox
365 1791 473 1824 laudis,
497 1791 549 1827 qui
572 1799 652 1819 nunc
674 1799 727 1827 per
747 1791 922 1828 prophetica

141 1839 292 1876 mysteria,
299 1847 378 1867 nunc
389 1847 441 1875 per
452 1839 574 1867 oracula
588 1839 625 1866 de
642 1839 722 1867 coelis
737 1839 832 1875 lapsa,
843 1847 923 1867 nunc

140 1895 193 1923 per
207 1886 363 1914 lectionem
381 1886 597 1921 evangelicam,
614 1894 694 1913 nunc
709 1894 763 1922 per
778 1886 922 1922 apostoli-

142 1941 208 1962 cam
233 1933 362 1968 turbam,
394 1932 553 1961 multifarie
577 1933 737 1969 multisque
762 1934 861 1961 modis
884 1934 923 1962 ad

140 1980 288 2009 honorem
302 1980 429 2016 Virginis
452 1980 559 2015 Mariae,
583 1980 702 2016 Reginae
725 1980 870 2008 coelorum
889 1989 923 2008 ac

141 2028 328 2064 angelorum,
353 2027 548 2055 sincerissime
563 2035 618 2055 nos
633 2027 736 2055 invitat
751 2035 784 2055 ac
798 2027 900 2056 incitat
915 2038 922 2056 ;

140 2077 173 2103 ut
187 2083 241 2112 per
254 2075 347 2112 ipsius
358 2077 459 2103 sancta
470 2075 586 2109 merita,
600 2075 682 2103 omni
693 2075 864 2111 acceptione
881 2075 925 2102 di-

143 2124 296 2160 gnissima,
308 2132 342 2151 ex
357 2123 542 2151 infernorum
561 2122 694 2151 claustris
711 2125 855 2159 arreptos,
871 2131 924 2151 an-

142 2171 243 2207 gelicae
257 2171 367 2199 militiae
383 2179 438 2198 nos
453 2170 615 2198 adscribat.
636 2171 728 2205 Unde,
752 2170 819 2198 licet
841 2170 924 2199 Salo-

142 2226 215 2247 mon
237 2218 330 2246 verba
353 2218 493 2254 praedicta
517 2218 554 2245 de
582 2218 726 2254 sapientia
750 2218 923 2254 protulerit3

143 2265 266 2302 Spiritus
282 2267 379 2293 tamen
393 2266 510 2293 sanctus
525 2265 577 2293 illa
590 2265 629 2293 ad
644 2266 792 2301 Virginem
808 2266 925 2302 praecel-

142 2313 253 2342 lentem
271 2313 392 2341 Mariam
415 2312 568 2340 intellectu
592 2313 717 2348 mystico
741 2313 871 2341 reflectit.
893 2315 925 2342 In

143 2369 204 2398 quo
224 2360 318 2388 verbo
344 2368 406 2394 vos,
427 2359 529 2387 amicae
550 2359 740 2396 charissimae,
768 2361 807 2388 ad
833 2360 925 2397 ipsius

143 2416 277 2437 amorem
290 2408 333 2436 est
348 2407 491 2442 alliciens,
509 2409 697 2443 vestrumque
713 2416 764 2436 cor
779 2408 818 2436 ad
832 2408 925 2444 ipsius

144 2455 316 2491 amplexum
342 2454 431 2482 variis
451 2454 700 2490 promissionibus
724 2455 873 2483 attrahens
897 2458 925 2484 et

144 2502 325 2531 demulcens.
354 2501 488 2537 Assignat
512 2504 611 2530 autem
640 2502 726 2530 vobis
756 2504 925 2531 assecutura

144 2549 272 2583 quatuor
292 2548 373 2575 dona
387 2547 522 2582 mirifica,
544 2547 568 2574 si
589 2549 648 2575 tam
664 2547 807 2583 praeclara
823 2549 925 2584 puella

144 2601 223 2622 nexu
248 2595 391 2630 spirituali
413 2594 500 2622 vobis
521 2594 607 2622 fuerit
626 2594 794 2629 conjuncta,
810 2597 838 2623 et
852 2596 923 2624 bra-

178 2669 184 2684 ¹
210 2668 251 2698 Cf.
282 2669 346 2693 Edit.
373 2669 505 2697 Argentin.
538 2676 579 2693 an.
607 2670 682 2699 1495,
707 2671 772 2700 part.
797 2671 834 2700 113
861 2671 921 2695 edit.

147 2704 262 2728 Vatican.
289 2711 329 2728 an.
353 2707 427 2735 1596,
448 2706 511 2728 tom.
542 2705 588 2734 Vl,
609 2712 668 2736 pag.
692 2707 752 2735 5015
775 2706 835 2730 edit.
857 2707 922 2730 Veu.

147 2747 188 2764 an.
216 2742 291 2771 1611,
314 2742 377 2765 tom.
403 2742 438 2772 ¹¹5
466 2741 526 2765 edit.
550 2742 630 2772 Lnga.
656 2748 697 2765 au.
725 2743 794 2772 1647,
817 2743 878 2766 tom.
904 2743 923 2774 Ι,

980 1603 1052 1631 chiis
1068 1602 1287 1630 desideriorum
1301 1601 1479 1630 ferventium
1490 1609 1508 1629 a
1518 1600 1605 1629 vobis
1620 1608 1689 1628 cum
1703 1608 1766 1628 ma-

981 1658 1040 1686 gna
1059 1650 1226 1678 reverentia
1240 1651 1268 1677 et
1283 1649 1442 1677 devotione
1468 1648 1646 1685 amplexata.
1667 1647 1765 1675 Primo

979 1697 1064 1725 affert
1082 1697 1170 1725 vobis
1190 1696 1412 1731 exaltationem,
1429 1696 1472 1724 ibi
1489 1705 1495 1723 :
1517 1697 1552 1723 Et
1569 1695 1701 1723 emanabit
1721 1697 1764 1728 te,-

980 1744 1112 1773 secundo
1136 1744 1401 1780 glorificationem,
1432 1742 1473 1771 ibi
1495 1752 1500 1770 :
1517 1744 1553 1770 Et
1572 1743 1766 1777 qlorz'ficaberz's

981 1793 1013 1820 ab
1028 1801 1078 1826 σας
1094 1792 1179 1820 tertio
1197 1791 1360 1828 gratiarum
1379 1791 1606 1825 abundantiam,
1622 1789 1664 1817 ibi
1685 1799 1691 1817 :
1711 1790 1765 1816 Da-

981 1841 1020 1868 bit
1035 1842 1124 1876 capiti
1139 1843 1185 1867 tuo
1198 1842 1344 1874 augmenta
1352 1840 1523 1874 mmmmm
1539 1839 1645 1874 quarto
1657 1836 1761 1864 viridi—

980 1888 1045 1915 tatis
1060 1889 1211 1924 perpetuae
1226 1885 1507 1914 immarcescibilem
1524 1893 1678 1920 coronam,
1699 1885 1741 1913 ibi
1758 1895 1764 1913 z

984 1935 1088 1962 Corona
1103 1936 1206 1969 inclyta
1221 1935 1341 1969 proteyet
1365 1936 1399 1960 te.
1423 1932 1504 1960 Unde
1526 1940 1613 1968 rogo,
1630 1932 1766 1960 charissi-

982 1990 1037 2009 mae
1059 1984 1086 2009 et
1108 1981 1346 2009 desirantissimae
1369 1980 1418 2016 (a),
1434 1987 1471 2007 ne
1502 1982 1561 2007 tam
1582 1979 1717 2007 nobilem
1740 1982 1767 2008 et

981 2028 1232 2066 speciosissimam
1248 2028 1400 2063 Virginem
1415 2026 1576 2063 repellatiS,
1587 2035 1624 2054 ne
1638 2029 1697 2055 tam
1714 2027 1767 2055 ad-

981 2076 1152 2105 mirandam
1167 2075 1444 2103 reverendissimam
1461 2075 1604 2110 Reginam
1617 2075 1768 2110 Virginem

982 2124 1103 2152 Mariam
1119 2122 1308 2159 vilipendatis
1325 2131 1332 2150 :
1350 2130 1386 2150 ne
1402 2122 1425 2149 si
1438 2130 1455 2149 a
1466 2121 1551 2150 vobis
1567 2124 1769 2158 contemptam

982 2180 1012 2199 se
1028 2170 1147 2204 viderit,
1164 2178 1225 2197 non
1246 2169 1313 2197 dico
1338 2169 1423 2197 tantis
1445 2169 1635 2201 fraudemini,
1652 2177 1768 2204 verum,

982 2218 1066 2254 quod
1087 2217 1174 2251 absit,
1191 2217 1272 2244 mala
1288 2218 1432 2252 perpetua
1454 2216 1619 2244 incurratis.
1636 2217 1770 2253 Quapro-

982 2268 1046 2302 pter
1062 2265 1101 2293 ad
1118 2264 1348 2300 obsequendum
1373 2264 1399 2291 ei
1424 2263 1523 2291 sinum
1547 2265 1652 2292 mentis
1672 2266 1770 2292 exten-

984 2312 1070 2347 datis,
1088 2312 1127 2340 ad
1143 2311 1332 2340 laudandum
1350 2313 1378 2339 et
1392 2311 1623 2347 glorificandum
1639 2319 1705 2340 eam
1720 2320 1771 2340 cor

982 2362 1160 2396 praeparate,
1177 2359 1313 2394 linguam
1328 2358 1436 2394 laxate,
1462 2367 1497 2386 ac
1517 2358 1605 2386 celeri
1626 2359 1771 2387 famulatu

982 2408 1025 2436 illi
1057 2407 1175 2443 placere
1200 2406 1344 2434 festinate.
1366 2408 1486 2435 Constat
1510 2406 1599 2440 enim,
1627 2406 1710 2442 quod
1736 2415 1771 2434 ex

982 2455 1076 2491 ipsius
1092 2462 1212 2482 accessu
1227 2454 1422 2482 remanebitis
1438 2453 1617 2488 devotiores,
1634 2452 1772 2489 exipsius

983 2504 1059 2530 tactu
1084 2501 1270 2535 mundiores,
1295 2510 1332 2529 ex
1357 2501 1449 2537 ipsius
1467 2500 1609 2536 amplexu
1624 2500 1731 2528 virtute
1746 2503 1774 2529 et

983 2550 1077 2586 gratia
1090 2548 1273 2585 profusiores
1291 2551 1318 2576 et
1336 2548 1501 2576 nitidiores.
1519 2549 1560 2581 Et,
1578 2549 1609 2575 ut
1623 2549 1774 2576 tantorum

984 2598 1135 2625 bonorum
1151 2596 1239 2624 vobis
1256 2595 1391 2632 aliquam
1408 2594 1595 2623 occasionem
1613 2595 1764 2623 conferam

985 2715 1043 2738 pag.
1061 2708 1120 2736 5¹¹3,
1141 2706 1200 2730 edil.
1222 2706 1288 2730 Ven.
1307 2712 1348 2729 au.
1374 2706 1448 2734 17:34,
1474 2706 1537 2728 lom.
1556 2705 1623 2734 Xill,
1646 2712 1694 2735 pau
1721 2705 1775 2728 232.

985 2757 1015 2760 —
1032 2744 1038 2757 ²
1054 2743 1138 2772 Proin,
1154 2749 1188 2773 lv,
1205 2744 1228 2772 8,
1244 2744 1265 2766 9,
1281 2755 1309 2759 -
1327 2744 1359 2773 (a)
1378 2741 1432 2772 Leq.
1450 2740 1682 2764 desideratissimi-¹0.
