2029 3052
607 185 776 218 CANTICA
799 184 942 217 BEATAE
965 186 1104 220 MARIAE
1126 188 1316 222 VIRGINIS.

191 253 319 283 Laudate
343 262 425 290 eam,
446 261 551 283 omnes
572 253 704 290 legiones
727 253 911 289 Angelorum
929 262 934 281 τ

155 302 275 331 laudate
291 310 357 331 eam
370 309 474 330 omnes
489 301 609 331 ordines
621 300 779 338 spirituum
794 307 939 337 superno-

155 357 234 378 rum.
251 349 351 379 Gloria
366 349 452 384 Patri‚
468 350 524 378 etc.

443 434 569 461 PSALnus
585 432 648 460 149.

192 496 311 524 Cantate
335 494 466 523 nominee
487 495 594 522 nostrae
622 493 770 522 canticum
796 500 911 521 novum
929 502 936 521 :

156 542 222 571 laus
237 542 299 578 ejus
313 542 343 570 in
359 541 588 577 congregatione
599 541 757 576 justorum.

192 591 333 618 Laetentur
346 589 412 617 coeli
430 588 467 617 de
483 588 579 624 gloria
593 588 656 624 ejus
674 597 680 615 :
704 587 808 615 insulae
830 587 939 622 maris,

158 637 186 665 et
202 637 278 665 totus
293 636 385 664 orbis.
587 627 590 631 ⁴

194 686 279 720 Aqua
294 685 321 711 et
334 683 410 719 ignis
425 682 549 711 laudent
569 690 636 711 eam
651 692 657 710 τ
682 682 775 718 frigus
795 683 823 710 et
841 683 938 717 aestus,

158 730 302 767 splendor
317 732 344 758 et
357 730 468 758 lumen.

194 777 391 806 Exaltationes
406 777 444 813 (a)
461 777 525 812 ejus
538 776 569 804 in
589 777 706 812 gutture
718 775 867 811 justorum
890 785 896 803 :
914 777 942 803 et

158 825 263 854 laudes
278 825 341 860 ejus
356 823 386 852 in
402 825 479 852 coetu
494 823 751 860 triumphantium.

194 871 301 900 Civitas
317 871 377 907 Dei,
391 871 558 907 jucundare
573 870 604 898 in
619 870 672 898 illa
688 880 694 897 :
714 872 742 898 et
759 879 815 906 pro
835 871 941 899 incolis

158 919 215 948 tuis
229 919 385 955 frequenta
397 918 440 947 iili
451 926 582 947 carmen.
597 917 694 947 Gloria
710 918 796 954 Patri,
813 920 867 946 etc.

445 1003 571 1029 Psnnus
594 1003 653 1029 150.

195 1062 323 1090 Laudate
346 1062 502 1090 Dominam
525 1062 556 1090 in
580 1063 686 1091 sanctis
710 1063 773 1098 ejus
794 1071 800 1090 :
822 1063 942 1091 laudate

159 1117 226 1137 eam
240 1109 272 1137 in
286 1109 443 1137 virtutibus
461 1111 489 1137 et
503 1109 654 1138 miraculis
670 1110 743 1145 ejus.

193 1156 323 1184 Laudate
346 1165 422 1192 eam,
448 1159 540 1185 coetus
561 1157 792 1193 Apostolorum3
822 1158 942 1186 laudate

159 1213 237 1239 eam,
253 1205 335 1233 chori
351 1205 587 1234 patriarcharum
602 1207 630 1233 et
644 1205 869 1241 Prophetarum.

194 1252 323 1280 Laudate
345 1260 421 1287 eam,
441 1252 586 1280 exercitus
606 1254 766 1289 Martyrum
793 1262 798 1280 :
821 1253 941 1281 laudate

159 1307 237 1334 eam,
252 1301 355 1327 turmae
368 1301 527 1328 Doctorum
542 1301 570 1327 et
585 1300 803 1328 Confessorum.

194 1346 323 1375 Laudate
338 1355 404 1375 eam
423 1347 454 1374 in
476 1346 602 1383 collegio
619 1338 771 1382 Vir'ginum
795 1349 822 1375 et
841 1348 942 1376 Conti—

158 1393 293 1422 nentium
309 1403 315 1422 2
336 1394 456 1422 laudate
473 1402 539 1422 eam
555 1394 674 1422 ordines
689 1394 942 1423 Anachoretarum

159 1442 187 1469 et
201 1441 423 1470 Monachorum.

194 1487 324 1516 Laudate
344 1496 422 1524 eam,
450 1490 614 1516 conventus
638 1489 856 1525 Religiosorum
878 1497 943 1517 om-

158 1534 242 1564 nium
259 1544 266 1563 :
284 1535 404 1564 laudate
420 1543 502 1571 eam,
519 1544 623 1565 omnes
645 1536 752 1565 animae
768 1536 878 1565 civium
895 1545 943 1565 su-

157 1590 330 1618 pernorum.

194 1630 296 1658 Omnis
310 1629 429 1666 spiritus
448 1639 454 1657 :
470 1630 572 1659 laudet
586 1631 742 1660 Dominam
763 1633 904 1660 nostram.

193 1676 291 1706 Gloria
305 1678 391 1713 Patri,
409 1679 462 1706 eto.

448 1807 652 1843 GANTIGA.

288 1893 430 1921 Canticum
446 1896 535 1922 instar
549 1896 627 1923 illius
643 1897 725 1923 lsaz'ae
739 1896 812 1931 (xu).

194 1959 363 1987 confitebor
378 1959 443 1995 tibi,
461 1960 596 1995 Domina,
613 1960 757 1996 quoniam
772 1968 825 1996 per
841 1962 866 1988 te
879 1960 942 1996 pla-

158 2007 240 2034 catus
255 2008 298 2034 est
311 2006 384 2034 mihi
400 2006 559 2034 Dominus:
576 2009 603 2034 et
618 2006 771 2035 consolata
782 2015 812 2034 es
822 2015 882 2034 me.

194 2056 277 2088 Ecce,
305 2054 440 2089 Domina,
473 2054 614 2082 salvatrix
643 2062 710 2083 mea
731 2063 737 2082 ε
762 2054 942 2083 fiducialiter

158 2108 246 2136 agam
260 2101 291 2129 in
307 2103 345 2136 te,
361 2103 388 2129 et
401 2109 463 2130 non
478 2101 601 2130 timebo.

194 2148 268 2181 Quia
288 2148 430 2176 fortitudo
452 2156 532 2182 mea,
557 2149 585 2176 et
602 2148 667 2176 laus
685 2156 754 2176 mea
768 2148 799 2176 in
814 2150 939 2176 Domino

160 2201 191 2221 es
212 2196 242 2221 tu
268 2204 273 2221 :
298 2196 325 2222 et
343 2194 420 2223 facta
445 2204 475 2223 es
498 2195 570 2223 mihi
591 2195 622 2223 in
638 2195 774 2223 salutem.

194 2240 334 2269 Hauriam
354 2249 447 2277 aquas
461 2242 492 2269 in
507 2242 618 2278 gaudio
634 2242 671 2270 de
687 2242 784 2270 rivulo
800 2252 806 2270 :
823 2244 851 2270 et
866 2250 941 2270 sem-

159 2296 213 2324 per
228 2288 376 2317 invocabo
391 2297 502 2318 nomen
515 2292 609 2318 tuum.

198 2337 285 2364 Notas
304 2336 389 2364 facite
412 2336 441 2364 in
464 2337 584 2372 populis
602 2337 723 2365 virtutes
744 2337 874 2365 Dominae
889 2345 942 2365 no-

160 2384 225 2410 strae
238 2392 243 2410 z
261 2383 332 2419 quia
345 2383 494 2411 excelsum
515 2386 557 2411 est
574 2384 661 2412 valde
676 2392 787 2412 nomen
802 2385 874 2419 ejus.

197 2430 299 2459 Exalta
326 2433 353 2458 et
375 2431 477 2467 lauda,
507 2433 602 2459 totum
629 2440 721 2466 genus
746 2432 913 2460 humanum
929 2441 935 2458 :

161 2478 232 2514 quia
258 2478 347 2506 talem
375 2479 458 2506 dedit
486 2479 538 2506 tibi
563 2479 765 2507 mediatricem
798 2480 940 2508 Dominus

163 2527 236 2554 Deus
251 2534 345 2554 meus.
361 2526 460 2554 Gloria
475 2526 561 2560 Patri,
577 2528 631 2554 ete.

200 2608 339 2636 Canticum
354 2611 442 2637 instar
452 2610 529 2637 illius
543 2609 663 2636 Ezechioe
675 2609 752 2644 Usa„
766 2608 899 2643 xxxviii).

199 2672 258 2706 Ego
281 2672 342 2699 dixi
366 2672 443 2700 circa
463 2672 621 2700 dimidium
645 2672 762 2700 dicrum
777 2679 913 2700 meorum
931 2680 937 2698 :

1718 191 1775 221 221

995 256 1108 285 Vadam
1131 257 1171 286 ad
1195 258 1315 287 Mariam
1326 279 1334 293 ,
1365 259 1397 286 ut
1425 264 1473 286 me
1501 256 1615 286 Christo
1643 256 1772 286 reconci-

994 302 1054 331 liet.

1030 351 1155 384 Quaesivi
1169 353 1324 381 residuum
1335 361 1484 382 annorum
1493 360 1646 381 meorum:
1659 352 1690 380 in
1700 359 1779 380 ama-

994 397 1123 427 ritudine
1138 399 1247 428 animae
1262 408 1348 429 meae.

1031 446 1185 474 Generatio
1200 455 1268 475 mea
1290 448 1390 476 ablata
1409 450 1462 482 cst,
1478 447 1548 484 quia
1562 448 1656 484 pater,
1673 447 1700 475 et
1715 454 1779 474 ma-

996 493 1049 526 ter,
1071 494 1099 520 et
1118 493 1221 522 omnia
1240 494 1465 531 dereliquerunt
1480 503 1528 523 me
1548 503 1554 522 :
1577 494 1667 523 Maria
1682 495 1781 521 autem

996 540 1155 576 assumpsit
1168 549 1225 568 me.

1033 587 1196 623 Sperabam
1210 588 1241 616 in
1257 588 1339 617 illam
1356 589 1391 625 (b)
1408 597 1506 626 mane,
1522 597 1587 618 sero
1600 591 1628 617 et
1640 588 1780 617 meridie:

998 634 1084 671 quasi
1102 635 1150 663 leo
1170 635 1211 663 sic
1232 636 1369 664 contrivit
1391 637 1493 665 omnia
1510 645 1577 665 ossa
1592 638 1783 673 peccatorum

998 690 1144 710 meorum.

1033 730 1066 757 Et
1081 730 1123 765 tu,
1139 730 1274 765 Domina,
1292 730 1392 758 eruisti
1408 730 1539 758 animam
1556 739 1665 764 meam,
1678 732 1783 758 utnon

998 776 1108 812 periret
1125 786 1131 804 ε
1149 778 1176 805 et
1192 777 1230 805 de
1245 785 1337 805 manu
1349 777 1430 806 canis
1445 776 1566 805 unicam
1581 785 1691 805 meam.

1034 824 1169 858 Domina,
1191 824 1309 852 salvum
1330 833 1378 853 me
1407 824 1453 853 sac
1477 834 1483 852 :
1510 826 1538 852 et
1558 824 1680 852 laudem
1702 826 1784 852 tuam

1000 871 1127 899 cantabo
1150 871 1263 900 cunctis
1283 871 1389 900 diebus
1409 871 1475 900 vitae
1496 880 1581 906 meae,
1598 880 1616 899 o
1632 872 1681 908 pia
1696 872 1785 899 Mater

999 918 1115 946 Domini
1130 919 1200 946 mei.
1214 919 1313 948 Gloria
1325 919 1412 954 Patri,
1428 921 1482 947 etc.

1080 1000 1221 1027 Canticum
1233 1002 1322 1028 instar
1338 1001 1413 1028 illius
1428 1000 1516 1028 Annoe
1531 1000 1552 1037 (1
1568 1001 1654 1035 Reg„
1668 999 1710 1036 ιι).

1036 1060 1182 1088 Exultavit
1202 1069 1253 1089 cor
1271 1069 1372 1089 meum
1393 1061 1424 1089 in
1448 1061 1574 1089 Domino
1598 1069 1604 1088 :
1624 1062 1652 1089 et
1673 1061 1785 1089 exalta-

1000 1109 1062 1135 tum
1078 1110 1120 1136 est
1135 1116 1186 1136 cor
1201 1117 1303 1136 meum
1317 1109 1346 1135 in
1362 1109 1486 1136 Domina
1508 1117 1585 1137 mea.

1036 1155 1109 1188 Quia
1130 1154 1198 1183 fecit
1220 1155 1292 1183 mihi
1315 1164 1433 1191 magna,
1460 1157 1511 1193 qui
1534 1159 1638 1192 potens
1653 1159 1717 1184 est:
1734 1165 1787 1193 per

999 1202 1120 1231 Mariam
1135 1204 1255 1231 Matrem
1274 1203 1347 1239 ejus.

1035 1251 1099 1277 Non
1123 1252 1165 1278 est
1188 1252 1290 1278 sancta
1313 1252 1344 1278 ut
1367 1252 1409 1278 est
1429 1251 1553 1279 Domina
1578 1253 1702 1279 nostra:
1721 1259 1787 1287 quae

999 1296 1064 1324 sola
1080 1305 1271 1333 supergressa
1287 1299 1329 1325 est
1344 1298 1508 1326 universas.

1034 1344 1185 1372 Recedant
1201 1353 1271 1380 ergo
1287 1347 1386 1373 vetera
1409 1345 1446 1373 de
1472 1353 1523 1373 ore
1546 1347 1648 1374 nostro
1665 1355 1671 1373 :
1689 1347 1717 1374 et
1732 1345 1787 1373 lin-

999 1391 1065 1426 guis
1080 1391 1243 1427 loquamur
1257 1393 1354 1420 novis.

1036 1438 1138 1466 Exulta
1153 1440 1181 1466 et
1194 1438 1286 1466 lauda
1297 1439 1427 1475 Mariam,
1443 1439 1525 1474 Sion,
1542 1441 1569 1467 et
1584 1439 1784 1468 Hierusalem:

999 1486 1071 1522 quia
1086 1486 1217 1514 maxima
1229 1486 1260 1514 in
1274 1486 1458 1515 dominabus
1471 1487 1569 1516 Israel.

1037 1535 1102 1569 ipsa
1128 1541 1291 1569 pauperem
1314 1533 1393 1569 facit,
1417 1536 1445 1562 et
1469 1534 1541 1562 ditat
1563 1544 1569 1562 :
1596 1534 1742 1568 humiliat,
1759 1535 1787 1562 et

999 1579 1150 1608 sublimat.

1035 1627 1127 1655 Altior
1148 1627 1235 1662 coelo,
1261 1630 1338 1655 terra
1363 1627 1450 1656 latior

999 1676 1110 1703 nostra.
1127 1674 1227 1703 Gloria
1242 1675 1328 1707 Patri,
1346 1677 1400 1703 etc.

1475 1637 1481 1656 :
1506 1630 1549 1657 est
1576 1628 1637 1656 haec
1662 1629 1786 1657 Domina

1062 1757 1202 1784 Canticum
1220 1758 1309 1784 instar
1324 1758 1403 1785 illius
1418 1757 1515 1784 Μανία,Ξ
1531 1757 1649 1794 (ΕΧοᾶ.,
1665 1757 1722 1793 xv).

1034 1818 1190 1845 Cantemus
1206 1818 1355 1853 Dominae,
1372 1818 1508 1854 gloriosae
1530 1819 1639 1854 Virgini
1663 1818 1758 1847 Mariae
1776 1829 1782 1846 z

996 1865 1027 1892 in
1043 1865 1163 1901 hymnis
1178 1868 1205 1893 et
1221 1867 1458 1895 confessionibus
1473 1867 1687 1895 benedicamus
1703 1875 1781 1894 eam.

1034 1913 1159 1940 Domina
1182 1916 1293 1949 nostra,
1317 1914 1507 1950 omnipotens
1527 1916 1594 1950 post
1616 1916 1707 1942 Deum
1729 1922 1782 1941 no-

996 1967 1065 1986 men
1081 1960 1144 1994 ejus
1161 1969 1167 1987 :
1185 1969 1288 1988 currus
1304 1961 1475 1995 Pharaonis,
1496 1963 1524 1989 et
1543 1961 1702 1989 exercitum
1719 1961 1783 1996 ejus

995 2007 1120 2042 projecit
1135 2007 1166 2034 in
1185 2016 1277 2036 mare.

1032 2055 1154 2082 Dextera
1170 2057 1229 2090 tua,
1246 2055 1381 2090 Domina,
1398 2055 1587 2090 magnificata
1602 2057 1645 2083 est
1659 2056 1689 2083 in
1703 2055 1781 2083 forti-

997 2100 1098 2128 tudine
1117 2111 1123 2128 :
1145 2101 1216 2137 quia
1240 2102 1271 2129 in
1294 2102 1483 2130 multitudine
1499 2102 1709 2130 misericordiae
1726 2105 1781 2130 tuae

996 2148 1122 2176 stravisti
1137 2149 1325 2177 adversarios
1338 2158 1432 2178 meos.

1032 2197 1070 2223 De
1090 2204 1140 2223 ore
1156 2196 1250 2223 leonis
1266 2196 1397 2224 liberasti
1420 2205 1478 2231 me,
1497 2196 1640 2224 Domina:
1661 2198 1702 2232 et„
1719 2199 1779 2224 tan-

997 2251 1089 2279 quam
1103 2243 1245 2270 ini'antem
1257 2244 1390 2278 genitum
1403 2246 1507 2279 mater,
1524 2244 1677 2280 suscepisti
1692 2253 1751 2272 me.

1032 2291 1053 2317 O
1068 2290 1192 2318 Domina
1205 2290 1377 2318 charissima
1391 2299 1458 2319 mea
1470 2300 1475 2318 :
1488 2291 1569 2319 velut
1579 2291 1701 2326 gallina,
1715 2294 1777 2326 tege

995 2346 1042 2365 me
1058 2337 1188 2364 mirabili
1204 2337 1391 2373 possessione
1408 2339 1437 2374 (c)
1457 2341 1514 2366 tua.

1031 2386 1107 2412 Tuus
1124 2386 1199 2412 totus
1215 2392 1270 2420 ego
1286 2393 1352 2412 sum
1369 2394 1375 2412 :
1393 2388 1420 2412 et
1436 2386 1537 2413 omnia
1553 2394 1619 2413 mea
1635 2387 1685 2413 tua
1699 2388 1777 2420 sunt,

996 2431 1082 2466 Virgo
1098 2439 1186 2467 super
1199 2432 1301 2459 omnia
1317 2432 1485 2460 benedicta.

1029 2480 1142 2506 Ponam
1158 2481 1182 2506 te
1198 2478 1271 2507 sicut
1285 2479 1472 2514 signaculum
1488 2487 1577 2515 super
1592 2487 1643 2507 cor
1658 2487 1758 2507 mcum
1772 2490 1777 2507 ε

996 2526 1067 2562 quia
1082 2526 1163 2553 fortis
1178 2528 1230 2561 est,
1247 2529 1278 2554 ut
1292 2535 1383 2562 mors,
1401 2527 1520 2554 dilectio
1537 2528 1597 2555 tua.

1030 2573 1128 2600 Gloria
1143 2574 1229 2608 Patri,
1246 2575 1304 2601 etc.

1029 2639 1060 2669 (a)
1080 2639 1141 2662 Caet.
1157 2639 1216 2663 edit.
1233 2639 1446 2663 exultationes.--
1457 2640 1489 2670 (b)
1505 2640 1566 2663 [tem
1578 2639 1667 2664 illa.-
1678 2640 1708 2671 (c)
1721 2640 1777 2671 Ley.

1000 2674 1168 2705 protectione.
