2029 3052
661 195 714 228 DE
735 193 932 228 SANDALIS
953 192 1257 228 APOSTOLORUM.
1705 196 1766 228 623

153 262 307 296 Martialis
333 272 476 306 pergens
499 263 539 296 ad
565 263 806 306 praedicandum
825 286 834 302 ,
864 271 930 294 non

153 326 237 359 equo
249 317 441 358 vehebatur,
456 319 513 351 aut
526 318 627 358 asino,
642 327 709 350 non
724 317 866 358 quolibet
872 317 930 358 Ju-

153 372 275 411 mento,
298 380 358 404 nec
378 371 591 404 calceamenta
615 371 752 413 propriis
779 370 933 402 induebat

155 425 302 466 pedibus,
325 425 379 457 sed
398 427 494 467 Juxta
518 425 646 458 Domini
666 427 699 458 et
719 424 866 465 Magistri
881 423 933 456 sui

154 477 230 510 Jesu
254 478 369 510 Christi
388 480 590 520 sententiam,
614 489 712 521 quam
727 480 796 520 ipse
819 478 880 510 sibi
902 480 934 510 et

155 532 226 563 aliis
240 533 392 573 apostolis
412 534 572 566 inculcare
590 534 721 573 solebat,
741 535 779 565 ut
793 541 931 574 pergen-

155 587 203 617 tes
226 586 265 617 de
283 586 411 619 civitate
433 587 466 619 in
487 588 660 627 civitatem,
677 597 742 620 non
756 587 932 626 sacculum,

154 648 259 681 neque
280 650 390 682 peram
409 651 518 674 secum
539 642 697 680 tollerent,
727 650 788 674 nec
814 641 933 672 calcea-

156 696 284 734 menta,
313 695 407 727 nudis
435 695 585 728 incedens
611 695 763 737 pedibus,
790 695 934 726 imitator

157 747 284 788 Christi,
310 751 406 790 atque
420 749 457 781 B.
473 749 558 781 Petri
571 749 800 790 Apostolorum
814 749 932 790 princi-

156 801 205 842 pis
225 803 460 843 consanguinei
479 803 530 835 sui
545 803 579 834 in
601 803 752 835 omnibus
770 812 844 844 quae
866 803 934 844 ipse

156 856 309 889 Dominus
331 857 493 898 praecepit,
512 857 649 888 existere
663 857 806 889 curabat.
819 868 834 886 n
854 857 934 889 Item

155 910 189 942 in
202 911 270 943 vita
291 910 327 942 B.
343 911 511 943 Frontonis
532 911 680 952 discipuli
695 911 846 942 scribitur
859 911 905 942 sic
923 921 931 942 :

159 976 174 994 <x
195 964 312 996 Beatus
332 965 451 997 Fronto
465 967 568 997 castra
585 967 617 996 et
640 965 747 1004 urbes,
773 967 804 996 et
827 965 934 997 vicina

155 1018 225 1050 loca
234 1042 243 1057 ‚
268 1019 425 1051 calceatus
438 1020 563 1051 tantum
579 1019 730 1051 sandaliis
744 1029 932 1060 peragrans,

157 1073 307 1112 gentium
322 1074 457 1106 catervis
466 1074 568 1106 divini
583 1074 674 1106 verbi
688 1074 809 1105 semina
823 1083 936 1114 eroga-

156 1127 220 1159 bat.
236 1138 251 1156 n
278 1127 358 1159 Item
377 1128 411 1158 in
433 1127 567 1160 Marthae
585 1130 616 1159 et
641 1127 838 1168 Magdalenae
860 1128 936 1159 vitis

157 1181 295 1221 legitur,
321 1181 408 1221 quod
428 1181 481 1213 vel
500 1181 650 1213 sandaliis
673 1181 863 1220 utebantur,
884 1181 936 1213 vel

157 1235 252 1266 nudis
266 1235 400 1275 pedibus
418 1235 618 1266 incedebant.
645 1235 688 1266 De
711 1235 860 1266 sandaliis
875 1244 934 1266 au-

157 1290 222 1319 tem
237 1288 395 1320 diciturin
406 1288 512 1320 Marco
522 1289 552 1320 ¹:
580 1288 739 1321 calceatos
758 1288 935 1327 sandaliis,

157 1342 214 1373 ubi
231 1341 340 1373 Glossa
357 1353 364 1373 :
386 1354 400 1373 ε(
410 1342 451 1374 Ut
465 1352 570 1383 neque
585 1352 641 1383 pes
655 1344 756 1374 tectus
770 1342 820 1380 sit,
833 1351 937 1383 neque

158 1396 266 1427 nudus
279 1396 320 1427 ad
334 1397 466 1428 terram.
482 1407 496 1426 »³
517 1396 596 1427 Item
611 1396 656 1428 ad
670 1396 824 1436 Ephesios
845 1406 890 1435 VI,
906 1399 938 1428 et

157 1450 305 1483 Matthaei
319 1460 352 1489 Χ,
374 1450 490 1482 dicitur
509 1450 542 1480 in
558 1449 668 1482 Glossa
685 1461 691 1481 ε
724 1462 739 1480 (ι
756 1449 913 1482 Sandaliis
926 1475 935 1489 ‚

161 1504 210 1536 vel
225 1504 318 1535 soleis
331 1513 406 1535 usos
421 1504 591 1544 Apostolos
601 1504 709 1535 fuisse.
726 1514 741 1533 >³
755 1504 869 1545 Papias
884 1514 938 1536 au-

159 1560 223 1589 tem
231 1558 306 1589 dicit
318 1569 325 1589 :
344 1569 357 1587 a
366 1557 514 1589 Sandalia
522 1560 630 1589 autem
640 1559 715 1588 sunt
725 1557 938 1589 calceamenta

158 1612 295 1653 desuper
310 1613 436 1644 corium
451 1622 515 1644 non
528 1612 690 1644 habentia.
707 1623 721 1642 »
742 1612 822 1643 Item
837 1612 938 1644 Euse-

158 1667 232 1698 bius
249 1666 461 1705 Caesariensis,
478 1667 561 1698 libro
591 1668 681 1698 sexto
705 1667 938 1699 Ecclesiastico?-

159 1721 313 1759 historice,
326 1730 354 1752 c.
369 1721 408 1753 cle
423 1721 591 1753 Laudibus
611 1720 770 1761 origenis,
780 1720 857 1752 dicit
871 1721 936 1752 sic:

165 1774 273 1806 «Ante
293 1775 402 1806 onmia
422 1774 578 1814 Origenes
598 1774 640 1814 (a)
661 1776 820 1815 praecepta
839 1783 938 1806 evan—

161 1828 274 1868 gelica,
297 1830 328 1859 et
348 1837 445 1860 voces
466 1828 652 1867 Salvatoris,
678 1837 805 1859 summo
829 1837 939 1859 amore

161 1884 193 1913 et
200 1883 304 1914 studio
314 1882 477 1923 implenda
487 1891 554 1913 esse
562 1882 721 1920 censebat,
735 1882 852 1922 quibus
862 1891 941 1921 prae-

162 1937 280 1977 cipitur
294 1936 373 1967 duas
387 1936 512 1967 tunicas
531 1945 597 1967 non
613 1936 786 1975 habendas,
800 1945 860 1967 nec
874 1935 938 1966 cal-

163 1990 336 2022 ceamentis
358 1990 527 2028 utendum,
552 1999 611 2021 nec
631 1989 670 2021 de
685 1990 824 2020 crastino
849 1990 938 2030 cogi-

163 2045 309 2076 tandum.
331 2055 345 2073 »
370 2043 409 2075 Et
430 2043 575 2084 sequitur
596 2054 603 2074 :
631 2055 646 2073 c(
660 2043 707 2074 Ita
725 2043 864 2084 denique
883 2052 941 2083 per

162 2099 281 2130 multos
293 2107 394 2129 annos
409 2097 529 2138 absque
542 2097 631 2128 omni
647 2097 860 2128 calceamento
878 2106 938 2128 nu-

162 2152 219 2184 dos
234 2152 370 2183 traditur
381 2151 545 2183 incessisse
556 2151 740 2190 vestigiis.»
764 2151 844 2182 Item
861 2150 939 2182 Gre-

163 2206 276 2246 gorius
295 2205 512 2236 Nazianzenus
525 2206 536 2221 2
553 2216 560 2236 z
586 2216 600 2233 α
619 2204 772 2245 Optabam
791 2204 939 2235 homines

162 2259 283 2296 videre,
299 2259 356 2299 qui
373 2258 522 2291 viverent
534 2258 574 2289 ad
588 2258 772 2298 exemplum
787 2258 941 2298 praedica-

163 2313 241 2344 toris
255 2313 424 2352 Evangelii
440 2312 565 2351 Christi,
589 2312 685 2343 nudis
699 2312 833 2352 pedibus
851 2312 940 2343 ince-

163 2367 285 2405 dentes,
311 2369 440 2407 propter
455 2375 596 2406 regnum
618 2375 784 2406 paupereS,
810 2368 939 2406 propter

164 2422 383 2462 paupertatem
398 2429 535 2460 reges.»
559 2420 676 2458 Cernis,
699 2421 788 2460 puto,
815 2420 841 2450 si
863 2429 941 2460 pro-

163 2475 234 2514 prie
249 2475 343 2515 sapis,
361 2474 448 2515 quod
457 2474 520 2505 duo
535 2473 740 2505 illustrissimi
755 2473 939 2506 Graecorum

165 2529 307 2560 doctores
332 2530 528 2568 praeceptum
555 2527 780 2567 evangelicum
808 2528 846 2559 de
874 2537 939 2559 non

198 2630 203 2643 ¹
223 2628 311 2658 Marc„
328 2635 366 2658 vi,
383 2630 406 2653 9.
421 2641 450 2646 -—
466 2628 475 2643 ⁹
490 2628 565 2658 Greg.
582 2628 642 2651 Ναῖ-
655 2640 684 2644 —
699 2626 707 2640 ³
722 2626 790 2657 Act,
809 2633 855 2657 xxi,
871 2628 894 2650 8.
909 2641 939 2645 —

165 2664 173 2678 ⁴
187 2665 270 2688 Gloss.
285 2671 317 2688 ex
332 2665 405 2695 Bed„
421 2665 446 2688 in
462 2664 516 2687 Act.
533 2664 617 2690 Aliost.
629 2676 660 2680 —
675 2663 682 2676 ⁵
695 2662 776 2686 Gloss.
794 2670 824 2686 ex
840 2663 898 2687 eod.
911 2677 941 2681 —-

167 2701 174 2713 υ
190 2700 257 2729 Luc„
276 2706 326 2730 xli,
343 2702 381 2724 35.
398 2714 423 2717 —-
443 2701 447 2713 ²
465 2699 566 2730 Ephes.⁷
584 2705 618 2728 vi,
636 2700 673 2722 16.

984 262 1148 302 portandis
1166 263 1388 296 calceamentis
1409 263 1450 296 ad
1469 263 1609 296 litteram
1629 271 1766 297 censue-

985 318 1061 347 runt
1076 316 1326 350 observandum.
1343 317 1434 357 Quod
1448 317 1476 350 si
1493 317 1636 350 fortassis
1654 318 1687 349 in
1707 317 1768 349 hac

985 370 1140 402 sententia
1167 372 1409 413 praesumpseris
1434 372 1559 411 dicere,
1597 371 1768 413 praedictos

985 423 1066 455 duos
1087 423 1235 456 Doctores
1255 425 1403 458 haeresim
1427 426 1581 467 sapuisse,
1601 435 1658 466 per
1679 434 1765 466 prae-

986 479 1086 510 dictas
1100 481 1131 511 et
1144 482 1214 521 post
1224 481 1373 513 dicendas
1381 482 1586 514 auctoritates
1596 481 1768 514 Doctorum

986 533 1175 565 Latinorum
1191 535 1435 576 catholicorum,
1455 535 1646 568 calumniari
1660 536 1695 567 in
1708 535 1770 568 hac

986 590 1076 628 parte
1092 588 1261 628 praedictos
1276 589 1424 622 Doctores
1445 590 1645 623 convinceris
1667 590 1770 621 mani-

986 641 1074 673 feste.
1089 641 1168 673 Item
1182 642 1216 674 in
1230 642 1311 675 Vitis
1325 642 1470 684 patrum,
1486 644 1520 675 in
1535 643 1770 675 monachorum

987 695 1200 736 perfectorum
1217 696 1369 729 laudibus
1380 697 1501 738 legitur
1517 698 1551 729 in
1565 698 1714 738 pluribus
1726 697 1771 729 lo-

988 749 1052 788 cis,
1077 750 1161 790 quod
1183 750 1279 782 nudis
1301 751 1448 792 vestigiis
1471 751 1670 783 incedebant.
1689 751 1771 783 Item

988 803 1222 844 Hieronymus,
1248 805 1282 835 in
1301 805 1384 837 libro
1405 808 1518 838 contra
1537 806 1768 844 Jovinianum,

988 857 1194 898 reprehendit
1220 858 1339 899 ipsum,
1369 859 1456 899 quod
1484 868 1559 890 cnm
1583 859 1674 900 prius
1695 861 1769 890 tan-

987 920 1085 952 quam
1100 912 1258 952 perfectus
1272 913 1450 944 monachus
1463 913 1559 944 nudis
1576 913 1710 954 pedibus
1722 913 1770 944 in-

988 965 1090 1004 cessit,
1115 967 1223 1006 postea
1237 975 1256 996 a
1274 966 1466 1007 perfectione
1489 968 1673 1007 apostatans
1696 976 1770 998 mo-

989 1018 1126 1058 nachali,
1134 1019 1348 1051 calceamenta
1358 1020 1511 1052 deaurata
1518 1021 1674 1061 portabat.
1689 1020 1769 1052 Item

989 1072 1022 1103 in
1035 1072 1229 1112 Apostolicis
1243 1074 1335 1106 Actis
1350 1074 1467 1105 dieitur
1481 1077 1492 1094 ³
1509 1085 1517 1106 :
1545 1068 1656 1107 calcea
1671 1077 1700 1108 te
1715 1082 1770 1107 ca-

990 1127 1073 1167 liyas
1095 1130 1181 1160 tuas.
1203 1127 1251 1158 Ad
1273 1127 1343 1158 haec
1357 1130 1405 1159 est
1423 1137 1490 1159 una
1505 1127 1657 1159 Glossa⁴:
1680 1140 1694 1158 «
1711 1128 1771 1160 Pe-

991 1182 1061 1211 trus
1076 1183 1205 1221 propter
1229 1181 1374 1221 rigorem
1395 1182 1530 1213 carceris
1543 1183 1719 1222 ligamenta
1731 1182 1772 1214 ad

991 1234 1106 1265 horam
1126 1235 1267 1273 laxabat,
1298 1237 1334 1266 ut
1348 1236 1456 1267 tunica
1470 1236 1591 1267 circum
1607 1237 1701 1277 pedes
1716 1237 1770 1268 de-

992 1289 1088 1319 missa
1103 1288 1207 1328 frigus
1221 1289 1322 1319 noctis
1345 1291 1544 1330 ventumque
1564 1292 1768 1331 temperaret,

991 1343 1177 1383 exemplum
1198 1343 1346 1383 praebens
1367 1343 1504 1374 infirmis
1517 1369 1525 1383 ,
1547 1346 1585 1375 ut
1607 1354 1682 1375 cum
1700 1354 1772 1376 mo-

991 1396 1083 1427 lestia
1103 1397 1277 1436 corporalis
1298 1397 1350 1428 vel
1373 1398 1495 1438 injuria
1516 1398 1692 1430 intentatur
1706 1399 1771 1430 hu-

992 1460 1100 1490 mana,
1125 1451 1217 1482 liceat
1243 1451 1364 1492 aliquid
1388 1452 1496 1483 laxare
1520 1453 1558 1484 de
1574 1453 1684 1493 rigore
1701 1462 1773 1494 pro-

992 1505 1097 1545 positi.
1120 1516 1135 1534 »
1173 1505 1261 1536 Sicut
1294 1514 1373 1545 ergo
1397 1505 1510 1537 Petrus
1535 1506 1569 1537 in
1593 1516 1648 1546 eo,
1684 1507 1769 1547 quod

992 1559 1113 1590 circum
1140 1559 1236 1599 pedes
1264 1559 1405 1590 tunicam
1434 1559 1561 1590 demisit
1589 1560 1629 1590 ad
1658 1560 1772 1591 horam

992 1614 1122 1653 propter
1151 1612 1297 1652 rigorem
1321 1613 1476 1651 carceris,
1504 1613 1689 1654 exemplum
1719 1614 1773 1644 in—

993 1667 1097 1697 firmis
1121 1666 1280 1707 praebuit,
1298 1669 1329 1698 et
1355 1667 1499 1706 rigorem
1512 1667 1645 1706 laxavit,
1673 1668 1717 1698 ita
1740 1668 1773 1698 in

994 1730 1032 1752 eo
1061 1721 1147 1761 quod
1178 1722 1217 1752 ad
1232 1721 1345 1752 horam
1358 1723 1497 1761 tantum,
1514 1721 1635 1761 caligas
1648 1722 1772 1761 habuit,

994 1776 1021 1806 si
1048 1777 1154 1806 tamen
1183 1775 1306 1806 hahuit.
1334 1775 1371 1805 In
1387 1775 1452 1805 fine
1480 1778 1587 1805 tamen
1614 1776 1774 1815 praedictae

995 1829 1113 1860 Glossae
1130 1853 1138 1867 ,
1171 1828 1284 1868 caligae
1316 1828 1400 1859 Petri
1434 1829 1645 1868 spiritualiter
1674 1838 1773 1869 expo-

994 1884 1118 1913 nuntur
1141 1882 1184 1913 sic
1203 1883 1214 1899 ⁵
1234 1893 1242 1913 ·.
1273 1893 1288 1911 «
1308 1882 1397 1918 Quod
1423 1882 1542 1913 dictum
1567 1884 1614 1914 est
1634 1886 1644 1902 ‘⁵
1672 1894 1678 1914 :
1702 1883 1775 1916 Sint

995 1936 1096 1968 lumbi
1118 1936 1220 1968 vestri
1237 1936 1417 1975 premium,
1443 1938 1516 1975 etc„
1537 1938 1568 1967 et
1582 1937 1593 1954 ⁷
1612 1947 1618 1968 :
1635 1936 1775 1970 calceati

993 1990 1091 2030 pedes
1114 1991 1150 2021 z'n
1169 1990 1442 2030 praeparationem
1465 1990 1641 2030 Evanqelz'z'
1661 1993 1771 2031 pacis,

995 2045 1213 2085 spiritualium
1228 2044 1399 2082 virtutum,
1416 2044 1571 2084 verbique
1582 2045 1773 2085 praedicandi

995 2108 1158 2130 resumere
1166 2099 1322 2139 Jubentui'
1331 2098 1484 2138 insignia.
1494 2110 1508 2127 2>
1523 2098 1642 2131 Textus
1655 2100 1750 2131 etiam
1764 2111 1770 2132 ε

998 2153 1110 2184 calcea
1123 2155 1163 2190 te,
1181 2152 1220 2183 ad
1234 2152 1372 2183 litteram
1388 2152 1577 2192 intellectus,
1593 2163 1659 2185 non
1673 2154 1773 2185 disso-

996 2208 1051 2237 nat
1077 2215 1095 2237 a
1120 2205 1279 2246 praedictis
1305 2206 1563 2246 auctoritatibus,
1589 2209 1620 2238 et
1642 2207 1774 2238 inferius

996 2260 1204 2298 annotandis,
1230 2259 1284 2290 sed
1309 2261 1440 2291 omnino
1469 2261 1565 2292 etiam
1594 2262 1771 2293 concordat.

996 2313 1078 2345 Nam
1103 2314 1160 2344 ubi
1188 2313 1319 2344 Latinus
1345 2314 1501 2354 interpres
1528 2315 1603 2346 dicit
1630 2316 1771 2355 caliga&

997 2367 1124 2398 Graecus
1139 2367 1214 2398 dicit
1223 2367 1387 2399 sandalia.
1405 2368 1486 2399 Sunt
1501 2370 1608 2399 autem
1619 2369 1772 2407 sandalia,

996 2422 1078 2452 sicut
1101 2421 1175 2452 dicit
1202 2420 1354 2461 Magister
1377 2422 1411 2452 in
1433 2422 1588 2461 historia,
1606 2422 1700 2454 soleae
1722 2422 1775 2453 vel

997 2478 1138 2516 petones.
1155 2475 1337 2506 Secundum
1352 2476 1485 2516 Papiam
1506 2485 1583 2507 vero
1598 2476 1711 2515 caligae
1726 2476 1775 2507 di-

997 2532 1125 2568 cuntur,
1149 2529 1240 2569 quasi
1262 2529 1422 2569 caliyulce,
1446 2530 1521 2570 quia
1545 2539 1640 2570 super
1660 2530 1774 2570 pedem

997 2584 1204 2622 colligantur3
1227 2583 1279 2615 vel
1301 2583 1396 2613 etiam
1421 2584 1498 2623 quia
1517 2583 1600 2614 calce
1615 2583 1771 2623 ligantur,

997 2637 1080 2667 sicut
1093 2636 1254 2667 cernimus
1269 2635 1302 2665 in
1321 2636 1405 2666 solea
1419 2635 1451 2667 S.
1472 2636 1565 2672 Petri,
1583 2646 1657 2676 quae
1672 2645 1774 2675 usque

1031 2701 1066 2729 (ιι)
1082 2700 1143 2724 Caet.
1158 2699 1218 2723 edit.
1236 2698 1360 2729 Origenis.
