2029 3052
651 213 936 247 RESPONSIONIS
958 214 1094 247 PRIMAE
1116 215 1244 249 CAPUT
1267 216 1291 248 1.

163 292 197 316 se
212 284 289 316 sunt
302 282 366 322 illa,
379 291 452 324 quae
460 291 537 315 mox
549 282 758 314 nominantur
772 283 943 323 conjuncta

164 337 259 377 malo,
272 339 309 369 ut
323 337 463 376 mentiri,
481 336 643 375 fornicari,
659 336 748 369 odire
762 336 941 374 veritatem,

164 392 340 432 approbare
359 400 494 423 errores.
519 391 623 422 Simili
644 391 740 422 etiam
760 391 855 423 modo
870 399 943 431 per-

166 446 283 477 fectum
293 445 410 477 dicitur
420 445 597 486 tripliciter.
610 445 789 477 Perfectum
803 453 944 485 namque

165 500 199 530 in
216 507 352 539 genere,
379 500 426 530 est
447 500 536 531 actus
559 498 697 530 difficilis
717 501 748 530 et
767 498 943 537 excellens,

164 554 245 585 sicut
264 555 311 585 est
331 553 440 584 omnia
459 553 653 594 relinquere,
675 555 706 585 et
726 553 846 584 intrare
868 553 943 584 reli-

165 607 310 647 gionem.
323 607 503 639 Perfectum
513 616 554 639 ex
564 607 814 646 circumstantia,
829 607 945 638 dicitur

165 663 254 693 actus
269 661 406 693 difficilis
420 662 534 693 debitis
548 662 798 694 circumstantiis
812 661 946 693 adorna-

164 717 228 755 tus,
245 717 282 746 ut
296 715 479 757 relinquere
500 716 627 748 divitias
648 716 838 756 gaudenter,
861 717 891 747 et
906 715 946 747 ad

165 769 411 801 aedificationem
439 769 592 810 proximi.
625 769 805 801 Perfectum
836 770 946 800 autem

165 823 342 855 secundum
355 832 399 863 se,
416 826 464 855 est
478 825 567 855 actus
590 824 727 855 difficilis
747 833 766 854 a
781 823 945 854 charitatis

165 877 361 909 sublimitate
374 878 560 918 procedenS,
574 880 611 910 ut
629 880 675 910 est
688 879 795 910 motus
813 877 945 909 fervidae

165 932 196 962 et
210 933 360 963 extractae
375 932 416 973 (a)
433 931 612 964 dilectionis
623 932 656 963 in
669 932 781 971 Deum,
790 931 843 964 vel
853 941 945 972 purae

166 986 197 1015 et
208 984 310 1024 plenae
325 985 501 1017 dilectionis
512 986 552 1017 ad
562 986 741 1017 inimicum.
751 986 850 1018 Juxta
859 985 946 1017 hunc

166 1038 262 1069 etiam
278 1038 423 1078 modum,
437 1039 663 1080 imperfectum
679 1040 794 1071 dicitur
811 1039 946 1080 triplici-

166 1093 224 1123 tcr.
242 1091 465 1133 Imperfectum
487 1094 606 1135 quippe
623 1094 658 1125 in
680 1103 811 1134 genere,
829 1093 946 1125 dicitur

164 1148 254 1177 actus
268 1146 367 1178 facilis
378 1147 418 1178 ad
440 1157 537 1188 quem
551 1148 696 1180 humana
710 1147 879 1179 infirmitas
895 1148 946 1178 in-

163 1200 323 1239 clinatur,
347 1201 428 1232 sicut
448 1201 564 1241 fugere
590 1203 747 1240 mortem,
773 1201 945 1242 pecuniam

164 1254 335 1295 possidere.
367 1255 592 1296 Imperfectum
619 1265 659 1287 ex
688 1256 943 1295 circumstantia,

165 1309 280 1341 dicitur
294 1311 383 1341 actus
406 1310 599 1342 informatus
626 1310 867 1341 circumstantia
893 1310 943 1340 in-

165 1363 301 1395 clinatus
326 1364 363 1405 (b)
389 1364 430 1395 ad
452 1364 574 1395 infimae
593 1364 728 1405 justitiae
752 1365 889 1403 statum,
909 1365 946 1395 ut

164 1418 233 1450 vim
248 1418 374 1449 facienti
397 1418 556 1449 dImittere
575 1420 715 1456 vestem,
742 1420 871 1458 propter
894 1418 945 1449 fu—

167 1480 244 1511 gam
269 1472 401 1512 maioris
423 1472 564 1513 injuriae.
589 1472 814 1512 Imperfectum
836 1474 946 1503 autem

165 1526 343 1557 secundum
359 1535 408 1565 sc,
432 1526 518 1566 quod
532 1526 621 1557 nullo
636 1526 731 1557 modo
745 1527 848 1566 potest
862 1528 946 1557 stare

166 1589 242 1611 cum
273 1580 465 1621 perfectione
492 1580 694 1620 evangelica,
724 1580 808 1611 sicut
830 1580 946 1612 ducere

166 1643 313 1673 uxorem,
330 1636 360 1665 et
374 1634 486 1674 fugere
503 1636 733 1675 paupertatem.
751 1634 829 1666 Cum
844 1634 946 1674 igitur

166 1688 232 1718 tam
255 1688 495 1719 multiformiter
516 1688 641 1719 dicatur
659 1690 725 1719 tam
749 1689 943 1729 perfectum,

166 1751 264 1782 quam
279 1742 512 1783 imperfectum,
529 1742 652 1773 clarum
674 1744 732 1780 est,
755 1742 841 1782 quod
864 1743 946 1773 sicut

165 1795 289 1826 malum
304 1805 345 1827 ex
362 1804 481 1835 genere
496 1796 597 1836 potest
610 1795 680 1826 fieri
694 1796 816 1826 bonum
831 1805 872 1827 ex
886 1796 945 1826 cir-

166 1849 368 1886 cumstantia,
385 1851 420 1880 ut
433 1849 574 1880 occidere
589 1844 765 1887 hominem,
781 1849 859 1889 quia
874 1859 943 1880 ma-

165 1901 277 1934 leficus
293 1905 350 1942 est,
367 1904 398 1934 et
411 1903 487 1943 quia
500 1902 553 1933 lex
569 1903 672 1942 jubet,
691 1905 722 1933 et
741 1903 819 1943 quia
834 1903 945 1944 reipu-

165 1956 256 1987 blicae
270 1956 399 1995 confert,
423 1958 454 1987 et
471 1965 488 1987 e
505 1965 659 1987 converso
680 1957 802 1987 bonum
821 1966 862 1988 ex
886 1966 944 1997 ge-

165 2020 242 2042 nere
263 2013 366 2052 potest
387 2010 457 2041 fieri
470 2010 603 2041 malum
623 2019 663 2041 ex
686 2010 941 2050 circumstantia,

165 2066 275 2105 utpote
299 2065 374 2096 dare
405 2065 640 2105 eleemosynam
669 2066 799 2105 propter
825 2074 944 2096 vanam

165 2119 319 2158 gloriam3
337 2119 381 2150 sic
395 2120 426 2150 et
448 2119 624 2159 perfectum
644 2118 678 2148 in
699 2127 818 2158 genere
842 2120 944 2159 potest

165 2173 235 2204 fieri
248 2173 470 2213 imperfectum
486 2181 526 2203 ex
540 2172 798 2211 circumstantia,
815 2175 851 2204 ut
866 2175 944 2213 puta

165 2235 224 2258 sua
236 2227 417 2267 relinquere
427 2227 562 2265 modica,
575 2228 611 2257 ut
622 2226 694 2267 quis
704 2226 808 2267 capiat
821 2228 944 2267 majora

166 2280 250 2311 bona
262 2279 481 2318 ecclesiastica,
496 2280 548 2312 vel
563 2280 602 2310 ab
617 2280 706 2311 omni
719 2282 791 2312 actu
803 2281 944 2312 libidinis

166 2334 301 2365 carnalis
325 2334 487 2365 continere
513 2336 642 2374 propter
673 2335 814 2375 corporis
842 2335 943 2367 vitam

166 2388 432 2429 prolongandam,
454 2390 485 2418 et
507 2396 525 2418 e
543 2388 701 2419 contrario
721 2388 943 2429 imperfectum

166 2442 199 2473 in
214 2451 333 2482 genere
346 2443 450 2482 potest
468 2441 539 2472 sieri
555 2442 730 2481 perfectum
745 2451 785 2473 ex
804 2443 941 2475 circum-

166 2496 293 2535 stantia,
311 2498 421 2536 utpote
436 2496 549 2535 fugere
563 2497 711 2533 mortem,
728 2498 765 2527 ut
784 2498 856 2537 quis
872 2498 942 2537 glo-

167 2549 293 2588 riosius,
308 2551 339 2580 et
353 2549 559 2586 fructuosiuS,
575 2550 606 2580 et
620 2550 831 2589 opportunius
846 2551 942 2591 patia-

199 2650 206 2665 ¹
223 2649 324 2679 Mami„
340 2655 416 2680 xxm,
433 2650 472 2674 39.
488 2662 519 2666 ——
536 2650 544 2663 ²
561 2650 648 2679 Bern„
665 2650 689 2673 ιή
704 2649 768 2680 ses-lo
783 2650 809 2674 S.
829 2650 943 2677 Amlreoe.

168 2692 245 2709 serm.
262 2691 286 2715 i,
304 2692 330 2710 n.
352 2687 373 2710 5.
390 2699 420 2704 —
441 2686 451 2702 ³
471 2685 573 2715 Mami„
592 2691 641 2716 xx,
660 2686 697 2709 15.
716 2698 747 2703 —
767 2685 778 2702 ⁴
799 2687 883 2716 Bern.,
899 2687 942 2711 ubi

167 2728 254 2752 supra,
269 2728 295 2746 n.
311 2724 333 2745 u.

1720 220 1780 251 4¹5

998 285 1051 315 tur
1067 293 1126 325 pro
1140 285 1287 324 Domino,
1303 284 1465 326 quomodo
1479 285 1564 326 fugit
1579 285 1733 325 Christus,
1747 288 1778 318 et

997 338 1160 378 apostolus
1177 339 1296 370 Paulus
1312 350 1319 370 :
1336 338 1380 370 sic
1395 340 1426 371 et
1444 339 1480 371 in
1499 339 1722 372 consimilibus
1734 340 1776 371 si-

998 391 1116 422 militer
1129 394 1177 423 est
1188 392 1413 432 judicandum.
1434 392 1482 425 Ex
1505 393 1555 424 his
1577 395 1720 434 patenter
1735 393 1777 424 li-

998 447 1084 484 quet,
1097 446 1174 486 quid
1190 447 1344 478 veraciter
1359 447 1397 478 de
1410 446 1525 478 Christi
1540 449 1695 488 operibus
1708 457 1779 479 scn-

998 499 1143 531 tiendum
1159 500 1209 531 sit.
1226 499 1308 532 Nam
1328 510 1402 532 cum
1420 501 1586 542 loquimur
1604 501 1642 533 de
1662 501 1779 533 Christi

999 553 1162 594 operibus,
1187 556 1291 594 potest
1312 555 1382 586 ficri
1403 564 1509 587 sermo
1534 555 1574 587 de
1591 556 1662 596 ejus
1685 564 1780 596 opere

981 621 987 625 ·
999 606 1155 646 interiori,
1164 607 1216 640 vel
1229 609 1390 640 exteriori.
1407 609 1544 641 Interius
1554 609 1690 641 dicimus
1699 619 1780 651 opus

999 669 1144 701 operans,
1165 663 1306 694 exterius
1320 672 1401 703 opus
1415 666 1594 704 operatum.
1609 665 1711 695 Omne
1721 673 1781 696 au-

999 716 1065 745 tem
1079 724 1160 755 opus
1178 715 1292 747 Christi
1311 726 1465 757 operanS,
1487 717 1555 749 sive
1573 717 1718 757 interius,
1735 719 1782 749 est

1000 769 1280 809 perfectissimum,
1303 770 1380 811 quia
1401 780 1442 802 ex
1460 771 1691 811 perfectissima
1710 771 1782 802 cha-

1000 822 1094 853 ritate
1108 823 1270 863 processit,
1287 825 1319 855 et
1332 824 1393 855 hoc
1408 826 1456 856 est
1469 833 1550 865 opus
1567 826 1599 856 et
1613 826 1703 856 actus
1713 834 1782 865 per-

1001 876 1180 908 fectissimae
1196 877 1370 910 voluntatis
1384 880 1415 909 et
1434 878 1573 910 virtutis.
1595 878 1681 919 Opus
1704 887 1782 910 vero

1000 932 1070 970 ejus
1087 931 1242 970 exterius,
1258 931 1292 962 in
1303 941 1336 963 se
1350 932 1597 972 consideratum,
1611 932 1782 973 aliquando

1000 985 1060 1016 fuit
1073 986 1252 1025 perfectum
1262 985 1301 1017 de
1316 994 1434 1025 genere
1449 987 1549 1025 actus,
1566 988 1676 1027 utpote
1688 987 1783 1018 morti

1001 1047 1034 1069 se
1051 1039 1178 1078 offerre,
1192 1039 1244 1072 vel
1268 1039 1409 1070 animam
1432 1049 1490 1080 pro
1512 1040 1626 1072 ovibus
1651 1050 1780 1081 ponere,

1000 1092 1173 1133 aliquando
1202 1092 1437 1133 imperfectum,
1465 1096 1501 1125 ut
1522 1103 1541 1125 a
1567 1094 1647 1125 facie
1675 1104 1782 1135 perse-

1000 1147 1169 1187 quentium
1184 1148 1310 1187 fugere,
1329 1150 1359 1179 et
1374 1149 1515 1188 seipsum
1531 1149 1736 1188 abscondere,
1753 1153 1784 1181 et

1000 1210 1059 1241 pro
1077 1202 1237 1233 amotione
1260 1202 1365 1233 calicis
1385 1211 1529 1234 exorare.
1551 1202 1782 1235 Verumtamen

1000 1255 1061 1286 hoc
1075 1264 1167 1295 opus,
1192 1255 1329 1287 relatum
1346 1256 1386 1287 ad
1408 1256 1522 1287 Christi
1537 1257 1736 1297 charitatem,
1753 1260 1784 1289 et

1000 1310 1171 1349 rationem,
1189 1312 1220 1341 et
1239 1320 1379 1350 causam,
1400 1320 1500 1351 quare
1514 1312 1574 1343 hoc
1588 1312 1735 1351 faciebat,
1752 1315 1783 1344 et

1001 1364 1041 1395 ad
1056 1373 1225 1404 personam
1238 1373 1342 1403 suam,
1355 1365 1492 1395 efficitur
1500 1365 1780 1405 perfectissimum.

1002 1417 1089 1448 Unde
1110 1417 1302 1457 Bernardus,
1330 1419 1470 1450 tractans
1494 1419 1573 1450 illud
1597 1420 1605 1436 ¹
1626 1431 1633 1451 :
1654 1420 1689 1453 St
1708 1421 1783 1460 fieri

999 1474 1116 1512 potest,
1147 1475 1290 1505 transeat
1316 1481 1337 1505 α
1365 1481 1413 1504 me
1441 1474 1532 1505 calix
1556 1475 1630 1513 iste,
1661 1475 1705 1506 ait
1730 1479 1741 1495 2
1772 1486 1780 1507 ε

1006 1537 1020 1555 «
1035 1526 1184 1566 Agnosco
1206 1527 1240 1557 in
1255 1527 1334 1558 duce
1352 1527 1426 1558 belli
1450 1528 1729 1567 pusillanimorum
1745 1530 1782 1571 (c)

1000 1581 1265 1621 trepidationem,
1290 1590 1430 1621 agnosco
1449 1583 1566 1622 aegroti
1592 1593 1721 1622 vocem;
1748 1584 1782 1615 in

1001 1634 1135 1673 medico,
1152 1644 1293 1674 agnosco
1309 1635 1526 1667 infirmantem
1537 1637 1692 1677 gallinam
1705 1648 1780 1670 cum

1000 1688 1111 1729 pullis3
1127 1689 1293 1720 considero
1308 1689 1508 1729 charitatem,
1532 1693 1645 1732 stupeo
1664 1692 1779 1732 digna-

1000 1743 1132 1781 tionem,
1149 1745 1180 1774 et
1195 1753 1371 1784 expavesco
1387 1744 1600 1777 humilitatem
1617 1747 1672 1786 (d).
1690 1747 1782 1779 Mise-

1000 1797 1099 1828 ricors
1120 1797 1275 1829 Dominus
1298 1807 1364 1829 non
1387 1798 1422 1829 Β.
1447 1800 1584 1831 Andreae
1610 1801 1781 1833 robustum

1000 1851 1059 1881 sibi
1075 1851 1210 1891 sumpsit
1223 1851 1259 1891 (e)
1277 1851 1440 1891 affectum,
1460 1853 1536 1893 quia
1550 1863 1615 1885 non
1630 1857 1676 1886 est
1693 1856 1780 1887 sanis

1000 1914 1081 1945 opus
1105 1905 1262 1944 medicus,
1287 1906 1341 1936 sed
1365 1906 1448 1937 male
1471 1907 1678 1947 habentibus;
1704 1911 1735 1940 et
1752 1910 1780 1940 si

1000 1968 1098 1999 quem
1115 1959 1261 1998 dignatio
1276 1961 1364 1990 tanta
1386 1960 1585 2000 scandalizet,
1602 1961 1695 2001 plane
1710 1972 1778 1994 me-

1000 2016 1090 2046 retur
1103 2015 1215 2045 audire
1230 2014 1241 2030 ³
1258 2025 1264 2045 :
1282 2015 1333 2046 An
1349 2016 1457 2048 oculus
1472 2019 1548 2049 tuus
1564 2025 1703 2057 nequam
1719 2022 1777 2057 est,

1000 2069 1079 2108 quia
1093 2076 1145 2109 eqo
1166 2068 1265 2100 bonus
1281 2070 1380 2100 sum?
1403 2069 1484 2101 Huic
1505 2071 1592 2101 enim
1611 2072 1688 2102 odor
1703 2072 1778 2103 vitae

1000 2123 1030 2153 in
1048 2125 1185 2154 mortem
1201 2124 1259 2154 est.
1278 2125 1288 2142 ⁶
1308 2134 1322 2152 ι(
1337 2123 1417 2160 Quid
1434 2124 1520 2155 enim
1535 2133 1691 2164 magnum
1707 2126 1777 2166 fuit,

1000 2176 1132 2207 Domine
1151 2176 1237 2215 Jesu,
1255 2177 1280 2207 si
1300 2177 1467 2208 accedente
1479 2178 1548 2217 jam
1571 2179 1652 2210 hora
1666 2181 1779 2211 mortis

999 2232 1128 2270 propter
1157 2240 1255 2271 quam
1281 2240 1434 2269 veneras,
1457 2232 1635 2272 intrepidus
1658 2236 1777 2274 stares,

1000 2286 1154 2324 tanquam
1178 2284 1234 2324 qui
1264 2287 1452 2324 potestatem
1475 2286 1615 2318 habebas
1639 2289 1778 2328 ponendi

999 2338 1142 2369 animam
1163 2341 1265 2377 tuam,
1287 2340 1318 2369 et
1337 2348 1432 2370 nemo
1453 2340 1582 2371 tollebat
1597 2350 1666 2371 eam
1684 2351 1703 2372 a
1726 2344 1777 2373 te?

999 2392 1063 2423 Aut
1075 2401 1140 2423 non
1150 2392 1244 2432 longe
1254 2392 1425 2432 gloriosius
1436 2394 1506 2432 fuit,
1519 2395 1777 2435 quandoquidem

1000 2448 1104 2478 totum
1128 2448 1257 2486 propter
1273 2456 1331 2478 nos
1347 2448 1516 2487 agebatur,
1538 2451 1574 2479 ut
1592 2458 1656 2479 non
1672 2450 1777 2481 solum

999 2501 1103 2541 passio
1129 2501 1285 2540 corporis,
1313 2502 1367 2532 sed
1388 2502 1483 2532 etiam
1512 2501 1616 2532 cordis
1640 2502 1776 2543 affectio,

1814 672 1885 692 Omne

1821 708 1877 729 opus

1807 733 1889 754 Christi

1803 765 1896 786 interius

1796 797 1831 816 est
1852 801 1903 822 per-

1802 826 1897 847 rectissi-

1813 863 1883 879 mum.

1033 2581 1066 2611 (a)
1080 2581 1154 2604 Forte
1168 2580 1217 2612 leq.
1232 2581 1450 2606 extraordinariae.
1464 2595 1495 2599 —
1508 2581 1543 2612 (b)
1557 2583 1616 2605 Item
1628 2582 1777 2608 inclinante.
1803 2570 1806 2572 ι

1000 2630 1029 2634 -
1050 2618 1080 2647 (c)
1101 2617 1139 2640 lta
1164 2618 1231 2648 apud
1250 2619 1326 2642 Rem.
1351 2618 1413 2641 edit.
1435 2618 1537 2642 Mabz'll.
1563 2625 1604 2643 an.
1629 2620 1703 2650 16903
1724 2622 1779 2644 coet.

999 2652 1062 2675 edet.
1084 2652 1174 2678 Βοιιαυ,
1195 2653 1437 2684 pusillanimitatem.
1455 2666 1485 2670 —
1503 2653 1541 2684 (sl)
1561 2654 1602 2678 Al.
1625 2656 1716 2686 stupco
1734 2656 1779 2679 mi-

1000 2688 1164 2720 serationem,
1187 2696 1333 2720 expavesco
1354 2689 1537 2720 dignationem.
1558 2703 1588 2707 —
1606 2690 1637 2721 (e)
1657 2691 1700 2714 Al.
1722 2698 1777 2715 sns-

1001 2723 1078 2754 cepit.
