<?xml version="1.0" encoding="UTF-8"?>
<!DOCTYPE html PUBLIC "-//W3C//DTD XHTML 1.0 Transitional//EN"
    "http://www.w3.org/TR/xhtml1/DTD/xhtml1-transitional.dtd">
<html xmlns="http://www.w3.org/1999/xhtml" xml:lang="en" lang="en">
 <head>
  <title>
</title>
<meta http-equiv="Content-Type" content="text/html;charset=utf-8" />
  <meta name='ocr-system' content='tesseract 3.04.00' />
  <meta name='ocr-capabilities' content='ocr_page ocr_carea ocr_par ocr_line ocrx_word'/>
</head>
<body>
  <div class='ocr_page' id='page_1' title='image "./operaomniasixtiv14bonauoft/operaomniasixtiv14bonauoft_0277.png"; bbox 0 0 2029 3052; ppageno 0'>
   <div class='ocr_carea' id='block_1_1' title="bbox 835 166 1052 200">
    <p class='ocr_par' dir='ltr' id='par_1_1' title="bbox 835 166 1052 200">
     <span class='ocr_line' id='line_1_1' title="bbox 835 166 1052 200; baseline 0.009 -2"><span class='ocrx_word' id='word_1_1' title='bbox 835 166 975 200; x_wconf 85' lang='lat' dir='ltr'>LECTIO</span> <span class='ocrx_word' id='word_1_2' title='bbox 998 168 1052 200; x_wconf 85' lang='grc' dir='ltr'>ΙΙΙ.</span> 
     </span>
    </p>
   </div>
   <div class='ocr_carea' id='block_1_2' title="bbox 127 233 931 2541">
    <p class='ocr_par' dir='ltr' id='par_1_2' title="bbox 127 233 922 1076">
     <span class='ocr_line' id='line_1_2' title="bbox 127 233 912 273; baseline -0.001 -10"><span class='ocrx_word' id='word_1_3' title='bbox 127 233 237 264; x_wconf 79' lang='lat' dir='ltr'><em>vendo.</em></span> <span class='ocrx_word' id='word_1_4' title='bbox 253 234 335 264; x_wconf 86' lang='lat' dir='ltr'><strong>Unde</strong></span> <span class='ocrx_word' id='word_1_5' title='bbox 350 235 388 264; x_wconf 86' lang='lat' dir='ltr'><em>de</em></span> <span class='ocrx_word' id='word_1_6' title='bbox 407 243 442 264; x_wconf 85' lang='lat' dir='ltr'><em>ea</em></span> <span class='ocrx_word' id='word_1_7' title='bbox 458 235 517 264; x_wconf 86' lang='lat' dir='ltr'><em>dici</em></span> <span class='ocrx_word' id='word_1_8' title='bbox 527 235 627 273; x_wconf 86' lang='lat' dir='ltr'><em>potest</em></span> <span class='ocrx_word' id='word_1_9' title='bbox 634 233 712 263; x_wconf 89' lang='lat' dir='ltr'><em>illud</em></span> <span class='ocrx_word' id='word_1_10' title='bbox 720 234 873 270; x_wconf 70' lang='lat' dir='ltr'><em>Sapientiae</em></span> <span class='ocrx_word' id='word_1_11' title='bbox 884 234 892 250; x_wconf 94' lang='lat'>¹</span> <span class='ocrx_word' id='word_1_12' title='bbox 903 244 912 262; x_wconf 86' lang='lat'><em>.-</em></span> 
     </span>
     <span class='ocr_line' id='line_1_3' title="bbox 129 282 914 321; baseline 0 -12"><span class='ocrx_word' id='word_1_13' title='bbox 129 282 179 310; x_wconf 85' lang='lat' dir='ltr'><em>Est</em></span> <span class='ocrx_word' id='word_1_14' title='bbox 197 284 268 310; x_wconf 84' lang='lat' dir='ltr'><em>enim</em></span> <span class='ocrx_word' id='word_1_15' title='bbox 281 283 335 311; x_wconf 80' lang='lat' dir='ltr'><em>hoee</em></span> <span class='ocrx_word' id='word_1_16' title='bbox 346 284 492 321; x_wconf 74' lang='lat' dir='ltr'><em>speciosior</em></span> <span class='ocrx_word' id='word_1_17' title='bbox 504 284 570 319; x_wconf 85' lang='lat' dir='ltr'><em>sole,</em></span> <span class='ocrx_word' id='word_1_18' title='bbox 586 285 612 311; x_wconf 85' lang='lat' dir='ltr'><em>et</em></span> <span class='ocrx_word' id='word_1_19' title='bbox 629 290 710 319; x_wconf 78' lang='lat' dir='ltr'><em>super</em></span> <span class='ocrx_word' id='word_1_20' title='bbox 725 289 828 310; x_wconf 84' lang='lat' dir='ltr'><em>omnem</em></span> <span class='ocrx_word' id='word_1_21' title='bbox 852 282 914 310; x_wconf 82' lang='lat' dir='ltr'><em>dis-</em></span> 
     </span>
     <span class='ocr_line' id='line_1_4' title="bbox 128 331 913 367; baseline 0 -10"><span class='ocrx_word' id='word_1_22' title='bbox 128 331 289 365; x_wconf 76' lang='lat' dir='ltr'><em>positionem</em></span> <span class='ocrx_word' id='word_1_23' title='bbox 305 331 456 367; x_wconf 81' lang='lat' dir='ltr'><em>stellarum,</em></span> <span class='ocrx_word' id='word_1_24' title='bbox 468 331 523 359; x_wconf 81' lang='lat' dir='ltr'><em>luci</em></span> <span class='ocrx_word' id='word_1_25' title='bbox 537 332 705 367; x_wconf 76' lang='lat' dir='ltr'><em>comparata,</em></span> <span class='ocrx_word' id='word_1_26' title='bbox 715 331 855 358; x_wconf 80' lang='lat' dir='ltr'><em>invenitur</em></span> <span class='ocrx_word' id='word_1_27' title='bbox 862 337 913 365; x_wconf 81' lang='lat' dir='ltr'><em>pu-</em></span> 
     </span>
     <span class='ocr_line' id='line_1_5' title="bbox 130 377 913 415; baseline 0 -10"><span class='ocrx_word' id='word_1_28' title='bbox 130 379 198 406; x_wconf 81' lang='lat' dir='ltr'><em>rior.</em></span> <span class='ocrx_word' id='word_1_29' title='bbox 219 377 347 412; x_wconf 85' lang='lat' dir='ltr'><strong>Quidam</strong></span> <span class='ocrx_word' id='word_1_30' title='bbox 361 378 465 414; x_wconf 86' lang='lat' dir='ltr'><em>legunt</em></span> <span class='ocrx_word' id='word_1_31' title='bbox 478 378 527 407; x_wconf 90' lang='lat' dir='ltr'><em>hic</em></span> <span class='ocrx_word' id='word_1_32' title='bbox 541 379 634 415; x_wconf 81' lang='lat' dir='ltr'><em>prior,</em></span> <span class='ocrx_word' id='word_1_33' title='bbox 656 378 782 415; x_wconf 88' lang='lat' dir='ltr'><em>quidam</em></span> <span class='ocrx_word' id='word_1_34' title='bbox 796 378 894 413; x_wconf 83' lang='lat' dir='ltr'><em>purior</em></span> <span class='ocrx_word' id='word_1_35' title='bbox 905 387 913 413; x_wconf 76' lang='lat'><em>3</em></span> 
     </span>
     <span class='ocr_line' id='line_1_6' title="bbox 130 424 917 462; baseline 0 -9"><span class='ocrx_word' id='word_1_36' title='bbox 130 426 291 462; x_wconf 82' lang='lat' dir='ltr'><em>utrumque</em></span> <span class='ocrx_word' id='word_1_37' title='bbox 311 433 383 454; x_wconf 86' lang='lat' dir='ltr'><em>vero</em></span> <span class='ocrx_word' id='word_1_38' title='bbox 407 425 497 454; x_wconf 85' lang='lat' dir='ltr'><em>stellae</em></span> <span class='ocrx_word' id='word_1_39' title='bbox 525 427 630 454; x_wconf 70' lang='lat' dir='ltr'><em>nostrae</em></span> <span class='ocrx_word' id='word_1_40' title='bbox 651 425 803 462; x_wconf 88' lang='lat' dir='ltr'><em>competit.</em></span> <span class='ocrx_word' id='word_1_41' title='bbox 828 424 917 454; x_wconf 85' lang='lat' dir='ltr'><em>Maria</em></span> 
     </span>
     <span class='ocr_line' id='line_1_7' title="bbox 132 472 917 510; baseline 0.001 -11"><span class='ocrx_word' id='word_1_42' title='bbox 132 472 213 501; x_wconf 87' lang='lat' dir='ltr'><em>enim</em></span> <span class='ocrx_word' id='word_1_43' title='bbox 227 473 270 502; x_wconf 89' lang='lat' dir='ltr'><em>est</em></span> <span class='ocrx_word' id='word_1_44' title='bbox 281 475 370 509; x_wconf 79' lang='lat' dir='ltr'><em>prior,</em></span> <span class='ocrx_word' id='word_1_45' title='bbox 389 473 421 502; x_wconf 91' lang='lat' dir='ltr'><em>id</em></span> <span class='ocrx_word' id='word_1_46' title='bbox 436 475 478 502; x_wconf 81' lang='lat' dir='ltr'><em>est</em></span> <span class='ocrx_word' id='word_1_47' title='bbox 488 473 589 510; x_wconf 87' lang='lat' dir='ltr'><em>potior</em></span> <span class='ocrx_word' id='word_1_48' title='bbox 602 473 664 502; x_wconf 86' lang='lat' dir='ltr'><em>sive</em></span> <span class='ocrx_word' id='word_1_49' title='bbox 675 473 796 510; x_wconf 85' lang='lat' dir='ltr'><em>dignior</em></span> <span class='ocrx_word' id='word_1_50' title='bbox 802 483 811 509; x_wconf 57' lang='grc' dir='ltr'><strong><em>ς</em></strong></span> <span class='ocrx_word' id='word_1_51' title='bbox 827 472 917 501; x_wconf 87' lang='lat' dir='ltr'><em>Maria</em></span> 
     </span>
     <span class='ocr_line' id='line_1_8' title="bbox 132 519 917 557; baseline 0 -10"><span class='ocrx_word' id='word_1_52' title='bbox 132 519 222 548; x_wconf 85' lang='lat' dir='ltr'><em>etiam</em></span> <span class='ocrx_word' id='word_1_53' title='bbox 240 522 337 556; x_wconf 79' lang='lat' dir='ltr'><em>purior</em></span> <span class='ocrx_word' id='word_1_54' title='bbox 361 523 403 549; x_wconf 88' lang='lat' dir='ltr'><em>est</em></span> <span class='ocrx_word' id='word_1_55' title='bbox 427 521 501 555; x_wconf 90' lang='lat' dir='ltr'><em>sole,</em></span> <span class='ocrx_word' id='word_1_56' title='bbox 524 523 552 549; x_wconf 87' lang='lat' dir='ltr'><em>et</em></span> <span class='ocrx_word' id='word_1_57' title='bbox 574 521 675 557; x_wconf 87' lang='lat' dir='ltr'><em>stellis,</em></span> <span class='ocrx_word' id='word_1_58' title='bbox 698 523 726 549; x_wconf 88' lang='lat' dir='ltr'><em>et</em></span> <span class='ocrx_word' id='word_1_59' title='bbox 740 521 828 549; x_wconf 84' lang='lat' dir='ltr'><em>luce:</em></span> <span class='ocrx_word' id='word_1_60' title='bbox 845 519 917 557; x_wconf 85' lang='lat' dir='ltr'><em>quia</em></span> 
     </span>
     <span class='ocr_line' id='line_1_9' title="bbox 134 566 916 605; baseline 0.001 -11"><span class='ocrx_word' id='word_1_61' title='bbox 134 566 196 595; x_wconf 82' lang='lat' dir='ltr'><em>tam</em></span> <span class='ocrx_word' id='word_1_62' title='bbox 210 566 365 603; x_wconf 83' lang='lat' dir='ltr'><em>dignitate,</em></span> <span class='ocrx_word' id='word_1_63' title='bbox 381 576 473 604; x_wconf 88' lang='lat' dir='ltr'><em>quam</em></span> <span class='ocrx_word' id='word_1_64' title='bbox 487 568 625 605; x_wconf 75' lang='lat' dir='ltr'><em>purItate,</em></span> <span class='ocrx_word' id='word_1_65' title='bbox 640 568 747 604; x_wconf 89' lang='lat' dir='ltr'><em>solem,</em></span> <span class='ocrx_word' id='word_1_66' title='bbox 764 569 792 596; x_wconf 91' lang='lat' dir='ltr'><em>et</em></span> <span class='ocrx_word' id='word_1_67' title='bbox 806 567 916 602; x_wconf 83' lang='lat' dir='ltr'><em>stellas,</em></span> 
     </span>
     <span class='ocr_line' id='line_1_10' title="bbox 133 614 916 653; baseline 0.003 -12"><span class='ocrx_word' id='word_1_68' title='bbox 133 614 162 641; x_wconf 88' lang='lat' dir='ltr'><em>et</em></span> <span class='ocrx_word' id='word_1_69' title='bbox 191 622 313 643; x_wconf 88' lang='lat' dir='ltr'><em>omnem</em></span> <span class='ocrx_word' id='word_1_70' title='bbox 344 615 441 644; x_wconf 85' lang='lat' dir='ltr'><em>lucem</em></span> <span class='ocrx_word' id='word_1_71' title='bbox 469 617 588 653; x_wconf 85' lang='lat' dir='ltr'><em>superat</em></span> <span class='ocrx_word' id='word_1_72' title='bbox 620 616 808 653; x_wconf 82' lang='lat' dir='ltr'>corporalem</span> <span class='ocrx_word' id='word_1_73' title='bbox 819 637 828 652; x_wconf 95' lang='lat'><em>,</em></span> <span class='ocrx_word' id='word_1_74' title='bbox 854 615 916 643; x_wconf 91' lang='lat' dir='ltr'><em>imo</em></span> 
     </span>
     <span class='ocr_line' id='line_1_11' title="bbox 134 660 918 699; baseline 0.005 -11"><span class='ocrx_word' id='word_1_75' title='bbox 134 660 223 689; x_wconf 91' lang='lat' dir='ltr'><em>etiam</em></span> <span class='ocrx_word' id='word_1_76' title='bbox 232 661 429 699; x_wconf 85' lang='lat' dir='ltr'><em>spiritualem,</em></span> <span class='ocrx_word' id='word_1_77' title='bbox 445 663 478 691; x_wconf 87' lang='lat' dir='ltr'><em>id</em></span> <span class='ocrx_word' id='word_1_78' title='bbox 494 665 537 691; x_wconf 90' lang='lat' dir='ltr'><em>est</em></span> <span class='ocrx_word' id='word_1_79' title='bbox 551 663 719 699; x_wconf 81' lang='lat' dir='ltr'>angelicam</span> <span class='ocrx_word' id='word_1_80' title='bbox 740 665 918 698; x_wconf 87' lang='lat' dir='ltr'><em>creaturam,</em></span> 
     </span>
     <span class='ocr_line' id='line_1_12' title="bbox 134 707 917 744; baseline 0.004 -9"><span class='ocrx_word' id='word_1_81' title='bbox 134 707 171 736; x_wconf 91' lang='lat' dir='ltr'><em>de</em></span> <span class='ocrx_word' id='word_1_82' title='bbox 186 716 247 744; x_wconf 85' lang='lat' dir='ltr'><em>qua</em></span> <span class='ocrx_word' id='word_1_83' title='bbox 262 708 387 738; x_wconf 78' lang='lat' dir='ltr'><em>dicitur²</em></span> <span class='ocrx_word' id='word_1_84' title='bbox 403 719 410 738; x_wconf 91' lang='lat'>:</span> <span class='ocrx_word' id='word_1_85' title='bbox 426 711 531 738; x_wconf 78' lang='lat' dir='ltr'><em>Divisit</em></span> <span class='ocrx_word' id='word_1_86' title='bbox 555 712 626 738; x_wconf 82' lang='lat' dir='ltr'><em>Deus</em></span> <span class='ocrx_word' id='word_1_87' title='bbox 648 711 733 738; x_wconf 83' lang='lat' dir='ltr'><em>lucem</em></span> <span class='ocrx_word' id='word_1_88' title='bbox 755 719 772 738; x_wconf 88' lang='lat' dir='ltr'><em>a</em></span> <span class='ocrx_word' id='word_1_89' title='bbox 791 711 917 744; x_wconf 84' lang='lat' dir='ltr'><em>tenebris,</em></span> 
     </span>
     <span class='ocr_line' id='line_1_13' title="bbox 133 755 918 794; baseline 0.005 -12"><span class='ocrx_word' id='word_1_90' title='bbox 133 755 166 782; x_wconf 90' lang='lat' dir='ltr'><em>id</em></span> <span class='ocrx_word' id='word_1_91' title='bbox 180 756 222 783; x_wconf 87' lang='lat' dir='ltr'><em>est</em></span> <span class='ocrx_word' id='word_1_92' title='bbox 236 756 359 791; x_wconf 82' lang='lat' dir='ltr'>angelos</span> <span class='ocrx_word' id='word_1_93' title='bbox 372 757 480 785; x_wconf 86' lang='lat' dir='ltr'><em>stantes</em></span> <span class='ocrx_word' id='word_1_94' title='bbox 500 765 518 785; x_wconf 90' lang='lat' dir='ltr'><em>a</em></span> <span class='ocrx_word' id='word_1_95' title='bbox 533 757 720 786; x_wconf 77' lang='lat' dir='ltr'>cadentibus.</span> <span class='ocrx_word' id='word_1_96' title='bbox 738 758 796 786; x_wconf 85' lang='lat' dir='ltr'><em>Hac</em></span> <span class='ocrx_word' id='word_1_97' title='bbox 815 758 918 794; x_wconf 86' lang='lat' dir='ltr'><em>utique</em></span> 
     </span>
     <span class='ocr_line' id='line_1_14' title="bbox 133 803 918 844; baseline 0.005 -13"><span class='ocrx_word' id='word_1_98' title='bbox 133 803 200 832; x_wconf 89' lang='lat' dir='ltr'><em>luce</em></span> <span class='ocrx_word' id='word_1_99' title='bbox 215 804 351 840; x_wconf 86' lang='lat' dir='ltr'><em>angelica</em></span> <span class='ocrx_word' id='word_1_100' title='bbox 371 805 454 842; x_wconf 90' lang='lat' dir='ltr'><em>prior</em></span> <span class='ocrx_word' id='word_1_101' title='bbox 474 807 502 834; x_wconf 88' lang='lat' dir='ltr'><em>et</em></span> <span class='ocrx_word' id='word_1_102' title='bbox 520 807 625 842; x_wconf 89' lang='lat' dir='ltr'><em>purior</em></span> <span class='ocrx_word' id='word_1_103' title='bbox 643 807 686 835; x_wconf 88' lang='lat' dir='ltr'><em>est</em></span> <span class='ocrx_word' id='word_1_104' title='bbox 705 807 796 835; x_wconf 87' lang='lat' dir='ltr'><em>Maria</em></span> <span class='ocrx_word' id='word_1_105' title='bbox 811 816 818 834; x_wconf 92' lang='lat'>:</span> <span class='ocrx_word' id='word_1_106' title='bbox 835 807 918 844; x_wconf 84' lang='lat' dir='ltr'><em>prior</em></span> 
     </span>
     <span class='ocr_line' id='line_1_15' title="bbox 134 849 919 888; baseline 0.005 -10"><span class='ocrx_word' id='word_1_107' title='bbox 134 849 287 886; x_wconf 79' lang='lat' dir='ltr'><em>dignitate,</em></span> <span class='ocrx_word' id='word_1_108' title='bbox 302 854 330 880; x_wconf 88' lang='lat' dir='ltr'><em>et</em></span> <span class='ocrx_word' id='word_1_109' title='bbox 351 852 455 888; x_wconf 88' lang='lat' dir='ltr'><em>purior</em></span> <span class='ocrx_word' id='word_1_110' title='bbox 475 853 636 882; x_wconf 80' lang='lat' dir='ltr'><em>sanctitate.</em></span> <span class='ocrx_word' id='word_1_111' title='bbox 661 854 744 882; x_wconf 84' lang='lat' dir='ltr'>Unde</span> <span class='ocrx_word' id='word_1_112' title='bbox 764 854 919 882; x_wconf 85' lang='lat' dir='ltr'><em>Anselmus</em></span> 
     </span>
     <span class='ocr_line' id='line_1_16' title="bbox 134 897 916 938; baseline 0.004 -12"><span class='ocrx_word' id='word_1_113' title='bbox 134 897 313 934; x_wconf 81' lang='lat' dir='ltr'><strong>exclamans,</strong></span> <span class='ocrx_word' id='word_1_114' title='bbox 330 899 387 927; x_wconf 74' lang='lat' dir='ltr'><em>ait³</em></span> <span class='ocrx_word' id='word_1_115' title='bbox 404 909 411 927; x_wconf 74' lang='grc' dir='ltr'>ε</span> <span class='ocrx_word' id='word_1_116' title='bbox 431 909 444 926; x_wconf 87' lang='lat'>«</span> <span class='ocrx_word' id='word_1_117' title='bbox 460 902 481 929; x_wconf 95' lang='grc' dir='ltr'>Ο</span> <span class='ocrx_word' id='word_1_118' title='bbox 496 900 654 929; x_wconf 88' lang='lat' dir='ltr'><em>benedicta</em></span> <span class='ocrx_word' id='word_1_119' title='bbox 668 909 757 938; x_wconf 89' lang='lat' dir='ltr'><em>super</em></span> <span class='ocrx_word' id='word_1_120' title='bbox 767 901 916 936; x_wconf 84' lang='lat' dir='ltr'><em>mulieres,</em></span> 
     </span>
     <span class='ocr_line' id='line_1_17' title="bbox 134 945 920 985; baseline 0.006 -13"><span class='ocrx_word' id='word_1_121' title='bbox 134 952 201 980; x_wconf 83' lang='lat' dir='ltr'><em>quae</em></span> <span class='ocrx_word' id='word_1_122' title='bbox 221 945 344 982; x_wconf 86' lang='lat' dir='ltr'>angelos</span> <span class='ocrx_word' id='word_1_123' title='bbox 365 947 459 975; x_wconf 88' lang='lat' dir='ltr'><em>vincis</em></span> <span class='ocrx_word' id='word_1_124' title='bbox 486 948 631 984; x_wconf 85' lang='lat' dir='ltr'><em>puritate,</em></span> <span class='ocrx_word' id='word_1_125' title='bbox 654 950 771 977; x_wconf 89' lang='lat' dir='ltr'><em>sanctos</em></span> <span class='ocrx_word' id='word_1_126' title='bbox 797 957 920 985; x_wconf 88' lang='lat' dir='ltr'><em>superas</em></span> 
     </span>
     <span class='ocr_line' id='line_1_18' title="bbox 134 992 922 1032; baseline 0.006 -13"><span class='ocrx_word' id='word_1_127' title='bbox 134 992 254 1027; x_wconf 85' lang='lat' dir='ltr'><em>pietate.</em></span> <span class='ocrx_word' id='word_1_128' title='bbox 269 1003 283 1020; x_wconf 66' lang='lat'><em>&gt;2</em></span> <span class='ocrx_word' id='word_1_129' title='bbox 300 993 387 1022; x_wconf 87' lang='lat' dir='ltr'><em>Vides</em></span> <span class='ocrx_word' id='word_1_130' title='bbox 402 995 495 1023; x_wconf 87' lang='lat' dir='ltr'><em>modo</em></span> <span class='ocrx_word' id='word_1_131' title='bbox 509 995 666 1032; x_wconf 90' lang='lat' dir='ltr'><em>quomodo</em></span> <span class='ocrx_word' id='word_1_132' title='bbox 682 997 771 1025; x_wconf 88' lang='lat' dir='ltr'><em>Maria</em></span> <span class='ocrx_word' id='word_1_133' title='bbox 781 996 818 1024; x_wconf 84' lang='lat' dir='ltr'><em>sit</em></span> <span class='ocrx_word' id='word_1_134' title='bbox 837 996 922 1024; x_wconf 85' lang='lat' dir='ltr'><em>stella</em></span> 
     </span>
     <span class='ocr_line' id='line_1_19' title="bbox 135 1039 626 1076; baseline 0.008 -9"><span class='ocrx_word' id='word_1_135' title='bbox 135 1039 296 1075; x_wconf 89' lang='lat' dir='ltr'><em>purissima</em></span> <span class='ocrx_word' id='word_1_136' title='bbox 311 1041 468 1076; x_wconf 82' lang='lat' dir='ltr'><em>purissime</em></span> <span class='ocrx_word' id='word_1_137' title='bbox 482 1042 626 1071; x_wconf 88' lang='lat' dir='ltr'><em>vivendo.</em></span> 
     </span>
    </p>

    <p class='ocr_par' dir='ltr' id='par_1_3' title="bbox 137 1087 929 2069">
     <span class='ocr_line' id='line_1_20' title="bbox 172 1087 923 1127; baseline 0.005 -12"><span class='ocrx_word' id='word_1_138' title='bbox 172 1087 308 1116; x_wconf 89' lang='lat' dir='ltr'><em>Secundo</em></span> <span class='ocrx_word' id='word_1_139' title='bbox 329 1089 497 1123; x_wconf 84' lang='lat' dir='ltr'><em>considera,</em></span> <span class='ocrx_word' id='word_1_140' title='bbox 519 1090 702 1126; x_wconf 81' lang='lat' dir='ltr'><em>charissime,</em></span> <span class='ocrx_word' id='word_1_141' title='bbox 727 1091 811 1127; x_wconf 90' lang='lat' dir='ltr'><em>quod</em></span> <span class='ocrx_word' id='word_1_142' title='bbox 833 1091 923 1120; x_wconf 87' lang='lat' dir='ltr'><em>Maria</em></span> 
     </span>
     <span class='ocr_line' id='line_1_21' title="bbox 137 1135 924 1172; baseline 0.006 -10"><span class='ocrx_word' id='word_1_143' title='bbox 137 1136 180 1162; x_wconf 89' lang='grc' dir='ltr'><em>θεῖ</em></span> <span class='ocrx_word' id='word_1_144' title='bbox 193 1135 278 1163; x_wconf 82' lang='lat' dir='ltr'><em>stella</em></span> <span class='ocrx_word' id='word_1_145' title='bbox 297 1136 514 1172; x_wconf 88' lang='lat' dir='ltr'><em>radiosissima,</em></span> <span class='ocrx_word' id='word_1_146' title='bbox 534 1138 655 1166; x_wconf 89' lang='lat' dir='ltr'><em>radium</em></span> <span class='ocrx_word' id='word_1_147' title='bbox 677 1140 819 1167; x_wconf 82' lang='lat' dir='ltr'><em>aeternum</em></span> <span class='ocrx_word' id='word_1_148' title='bbox 840 1139 924 1167; x_wconf 87' lang='lat' dir='ltr'><em>emit-</em></span> 
     </span>
     <span class='ocr_line' id='line_1_22' title="bbox 137 1181 925 1221; baseline 0.006 -12"><span class='ocrx_word' id='word_1_149' title='bbox 137 1181 238 1216; x_wconf 83' lang='lat' dir='ltr'><em>tendo,</em></span> <span class='ocrx_word' id='word_1_150' title='bbox 264 1184 292 1210; x_wconf 89' lang='lat' dir='ltr'><em>et</em></span> <span class='ocrx_word' id='word_1_151' title='bbox 316 1183 366 1211; x_wconf 91' lang='lat' dir='ltr'><em>Dei</em></span> <span class='ocrx_word' id='word_1_152' title='bbox 381 1184 488 1212; x_wconf 84' lang='lat' dir='ltr'><em>Filium</em></span> <span class='ocrx_word' id='word_1_153' title='bbox 510 1185 668 1221; x_wconf 86' lang='lat' dir='ltr'><em>pariendo.</em></span> <span class='ocrx_word' id='word_1_154' title='bbox 693 1187 759 1221; x_wconf 85' lang='lat' dir='ltr'><em>Ipsa</em></span> <span class='ocrx_word' id='word_1_155' title='bbox 780 1186 859 1214; x_wconf 91' lang='lat' dir='ltr'><em>cnim</em></span> <span class='ocrx_word' id='word_1_156' title='bbox 881 1188 925 1214; x_wconf 87' lang='lat' dir='ltr'><em>est</em></span> 
     </span>
     <span class='ocr_line' id='line_1_23' title="bbox 137 1228 925 1266; baseline 0.008 -11"><span class='ocrx_word' id='word_1_157' title='bbox 137 1228 231 1264; x_wconf 85' lang='lat' dir='ltr'><em>stella,</em></span> <span class='ocrx_word' id='word_1_158' title='bbox 251 1229 288 1257; x_wconf 90' lang='lat' dir='ltr'><em>de</em></span> <span class='ocrx_word' id='word_1_159' title='bbox 304 1238 364 1266; x_wconf 88' lang='lat' dir='ltr'><em>qua</em></span> <span class='ocrx_word' id='word_1_160' title='bbox 377 1230 484 1259; x_wconf 87' lang='lat' dir='ltr'><em>dicitur</em></span> <span class='ocrx_word' id='word_1_161' title='bbox 498 1231 530 1259; x_wconf 90' lang='lat' dir='ltr'><em>in</em></span> <span class='ocrx_word' id='word_1_162' title='bbox 540 1233 668 1260; x_wconf 67' lang='lat' dir='ltr'><em>Numer-is</em></span> <span class='ocrx_word' id='word_1_163' title='bbox 679 1231 688 1248; x_wconf 50' lang='grc' dir='ltr'><em>ι’</em></span> <span class='ocrx_word' id='word_1_164' title='bbox 698 1241 708 1260; x_wconf 94' lang='grc'><em>.·</em></span> <span class='ocrx_word' id='word_1_165' title='bbox 722 1233 833 1260; x_wconf 82' lang='lat' dir='ltr'><em>Oriotur</em></span> <span class='ocrx_word' id='word_1_166' title='bbox 844 1234 925 1261; x_wconf 79' lang='lat' dir='ltr'><em>stella</em></span> 
     </span>
     <span class='ocr_line' id='line_1_24' title="bbox 138 1277 925 1315; baseline 0.006 -12"><span class='ocrx_word' id='word_1_167' title='bbox 138 1283 170 1303; x_wconf 72' lang='lat' dir='ltr'><em>ex</em></span> <span class='ocrx_word' id='word_1_168' title='bbox 183 1277 277 1312; x_wconf 81' lang='lat' dir='ltr'><em>Jacob,</em></span> <span class='ocrx_word' id='word_1_169' title='bbox 290 1280 316 1305; x_wconf 87' lang='lat' dir='ltr'><em>et</em></span> <span class='ocrx_word' id='word_1_170' title='bbox 331 1281 472 1313; x_wconf 70' lang='lat' dir='ltr'><em>consurqet</em></span> <span class='ocrx_word' id='word_1_171' title='bbox 487 1280 568 1314; x_wconf 68' lang='lat' dir='ltr'><em>virqa</em></span> <span class='ocrx_word' id='word_1_172' title='bbox 587 1280 620 1307; x_wconf 87' lang='lat' dir='ltr'><em>de</em></span> <span class='ocrx_word' id='word_1_173' title='bbox 638 1281 738 1315; x_wconf 82' lang='lat' dir='ltr'><em>Israel,</em></span> <span class='ocrx_word' id='word_1_174' title='bbox 761 1281 815 1308; x_wconf 90' lang='lat' dir='ltr'><em>etc.</em></span> <span class='ocrx_word' id='word_1_175' title='bbox 836 1280 925 1315; x_wconf 87' lang='lat' dir='ltr'><em>Virga</em></span> 
     </span>
     <span class='ocr_line' id='line_1_25' title="bbox 137 1321 925 1362; baseline 0.008 -12"><span class='ocrx_word' id='word_1_176' title='bbox 137 1321 191 1351; x_wconf 87' lang='lat' dir='ltr'><em>ista</em></span> <span class='ocrx_word' id='word_1_177' title='bbox 206 1325 248 1351; x_wconf 86' lang='lat' dir='ltr'><em>est</em></span> <span class='ocrx_word' id='word_1_178' title='bbox 269 1323 320 1352; x_wconf 88' lang='lat' dir='ltr'><em>Dei</em></span> <span class='ocrx_word' id='word_1_179' title='bbox 332 1324 432 1360; x_wconf 76' lang='lat' dir='ltr'><em>FiliuS,</em></span> <span class='ocrx_word' id='word_1_180' title='bbox 455 1325 509 1362; x_wconf 85' lang='lat' dir='ltr'><em>qui</em></span> <span class='ocrx_word' id='word_1_181' title='bbox 525 1326 616 1354; x_wconf 82' lang='lat' dir='ltr'><em>stellae</em></span> <span class='ocrx_word' id='word_1_182' title='bbox 637 1329 744 1355; x_wconf 81' lang='lat' dir='ltr'><em>nostrae</em></span> <span class='ocrx_word' id='word_1_183' title='bbox 761 1327 857 1355; x_wconf 80' lang='lat' dir='ltr'><em>Mariae</em></span> <span class='ocrx_word' id='word_1_184' title='bbox 881 1329 925 1355; x_wconf 90' lang='lat' dir='ltr'><em>est</em></span> 
     </span>
     <span class='ocr_line' id='line_1_26' title="bbox 137 1370 924 1409; baseline 0.005 -11"><span class='ocrx_word' id='word_1_185' title='bbox 137 1370 239 1398; x_wconf 83' lang='lat' dir='ltr'><em>radius</em></span> <span class='ocrx_word' id='word_1_186' title='bbox 246 1380 254 1406; x_wconf 89' lang='lat'>;</span> <span class='ocrx_word' id='word_1_187' title='bbox 270 1371 371 1399; x_wconf 89' lang='lat' dir='ltr'><em>radius</em></span> <span class='ocrx_word' id='word_1_188' title='bbox 385 1373 488 1408; x_wconf 85' lang='lat' dir='ltr'><em>utique</em></span> <span class='ocrx_word' id='word_1_189' title='bbox 504 1373 541 1401; x_wconf 89' lang='lat' dir='ltr'><em>de</em></span> <span class='ocrx_word' id='word_1_190' title='bbox 558 1382 619 1409; x_wconf 90' lang='lat' dir='ltr'><em>quo</em></span> <span class='ocrx_word' id='word_1_191' title='bbox 636 1376 770 1402; x_wconf 84' lang='lat' dir='ltr'><em>cantatur</em></span> <span class='ocrx_word' id='word_1_192' title='bbox 791 1375 801 1390; x_wconf 72' lang='lat'>5</span> <span class='ocrx_word' id='word_1_193' title='bbox 823 1384 830 1402; x_wconf 74' lang='grc' dir='ltr'><strong><em>ε</em></strong></span> <span class='ocrx_word' id='word_1_194' title='bbox 847 1375 924 1402; x_wconf 76' lang='lat' dir='ltr'><em>Sicut</em></span> 
     </span>
     <span class='ocr_line' id='line_1_27' title="bbox 137 1417 924 1456; baseline 0.006 -12"><span class='ocrx_word' id='word_1_195' title='bbox 137 1417 215 1445; x_wconf 80' lang='lat' dir='ltr'><em>sidus</em></span> <span class='ocrx_word' id='word_1_196' title='bbox 230 1419 349 1454; x_wconf 71' lang='lat' dir='ltr'><em>radium,</em></span> <span class='ocrx_word' id='word_1_197' title='bbox 371 1421 425 1447; x_wconf 87' lang='lat' dir='ltr'><em>etc.</em></span> <span class='ocrx_word' id='word_1_198' title='bbox 448 1421 487 1448; x_wconf 91' lang='lat' dir='ltr'><em>De</em></span> <span class='ocrx_word' id='word_1_199' title='bbox 510 1428 570 1456; x_wconf 87' lang='lat' dir='ltr'><em>quo</em></span> <span class='ocrx_word' id='word_1_200' title='bbox 596 1421 685 1449; x_wconf 86' lang='lat' dir='ltr'><em>etiam</em></span> <span class='ocrx_word' id='word_1_201' title='bbox 705 1423 735 1448; x_wconf 87' lang='lat' dir='ltr'><em>B.</em></span> <span class='ocrx_word' id='word_1_202' title='bbox 757 1422 924 1450; x_wconf 90' lang='lat' dir='ltr'><em>Bcrnardus</em></span> 
     </span>
     <span class='ocr_line' id='line_1_28' title="bbox 139 1463 922 1504; baseline 0.006 -13"><span class='ocrx_word' id='word_1_203' title='bbox 139 1463 179 1491; x_wconf 85' lang='lat' dir='ltr'><em>ait</em></span> <span class='ocrx_word' id='word_1_204' title='bbox 190 1463 200 1480; x_wconf 80' lang='lat'><strong>⁶</strong></span> <span class='ocrx_word' id='word_1_205' title='bbox 215 1474 221 1492; x_wconf 95' lang='lat'>:</span> <span class='ocrx_word' id='word_1_206' title='bbox 236 1467 308 1494; x_wconf 88' lang='lat' dir='ltr'><em>«Nec</em></span> <span class='ocrx_word' id='word_1_207' title='bbox 317 1466 406 1494; x_wconf 89' lang='lat' dir='ltr'><em>sideri</em></span> <span class='ocrx_word' id='word_1_208' title='bbox 416 1467 519 1495; x_wconf 85' lang='lat' dir='ltr'><em>radius</em></span> <span class='ocrx_word' id='word_1_209' title='bbox 529 1476 615 1495; x_wconf 87' lang='lat' dir='ltr'><em>suam</em></span> <span class='ocrx_word' id='word_1_210' title='bbox 630 1468 737 1496; x_wconf 86' lang='lat' dir='ltr'><em>minuit</em></span> <span class='ocrx_word' id='word_1_211' title='bbox 747 1468 922 1504; x_wconf 73' lang='lat' dir='ltr'><em>claritatem,</em></span> 
     </span>
     <span class='ocr_line' id='line_1_29' title="bbox 138 1512 924 1550; baseline 0.008 -12"><span class='ocrx_word' id='word_1_212' title='bbox 138 1518 194 1538; x_wconf 88' lang='lat' dir='ltr'><em>nec</em></span> <span class='ocrx_word' id='word_1_213' title='bbox 211 1512 324 1548; x_wconf 87' lang='lat' dir='ltr'><em>Virgini</em></span> <span class='ocrx_word' id='word_1_214' title='bbox 342 1513 421 1541; x_wconf 87' lang='lat' dir='ltr'><em>filius</em></span> <span class='ocrx_word' id='word_1_215' title='bbox 442 1522 527 1542; x_wconf 87' lang='lat' dir='ltr'><em>suam</em></span> <span class='ocrx_word' id='word_1_216' title='bbox 547 1514 758 1550; x_wconf 84' lang='lat' dir='ltr'><em>virginitatem.</em></span> <span class='ocrx_word' id='word_1_217' title='bbox 776 1526 790 1542; x_wconf 68' lang='lat' dir='ltr'><em>n</em></span> <span class='ocrx_word' id='word_1_218' title='bbox 818 1517 839 1544; x_wconf 91' lang='lat' dir='ltr'>O</span> <span class='ocrx_word' id='word_1_219' title='bbox 855 1524 924 1544; x_wconf 89' lang='lat' dir='ltr'><em>vere</em></span> 
     </span>
     <span class='ocr_line' id='line_1_30' title="bbox 139 1557 924 1595; baseline 0.008 -10"><span class='ocrx_word' id='word_1_220' title='bbox 139 1557 328 1594; x_wconf 86' lang='lat' dir='ltr'><em>beatissima,</em></span> <span class='ocrx_word' id='word_1_221' title='bbox 350 1568 368 1588; x_wconf 95' lang='lat' dir='ltr'><em>o</em></span> <span class='ocrx_word' id='word_1_222' title='bbox 387 1568 457 1588; x_wconf 90' lang='lat' dir='ltr'><em>vere</em></span> <span class='ocrx_word' id='word_1_223' title='bbox 479 1561 680 1590; x_wconf 80' lang='lat' dir='ltr'><em>radiosissima</em></span> <span class='ocrx_word' id='word_1_224' title='bbox 711 1562 797 1590; x_wconf 85' lang='lat' dir='ltr'><em>stella</em></span> <span class='ocrx_word' id='word_1_225' title='bbox 824 1563 924 1595; x_wconf 85' lang='lat' dir='ltr'><em>Maria,</em></span> 
     </span>
     <span class='ocr_line' id='line_1_31' title="bbox 141 1605 926 1642; baseline 0.006 -10"><span class='ocrx_word' id='word_1_226' title='bbox 141 1605 224 1641; x_wconf 87' lang='lat' dir='ltr'><em>cujus</em></span> <span class='ocrx_word' id='word_1_227' title='bbox 239 1606 343 1634; x_wconf 87' lang='lat' dir='ltr'><em>radius</em></span> <span class='ocrx_word' id='word_1_228' title='bbox 362 1615 425 1635; x_wconf 90' lang='lat' dir='ltr'><em>non</em></span> <span class='ocrx_word' id='word_1_229' title='bbox 448 1608 548 1636; x_wconf 89' lang='lat' dir='ltr'><em>solum</em></span> <span class='ocrx_word' id='word_1_230' title='bbox 567 1609 731 1642; x_wconf 84' lang='lat' dir='ltr'><em>mundum,</em></span> <span class='ocrx_word' id='word_1_231' title='bbox 755 1609 817 1637; x_wconf 88' lang='lat' dir='ltr'><em>imo</em></span> <span class='ocrx_word' id='word_1_232' title='bbox 837 1610 926 1637; x_wconf 84' lang='lat' dir='ltr'><em>etiam</em></span> 
     </span>
     <span class='ocr_line' id='line_1_32' title="bbox 141 1652 925 1691; baseline 0.008 -12"><span class='ocrx_word' id='word_1_233' title='bbox 141 1652 266 1688; x_wconf 87' lang='lat' dir='ltr'><em>coelum,</em></span> <span class='ocrx_word' id='word_1_234' title='bbox 282 1655 310 1681; x_wconf 91' lang='lat' dir='ltr'><em>et</em></span> <span class='ocrx_word' id='word_1_235' title='bbox 329 1662 391 1682; x_wconf 91' lang='lat' dir='ltr'><em>non</em></span> <span class='ocrx_word' id='word_1_236' title='bbox 420 1655 519 1682; x_wconf 90' lang='lat' dir='ltr'><em>solum</em></span> <span class='ocrx_word' id='word_1_237' title='bbox 540 1655 664 1691; x_wconf 82' lang='lat' dir='ltr'><em>coelum,</em></span> <span class='ocrx_word' id='word_1_238' title='bbox 687 1656 748 1684; x_wconf 91' lang='lat' dir='ltr'><em>imo</em></span> <span class='ocrx_word' id='word_1_239' title='bbox 770 1657 859 1684; x_wconf 85' lang='lat' dir='ltr'><em>etiam</em></span> <span class='ocrx_word' id='word_1_240' title='bbox 879 1657 925 1684; x_wconf 90' lang='lat' dir='ltr'><em>in-</em></span> 
     </span>
     <span class='ocr_line' id='line_1_33' title="bbox 140 1698 925 1738; baseline 0.008 -12"><span class='ocrx_word' id='word_1_241' title='bbox 140 1698 258 1727; x_wconf 87' lang='lat' dir='ltr'><em>fernum</em></span> <span class='ocrx_word' id='word_1_242' title='bbox 270 1703 445 1736; x_wconf 85' lang='lat' dir='ltr'><em>penetravit,</em></span> <span class='ocrx_word' id='word_1_243' title='bbox 463 1702 538 1730; x_wconf 90' lang='lat' dir='ltr'><em>sicut</em></span> <span class='ocrx_word' id='word_1_244' title='bbox 556 1704 587 1730; x_wconf 91' lang='grc' dir='ltr'><em>Β.</em></span> <span class='ocrx_word' id='word_1_245' title='bbox 602 1704 768 1731; x_wconf 86' lang='lat' dir='ltr'><em>Bernardus</em></span> <span class='ocrx_word' id='word_1_246' title='bbox 783 1704 925 1738; x_wconf 85' lang='lat' dir='ltr'><em>scribens,</em></span> 
     </span>
     <span class='ocr_line' id='line_1_34' title="bbox 141 1743 926 1786; baseline 0.009 -13"><span class='ocrx_word' id='word_1_247' title='bbox 141 1745 182 1774; x_wconf 83' lang='lat' dir='ltr'><em>ait</em></span> <span class='ocrx_word' id='word_1_248' title='bbox 200 1748 232 1774; x_wconf 90' lang='lat'><em>⁷:</em></span> <span class='ocrx_word' id='word_1_249' title='bbox 252 1757 265 1773; x_wconf 79' lang='grc' dir='ltr'>α</span> <span class='ocrx_word' id='word_1_250' title='bbox 282 1750 348 1784; x_wconf 86' lang='lat' dir='ltr'><em>Ipsa</em></span> <span class='ocrx_word' id='word_1_251' title='bbox 370 1751 412 1776; x_wconf 89' lang='lat' dir='ltr'><em>est</em></span> <span class='ocrx_word' id='word_1_252' title='bbox 433 1749 578 1786; x_wconf 65' lang='lat' dir='ltr'><em>praeclara</em></span> <span class='ocrx_word' id='word_1_253' title='bbox 599 1752 627 1778; x_wconf 88' lang='lat' dir='ltr'><em>et</em></span> <span class='ocrx_word' id='word_1_254' title='bbox 645 1743 759 1779; x_wconf 49' lang='lat' dir='ltr'><em>&#39;eximia</em></span> <span class='ocrx_word' id='word_1_255' title='bbox 781 1752 865 1780; x_wconf 83' lang='lat' dir='ltr'><em>stella</em></span> <span class='ocrx_word' id='word_1_256' title='bbox 891 1760 926 1779; x_wconf 83' lang='lat' dir='ltr'><em>ex</em></span> 
     </span>
     <span class='ocr_line' id='line_1_35' title="bbox 141 1794 928 1831; baseline 0.006 -10"><span class='ocrx_word' id='word_1_257' title='bbox 141 1794 232 1822; x_wconf 80' lang='lat' dir='ltr'><em>Jacob</em></span> <span class='ocrx_word' id='word_1_258' title='bbox 246 1796 321 1830; x_wconf 88' lang='lat' dir='ltr'><em>orta,</em></span> <span class='ocrx_word' id='word_1_259' title='bbox 336 1796 420 1831; x_wconf 87' lang='lat' dir='ltr'><em>cujus</em></span> <span class='ocrx_word' id='word_1_260' title='bbox 434 1797 536 1824; x_wconf 85' lang='lat' dir='ltr'><em>radius</em></span> <span class='ocrx_word' id='word_1_261' title='bbox 551 1797 726 1825; x_wconf 85' lang='lat' dir='ltr'><em>universum</em></span> <span class='ocrx_word' id='word_1_262' title='bbox 742 1798 847 1826; x_wconf 88' lang='lat' dir='ltr'><em>orbem</em></span> <span class='ocrx_word' id='word_1_263' title='bbox 861 1798 928 1826; x_wconf 88' lang='lat' dir='ltr'><em>illu-</em></span> 
     </span>
     <span class='ocr_line' id='line_1_36' title="bbox 142 1842 928 1882; baseline 0.006 -13"><span class='ocrx_word' id='word_1_264' title='bbox 142 1842 246 1877; x_wconf 89' lang='lat' dir='ltr'><em>minat,</em></span> <span class='ocrx_word' id='word_1_265' title='bbox 268 1844 351 1879; x_wconf 86' lang='lat' dir='ltr'><em>cujus</em></span> <span class='ocrx_word' id='word_1_266' title='bbox 373 1844 516 1880; x_wconf 80' lang='lat' dir='ltr'><em>splendor</em></span> <span class='ocrx_word' id='word_1_267' title='bbox 535 1846 622 1873; x_wconf 90' lang='lat' dir='ltr'><em>etiam</em></span> <span class='ocrx_word' id='word_1_268' title='bbox 644 1845 675 1873; x_wconf 90' lang='lat' dir='ltr'><em>in</em></span> <span class='ocrx_word' id='word_1_269' title='bbox 700 1846 836 1882; x_wconf 79' lang='lat' dir='ltr'><em>supernis</em></span> <span class='ocrx_word' id='word_1_270' title='bbox 851 1854 928 1882; x_wconf 74' lang='lat' dir='ltr'><em>prse-</em></span> 
     </span>
     <span class='ocr_line' id='line_1_37' title="bbox 143 1888 929 1929; baseline 0.006 -14"><span class='ocrx_word' id='word_1_271' title='bbox 143 1888 248 1924; x_wconf 77' lang='lat' dir='ltr'><em>iulget,</em></span> <span class='ocrx_word' id='word_1_272' title='bbox 263 1892 291 1918; x_wconf 90' lang='lat' dir='ltr'><em>et</em></span> <span class='ocrx_word' id='word_1_273' title='bbox 311 1890 423 1919; x_wconf 84' lang='lat' dir='ltr'><em>inferos</em></span> <span class='ocrx_word' id='word_1_274' title='bbox 441 1893 593 1928; x_wconf 82' lang='lat' dir='ltr'><em>penetrat!</em></span> <span class='ocrx_word' id='word_1_275' title='bbox 609 1903 622 1919; x_wconf 87' lang='lat'>»</span> <span class='ocrx_word' id='word_1_276' title='bbox 639 1892 728 1920; x_wconf 89' lang='lat' dir='ltr'><em>Vides</em></span> <span class='ocrx_word' id='word_1_277' title='bbox 743 1893 836 1921; x_wconf 92' lang='lat' dir='ltr'><em>modo</em></span> <span class='ocrx_word' id='word_1_278' title='bbox 853 1901 929 1929; x_wconf 86' lang='lat' dir='ltr'><em>quo-</em></span> 
     </span>
     <span class='ocr_line' id='line_1_38' title="bbox 144 1935 928 1976; baseline 0.006 -13"><span class='ocrx_word' id='word_1_279' title='bbox 144 1935 236 1964; x_wconf 91' lang='lat' dir='ltr'><em>modo</em></span> <span class='ocrx_word' id='word_1_280' title='bbox 252 1937 341 1965; x_wconf 89' lang='lat' dir='ltr'><em>Maria</em></span> <span class='ocrx_word' id='word_1_281' title='bbox 356 1940 398 1966; x_wconf 88' lang='lat' dir='ltr'><em>est</em></span> <span class='ocrx_word' id='word_1_282' title='bbox 417 1939 502 1967; x_wconf 87' lang='lat' dir='ltr'><em>stella</em></span> <span class='ocrx_word' id='word_1_283' title='bbox 517 1940 686 1975; x_wconf 85' lang='lat' dir='ltr'><em>purissima,</em></span> <span class='ocrx_word' id='word_1_284' title='bbox 710 1940 867 1976; x_wconf 84' lang='lat' dir='ltr'><em>purissime</em></span> <span class='ocrx_word' id='word_1_285' title='bbox 883 1940 928 1967; x_wconf 87' lang='lat' dir='ltr'><em>vi-</em></span> 
     </span>
     <span class='ocr_line' id='line_1_39' title="bbox 143 1983 929 2022; baseline 0.006 -12"><span class='ocrx_word' id='word_1_286' title='bbox 143 1983 244 2011; x_wconf 90' lang='lat' dir='ltr'><em>vendo</em></span> <span class='ocrx_word' id='word_1_287' title='bbox 252 1993 262 2019; x_wconf 83' lang='lat'>3</span> <span class='ocrx_word' id='word_1_288' title='bbox 278 1985 362 2013; x_wconf 86' lang='lat' dir='ltr'><em>vides</em></span> <span class='ocrx_word' id='word_1_289' title='bbox 369 1986 514 2021; x_wconf 85' lang='lat' dir='ltr'><em>secundo,</em></span> <span class='ocrx_word' id='word_1_290' title='bbox 531 1986 685 2022; x_wconf 85' lang='lat' dir='ltr'><em>quomodo</em></span> <span class='ocrx_word' id='word_1_291' title='bbox 697 1987 788 2015; x_wconf 89' lang='lat' dir='ltr'><em>Maria</em></span> <span class='ocrx_word' id='word_1_292' title='bbox 796 1987 832 2014; x_wconf 85' lang='lat' dir='ltr'><em>sit</em></span> <span class='ocrx_word' id='word_1_293' title='bbox 844 1987 929 2015; x_wconf 84' lang='lat' dir='ltr'><em>stella</em></span> 
     </span>
     <span class='ocr_line' id='line_1_40' title="bbox 143 2030 717 2069; baseline 0.005 -12"><span class='ocrx_word' id='word_1_294' title='bbox 143 2030 357 2067; x_wconf 84' lang='lat' dir='ltr'><em>radiosissima,</em></span> <span class='ocrx_word' id='word_1_295' title='bbox 374 2032 481 2060; x_wconf 90' lang='lat' dir='ltr'><em>Filium</em></span> <span class='ocrx_word' id='word_1_296' title='bbox 497 2034 546 2061; x_wconf 90' lang='lat' dir='ltr'><em>Dei</em></span> <span class='ocrx_word' id='word_1_297' title='bbox 560 2034 717 2069; x_wconf 88' lang='lat' dir='ltr'><em>pariendo.</em></span> 
     </span>
    </p>

    <p class='ocr_par' dir='ltr' id='par_1_4' title="bbox 146 2077 931 2541">
     <span class='ocr_line' id='line_1_41' title="bbox 181 2077 930 2117; baseline 0.005 -12"><span class='ocrx_word' id='word_1_298' title='bbox 181 2077 275 2106; x_wconf 89' lang='lat' dir='ltr'><em>Tertio</em></span> <span class='ocrx_word' id='word_1_299' title='bbox 291 2079 458 2115; x_wconf 90' lang='lat' dir='ltr'><em>considera,</em></span> <span class='ocrx_word' id='word_1_300' title='bbox 480 2080 662 2116; x_wconf 85' lang='lat' dir='ltr'><em>charissime,</em></span> <span class='ocrx_word' id='word_1_301' title='bbox 682 2081 767 2117; x_wconf 88' lang='lat' dir='ltr'><em>quod</em></span> <span class='ocrx_word' id='word_1_302' title='bbox 779 2082 869 2110; x_wconf 87' lang='lat' dir='ltr'><em>Maria</em></span> <span class='ocrx_word' id='word_1_303' title='bbox 888 2084 930 2110; x_wconf 90' lang='lat' dir='ltr'><em>est</em></span> 
     </span>
     <span class='ocr_line' id='line_1_42' title="bbox 146 2124 930 2163; baseline 0.008 -13"><span class='ocrx_word' id='word_1_304' title='bbox 146 2124 228 2151; x_wconf 87' lang='lat' dir='ltr'><em>stella</em></span> <span class='ocrx_word' id='word_1_305' title='bbox 243 2125 398 2154; x_wconf 88' lang='lat' dir='ltr'><em>utilissima</em></span> <span class='ocrx_word' id='word_1_306' title='bbox 414 2135 470 2155; x_wconf 92' lang='lat' dir='ltr'><em>nos</em></span> <span class='ocrx_word' id='word_1_307' title='bbox 492 2127 532 2155; x_wconf 85' lang='lat' dir='ltr'><em>ad</em></span> <span class='ocrx_word' id='word_1_308' title='bbox 546 2128 674 2163; x_wconf 89' lang='lat' dir='ltr'><em>patriam</em></span> <span class='ocrx_word' id='word_1_309' title='bbox 694 2128 843 2156; x_wconf 81' lang='lat' dir='ltr'><em>coelestem</em></span> <span class='ocrx_word' id='word_1_310' title='bbox 860 2128 930 2156; x_wconf 89' lang='lat' dir='ltr'><em>diri-</em></span> 
     </span>
     <span class='ocr_line' id='line_1_43' title="bbox 147 2170 930 2211; baseline 0.008 -14"><span class='ocrx_word' id='word_1_311' title='bbox 147 2170 258 2206; x_wconf 87' lang='lat' dir='ltr'><em>gendo,</em></span> <span class='ocrx_word' id='word_1_312' title='bbox 283 2172 344 2200; x_wconf 88' lang='lat' dir='ltr'><em>imo</em></span> <span class='ocrx_word' id='word_1_313' title='bbox 366 2173 504 2202; x_wconf 86' lang='lat' dir='ltr'><em>ducendo</em></span> <span class='ocrx_word' id='word_1_314' title='bbox 529 2183 584 2203; x_wconf 90' lang='lat' dir='ltr'><em>nos</em></span> <span class='ocrx_word' id='word_1_315' title='bbox 603 2183 657 2211; x_wconf 89' lang='lat' dir='ltr'><em>per</em></span> <span class='ocrx_word' id='word_1_316' title='bbox 676 2183 758 2203; x_wconf 85' lang='lat' dir='ltr'><em>mare</em></span> <span class='ocrx_word' id='word_1_317' title='bbox 774 2175 862 2211; x_wconf 87' lang='lat' dir='ltr'><em>hujus</em></span> <span class='ocrx_word' id='word_1_318' title='bbox 877 2184 930 2204; x_wconf 77' lang='lat' dir='ltr'><em>see-</em></span> 
     </span>
     <span class='ocr_line' id='line_1_44' title="bbox 148 2217 930 2259; baseline 0.009 -15"><span class='ocrx_word' id='word_1_319' title='bbox 148 2217 207 2245; x_wconf 89' lang='lat' dir='ltr'><em>culi</em></span> <span class='ocrx_word' id='word_1_320' title='bbox 222 2218 261 2246; x_wconf 88' lang='lat' dir='ltr'><em>ad</em></span> <span class='ocrx_word' id='word_1_321' title='bbox 282 2219 408 2254; x_wconf 81' lang='lat' dir='ltr'><em>gratiam</em></span> <span class='ocrx_word' id='word_1_322' title='bbox 424 2221 487 2249; x_wconf 89' lang='lat' dir='ltr'><em>Filii</em></span> <span class='ocrx_word' id='word_1_323' title='bbox 509 2222 564 2257; x_wconf 88' lang='lat' dir='ltr'><em>sui,</em></span> <span class='ocrx_word' id='word_1_324' title='bbox 580 2224 726 2259; x_wconf 85' lang='lat' dir='ltr'><em>tanquam</em></span> <span class='ocrx_word' id='word_1_325' title='bbox 749 2223 788 2250; x_wconf 88' lang='lat' dir='ltr'><em>ad</em></span> <span class='ocrx_word' id='word_1_326' title='bbox 809 2225 930 2259; x_wconf 85' lang='lat' dir='ltr'><em>portum</em></span> 
     </span>
     <span class='ocr_line' id='line_1_45' title="bbox 148 2264 929 2304; baseline 0.008 -13"><span class='ocrx_word' id='word_1_327' title='bbox 148 2264 290 2294; x_wconf 85' lang='lat' dir='ltr'><em>Paradisi.</em></span> <span class='ocrx_word' id='word_1_328' title='bbox 316 2267 398 2294; x_wconf 84' lang='lat' dir='ltr'><em>Unde</em></span> <span class='ocrx_word' id='word_1_329' title='bbox 420 2267 485 2304; x_wconf 87' lang='lat' dir='ltr'><em>ipsa</em></span> <span class='ocrx_word' id='word_1_330' title='bbox 510 2271 552 2296; x_wconf 87' lang='lat' dir='ltr'><em>est</em></span> <span class='ocrx_word' id='word_1_331' title='bbox 575 2269 661 2297; x_wconf 82' lang='lat' dir='ltr'><em>stella</em></span> <span class='ocrx_word' id='word_1_332' title='bbox 689 2269 741 2297; x_wconf 91' lang='lat' dir='ltr'><em>illa</em></span> <span class='ocrx_word' id='word_1_333' title='bbox 769 2269 929 2298; x_wconf 80' lang='lat' dir='ltr'><em>clarissime</em></span> 
     </span>
     <span class='ocr_line' id='line_1_46' title="bbox 147 2310 930 2350; baseline 0.009 -12"><span class='ocrx_word' id='word_1_334' title='bbox 147 2310 275 2348; x_wconf 86' lang='lat' dir='ltr'><em>fulgens,</em></span> <span class='ocrx_word' id='word_1_335' title='bbox 289 2314 347 2341; x_wconf 89' lang='lat' dir='ltr'><em>tres</em></span> <span class='ocrx_word' id='word_1_336' title='bbox 362 2316 463 2350; x_wconf 86' lang='lat' dir='ltr'><em>Magos</em></span> <span class='ocrx_word' id='word_1_337' title='bbox 478 2315 518 2343; x_wconf 86' lang='lat' dir='ltr'><em>ad</em></span> <span class='ocrx_word' id='word_1_338' title='bbox 534 2316 679 2344; x_wconf 78' lang='lat' dir='ltr'><em>Christum</em></span> <span class='ocrx_word' id='word_1_339' title='bbox 698 2316 858 2344; x_wconf 82' lang='lat' dir='ltr'><em>rectissime</em></span> <span class='ocrx_word' id='word_1_340' title='bbox 874 2317 930 2344; x_wconf 86' lang='lat' dir='ltr'><em>du-</em></span> 
     </span>
     <span class='ocr_line' id='line_1_47' title="bbox 149 2360 931 2399; baseline 0.009 -14"><span class='ocrx_word' id='word_1_341' title='bbox 149 2366 228 2386; x_wconf 89' lang='lat' dir='ltr'><em>cens.</em></span> <span class='ocrx_word' id='word_1_342' title='bbox 251 2360 339 2388; x_wconf 84' lang='lat' dir='ltr'><em>Maria</em></span> <span class='ocrx_word' id='word_1_343' title='bbox 359 2364 436 2390; x_wconf 90' lang='lat' dir='ltr'><em>certe</em></span> <span class='ocrx_word' id='word_1_344' title='bbox 461 2363 503 2389; x_wconf 86' lang='lat' dir='ltr'><em>est</em></span> <span class='ocrx_word' id='word_1_345' title='bbox 526 2362 622 2398; x_wconf 87' lang='lat' dir='ltr'><em>stella,</em></span> <span class='ocrx_word' id='word_1_346' title='bbox 648 2372 713 2399; x_wconf 69' lang='lat' dir='ltr'><em>quae</em></span> <span class='ocrx_word' id='word_1_347' title='bbox 736 2364 767 2391; x_wconf 89' lang='lat' dir='ltr'><em>in</em></span> <span class='ocrx_word' id='word_1_348' title='bbox 791 2364 931 2392; x_wconf 85' lang='lat' dir='ltr'><em>fluctibus</em></span> 
     </span>
     <span class='ocr_line' id='line_1_48' title="bbox 148 2407 931 2441; baseline 0.008 -8"><span class='ocrx_word' id='word_1_349' title='bbox 148 2407 300 2441; x_wconf 71' lang='lat' dir='ltr'><em>praesentis</em></span> <span class='ocrx_word' id='word_1_350' title='bbox 315 2407 382 2436; x_wconf 78' lang='lat' dir='ltr'><em>vitae</em></span> <span class='ocrx_word' id='word_1_351' title='bbox 397 2409 485 2436; x_wconf 84' lang='lat' dir='ltr'><em>valde</em></span> <span class='ocrx_word' id='word_1_352' title='bbox 503 2411 545 2437; x_wconf 80' lang='lat' dir='ltr'><em>est</em></span> <span class='ocrx_word' id='word_1_353' title='bbox 558 2411 733 2438; x_wconf 88' lang='lat' dir='ltr'><em>neccssaria.</em></span> <span class='ocrx_word' id='word_1_354' title='bbox 756 2411 837 2439; x_wconf 87' lang='lat' dir='ltr'><em>Unde</em></span> <span class='ocrx_word' id='word_1_355' title='bbox 863 2413 931 2439; x_wconf 86' lang='lat' dir='ltr'><em>Ber-</em></span> 
     </span>
     <span class='ocr_line' id='line_1_49' title="bbox 149 2453 930 2487; baseline 0.009 -7"><span class='ocrx_word' id='word_1_356' title='bbox 149 2453 261 2481; x_wconf 85' lang='lat' dir='ltr'><em>nardus</em></span> <span class='ocrx_word' id='word_1_357' title='bbox 281 2454 370 2482; x_wconf 81' lang='lat' dir='ltr'><em>dicit⁸</em></span> <span class='ocrx_word' id='word_1_358' title='bbox 387 2465 393 2482; x_wconf 92' lang='lat'>:</span> <span class='ocrx_word' id='word_1_359' title='bbox 414 2457 479 2483; x_wconf 83' lang='lat' dir='ltr'><em>«Ne</em></span> <span class='ocrx_word' id='word_1_360' title='bbox 501 2459 617 2485; x_wconf 77' lang='lat' dir='ltr'><em>avertas</em></span> <span class='ocrx_word' id='word_1_361' title='bbox 639 2457 743 2485; x_wconf 88' lang='lat' dir='ltr'><em>oculos</em></span> <span class='ocrx_word' id='word_1_362' title='bbox 759 2461 824 2486; x_wconf 91' lang='lat' dir='ltr'><em>tuos</em></span> <span class='ocrx_word' id='word_1_363' title='bbox 840 2467 858 2487; x_wconf 85' lang='lat' dir='ltr'><em>a</em></span> <span class='ocrx_word' id='word_1_364' title='bbox 873 2459 930 2487; x_wconf 88' lang='lat' dir='ltr'><em>sul-</em></span> 
     </span>
     <span class='ocr_line' id='line_1_50' title="bbox 150 2501 929 2541; baseline 0.009 -14"><span class='ocrx_word' id='word_1_365' title='bbox 150 2507 221 2534; x_wconf 89' lang='lat' dir='ltr'><em>gore</em></span> <span class='ocrx_word' id='word_1_366' title='bbox 240 2501 329 2537; x_wconf 85' lang='lat' dir='ltr'><em>hujus</em></span> <span class='ocrx_word' id='word_1_367' title='bbox 352 2502 467 2538; x_wconf 87' lang='lat' dir='ltr'><em>sideris,</em></span> <span class='ocrx_word' id='word_1_368' title='bbox 484 2503 508 2531; x_wconf 86' lang='lat' dir='ltr'><em>si</em></span> <span class='ocrx_word' id='word_1_369' title='bbox 524 2511 586 2531; x_wconf 88' lang='lat' dir='ltr'><em>non</em></span> <span class='ocrx_word' id='word_1_370' title='bbox 608 2504 651 2532; x_wconf 89' lang='lat' dir='ltr'><em>vis</em></span> <span class='ocrx_word' id='word_1_371' title='bbox 668 2504 755 2532; x_wconf 85' lang='lat' dir='ltr'><em>obrui</em></span> <span class='ocrx_word' id='word_1_372' title='bbox 779 2505 929 2541; x_wconf 85' lang='lat' dir='ltr'><em>procellis.</em></span> 
     </span>
    </p>
   </div>
   <div class='ocr_carea' id='block_1_3' title="bbox 151 2574 932 2683">
    <p class='ocr_par' dir='ltr' id='par_1_5' title="bbox 151 2574 932 2683">
     <span class='ocr_line' id='line_1_51' title="bbox 182 2574 930 2610; baseline 0.007 -11"><span class='ocrx_word' id='word_1_373' title='bbox 182 2574 189 2590; x_wconf 92' lang='lat'>¹</span> <span class='ocrx_word' id='word_1_374' title='bbox 206 2574 276 2606; x_wconf 78' lang='lat' dir='ltr'><em>Sap.⁷</em></span> <span class='ocrx_word' id='word_1_375' title='bbox 293 2582 338 2607; x_wconf 77' lang='lat' dir='ltr'><em>vn,</em></span> <span class='ocrx_word' id='word_1_376' title='bbox 354 2578 393 2601; x_wconf 75' lang='lat'><em>29.</em></span> <span class='ocrx_word' id='word_1_377' title='bbox 408 2591 439 2595; x_wconf 89' lang='lat'><strong>—</strong></span> <span class='ocrx_word' id='word_1_378' title='bbox 454 2579 464 2594; x_wconf 63' lang='grc' dir='ltr'><strong>Ξ</strong></span> <span class='ocrx_word' id='word_1_379' title='bbox 477 2578 548 2608; x_wconf 65' lang='lat' dir='ltr'><em>Gen„</em></span> <span class='ocrx_word' id='word_1_380' title='bbox 565 2585 583 2609; x_wconf 86' lang='lat'><em>1,</em></span> <span class='ocrx_word' id='word_1_381' title='bbox 601 2580 622 2603; x_wconf 69' lang='lat'><em>4.</em></span> <span class='ocrx_word' id='word_1_382' title='bbox 639 2592 669 2596; x_wconf 91' lang='lat'><em>-—</em></span> <span class='ocrx_word' id='word_1_383' title='bbox 684 2580 694 2595; x_wconf 70' lang='lat'>³</span> <span class='ocrx_word' id='word_1_384' title='bbox 709 2580 834 2610; x_wconf 67' lang='lat' dir='ltr'><em>Ansehn„</em></span> <span class='ocrx_word' id='word_1_385' title='bbox 851 2581 930 2605; x_wconf 75' lang='lat' dir='ltr'><em>Invoc.</em></span> 
     </span>
     <span class='ocr_line' id='line_1_52' title="bbox 151 2609 930 2647; baseline 0.01 -15"><span class='ocrx_word' id='word_1_386' title='bbox 151 2609 229 2634; x_wconf 71' lang='lat' dir='ltr'><em>Matr.</em></span> <span class='ocrx_word' id='word_1_387' title='bbox 250 2611 318 2643; x_wconf 58' lang='grc' dir='ltr'><strong><em>γίνῃ.</em></strong></span> <span class='ocrx_word' id='word_1_388' title='bbox 335 2614 434 2643; x_wconf 64' lang='grc' dir='ltr'><em>Μανία),</em></span> <span class='ocrx_word' id='word_1_389' title='bbox 450 2615 473 2637; x_wconf 73' lang='lat' dir='ltr'><em>et</em></span> <span class='ocrx_word' id='word_1_390' title='bbox 488 2614 540 2645; x_wconf 74' lang='lat' dir='ltr'><em>filii</em></span> <span class='ocrx_word' id='word_1_391' title='bbox 555 2615 618 2645; x_wconf 73' lang='lat' dir='ltr'><em>ejus.</em></span> <span class='ocrx_word' id='word_1_392' title='bbox 633 2629 664 2633; x_wconf 91' lang='lat'>—</span> <span class='ocrx_word' id='word_1_393' title='bbox 676 2616 685 2631; x_wconf 79' lang='lat'><em>¹·</em></span> <span class='ocrx_word' id='word_1_394' title='bbox 700 2616 788 2646; x_wconf 67' lang='lat' dir='ltr'><em>Num„</em></span> <span class='ocrx_word' id='word_1_395' title='bbox 804 2622 875 2647; x_wconf 60' lang='lat' dir='ltr'><em>xxiv,</em></span> <span class='ocrx_word' id='word_1_396' title='bbox 893 2618 930 2640; x_wconf 76' lang='lat'><em>17.</em></span> 
     </span>
     <span class='ocr_line' id='line_1_53' title="bbox 153 2646 932 2683; baseline 0.008 -13"><span class='ocrx_word' id='word_1_397' title='bbox 153 2657 182 2663; x_wconf 84' lang='lat'>—</span> <span class='ocrx_word' id='word_1_398' title='bbox 200 2646 209 2662; x_wconf 75' lang='lat'><strong>5</strong></span> <span class='ocrx_word' id='word_1_399' title='bbox 224 2647 303 2671; x_wconf 86' lang='lat' dir='ltr'><em>Prosa</em></span> <span class='ocrx_word' id='word_1_400' title='bbox 319 2648 344 2672; x_wconf 85' lang='lat' dir='ltr'><em>iu</em></span> <span class='ocrx_word' id='word_1_401' title='bbox 364 2649 404 2674; x_wconf 85' lang='lat' dir='ltr'><em>dic</em></span> <span class='ocrx_word' id='word_1_402' title='bbox 423 2650 506 2674; x_wconf 84' lang='lat' dir='ltr'><em>Nativ.</em></span> <span class='ocrx_word' id='word_1_403' title='bbox 528 2652 603 2675; x_wconf 74' lang='lat' dir='ltr'><em>Dum.</em></span> <span class='ocrx_word' id='word_1_404' title='bbox 621 2665 649 2669; x_wconf 70' lang='lat'>—</span> <span class='ocrx_word' id='word_1_405' title='bbox 672 2653 680 2665; x_wconf 52' lang='grc' dir='ltr'><strong>Π</strong></span> <span class='ocrx_word' id='word_1_406' title='bbox 702 2652 837 2682; x_wconf 64' lang='lat' dir='ltr'><em>Bcrnard„</em></span> <span class='ocrx_word' id='word_1_407' title='bbox 855 2659 932 2683; x_wconf 72' lang='lat' dir='ltr'><em>super</em></span> 
     </span>
    </p>
   </div>
   <div class='ocr_carea' id='block_1_4' title="bbox 1703 176 1763 207">
    <p class='ocr_par' dir='ltr' id='par_1_6' title="bbox 1703 176 1763 207">
     <span class='ocr_line' id='line_1_54' title="bbox 1703 176 1763 207; baseline 0.033 -2"><span class='ocrx_word' id='word_1_408' title='bbox 1703 176 1763 207; x_wconf 77' lang='lat'><em>239</em></span> 
     </span>
    </p>
   </div>
   <div class='ocr_carea' id='block_1_5' title="bbox 970 236 1771 2591">
    <p class='ocr_par' dir='ltr' id='par_1_7' title="bbox 970 236 1765 888">
     <span class='ocr_line' id='line_1_55' title="bbox 971 236 1761 274; baseline 0.008 -10"><span class='ocrx_word' id='word_1_409' title='bbox 971 236 999 264; x_wconf 93' lang='lat' dir='ltr'><em>Si</em></span> <span class='ocrx_word' id='word_1_410' title='bbox 1017 236 1176 274; x_wconf 85' lang='lat' dir='ltr'><em>insurgunt</em></span> <span class='ocrx_word' id='word_1_411' title='bbox 1189 237 1270 266; x_wconf 88' lang='lat' dir='ltr'><em>venti</em></span> <span class='ocrx_word' id='word_1_412' title='bbox 1285 238 1490 272; x_wconf 83' lang='lat' dir='ltr'><em>tentationum,</em></span> <span class='ocrx_word' id='word_1_413' title='bbox 1513 239 1538 268; x_wconf 92' lang='lat' dir='ltr'><em>si</em></span> <span class='ocrx_word' id='word_1_414' title='bbox 1552 239 1677 269; x_wconf 81' lang='lat' dir='ltr'><em>incurris</em></span> <span class='ocrx_word' id='word_1_415' title='bbox 1692 249 1761 270; x_wconf 88' lang='lat' dir='ltr'><em>sco-</em></span> 
     </span>
     <span class='ocr_line' id='line_1_56' title="bbox 971 283 1761 323; baseline 0.008 -11"><span class='ocrx_word' id='word_1_416' title='bbox 971 283 1059 319; x_wconf 88' lang='lat' dir='ltr'><em>pulos</em></span> <span class='ocrx_word' id='word_1_417' title='bbox 1078 284 1317 322; x_wconf 81' lang='lat' dir='ltr'><em>tribulationum,</em></span> <span class='ocrx_word' id='word_1_418' title='bbox 1336 285 1448 322; x_wconf 84' lang='lat' dir='ltr'><em>respice</em></span> <span class='ocrx_word' id='word_1_419' title='bbox 1471 285 1600 323; x_wconf 84' lang='lat' dir='ltr'><em>stellam‚</em></span> <span class='ocrx_word' id='word_1_420' title='bbox 1613 296 1689 317; x_wconf 86' lang='lat' dir='ltr'><em>voca</em></span> <span class='ocrx_word' id='word_1_421' title='bbox 1703 291 1761 318; x_wconf 86' lang='lat' dir='ltr'><em>Ma-</em></span> 
     </span>
     <span class='ocr_line' id='line_1_57' title="bbox 970 330 1762 370; baseline 0.008 -12"><span class='ocrx_word' id='word_1_422' title='bbox 970 330 1074 359; x_wconf 75' lang='lat' dir='ltr'><em>riam.»</em></span> <span class='ocrx_word' id='word_1_423' title='bbox 1080 331 1180 368; x_wconf 84' lang='lat' dir='ltr'><em>Igitur,</em></span> <span class='ocrx_word' id='word_1_424' title='bbox 1191 333 1374 370; x_wconf 85' lang='lat' dir='ltr'><em>charissime,</em></span> <span class='ocrx_word' id='word_1_425' title='bbox 1383 341 1421 362; x_wconf 88' lang='lat' dir='ltr'><em>ne</em></span> <span class='ocrx_word' id='word_1_426' title='bbox 1429 333 1461 362; x_wconf 91' lang='lat' dir='ltr'><em>in</em></span> <span class='ocrx_word' id='word_1_427' title='bbox 1468 334 1543 363; x_wconf 88' lang='lat' dir='ltr'><em>mari</em></span> <span class='ocrx_word' id='word_1_428' title='bbox 1554 334 1643 370; x_wconf 90' lang='lat' dir='ltr'><em>hujus</em></span> <span class='ocrx_word' id='word_1_429' title='bbox 1655 336 1762 365; x_wconf 91' lang='lat' dir='ltr'><em>mundi</em></span> 
     </span>
     <span class='ocr_line' id='line_1_58' title="bbox 973 377 1759 418; baseline 0.006 -12"><span class='ocrx_word' id='word_1_430' title='bbox 973 377 1167 414; x_wconf 85' lang='lat' dir='ltr'><em>demergaris,</em></span> <span class='ocrx_word' id='word_1_431' title='bbox 1187 379 1303 408; x_wconf 89' lang='lat' dir='ltr'><em>stellam</em></span> <span class='ocrx_word' id='word_1_432' title='bbox 1326 381 1471 418; x_wconf 84' lang='lat' dir='ltr'><em>sequaris,</em></span> <span class='ocrx_word' id='word_1_433' title='bbox 1488 381 1611 411; x_wconf 88' lang='lat' dir='ltr'><em>Mariam</em></span> <span class='ocrx_word' id='word_1_434' title='bbox 1626 383 1759 411; x_wconf 88' lang='lat' dir='ltr'><em>imiteris.</em></span> 
     </span>
     <span class='ocr_line' id='line_1_59' title="bbox 973 425 1761 465; baseline 0.008 -13"><span class='ocrx_word' id='word_1_435' title='bbox 973 425 1198 454; x_wconf 80' lang='lat' dir='ltr'><em>securissimum</em></span> <span class='ocrx_word' id='word_1_436' title='bbox 1218 427 1298 455; x_wconf 92' lang='lat' dir='ltr'><em>enim</em></span> <span class='ocrx_word' id='word_1_437' title='bbox 1313 429 1356 456; x_wconf 87' lang='lat' dir='ltr'><em>est</em></span> <span class='ocrx_word' id='word_1_438' title='bbox 1367 428 1464 464; x_wconf 88' lang='lat' dir='ltr'><em>ipsam</em></span> <span class='ocrx_word' id='word_1_439' title='bbox 1478 429 1574 465; x_wconf 87' lang='lat' dir='ltr'><em>sequi,</em></span> <span class='ocrx_word' id='word_1_440' title='bbox 1590 429 1665 458; x_wconf 90' lang='lat' dir='ltr'><em>sicut</em></span> <span class='ocrx_word' id='word_1_441' title='bbox 1679 429 1761 458; x_wconf 89' lang='lat' dir='ltr'><em>idem</em></span> 
     </span>
     <span class='ocr_line' id='line_1_60' title="bbox 971 467 1763 514; baseline 0.006 -14"><span class='ocrx_word' id='word_1_442' title='bbox 971 473 1003 500; x_wconf 91' lang='lat' dir='ltr'><em>B.</em></span> <span class='ocrx_word' id='word_1_443' title='bbox 1018 473 1185 501; x_wconf 87' lang='lat' dir='ltr'><em>Beruardus</em></span> <span class='ocrx_word' id='word_1_444' title='bbox 1194 467 1325 510; x_wconf 83' lang='lat' dir='ltr'><em>testatur,</em></span> <span class='ocrx_word' id='word_1_445' title='bbox 1339 475 1441 504; x_wconf 87' lang='lat' dir='ltr'><em>dicens</em></span> <span class='ocrx_word' id='word_1_446' title='bbox 1453 476 1463 493; x_wconf 78' lang='lat'>⁹</span> <span class='ocrx_word' id='word_1_447' title='bbox 1476 485 1483 504; x_wconf 74' lang='grc' dir='ltr'><em>ι</em></span> <span class='ocrx_word' id='word_1_448' title='bbox 1501 477 1624 513; x_wconf 86' lang='lat' dir='ltr'><em>«Ipsam</em></span> <span class='ocrx_word' id='word_1_449' title='bbox 1634 485 1763 514; x_wconf 86' lang='lat' dir='ltr'><em>sequens</em></span> 
     </span>
     <span class='ocr_line' id='line_1_61' title="bbox 973 520 1765 561; baseline 0.008 -14"><span class='ocrx_word' id='word_1_450' title='bbox 973 527 1036 548; x_wconf 91' lang='lat' dir='ltr'><em>non</em></span> <span class='ocrx_word' id='word_1_451' title='bbox 1050 520 1167 557; x_wconf 81' lang='lat' dir='ltr'><em>devias3</em></span> <span class='ocrx_word' id='word_1_452' title='bbox 1179 521 1277 558; x_wconf 86' lang='lat' dir='ltr'><em>ipsam</em></span> <span class='ocrx_word' id='word_1_453' title='bbox 1287 530 1398 558; x_wconf 89' lang='lat' dir='ltr'><em>rogans</em></span> <span class='ocrx_word' id='word_1_454' title='bbox 1411 531 1473 551; x_wconf 89' lang='lat' dir='ltr'><em>non</em></span> <span class='ocrx_word' id='word_1_455' title='bbox 1489 523 1629 560; x_wconf 88' lang='lat' dir='ltr'><em>desperas</em></span> <span class='ocrx_word' id='word_1_456' title='bbox 1643 534 1652 560; x_wconf 78' lang='lat'><em>3</em></span> <span class='ocrx_word' id='word_1_457' title='bbox 1668 525 1765 561; x_wconf 85' lang='lat' dir='ltr'><em>ipsam</em></span> 
     </span>
     <span class='ocr_line' id='line_1_62' title="bbox 974 567 1764 606; baseline 0.006 -11"><span class='ocrx_word' id='word_1_458' title='bbox 974 567 1107 603; x_wconf 85' lang='lat' dir='ltr'><em>cogitans</em></span> <span class='ocrx_word' id='word_1_459' title='bbox 1128 576 1191 597; x_wconf 91' lang='lat' dir='ltr'><em>non</em></span> <span class='ocrx_word' id='word_1_460' title='bbox 1216 577 1308 597; x_wconf 88' lang='lat' dir='ltr'><em>erras.</em></span> <span class='ocrx_word' id='word_1_461' title='bbox 1332 571 1399 606; x_wconf 86' lang='lat' dir='ltr'><em>Ipsa</em></span> <span class='ocrx_word' id='word_1_462' title='bbox 1414 571 1532 599; x_wconf 89' lang='lat' dir='ltr'><em>tenente</em></span> <span class='ocrx_word' id='word_1_463' title='bbox 1551 579 1614 600; x_wconf 91' lang='lat' dir='ltr'><em>non</em></span> <span class='ocrx_word' id='word_1_464' title='bbox 1630 572 1764 600; x_wconf 90' lang='lat' dir='ltr'><em>corruis:</em></span> 
     </span>
     <span class='ocr_line' id='line_1_63' title="bbox 972 614 1764 654; baseline 0.008 -12"><span class='ocrx_word' id='word_1_465' title='bbox 972 614 1038 650; x_wconf 88' lang='lat' dir='ltr'><em>ipsa</em></span> <span class='ocrx_word' id='word_1_466' title='bbox 1051 616 1224 651; x_wconf 85' lang='lat' dir='ltr'><em>protegente</em></span> <span class='ocrx_word' id='word_1_467' title='bbox 1239 624 1301 644; x_wconf 91' lang='lat' dir='ltr'><em>non</em></span> <span class='ocrx_word' id='word_1_468' title='bbox 1318 617 1426 645; x_wconf 88' lang='lat' dir='ltr'><em>metuis</em></span> <span class='ocrx_word' id='word_1_469' title='bbox 1441 627 1448 645; x_wconf 86' lang='lat'>:</span> <span class='ocrx_word' id='word_1_470' title='bbox 1467 618 1532 654; x_wconf 90' lang='lat' dir='ltr'><em>ipsa</em></span> <span class='ocrx_word' id='word_1_471' title='bbox 1548 618 1623 647; x_wconf 89' lang='lat' dir='ltr'><em>duce</em></span> <span class='ocrx_word' id='word_1_472' title='bbox 1643 627 1706 648; x_wconf 87' lang='lat' dir='ltr'><em>non</em></span> <span class='ocrx_word' id='word_1_473' title='bbox 1720 619 1764 647; x_wconf 86' lang='lat' dir='ltr'><em>fa-</em></span> 
     </span>
     <span class='ocr_line' id='line_1_64' title="bbox 974 661 1763 700; baseline 0.008 -11"><span class='ocrx_word' id='word_1_474' title='bbox 974 661 1076 697; x_wconf 84' lang='lat' dir='ltr'><em>tigaris</em></span> <span class='ocrx_word' id='word_1_475' title='bbox 1093 671 1099 690; x_wconf 77' lang='grc' dir='ltr'>ε</span> <span class='ocrx_word' id='word_1_476' title='bbox 1119 662 1184 699; x_wconf 90' lang='lat' dir='ltr'><em>ipsa</em></span> <span class='ocrx_word' id='word_1_477' title='bbox 1198 664 1328 699; x_wconf 89' lang='lat' dir='ltr'><em>propitia</em></span> <span class='ocrx_word' id='word_1_478' title='bbox 1343 665 1482 700; x_wconf 87' lang='lat' dir='ltr'><em>pervenis</em></span> <span class='ocrx_word' id='word_1_479' title='bbox 1496 674 1502 692; x_wconf 93' lang='lat'>:</span> <span class='ocrx_word' id='word_1_480' title='bbox 1520 667 1547 694; x_wconf 90' lang='lat' dir='ltr'><em>et</em></span> <span class='ocrx_word' id='word_1_481' title='bbox 1561 666 1602 694; x_wconf 88' lang='lat' dir='ltr'><em>sic</em></span> <span class='ocrx_word' id='word_1_482' title='bbox 1619 666 1650 694; x_wconf 91' lang='lat' dir='ltr'><em>in</em></span> <span class='ocrx_word' id='word_1_483' title='bbox 1670 668 1763 695; x_wconf 90' lang='lat' dir='ltr'><em>teme-</em></span> 
     </span>
     <span class='ocr_line' id='line_1_65' title="bbox 975 708 1765 747; baseline 0.008 -11"><span class='ocrx_word' id='word_1_484' title='bbox 975 708 1052 745; x_wconf 90' lang='lat' dir='ltr'><em>tipso</em></span> <span class='ocrx_word' id='word_1_485' title='bbox 1068 710 1222 746; x_wconf 80' lang='lat' dir='ltr'><em>experiris,</em></span> <span class='ocrx_word' id='word_1_486' title='bbox 1239 718 1333 747; x_wconf 86' lang='lat' dir='ltr'><em>quam</em></span> <span class='ocrx_word' id='word_1_487' title='bbox 1346 711 1452 740; x_wconf 91' lang='lat' dir='ltr'><em>merito</em></span> <span class='ocrx_word' id='word_1_488' title='bbox 1469 711 1582 740; x_wconf 89' lang='lat' dir='ltr'><em>dictum</em></span> <span class='ocrx_word' id='word_1_489' title='bbox 1597 713 1633 741; x_wconf 90' lang='lat' dir='ltr'><em>sit</em></span> <span class='ocrx_word' id='word_1_490' title='bbox 1649 723 1655 741; x_wconf 91' lang='lat'><strong>:</strong></span> <span class='ocrx_word' id='word_1_491' title='bbox 1671 715 1707 742; x_wconf 87' lang='lat' dir='ltr'><em>Et</em></span> <span class='ocrx_word' id='word_1_492' title='bbox 1717 723 1765 742; x_wconf 86' lang='lat' dir='ltr'><em>no-</em></span> 
     </span>
     <span class='ocr_line' id='line_1_66' title="bbox 975 757 1764 797; baseline 0.008 -13"><span class='ocrx_word' id='word_1_493' title='bbox 975 765 1034 784; x_wconf 87' lang='lat' dir='ltr'><em>men</em></span> <span class='ocrx_word' id='word_1_494' title='bbox 1060 757 1185 792; x_wconf 69' lang='lat' dir='ltr'><em>Virginis</em></span> <span class='ocrx_word' id='word_1_495' title='bbox 1201 758 1304 786; x_wconf 81' lang='lat' dir='ltr'><em>Marta.</em></span> <span class='ocrx_word' id='word_1_496' title='bbox 1321 769 1335 785; x_wconf 86' lang='lat'>»</span> <span class='ocrx_word' id='word_1_497' title='bbox 1358 758 1404 786; x_wconf 91' lang='lat' dir='ltr'><em>Sic</em></span> <span class='ocrx_word' id='word_1_498' title='bbox 1420 767 1492 795; x_wconf 88' lang='lat' dir='ltr'><em>ergo</em></span> <span class='ocrx_word' id='word_1_499' title='bbox 1508 759 1593 788; x_wconf 88' lang='lat' dir='ltr'><em>vides</em></span> <span class='ocrx_word' id='word_1_500' title='bbox 1608 761 1764 797; x_wconf 90' lang='lat' dir='ltr'><em>quomodo</em></span> 
     </span>
     <span class='ocr_line' id='line_1_67' title="bbox 976 804 1764 843; baseline 0.006 -12"><span class='ocrx_word' id='word_1_501' title='bbox 976 804 1066 832; x_wconf 85' lang='lat' dir='ltr'><em>Maria</em></span> <span class='ocrx_word' id='word_1_502' title='bbox 1085 806 1127 832; x_wconf 89' lang='lat' dir='ltr'><em>est</em></span> <span class='ocrx_word' id='word_1_503' title='bbox 1148 805 1234 833; x_wconf 87' lang='lat' dir='ltr'><em>stella</em></span> <span class='ocrx_word' id='word_1_504' title='bbox 1254 805 1413 841; x_wconf 88' lang='lat' dir='ltr'><em>purissima</em></span> <span class='ocrx_word' id='word_1_505' title='bbox 1429 814 1446 834; x_wconf 90' lang='lat' dir='ltr'><em>a</em></span> <span class='ocrx_word' id='word_1_506' title='bbox 1461 809 1595 843; x_wconf 84' lang='lat' dir='ltr'><em>peccato,</em></span> <span class='ocrx_word' id='word_1_507' title='bbox 1611 808 1696 836; x_wconf 88' lang='lat' dir='ltr'><em>stella</em></span> <span class='ocrx_word' id='word_1_508' title='bbox 1714 816 1764 836; x_wconf 87' lang='lat' dir='ltr'><em>ra-</em></span> 
     </span>
     <span class='ocr_line' id='line_1_68' title="bbox 977 850 1764 888; baseline 0.008 -10"><span class='ocrx_word' id='word_1_509' title='bbox 977 850 1142 879; x_wconf 84' lang='lat' dir='ltr'><em>diosissima</em></span> <span class='ocrx_word' id='word_1_510' title='bbox 1153 851 1182 879; x_wconf 91' lang='lat' dir='ltr'><em>in</em></span> <span class='ocrx_word' id='word_1_511' title='bbox 1193 852 1277 888; x_wconf 81' lang='lat' dir='ltr'><em>Filio,</em></span> <span class='ocrx_word' id='word_1_512' title='bbox 1290 853 1411 881; x_wconf 86' lang='lat' dir='ltr'><em>etstella</em></span> <span class='ocrx_word' id='word_1_513' title='bbox 1424 853 1580 882; x_wconf 85' lang='lat' dir='ltr'><em>utilissima</em></span> <span class='ocrx_word' id='word_1_514' title='bbox 1590 855 1620 882; x_wconf 88' lang='lat' dir='ltr'><em>in</em></span> <span class='ocrx_word' id='word_1_515' title='bbox 1634 855 1764 884; x_wconf 87' lang='lat' dir='ltr'><em>mundo.</em></span> 
     </span>
    </p>

    <p class='ocr_par' dir='ltr' id='par_1_8' title="bbox 976 897 1770 1730">
     <span class='ocr_line' id='line_1_69' title="bbox 1013 897 1766 938; baseline 0.008 -13"><span class='ocrx_word' id='word_1_516' title='bbox 1013 897 1060 925; x_wconf 82' lang='lat' dir='ltr'><em>liis</em></span> <span class='ocrx_word' id='word_1_517' title='bbox 1085 898 1166 934; x_wconf 86' lang='lat' dir='ltr'><em>visis,</em></span> <span class='ocrx_word' id='word_1_518' title='bbox 1189 900 1443 928; x_wconf 88' lang='lat' dir='ltr'><em>considerandum</em></span> <span class='ocrx_word' id='word_1_519' title='bbox 1471 903 1524 936; x_wconf 87' lang='lat' dir='ltr'><em>est,</em></span> <span class='ocrx_word' id='word_1_520' title='bbox 1554 902 1638 938; x_wconf 84' lang='lat' dir='ltr'><em>quod</em></span> <span class='ocrx_word' id='word_1_521' title='bbox 1670 904 1766 931; x_wconf 84' lang='lat' dir='ltr'><em>Maria</em></span> 
     </span>
     <span class='ocr_line' id='line_1_70' title="bbox 977 944 1764 984; baseline 0.008 -12"><span class='ocrx_word' id='word_1_522' title='bbox 977 944 1066 973; x_wconf 88' lang='lat' dir='ltr'><em>etiam</em></span> <span class='ocrx_word' id='word_1_523' title='bbox 1091 945 1300 982; x_wconf 87' lang='lat' dir='ltr'><em>intrepretatur</em></span> <span class='ocrx_word' id='word_1_524' title='bbox 1326 947 1493 977; x_wconf 87' lang='lat' dir='ltr'><em>illuminata</em></span> <span class='ocrx_word' id='word_1_525' title='bbox 1504 970 1512 984; x_wconf 92' lang='lat'><em>,</em></span> <span class='ocrx_word' id='word_1_526' title='bbox 1538 949 1586 977; x_wconf 90' lang='lat' dir='ltr'><em>vel</em></span> <span class='ocrx_word' id='word_1_527' title='bbox 1611 949 1764 978; x_wconf 87' lang='lat' dir='ltr'><em>illumina-</em></span> 
     </span>
     <span class='ocr_line' id='line_1_71' title="bbox 976 992 1765 1033; baseline 0.006 -14"><span class='ocrx_word' id='word_1_528' title='bbox 976 992 1042 1019; x_wconf 82' lang='lat' dir='ltr'><em>trix.</em></span> <span class='ocrx_word' id='word_1_529' title='bbox 1061 994 1120 1020; x_wconf 84' lang='lat' dir='ltr'><em>Hoc</em></span> <span class='ocrx_word' id='word_1_530' title='bbox 1136 993 1270 1021; x_wconf 86' lang='lat' dir='ltr'><em>similiter</em></span> <span class='ocrx_word' id='word_1_531' title='bbox 1288 995 1430 1030; x_wconf 89' lang='lat' dir='ltr'><em>competit</em></span> <span class='ocrx_word' id='word_1_532' title='bbox 1450 997 1538 1023; x_wconf 73' lang='lat' dir='ltr'><em>tantae</em></span> <span class='ocrx_word' id='word_1_533' title='bbox 1561 996 1682 1032; x_wconf 85' lang='lat' dir='ltr'><em>Virgini,</em></span> <span class='ocrx_word' id='word_1_534' title='bbox 1699 1005 1765 1033; x_wconf 85' lang='lat' dir='ltr'><em>quae</em></span> 
     </span>
     <span class='ocr_line' id='line_1_72' title="bbox 976 1039 1765 1079; baseline 0.008 -13"><span class='ocrx_word' id='word_1_535' title='bbox 976 1039 1152 1068; x_wconf 83' lang='lat' dir='ltr'><em>mirabiliter</em></span> <span class='ocrx_word' id='word_1_536' title='bbox 1170 1040 1339 1069; x_wconf 85' lang='lat' dir='ltr'><em>illuminata</em></span> <span class='ocrx_word' id='word_1_537' title='bbox 1361 1044 1403 1070; x_wconf 93' lang='grc' dir='ltr'><em>θεῖ</em></span> <span class='ocrx_word' id='word_1_538' title='bbox 1424 1050 1478 1078; x_wconf 89' lang='lat' dir='ltr'><em>per</em></span> <span class='ocrx_word' id='word_1_539' title='bbox 1500 1043 1687 1079; x_wconf 86' lang='lat' dir='ltr'><em>praesentiam</em></span> <span class='ocrx_word' id='word_1_540' title='bbox 1708 1045 1765 1072; x_wconf 90' lang='lat' dir='ltr'><em>Do—</em></span> 
     </span>
     <span class='ocr_line' id='line_1_73' title="bbox 977 1086 1766 1126; baseline 0.006 -12"><span class='ocrx_word' id='word_1_541' title='bbox 977 1086 1061 1121; x_wconf 89' lang='lat' dir='ltr'><em>mini,</em></span> <span class='ocrx_word' id='word_1_542' title='bbox 1079 1088 1164 1122; x_wconf 76' lang='lat' dir='ltr'><em>juxta</em></span> <span class='ocrx_word' id='word_1_543' title='bbox 1187 1088 1263 1116; x_wconf 89' lang='lat' dir='ltr'><em>illud</em></span> <span class='ocrx_word' id='word_1_544' title='bbox 1285 1090 1465 1126; x_wconf 63' lang='lat' dir='ltr'><em>Apocalypsis</em></span> <span class='ocrx_word' id='word_1_545' title='bbox 1481 1091 1503 1107; x_wconf 81' lang='lat'><em>¹⁰</em></span> <span class='ocrx_word' id='word_1_546' title='bbox 1522 1099 1528 1117; x_wconf 95' lang='lat'>:</span> <span class='ocrx_word' id='word_1_547' title='bbox 1549 1091 1617 1118; x_wconf 78' lang='lat' dir='ltr'><em>Vidi</em></span> <span class='ocrx_word' id='word_1_548' title='bbox 1631 1091 1766 1126; x_wconf 60' lang='lat' dir='ltr'><em>Angelum</em></span> 
     </span>
     <span class='ocr_line' id='line_1_74' title="bbox 979 1133 1767 1173; baseline 0.006 -12"><span class='ocrx_word' id='word_1_549' title='bbox 979 1135 1066 1162; x_wconf 78' lang='lat' dir='ltr'><em>alium</em></span> <span class='ocrx_word' id='word_1_550' title='bbox 1083 1135 1285 1163; x_wconf 77' lang='lat' dir='ltr'><em>descendentem</em></span> <span class='ocrx_word' id='word_1_551' title='bbox 1301 1137 1333 1164; x_wconf 77' lang='lat' dir='ltr'><em>cle</em></span> <span class='ocrx_word' id='word_1_552' title='bbox 1349 1133 1421 1173; x_wconf 73' lang='lat' dir='ltr'><em>coe&#39;lo,</em></span> <span class='ocrx_word' id='word_1_553' title='bbox 1448 1137 1588 1165; x_wconf 71' lang='lat' dir='ltr'><em>habentem</em></span> <span class='ocrx_word' id='word_1_554' title='bbox 1607 1140 1767 1173; x_wconf 82' lang='lat' dir='ltr'><em>potestatem</em></span> 
     </span>
     <span class='ocr_line' id='line_1_75' title="bbox 977 1184 1766 1220; baseline 0.005 -11"><span class='ocrx_word' id='word_1_555' title='bbox 977 1190 1114 1218; x_wconf 66' lang='lat' dir='ltr'><em>magnam,</em></span> <span class='ocrx_word' id='word_1_556' title='bbox 1131 1185 1155 1209; x_wconf 88' lang='lat' dir='ltr'><em>et</em></span> <span class='ocrx_word' id='word_1_557' title='bbox 1170 1185 1244 1210; x_wconf 79' lang='lat' dir='ltr'><em>terra</em></span> <span class='ocrx_word' id='word_1_558' title='bbox 1265 1184 1426 1212; x_wconf 81' lang='lat' dir='ltr'><em>illuminata</em></span> <span class='ocrx_word' id='word_1_559' title='bbox 1442 1188 1481 1212; x_wconf 81' lang='lat' dir='ltr'><em>est</em></span> <span class='ocrx_word' id='word_1_560' title='bbox 1497 1194 1513 1212; x_wconf 80' lang='lat' dir='ltr'><em>a</em></span> <span class='ocrx_word' id='word_1_561' title='bbox 1528 1186 1618 1220; x_wconf 68' lang='lat' dir='ltr'><em>gloria</em></span> <span class='ocrx_word' id='word_1_562' title='bbox 1639 1186 1704 1220; x_wconf 74' lang='lat' dir='ltr'><em>ejus.</em></span> <span class='ocrx_word' id='word_1_563' title='bbox 1721 1185 1766 1213; x_wconf 87' lang='lat' dir='ltr'><em>Fi-</em></span> 
     </span>
     <span class='ocr_line' id='line_1_76' title="bbox 978 1230 1767 1267; baseline 0.004 -9"><span class='ocrx_word' id='word_1_564' title='bbox 978 1230 1035 1258; x_wconf 92' lang='lat' dir='ltr'><em>lius</em></span> <span class='ocrx_word' id='word_1_565' title='bbox 1052 1230 1102 1258; x_wconf 87' lang='lat' dir='ltr'><em>Dei</em></span> <span class='ocrx_word' id='word_1_566' title='bbox 1124 1233 1167 1258; x_wconf 85' lang='lat' dir='ltr'><em>est</em></span> <span class='ocrx_word' id='word_1_567' title='bbox 1181 1231 1310 1266; x_wconf 83' lang='lat' dir='ltr'><em>Angelus</em></span> <span class='ocrx_word' id='word_1_568' title='bbox 1333 1232 1435 1267; x_wconf 85' lang='lat' dir='ltr'><em>magni</em></span> <span class='ocrx_word' id='word_1_569' title='bbox 1451 1232 1583 1260; x_wconf 86' lang='lat' dir='ltr'><em>consilii:</em></span> <span class='ocrx_word' id='word_1_570' title='bbox 1608 1235 1680 1261; x_wconf 78' lang='lat' dir='ltr'><em>terra</em></span> <span class='ocrx_word' id='word_1_571' title='bbox 1697 1241 1767 1261; x_wconf 89' lang='lat' dir='ltr'><em>vero</em></span> 
     </span>
     <span class='ocr_line' id='line_1_77' title="bbox 979 1279 1768 1316; baseline 0.004 -11"><span class='ocrx_word' id='word_1_572' title='bbox 979 1286 995 1305; x_wconf 88' lang='lat' dir='ltr'><em>a</em></span> <span class='ocrx_word' id='word_1_573' title='bbox 1009 1279 1099 1312; x_wconf 73' lang='lat' dir='ltr'><em>qlorz&#39;a</em></span> <span class='ocrx_word' id='word_1_574' title='bbox 1113 1280 1162 1305; x_wconf 86' lang='lat' dir='ltr'><em>Dei</em></span> <span class='ocrx_word' id='word_1_575' title='bbox 1176 1280 1337 1306; x_wconf 78' lang='lat' dir='ltr'><em>illuminata</em></span> <span class='ocrx_word' id='word_1_576' title='bbox 1351 1281 1394 1307; x_wconf 84' lang='lat' dir='ltr'><em>cst</em></span> <span class='ocrx_word' id='word_1_577' title='bbox 1407 1280 1508 1314; x_wconf 83' lang='lat' dir='ltr'><em>Maria,</em></span> <span class='ocrx_word' id='word_1_578' title='bbox 1525 1288 1591 1316; x_wconf 59' lang='lat' dir='ltr'><em>quae</em></span> <span class='ocrx_word' id='word_1_579' title='bbox 1610 1280 1685 1308; x_wconf 88' lang='lat' dir='ltr'><em>sicut</em></span> <span class='ocrx_word' id='word_1_580' title='bbox 1699 1280 1768 1308; x_wconf 87' lang='lat' dir='ltr'><em>illu·</em></span> 
     </span>
     <span class='ocr_line' id='line_1_78' title="bbox 979 1324 1768 1362; baseline 0.004 -10"><span class='ocrx_word' id='word_1_581' title='bbox 979 1325 1092 1352; x_wconf 88' lang='lat' dir='ltr'><em>minata</em></span> <span class='ocrx_word' id='word_1_582' title='bbox 1114 1324 1167 1352; x_wconf 89' lang='lat' dir='ltr'><em>fuit</em></span> <span class='ocrx_word' id='word_1_583' title='bbox 1191 1333 1208 1353; x_wconf 89' lang='lat' dir='ltr'><em>a</em></span> <span class='ocrx_word' id='word_1_584' title='bbox 1230 1325 1324 1361; x_wconf 83' lang='lat' dir='ltr'><em>gratia</em></span> <span class='ocrx_word' id='word_1_585' title='bbox 1347 1326 1409 1361; x_wconf 86' lang='lat' dir='ltr'><em>ejus</em></span> <span class='ocrx_word' id='word_1_586' title='bbox 1437 1326 1468 1354; x_wconf 88' lang='lat' dir='ltr'><em>in</em></span> <span class='ocrx_word' id='word_1_587' title='bbox 1483 1327 1610 1362; x_wconf 86' lang='lat' dir='ltr'><em>mundo,</em></span> <span class='ocrx_word' id='word_1_588' title='bbox 1628 1327 1670 1355; x_wconf 87' lang='lat' dir='ltr'><em>ita</em></span> <span class='ocrx_word' id='word_1_589' title='bbox 1689 1335 1768 1355; x_wconf 90' lang='lat' dir='ltr'><em>nunc</em></span> 
     </span>
     <span class='ocr_line' id='line_1_79' title="bbox 978 1371 1767 1409; baseline 0.004 -10"><span class='ocrx_word' id='word_1_590' title='bbox 978 1371 1147 1400; x_wconf 83' lang='lat' dir='ltr'><em>illuminata</em></span> <span class='ocrx_word' id='word_1_591' title='bbox 1162 1375 1204 1400; x_wconf 84' lang='lat' dir='ltr'><em>est</em></span> <span class='ocrx_word' id='word_1_592' title='bbox 1214 1381 1232 1400; x_wconf 84' lang='lat' dir='ltr'><em>a</em></span> <span class='ocrx_word' id='word_1_593' title='bbox 1248 1373 1344 1408; x_wconf 87' lang='lat' dir='ltr'><em>gloria</em></span> <span class='ocrx_word' id='word_1_594' title='bbox 1359 1374 1423 1408; x_wconf 88' lang='lat' dir='ltr'><em>ejus</em></span> <span class='ocrx_word' id='word_1_595' title='bbox 1439 1374 1470 1401; x_wconf 93' lang='lat' dir='ltr'><em>in</em></span> <span class='ocrx_word' id='word_1_596' title='bbox 1485 1374 1571 1409; x_wconf 87' lang='lat' dir='ltr'><em>coelo,</em></span> <span class='ocrx_word' id='word_1_597' title='bbox 1593 1377 1624 1402; x_wconf 88' lang='lat' dir='ltr'><em>ut</em></span> <span class='ocrx_word' id='word_1_598' title='bbox 1637 1374 1678 1402; x_wconf 85' lang='lat' dir='ltr'><em>sic</em></span> <span class='ocrx_word' id='word_1_599' title='bbox 1698 1375 1767 1402; x_wconf 91' lang='lat' dir='ltr'><em>illu-</em></span> 
     </span>
     <span class='ocr_line' id='line_1_80' title="bbox 979 1419 1764 1452; baseline 0.004 -6"><span class='ocrx_word' id='word_1_600' title='bbox 979 1419 1101 1452; x_wconf 80' lang='lat' dir='ltr'><em>minata,</em></span> <span class='ocrx_word' id='word_1_601' title='bbox 1116 1420 1404 1448; x_wconf 81' lang='lat' dir='ltr'><em>fieretilluminatrix</em></span> <span class='ocrx_word' id='word_1_602' title='bbox 1417 1420 1447 1448; x_wconf 88' lang='lat' dir='ltr'><em>in</em></span> <span class='ocrx_word' id='word_1_603' title='bbox 1459 1421 1575 1449; x_wconf 89' lang='lat' dir='ltr'><em>mundo</em></span> <span class='ocrx_word' id='word_1_604' title='bbox 1590 1423 1617 1449; x_wconf 88' lang='lat' dir='ltr'><em>et</em></span> <span class='ocrx_word' id='word_1_605' title='bbox 1631 1421 1662 1449; x_wconf 88' lang='lat' dir='ltr'><em>in</em></span> <span class='ocrx_word' id='word_1_606' title='bbox 1678 1421 1764 1449; x_wconf 87' lang='lat' dir='ltr'><em>coelo.</em></span> 
     </span>
     <span class='ocr_line' id='line_1_81' title="bbox 981 1467 1769 1504; baseline 0.005 -11"><span class='ocrx_word' id='word_1_607' title='bbox 981 1467 1103 1502; x_wconf 86' lang='lat' dir='ltr'><em>Propter</em></span> <span class='ocrx_word' id='word_1_608' title='bbox 1118 1467 1200 1502; x_wconf 87' lang='lat' dir='ltr'><em>quod</em></span> <span class='ocrx_word' id='word_1_609' title='bbox 1211 1467 1465 1495; x_wconf 88' lang='lat' dir='ltr'><em>considerandum</em></span> <span class='ocrx_word' id='word_1_610' title='bbox 1476 1470 1528 1503; x_wconf 90' lang='grc' dir='ltr'>θεῖ,</span> <span class='ocrx_word' id='word_1_611' title='bbox 1541 1469 1625 1504; x_wconf 88' lang='lat' dir='ltr'><em>quod</em></span> <span class='ocrx_word' id='word_1_612' title='bbox 1633 1469 1722 1497; x_wconf 86' lang='lat' dir='ltr'><em>Maria</em></span> <span class='ocrx_word' id='word_1_613' title='bbox 1736 1469 1769 1496; x_wconf 92' lang='lat' dir='ltr'><em>il-</em></span> 
     </span>
     <span class='ocr_line' id='line_1_82' title="bbox 980 1512 1769 1552; baseline 0.006 -13"><span class='ocrx_word' id='word_1_614' title='bbox 980 1512 1135 1548; x_wconf 81' lang='lat' dir='ltr'><em>luminata,</em></span> <span class='ocrx_word' id='word_1_615' title='bbox 1151 1513 1403 1549; x_wconf 77' lang='lat' dir='ltr'><em>illuminatrixcst,</em></span> <span class='ocrx_word' id='word_1_616' title='bbox 1416 1523 1469 1551; x_wconf 87' lang='lat' dir='ltr'><em>per</em></span> <span class='ocrx_word' id='word_1_617' title='bbox 1485 1515 1633 1552; x_wconf 80' lang='lat' dir='ltr'><em>exempla,</em></span> <span class='ocrx_word' id='word_1_618' title='bbox 1650 1524 1703 1552; x_wconf 88' lang='lat' dir='ltr'><em>per</em></span> <span class='ocrx_word' id='word_1_619' title='bbox 1718 1516 1769 1544; x_wconf 86' lang='lat' dir='ltr'><em>be-</em></span> 
     </span>
     <span class='ocr_line' id='line_1_83' title="bbox 980 1560 1768 1599; baseline 0.005 -12"><span class='ocrx_word' id='word_1_620' title='bbox 980 1560 1076 1595; x_wconf 86' lang='lat' dir='ltr'><em>necia,</em></span> <span class='ocrx_word' id='word_1_621' title='bbox 1091 1562 1120 1588; x_wconf 91' lang='lat' dir='ltr'><em>et</em></span> <span class='ocrx_word' id='word_1_622' title='bbox 1129 1569 1182 1597; x_wconf 86' lang='lat' dir='ltr'><em>per</em></span> <span class='ocrx_word' id='word_1_623' title='bbox 1191 1561 1314 1597; x_wconf 85' lang='lat' dir='ltr'><em>praemia</em></span> <span class='ocrx_word' id='word_1_624' title='bbox 1327 1570 1333 1588; x_wconf 88' lang='lat'>:</span> <span class='ocrx_word' id='word_1_625' title='bbox 1351 1561 1545 1590; x_wconf 75' lang='lat' dir='ltr'><em>illuminatrix</em></span> <span class='ocrx_word' id='word_1_626' title='bbox 1561 1571 1615 1599; x_wconf 82' lang='lat' dir='ltr'><em>per</em></span> <span class='ocrx_word' id='word_1_627' title='bbox 1630 1563 1768 1599; x_wconf 77' lang='lat' dir='ltr'><em>exempla</em></span> 
     </span>
     <span class='ocr_line' id='line_1_84' title="bbox 979 1607 1769 1645; baseline 0.005 -11"><span class='ocrx_word' id='word_1_628' title='bbox 979 1607 1046 1635; x_wconf 81' lang='lat' dir='ltr'><em>vitae</em></span> <span class='ocrx_word' id='word_1_629' title='bbox 1061 1616 1134 1643; x_wconf 77' lang='lat' dir='ltr'><em>suae,</em></span> <span class='ocrx_word' id='word_1_630' title='bbox 1150 1608 1346 1636; x_wconf 81' lang='lat' dir='ltr'><em>illuminatrix</em></span> <span class='ocrx_word' id='word_1_631' title='bbox 1361 1617 1415 1645; x_wconf 89' lang='lat' dir='ltr'><em>per</em></span> <span class='ocrx_word' id='word_1_632' title='bbox 1430 1609 1579 1638; x_wconf 86' lang='lat' dir='ltr'><em>beneficia</em></span> <span class='ocrx_word' id='word_1_633' title='bbox 1601 1610 1769 1638; x_wconf 84' lang='lat' dir='ltr'><em>misericor-</em></span> 
     </span>
     <span class='ocr_line' id='line_1_85' title="bbox 981 1654 1770 1693; baseline 0.004 -11"><span class='ocrx_word' id='word_1_634' title='bbox 981 1654 1037 1682; x_wconf 82' lang='lat' dir='ltr'><em>diae</em></span> <span class='ocrx_word' id='word_1_635' title='bbox 1052 1663 1122 1690; x_wconf 80' lang='lat' dir='ltr'><em>suoe,</em></span> <span class='ocrx_word' id='word_1_636' title='bbox 1137 1655 1331 1684; x_wconf 82' lang='lat' dir='ltr'><em>illuminatrix</em></span> <span class='ocrx_word' id='word_1_637' title='bbox 1348 1657 1390 1683; x_wconf 86' lang='grc' dir='ltr'><em>θεῖ</em></span> <span class='ocrx_word' id='word_1_638' title='bbox 1405 1656 1495 1684; x_wconf 84' lang='lat' dir='ltr'><em>Maria</em></span> <span class='ocrx_word' id='word_1_639' title='bbox 1509 1665 1562 1692; x_wconf 89' lang='lat' dir='ltr'><em>per</em></span> <span class='ocrx_word' id='word_1_640' title='bbox 1573 1657 1697 1693; x_wconf 82' lang='lat' dir='ltr'><em>praemia</em></span> <span class='ocrx_word' id='word_1_641' title='bbox 1708 1657 1770 1692; x_wconf 85' lang='lat' dir='ltr'><em>glo-</em></span> 
     </span>
     <span class='ocr_line' id='line_1_86' title="bbox 980 1701 1115 1730; baseline 0 -1"><span class='ocrx_word' id='word_1_642' title='bbox 980 1701 1030 1729; x_wconf 80' lang='lat' dir='ltr'><em>riae</em></span> <span class='ocrx_word' id='word_1_643' title='bbox 1046 1710 1115 1730; x_wconf 83' lang='lat' dir='ltr'><em>suae.</em></span> 
     </span>
    </p>

    <p class='ocr_par' dir='ltr' id='par_1_9' title="bbox 982 1749 1771 2591">
     <span class='ocr_line' id='line_1_87' title="bbox 1018 1749 1770 1787; baseline 0.004 -11"><span class='ocrx_word' id='word_1_644' title='bbox 1018 1749 1116 1777; x_wconf 86' lang='lat' dir='ltr'><em>Primo</em></span> <span class='ocrx_word' id='word_1_645' title='bbox 1128 1757 1199 1785; x_wconf 84' lang='lat' dir='ltr'><em>ergo</em></span> <span class='ocrx_word' id='word_1_646' title='bbox 1211 1749 1380 1784; x_wconf 86' lang='lat' dir='ltr'><em>considera,</em></span> <span class='ocrx_word' id='word_1_647' title='bbox 1393 1750 1575 1786; x_wconf 83' lang='lat' dir='ltr'><em>charissime,</em></span> <span class='ocrx_word' id='word_1_648' title='bbox 1589 1751 1672 1787; x_wconf 81' lang='lat' dir='ltr'><em>quod</em></span> <span class='ocrx_word' id='word_1_649' title='bbox 1681 1752 1770 1780; x_wconf 82' lang='lat' dir='ltr'><em>Maria</em></span> 
     </span>
     <span class='ocr_line' id='line_1_88' title="bbox 982 1796 1768 1834; baseline 0.004 -11"><span class='ocrx_word' id='word_1_650' title='bbox 982 1798 1024 1824; x_wconf 89' lang='lat' dir='ltr'><em>est</em></span> <span class='ocrx_word' id='word_1_651' title='bbox 1038 1796 1233 1824; x_wconf 83' lang='lat' dir='ltr'><em>illuminatrix</em></span> <span class='ocrx_word' id='word_1_652' title='bbox 1256 1797 1457 1833; x_wconf 86' lang='lat' dir='ltr'><em>plurimorum</em></span> <span class='ocrx_word' id='word_1_653' title='bbox 1479 1806 1532 1834; x_wconf 88' lang='lat' dir='ltr'><em>per</em></span> <span class='ocrx_word' id='word_1_654' title='bbox 1556 1798 1697 1834; x_wconf 78' lang='lat' dir='ltr'><em>exempla</em></span> <span class='ocrx_word' id='word_1_655' title='bbox 1721 1799 1768 1826; x_wconf 89' lang='lat' dir='ltr'><em>lu-</em></span> 
     </span>
     <span class='ocr_line' id='line_1_89' title="bbox 982 1844 1771 1882; baseline 0.004 -11"><span class='ocrx_word' id='word_1_656' title='bbox 982 1844 1138 1872; x_wconf 83' lang='lat' dir='ltr'><em>cidissimae</em></span> <span class='ocrx_word' id='word_1_657' title='bbox 1152 1845 1218 1873; x_wconf 81' lang='lat' dir='ltr'><em>vitae</em></span> <span class='ocrx_word' id='word_1_658' title='bbox 1234 1853 1304 1873; x_wconf 75' lang='lat' dir='ltr'><em>suae.</em></span> <span class='ocrx_word' id='word_1_659' title='bbox 1319 1847 1385 1882; x_wconf 88' lang='lat' dir='ltr'><em>Ipsa</em></span> <span class='ocrx_word' id='word_1_660' title='bbox 1396 1848 1447 1881; x_wconf 81' lang='lat' dir='ltr'><em>est,</em></span> <span class='ocrx_word' id='word_1_661' title='bbox 1465 1847 1548 1881; x_wconf 86' lang='lat' dir='ltr'><em>cujus</em></span> <span class='ocrx_word' id='word_1_662' title='bbox 1563 1846 1624 1874; x_wconf 89' lang='lat' dir='ltr'><em>vita</em></span> <span class='ocrx_word' id='word_1_663' title='bbox 1639 1846 1771 1881; x_wconf 81' lang='lat' dir='ltr'><em>gloriosa</em></span> 
     </span>
     <span class='ocr_line' id='line_1_90' title="bbox 982 1891 1771 1930; baseline 0.003 -11"><span class='ocrx_word' id='word_1_664' title='bbox 982 1891 1080 1919; x_wconf 87' lang='lat' dir='ltr'><em>lucem</em></span> <span class='ocrx_word' id='word_1_665' title='bbox 1093 1892 1176 1920; x_wconf 87' lang='lat' dir='ltr'><em>dedit</em></span> <span class='ocrx_word' id='word_1_666' title='bbox 1190 1893 1307 1920; x_wconf 68' lang='lat' dir='ltr'><em>sreculo.</em></span> <span class='ocrx_word' id='word_1_667' title='bbox 1325 1894 1390 1928; x_wconf 87' lang='lat' dir='ltr'><em>Ipsa</em></span> <span class='ocrx_word' id='word_1_668' title='bbox 1405 1894 1457 1927; x_wconf 81' lang='lat' dir='ltr'><em>est,</em></span> <span class='ocrx_word' id='word_1_669' title='bbox 1480 1894 1563 1929; x_wconf 88' lang='lat' dir='ltr'><em>cujus</em></span> <span class='ocrx_word' id='word_1_670' title='bbox 1579 1894 1639 1921; x_wconf 87' lang='lat' dir='ltr'><em>vita</em></span> <span class='ocrx_word' id='word_1_671' title='bbox 1659 1893 1771 1930; x_wconf 79' lang='lat' dir='ltr'><em>inclyta</em></span> 
     </span>
     <span class='ocr_line' id='line_1_91' title="bbox 983 1939 1771 1976; baseline 0.004 -10"><span class='ocrx_word' id='word_1_672' title='bbox 983 1941 1102 1966; x_wconf 88' lang='lat' dir='ltr'><em>cunctas</em></span> <span class='ocrx_word' id='word_1_673' title='bbox 1113 1939 1240 1967; x_wconf 87' lang='lat' dir='ltr'><em>illustrat</em></span> <span class='ocrx_word' id='word_1_674' title='bbox 1254 1939 1407 1967; x_wconf 74' lang='lat' dir='ltr'><em>Ecclesias.</em></span> <span class='ocrx_word' id='word_1_675' title='bbox 1421 1943 1486 1976; x_wconf 80' lang='lat' dir='ltr'><em>Ipsa</em></span> <span class='ocrx_word' id='word_1_676' title='bbox 1501 1940 1581 1968; x_wconf 84' lang='lat' dir='ltr'><em>enim</em></span> <span class='ocrx_word' id='word_1_677' title='bbox 1597 1940 1771 1969; x_wconf 87' lang='lat' dir='ltr'><em>cstlucerna</em></span> 
     </span>
     <span class='ocr_line' id='line_1_92' title="bbox 982 1985 1770 2024; baseline 0.004 -11"><span class='ocrx_word' id='word_1_678' title='bbox 982 1985 1128 2021; x_wconf 82' lang='lat' dir='ltr'><em>Ecclesiae,</em></span> <span class='ocrx_word' id='word_1_679' title='bbox 1140 1986 1179 2014; x_wconf 87' lang='lat' dir='ltr'><em>ad</em></span> <span class='ocrx_word' id='word_1_680' title='bbox 1193 1987 1252 2014; x_wconf 78' lang='lat' dir='ltr'><em>hoc</em></span> <span class='ocrx_word' id='word_1_681' title='bbox 1267 1986 1435 2015; x_wconf 86' lang='lat' dir='ltr'><em>illuminata</em></span> <span class='ocrx_word' id='word_1_682' title='bbox 1446 1995 1464 2015; x_wconf 84' lang='lat' dir='ltr'><em>a</em></span> <span class='ocrx_word' id='word_1_683' title='bbox 1480 1988 1552 2020; x_wconf 91' lang='lat' dir='ltr'><em>Deo,</em></span> <span class='ocrx_word' id='word_1_684' title='bbox 1564 1989 1596 2015; x_wconf 91' lang='lat' dir='ltr'><em>ut</em></span> <span class='ocrx_word' id='word_1_685' title='bbox 1611 1996 1664 2024; x_wconf 86' lang='lat' dir='ltr'><em>per</em></span> <span class='ocrx_word' id='word_1_686' title='bbox 1674 1988 1770 2024; x_wconf 85' lang='lat' dir='ltr'><em>ipsam</em></span> 
     </span>
     <span class='ocr_line' id='line_1_93' title="bbox 983 2033 1766 2063; baseline 0.001 -3"><span class='ocrx_word' id='word_1_687' title='bbox 983 2035 1086 2061; x_wconf 91' lang='lat' dir='ltr'><em>contra</em></span> <span class='ocrx_word' id='word_1_688' title='bbox 1105 2033 1243 2061; x_wconf 79' lang='lat' dir='ltr'><em>tenebras</em></span> <span class='ocrx_word' id='word_1_689' title='bbox 1266 2034 1372 2062; x_wconf 88' lang='lat' dir='ltr'><em>mundi</em></span> <span class='ocrx_word' id='word_1_690' title='bbox 1394 2034 1615 2063; x_wconf 82' lang='lat' dir='ltr'><em>illuminaretur</em></span> <span class='ocrx_word' id='word_1_691' title='bbox 1629 2035 1766 2063; x_wconf 23' lang='lat' dir='ltr'><em>Ecclesia*</em></span> 
     </span>
     <span class='ocr_line' id='line_1_94' title="bbox 983 2080 1768 2116; baseline 0.003 -8"><span class='ocrx_word' id='word_1_692' title='bbox 983 2081 1051 2108; x_wconf 86' lang='lat' dir='ltr'><em>Oret</em></span> <span class='ocrx_word' id='word_1_693' title='bbox 1061 2088 1132 2116; x_wconf 86' lang='lat' dir='ltr'><em>ergo</em></span> <span class='ocrx_word' id='word_1_694' title='bbox 1144 2080 1284 2116; x_wconf 83' lang='lat' dir='ltr'><em>Ecclesia,</em></span> <span class='ocrx_word' id='word_1_695' title='bbox 1297 2083 1360 2109; x_wconf 89' lang='lat' dir='ltr'><em>oret</em></span> <span class='ocrx_word' id='word_1_696' title='bbox 1373 2081 1471 2109; x_wconf 85' lang='lat' dir='ltr'><em>fidelis</em></span> <span class='ocrx_word' id='word_1_697' title='bbox 1482 2082 1592 2116; x_wconf 87' lang='lat' dir='ltr'><em>anima,</em></span> <span class='ocrx_word' id='word_1_698' title='bbox 1608 2084 1636 2110; x_wconf 90' lang='lat' dir='ltr'><em>et</em></span> <span class='ocrx_word' id='word_1_699' title='bbox 1647 2082 1749 2110; x_wconf 80' lang='lat' dir='ltr'><em>dicat¹¹</em></span> <span class='ocrx_word' id='word_1_700' title='bbox 1762 2092 1768 2110; x_wconf 89' lang='lat'>:</span> 
     </span>
     <span class='ocr_line' id='line_1_95' title="bbox 985 2128 1768 2165; baseline 0.003 -10"><span class='ocrx_word' id='word_1_701' title='bbox 985 2128 1117 2160; x_wconf 77' lang='lat' dir='ltr'><em>Quoniam</em></span> <span class='ocrx_word' id='word_1_702' title='bbox 1144 2130 1173 2155; x_wconf 74' lang='lat' dir='ltr'><em>tlt</em></span> <span class='ocrx_word' id='word_1_703' title='bbox 1195 2129 1337 2155; x_wconf 72' lang='lat' dir='ltr'><em>illuminas</em></span> <span class='ocrx_word' id='word_1_704' title='bbox 1358 2130 1494 2156; x_wconf 79' lang='lat' dir='ltr'><em>lucernam</em></span> <span class='ocrx_word' id='word_1_705' title='bbox 1522 2137 1618 2164; x_wconf 84' lang='lat' dir='ltr'><em>meam,</em></span> <span class='ocrx_word' id='word_1_706' title='bbox 1646 2131 1768 2165; x_wconf 85' lang='lat' dir='ltr'><em>Domine,</em></span> 
     </span>
     <span class='ocr_line' id='line_1_96' title="bbox 987 2175 1769 2206; baseline 0.004 -5"><span class='ocrx_word' id='word_1_707' title='bbox 987 2175 1056 2202; x_wconf 77' lang='lat' dir='ltr'><em>Deus</em></span> <span class='ocrx_word' id='word_1_708' title='bbox 1072 2183 1153 2206; x_wconf 68' lang='lat' dir='ltr'><em>mem,</em></span> <span class='ocrx_word' id='word_1_709' title='bbox 1171 2176 1299 2202; x_wconf 72' lang='lat' dir='ltr'><em>illumina</em></span> <span class='ocrx_word' id='word_1_710' title='bbox 1317 2176 1437 2203; x_wconf 81' lang='lat' dir='ltr'><em>tenebras</em></span> <span class='ocrx_word' id='word_1_711' title='bbox 1456 2184 1536 2203; x_wconf 81' lang='lat' dir='ltr'><em>meas.</em></span> <span class='ocrx_word' id='word_1_712' title='bbox 1553 2177 1632 2204; x_wconf 84' lang='lat' dir='ltr'><em>Hanc</em></span> <span class='ocrx_word' id='word_1_713' title='bbox 1643 2184 1711 2204; x_wconf 88' lang='lat' dir='ltr'><em>vere</em></span> <span class='ocrx_word' id='word_1_714' title='bbox 1727 2177 1769 2204; x_wconf 91' lang='lat' dir='ltr'><em>lu—</em></span> 
     </span>
     <span class='ocr_line' id='line_1_97' title="bbox 984 2222 1770 2260; baseline 0.003 -11"><span class='ocrx_word' id='word_1_715' title='bbox 984 2230 1104 2250; x_wconf 86' lang='lat' dir='ltr'><em>cernam</em></span> <span class='ocrx_word' id='word_1_716' title='bbox 1120 2222 1261 2250; x_wconf 88' lang='lat' dir='ltr'><em>Dominus</em></span> <span class='ocrx_word' id='word_1_717' title='bbox 1278 2222 1458 2250; x_wconf 87' lang='lat' dir='ltr'><em>illuminavit</em></span> <span class='ocrx_word' id='word_1_718' title='bbox 1478 2223 1660 2259; x_wconf 88' lang='lat' dir='ltr'><em>plenissime,</em></span> <span class='ocrx_word' id='word_1_719' title='bbox 1678 2226 1704 2252; x_wconf 87' lang='lat' dir='ltr'><em>et</em></span> <span class='ocrx_word' id='word_1_720' title='bbox 1716 2232 1770 2260; x_wconf 88' lang='lat' dir='ltr'><em>per</em></span> 
     </span>
     <span class='ocr_line' id='line_1_98' title="bbox 984 2270 1768 2299; baseline 0 -1"><span class='ocrx_word' id='word_1_721' title='bbox 984 2271 1061 2298; x_wconf 86' lang='lat' dir='ltr'><em>hanc</em></span> <span class='ocrx_word' id='word_1_722' title='bbox 1085 2270 1336 2298; x_wconf 84' lang='lat' dir='ltr'><em>illuminationem</em></span> <span class='ocrx_word' id='word_1_723' title='bbox 1360 2271 1498 2298; x_wconf 84' lang='lat' dir='ltr'><em>tenebras</em></span> <span class='ocrx_word' id='word_1_724' title='bbox 1521 2271 1689 2298; x_wconf 87' lang='lat' dir='ltr'><em>animarum</em></span> <span class='ocrx_word' id='word_1_725' title='bbox 1715 2279 1768 2299; x_wconf 82' lang='lat' dir='ltr'><em>no—</em></span> 
     </span>
     <span class='ocr_line' id='line_1_99' title="bbox 984 2318 1768 2353; baseline -0.001 -8"><span class='ocrx_word' id='word_1_726' title='bbox 984 2320 1111 2346; x_wconf 84' lang='lat' dir='ltr'><em>strarum</em></span> <span class='ocrx_word' id='word_1_727' title='bbox 1135 2318 1217 2353; x_wconf 79' lang='lat' dir='ltr'><em>lugat</em></span> <span class='ocrx_word' id='word_1_728' title='bbox 1244 2319 1272 2345; x_wconf 87' lang='lat' dir='ltr'><em>et</em></span> <span class='ocrx_word' id='word_1_729' title='bbox 1301 2318 1423 2353; x_wconf 74' lang='lat' dir='ltr'><em>fugavit.</em></span> <span class='ocrx_word' id='word_1_730' title='bbox 1448 2320 1508 2346; x_wconf 85' lang='lat' dir='ltr'><em>Hoc</em></span> <span class='ocrx_word' id='word_1_731' title='bbox 1539 2318 1614 2346; x_wconf 86' lang='lat' dir='ltr'><em>bene</em></span> <span class='ocrx_word' id='word_1_732' title='bbox 1641 2319 1768 2346; x_wconf 72' lang='lat' dir='ltr'><em>sentiens</em></span> 
     </span>
     <span class='ocr_line' id='line_1_100' title="bbox 985 2365 1768 2400; baseline 0 -8"><span class='ocrx_word' id='word_1_733' title='bbox 985 2365 1149 2393; x_wconf 80' lang='lat' dir='ltr'><em>Bernardus</em></span> <span class='ocrx_word' id='word_1_734' title='bbox 1165 2365 1204 2392; x_wconf 85' lang='lat' dir='ltr'><em>ait</em></span> <span class='ocrx_word' id='word_1_735' title='bbox 1221 2373 1227 2392; x_wconf 77' lang='lat' dir='ltr'><em>t</em></span> <span class='ocrx_word' id='word_1_736' title='bbox 1246 2374 1259 2390; x_wconf 86' lang='lat'>«</span> <span class='ocrx_word' id='word_1_737' title='bbox 1275 2366 1296 2392; x_wconf 86' lang='grc' dir='ltr'>Ο</span> <span class='ocrx_word' id='word_1_738' title='bbox 1308 2365 1407 2400; x_wconf 82' lang='lat' dir='ltr'><em>Maria,</em></span> <span class='ocrx_word' id='word_1_739' title='bbox 1425 2367 1456 2393; x_wconf 88' lang='lat' dir='ltr'><em>tu</em></span> <span class='ocrx_word' id='word_1_740' title='bbox 1471 2365 1613 2393; x_wconf 81' lang='lat' dir='ltr'><em>virtutum</em></span> <span class='ocrx_word' id='word_1_741' title='bbox 1626 2365 1677 2393; x_wconf 81' lang='lat' dir='ltr'><em>tibi</em></span> <span class='ocrx_word' id='word_1_742' title='bbox 1693 2365 1768 2393; x_wconf 86' lang='lat' dir='ltr'><em>indi—</em></span> 
     </span>
     <span class='ocr_line' id='line_1_101' title="bbox 985 2412 1768 2448; baseline -0.001 -8"><span class='ocrx_word' id='word_1_743' title='bbox 985 2414 1082 2440; x_wconf 87' lang='lat' dir='ltr'><em>tarum</em></span> <span class='ocrx_word' id='word_1_744' title='bbox 1098 2412 1264 2447; x_wconf 84' lang='lat' dir='ltr'><em>magnificis</em></span> <span class='ocrx_word' id='word_1_745' title='bbox 1289 2412 1432 2448; x_wconf 87' lang='lat' dir='ltr'><em>exemplis</em></span> <span class='ocrx_word' id='word_1_746' title='bbox 1455 2413 1494 2440; x_wconf 88' lang='lat' dir='ltr'><em>ad</em></span> <span class='ocrx_word' id='word_1_747' title='bbox 1515 2413 1711 2440; x_wconf 84' lang='lat' dir='ltr'><em>imitationem</em></span> <span class='ocrx_word' id='word_1_748' title='bbox 1728 2413 1768 2439; x_wconf 89' lang='lat' dir='ltr'><em>tui</em></span> 
     </span>
     <span class='ocr_line' id='line_1_102' title="bbox 985 2459 1768 2495; baseline 0.001 -9"><span class='ocrx_word' id='word_1_749' title='bbox 985 2467 1040 2486; x_wconf 85' lang='lat' dir='ltr'><em>nos</em></span> <span class='ocrx_word' id='word_1_750' title='bbox 1055 2467 1212 2494; x_wconf 78' lang='lat' dir='ltr'><em>provocas,</em></span> <span class='ocrx_word' id='word_1_751' title='bbox 1224 2459 1325 2495; x_wconf 86' lang='lat' dir='ltr'><em>sicque</em></span> <span class='ocrx_word' id='word_1_752' title='bbox 1336 2462 1453 2487; x_wconf 83' lang='lat' dir='ltr'><em>noctem</em></span> <span class='ocrx_word' id='word_1_753' title='bbox 1464 2461 1598 2487; x_wconf 87' lang='lat' dir='ltr'><em>nostram</em></span> <span class='ocrx_word' id='word_1_754' title='bbox 1608 2459 1768 2487; x_wconf 78' lang='lat' dir='ltr'><em>illuminas.</em></span> 
     </span>
     <span class='ocr_line' id='line_1_103' title="bbox 986 2506 1768 2541; baseline 0.001 -8"><span class='ocrx_word' id='word_1_755' title='bbox 986 2506 1040 2540; x_wconf 80' lang='lat' dir='ltr'><em>Qui</em></span> <span class='ocrx_word' id='word_1_756' title='bbox 1057 2506 1136 2533; x_wconf 88' lang='lat' dir='ltr'><em>enim</em></span> <span class='ocrx_word' id='word_1_757' title='bbox 1151 2506 1215 2533; x_wconf 89' lang='lat' dir='ltr'><em>vias</em></span> <span class='ocrx_word' id='word_1_758' title='bbox 1231 2507 1295 2534; x_wconf 89' lang='lat' dir='ltr'><em>tuas</em></span> <span class='ocrx_word' id='word_1_759' title='bbox 1310 2507 1468 2534; x_wconf 77' lang='lat' dir='ltr'><em>insectatus</em></span> <span class='ocrx_word' id='word_1_760' title='bbox 1481 2506 1578 2541; x_wconf 82' lang='lat' dir='ltr'><em>fucrit,</em></span> <span class='ocrx_word' id='word_1_761' title='bbox 1590 2515 1650 2535; x_wconf 87' lang='lat' dir='ltr'><em>non</em></span> <span class='ocrx_word' id='word_1_762' title='bbox 1661 2507 1768 2534; x_wconf 82' lang='lat' dir='ltr'><em>ambu-</em></span> 
     </span>
     <span class='ocr_line' id='line_1_104' title="bbox 985 2553 1769 2591; baseline 0 -10"><span class='ocrx_word' id='word_1_763' title='bbox 985 2553 1071 2581; x_wconf 82' lang='lat' dir='ltr'><em>latin</em></span> <span class='ocrx_word' id='word_1_764' title='bbox 1087 2553 1235 2591; x_wconf 48' lang='lat' dir='ltr'><em>tenebris„</em></span> <span class='ocrx_word' id='word_1_765' title='bbox 1247 2553 1301 2581; x_wconf 86' lang='lat' dir='ltr'><em>sed</em></span> <span class='ocrx_word' id='word_1_766' title='bbox 1322 2554 1413 2581; x_wconf 84' lang='lat' dir='ltr'><em>habet</em></span> <span class='ocrx_word' id='word_1_767' title='bbox 1436 2553 1532 2581; x_wconf 87' lang='lat' dir='ltr'><em>lucem</em></span> <span class='ocrx_word' id='word_1_768' title='bbox 1554 2554 1629 2581; x_wconf 60' lang='lat' dir='ltr'><em>vitre.</em></span> <span class='ocrx_word' id='word_1_769' title='bbox 1646 2565 1659 2580; x_wconf 83' lang='lat'>»</span> <span class='ocrx_word' id='word_1_770' title='bbox 1682 2554 1769 2581; x_wconf 82' lang='lat' dir='ltr'><em>Vides</em></span> 
     </span>
    </p>
   </div>
   <div class='ocr_carea' id='block_1_6' title="bbox 1781 909 1890 1060">
    <p class='ocr_par' dir='ltr' id='par_1_10' title="bbox 1781 909 1890 1060">
     <span class='ocr_line' id='line_1_105' title="bbox 1817 909 1888 930; baseline 0.014 -1"><span class='ocrx_word' id='word_1_771' title='bbox 1817 909 1888 930; x_wconf 74' lang='lat' dir='ltr'><em>Maria</em></span> 
     </span>
     <span class='ocr_line' id='line_1_106' title="bbox 1781 945 1888 966; baseline -0.009 0"><span class='ocrx_word' id='word_1_772' title='bbox 1781 947 1814 966; x_wconf 81' lang='lat' dir='ltr'><em>est</em></span> <span class='ocrx_word' id='word_1_773' title='bbox 1839 945 1888 966; x_wconf 80' lang='lat' dir='ltr'><em>illu-</em></span> 
     </span>
     <span class='ocr_line' id='line_1_107' title="bbox 1789 977 1882 1002; baseline 0 -5"><span class='ocrx_word' id='word_1_774' title='bbox 1789 977 1882 1002; x_wconf 76' lang='lat' dir='ltr'><em>minata,</em></span> 
     </span>
     <span class='ocr_line' id='line_1_108' title="bbox 1781 1008 1890 1030; baseline -0.018 0"><span class='ocrx_word' id='word_1_775' title='bbox 1781 1011 1801 1030; x_wconf 85' lang='lat' dir='ltr'><em>et</em></span> <span class='ocrx_word' id='word_1_776' title='bbox 1810 1008 1890 1029; x_wconf 82' lang='lat' dir='ltr'><em>illumi-</em></span> 
     </span>
     <span class='ocr_line' id='line_1_109' title="bbox 1781 1040 1861 1060; baseline 0 0"><span class='ocrx_word' id='word_1_777' title='bbox 1781 1040 1861 1060; x_wconf 69' lang='lat' dir='ltr'><em>na‘rix.</em></span> 
     </span>
    </p>
   </div>
   <div class='ocr_carea' id='block_1_7' title="bbox 987 2612 1803 2648">
    <p class='ocr_par' dir='ltr' id='par_1_11' title="bbox 987 2612 1803 2648">
     <span class='ocr_line' id='line_1_110' title="bbox 987 2612 1803 2648; baseline 0.004 -8"><span class='ocrx_word' id='word_1_778' title='bbox 987 2617 1078 2640; x_wconf 70' lang='lat' dir='ltr'><em>Missus</em></span> <span class='ocrx_word' id='word_1_779' title='bbox 1092 2617 1144 2646; x_wconf 77' lang='lat' dir='ltr'><em>cst,</em></span> <span class='ocrx_word' id='word_1_780' title='bbox 1158 2616 1230 2640; x_wconf 85' lang='lat' dir='ltr'><em>hom.</em></span> <span class='ocrx_word' id='word_1_781' title='bbox 1248 2623 1278 2648; x_wconf 75' lang='grc' dir='ltr'><em>Η,</em></span> <span class='ocrx_word' id='word_1_782' title='bbox 1303 2617 1370 2641; x_wconf 68' lang='lat' dir='ltr'><em>cirea</em></span> <span class='ocrx_word' id='word_1_783' title='bbox 1385 2618 1427 2641; x_wconf 79' lang='lat' dir='ltr'><em>liu.</em></span> <span class='ocrx_word' id='word_1_784' title='bbox 1442 2631 1471 2635; x_wconf 91' lang='lat'>—</span> <span class='ocrx_word' id='word_1_785' title='bbox 1488 2618 1494 2631; x_wconf 81' lang='lat'><em>⁷</em></span> <span class='ocrx_word' id='word_1_786' title='bbox 1515 2617 1578 2642; x_wconf 77' lang='lat' dir='ltr'><em>ibid,</em></span> <span class='ocrx_word' id='word_1_787' title='bbox 1593 2631 1621 2636; x_wconf 94' lang='lat'><em>-—</em></span> <span class='ocrx_word' id='word_1_788' title='bbox 1638 2619 1646 2632; x_wconf 71' lang='lat'><strong>⁸</strong></span> <span class='ocrx_word' id='word_1_789' title='bbox 1660 2618 1724 2642; x_wconf 82' lang='lat' dir='ltr'><em>ibid.</em></span> <span class='ocrx_word' id='word_1_790' title='bbox 1740 2633 1768 2636; x_wconf 97' lang='lat'><strong>—</strong></span> <span class='ocrx_word' id='word_1_791' title='bbox 1800 2612 1803 2614; x_wconf 67' lang='lat'>‚</span> 
     </span>
    </p>
   </div>
   <div class='ocr_carea' id='block_1_8' title="bbox 991 2652 1672 2685">
    <p class='ocr_par' dir='ltr' id='par_1_12' title="bbox 991 2652 1672 2685">
     <span class='ocr_line' id='line_1_111' title="bbox 991 2652 1672 2685; baseline 0.004 -10"><span class='ocrx_word' id='word_1_792' title='bbox 991 2652 1062 2676; x_wconf 77' lang='lat' dir='ltr'><em>&#39;ibid</em></span> <span class='ocrx_word' id='word_1_793' title='bbox 1079 2665 1108 2669; x_wconf 77' lang='lat'><em>-</em></span> <span class='ocrx_word' id='word_1_794' title='bbox 1127 2653 1145 2669; x_wconf 81' lang='lat'><em>¹⁰</em></span> <span class='ocrx_word' id='word_1_795' title='bbox 1157 2654 1243 2684; x_wconf 61' lang='lat' dir='ltr'><em>Aptata,</em></span> <span class='ocrx_word' id='word_1_796' title='bbox 1261 2655 1376 2684; x_wconf 64' lang='lat' dir='ltr'><em>xx&#39;111,1.</em></span> <span class='ocrx_word' id='word_1_797' title='bbox 1394 2667 1423 2671; x_wconf 93' lang='lat'><em>—-</em></span> <span class='ocrx_word' id='word_1_798' title='bbox 1439 2654 1455 2669; x_wconf 70' lang='lat'><em>¹*</em></span> <span class='ocrx_word' id='word_1_799' title='bbox 1472 2654 1540 2677; x_wconf 73' lang='lat' dir='ltr'><em>l’sal.</em></span> <span class='ocrx_word' id='word_1_800' title='bbox 1555 2660 1618 2685; x_wconf 68' lang='lat' dir='ltr'><em>xvii,</em></span> <span class='ocrx_word' id='word_1_801' title='bbox 1634 2656 1672 2678; x_wconf 73' lang='lat'><em>32.</em></span> 
     </span>
    </p>
   </div>
  </div>
 </body>
</html>
