2029 3052
258 203 318 234 498
841 193 1052 228 APOLOGIAE
1073 194 1291 229 PAUPERUM

257 269 297 301 ad
312 277 364 300 res
376 267 517 300 ecclesiae
531 276 600 299 suae
614 265 861 308 recuperandas,
876 267 908 297 et
921 273 1038 306 exeep-

258 323 379 354 tionem
394 322 433 354 ad
456 321 681 358 defendendas,
697 320 782 361 quod
803 329 880 352 vere
901 319 1041 351 declarat

259 376 393 408 dominii
413 385 521 407 rerum
540 376 684 415 ipsarum
699 375 860 414 agentem,
877 373 930 405 vel
952 373 1039 404 exci-

259 431 401 471 pientem
425 428 603 470 aliqualiter
631 437 700 460 esse
727 428 926 468 participem.
953 427 1041 465 Quo-

259 485 348 515 niam
364 483 467 523 igitur
486 482 578 514 valde
597 482 724 513 difficile
741 484 800 521 est,
818 481 968 513 omnibus
982 481 1040 512 ab·

259 538 388 574 dicatis,
406 538 440 568 in
454 536 522 568 sota
540 539 724 577 paupertate
739 536 897 576 gaudere;
914 535 1042 567 difficile

261 591 485 630 nihilominus,
502 591 592 622 omni
610 590 804 632 proprietate
819 590 960 628 exclusa,
975 589 1043 620 sola

261 645 472 677 ecclesiastica
486 654 555 677 esse
569 647 770 684 contentum;
782 645 854 677 ideo
866 647 1043 684 utrumque

260 700 449 741 perfectum,
467 709 533 731 non
553 700 730 731 secundum
746 700 922 731 humanam
941 699 1044 730 tradi-

260 753 400 793 tionem,
426 756 462 785 ut
487 754 691 785 adversarius
713 763 893 795 pauperum
915 753 1043 792 asserit,

262 808 317 839 sed
348 808 525 840 secundum
553 809 609 848 jus
636 808 790 839 divinitus
823 807 1008 838 institutum
1035 817 1042 838 ε

263 863 404 893 maxime
419 871 494 893 cum
510 861 571 893 hoc
583 862 752 892 comitetur
766 861 918 892 castitatis
931 862 1045 892 votum

265 925 338 947 cum
353 916 490 957 propriae
502 915 675 947 voluntatis
691 915 913 955 abnegatione.
924 913 957 946 Si
973 914 1046 955 quis

264 979 343 1002 vero
367 979 424 1010 pro
448 969 516 1001 sola
539 969 738 1000 abdicatione
761 968 974 1000 mundialium
1004 969 1045 1009 (α)

265 1024 465 1063 facultatum,
483 1033 557 1055 cum
578 1024 756 1055 retentione
775 1023 973 1064 quantalibet
992 1032 1047 1054 ec-

267 1079 516 1110 clesiasticorum
547 1077 729 1109 reddituum
743 1101 751 1115 ‚
774 1077 905 1108 clericos
927 1079 1048 1108 asserat

267 1141 335 1164 esse
350 1132 516 1172 perfectos,
535 1140 589 1162 eos
611 1139 688 1161 vero
704 1130 786 1161 solos
802 1131 1004 1170 impet-rectos
1018 1133 1049 1162 et

267 1185 415 1224 claudos,
441 1185 498 1225 qui
524 1186 825 1224 quantumcumque
853 1184 980 1215 exiliter
1010 1185 1049 1216 de

268 1239 462 1280 patrimonio
489 1238 624 1275 vivunt,
657 1238 738 1268 sicut
763 1238 813 1268 hie
836 1238 1050 1270 calumniator

268 1303 447 1334 pauperum
463 1293 668 1332 dogmatizat,
691 1292 908 1324 ecclesiastica¹
931 1294 1048 1333 persec-

268 1348 347 1379 tioni
381 1356 445 1378 non
480 1346 642 1377 modicum
675 1346 819 1386 derogat.
855 1347 931 1383 Quis
963 1347 1050 1378 enim

270 1403 569 1442 quantumvumque
583 1409 698 1440 parum
716 1400 897 1440 intelligens
913 1409 977 1431 non
994 1400 1049 1431 ad-

269 1457 385 1494 vertat,
398 1455 458 1486 hoc
472 1464 539 1485 esse
552 1454 700 1485 insanum
714 1453 828 1492 dicere,
841 1454 926 1494 quod
937 1454 1052 1494 uliquis

271 1510 405 1541 clericus
419 1510 458 1540 de
471 1509 665 1549 patrimonio
681 1508 840 1546 victitans,
858 1508 913 1539 vix
931 1509 1052 1540 babens

272 1564 395 1595 victum
411 1566 441 1595 et
456 1564 619 1601 vestitum,
639 1563 679 1593 sit
694 1563 897 1603 imperfectus
911 1566 942 1593 et
962 1563 1051 1594 clau-

271 1617 345 1655 dus,
359 1618 414 1658 qui
427 1620 535 1648 autem
548 1619 824 1657 quantoscumque
841 1616 983 1647 redditus
995 1617 1051 1647 tia-

271 1671 324 1702 bet
340 1671 498 1709 Ecclesia»,
515 1671 542 1701 si
559 1671 698 1711 paternis
718 1671 809 1701 bonis
826 1671 998 1708 renuntiet,
1014 1671 1054 1701 sit

272 1727 379 1757 rectus
401 1728 496 1765 atque
526 1725 682 1765 perfectus
695 1726 709 1755 ‘?
742 1725 817 1761 Quis
849 1724 892 1754 ita
921 1725 1054 1755 claudus

273 1779 467 1810 mentalibus
480 1779 624 1819 pedibuS,
638 1779 768 1818 quinon
783 1778 920 1809 libenter
935 1781 1054 1809 statum

273 1833 361 1864 hunc
385 1835 523 1863 mutaret
548 1833 579 1863 in
601 1833 711 1863 illum?
735 1831 898 1872 Numquid
922 1833 992 1863 talis
1008 1834 1056 1863 est

274 1887 471 1927 evangeliea}
496 1886 639 1918 veritatis
663 1886 828 1925 perfectio,
851 1895 948 1926 quam
967 1885 1056 1916 velut

275 1941 445 1972 sublimem
461 1942 491 1971 et
505 1940 639 1971 arduam
655 1940 797 1970 Christus
809 1940 1012 1970 commendat
1026 1942 1057 1971 et

276 1995 438 2035 praedicat,
460 1995 499 2025 ad
515 1994 643 2034 qualem
659 1994 730 2033 quis
752 1994 911 2031 iutirmus,
936 1994 1055 2034 imper-

276 2050 388 2085 fectus,
405 2048 546 2086 claudus,
564 2048 709 2088 cupidus,
731 2048 899 2087 superbus,
921 2048 1057 2078 carnalis

279 2104 418 2143 aspirat?
435 2103 554 2134 Mirum
573 2105 669 2139 ‹zei-te,
686 2102 711 2132 si
729 2102 781 2132 via
795 2102 865 2132 haec
887 2111 983 2138 nova,
1002 2111 1058 2140 per

279 2167 376 2198 quam
396 2160 452 2188 aut
468 2156 587 2193 nullus,
605 2158 661 2186 aut
685 2164 788 2193 rurus,
815 2156 971 2195 perfectus
991 2156 1059 2186 sive

279 2212 499 2252 imperfectus,
525 2209 669 2247 incessit,
696 2208 836 2248 antiquis
862 2209 1059 2248 praet'erenda

279 2268 326 2296 est
341 2265 474 2302 semitiS,
499 2267 533 2294 ut
557 2263 702 2300 clericus,
725 2265 871 2302 sumptu*
897 2263 936 2293 ad
960 2262 1058 2293 eccle-

280 2319 422 2350 siasticos
437 2318 594 2354 redditus,
612 2317 699 2347 omni
715 2326 747 2346 se
763 2316 901 2346 denudet
917 2317 1059 2357 proprie-

280 2376 355 2404 tate.
373 2373 450 2410 Quis
464 2371 551 2402 enim
571 2370 774 2400 swcularium
793 2370 981 2401 clericorum
1000 2381 1060 2401 no-

281 2428 354 2458 stris
367 2425 565 2466 temporibus
574 2425 633 2455 hoc.
645 2425 789 2463 peut-vit?
802 2424 874 2464 quis·
885 2426 1061 2465 proposuit,

282 2481 353 2520 quis
368 2481 463 2511 etiam
486 2478 657 2509 somniavit
680 2482 714 2507 ut
737 2478 769 2507 iu
794 2479 994 2518 susceptione
1009 2489 1060 2510 ec-

283 2535 445 2564 clesiastici
467 2533 623 2570 beneticii,
647 2534 778 2571 patei-1121
797 2532 894 2570 bona,
923 2543 996 2563 cum
1013 2534 1063 2563 his

283 2595 355 2626 qua¹
373 2586 489 2617 babere
515 2587 630 2625 posset,
655 2583 844 2614 distraheret
859 2590 889 2615 et
914 2588 1064 2625 erogaret

315 2667 322 2683 ¹
339 2667 441 2696 Mami„
456 2672 535 2696 xxiii,
555 2667 590 2689 ¹2³.
606 2678 637 2683 -
653 2665 686 2696 (a)
704 2665 763 2688 sset.
778 2664 839 2688 edit.
855 2667 1022 2692 mundalium.
1035 2681 1061 2685 —

286 2702 319 2733 (b)
335 2703 397 2726 Item
413 2703 468 2726 visi.
479 2715 507 2719 —
526 2702 555 2732 (c)
572 2702 660 2732 Suppl.
676 2701 754 2725 velut.

1096 267 1302 308 pauperihus,
1325 268 1357 298 et
1375 266 1444 308 ipse
1466 266 1615 308 deinceps
1636 267 1771 298 voveret
1791 266 1875 298 nihil

1095 320 1215 352 habere
1230 321 1408 362 proprium,
1431 321 1562 362 soloque
1581 321 1664 352 foret
1680 320 1768 352 victu
1781 321 1877 360 atque

1097 375 1214 406 vestitu
1225 376 1412 406 contentus?
1428 374 1621 416 Hujusmodi
1634 375 1802 414 propterea
1812 375 1877 404 sta-

1098 430 1180 466 tum,
1196 428 1253 468 qui
1267 428 1323 459 vix
1337 431 1392 460 aut
1406 438 1574 470 nunquam
1597 428 1631 459 in
1653 427 1762 469 aliquo
1784 436 1878 468 repe-

1097 482 1192 520 ritur,
1210 481 1373 520 extollere,
1390 482 1469 513 nihil
1483 482 1570 514 aliud
1585 484 1642 520 est,
1659 490 1756 522 quam
1771 481 1879 512 corvi-

1097 544 1174 565 nam
1199 535 1378 566 albedinem
1403 535 1591 576 praedicare;
1616 535 1662 566 nil
1685 537 1768 575 certe
1790 534 1879 566 aliud

1099 597 1197 629 quam
1213 589 1334 630 proprii
1345 589 1456 630 eapitis
1469 589 1660 621 sententiam
1675 589 1802 621 veritati
1808 590 1880 629 jam

1099 645 1185 674 notae
1200 652 1396 684 praeponere,
1413 646 1449 675 ut
1462 644 1507 675 sic
1521 643 1579 675 filii
1594 643 1765 675 hominum
1785 643 1881 683 gravi

1100 697 1212 736 corde,
1237 697 1406 738 diligentes
1427 698 1624 737 vanitatem,
1647 700 1678 729 et
1700 701 1882 739 quaerentes

1101 751 1315 789 mendacium,
1333 761 1351 783 a
1370 751 1484 784 Christi
1508 752 1657 792 vestigiis
1679 753 1879 792 avertantur,

1101 814 1224 846 suaque
1243 808 1418 846 sequantur
1440 806 1674 847 phantasmata,
1691 809 1835 838 errantes
1848 806 1882 838 in

1101 859 1200 898 invio,
1222 861 1254 891 et
1268 869 1333 890 non
1348 859 1382 890 in
1403 860 1467 891 via.
1491 859 1555 891 Nec
1574 861 1684 891 tamen
1707 869 1881 900 negamus,

1102 921 1156 944 eos
1171 913 1227 954 qui
1241 913 1334 945 bonis
1355 913 1574 945 ecclesiasticis
1588 914 1729 945 contenti
1743 914 1810 945 sota
1825 923 1880 946 ne-

1102 967 1238 998 cessaria
1261 967 1411 1006 retinent,
1427 969 1459 998 et
1481 967 1605 1008 reliqua
1628 967 1738 998 omnia
1760 976 1882 1008 paupe-

1103 1021 1192 1052 ribus
1207 1021 1387 1059 conserunt,
1402 1021 1441 1052 ad
1464 1020 1637 1062 quamdam
1659 1020 1884 1061 perfectionem

1104 1076 1302 1116 pertingere;
1327 1075 1512 1116 perfectioni
1532 1079 1640 1106 tamen
1658 1074 1884 1115 religiosorum

1105 1139 1284 1170 pauperum
1317 1130 1500 1162 nullatenus
1529 1129 1776 1171 coaequandam,
1802 1130 1884 1162 sicut

1105 1193 1204 1225 supra
1219 1187 1433 1216 monstratum
1457 1187 1503 1216 est
1526 1185 1621 1215 tertia
1643 1186 1732 1225 parte
1756 1193 1886 1225 respon-

1106 1239 1203 1269 sionis
1220 1239 1343 1278 primae.
1370 1238 1450 1270 [luic
1471 1247 1551 1278 ergo
1567 1238 1699 1278 suisque
1721 1237 1884 1278 complici-

1106 1294 1166 1324 bus
1180 1302 1198 1324 a
1216 1292 1380 1324 salvatore
1402 1294 1559 1324 veraciter
1577 1292 1693 1324 dicitur
1708 1293 1716 1309 ¹
1733 1301 1742 1323 ι
1763 1292 1817 1324 Voe
1832 1300 1887 1325 vo-

1107 1348 1156 1381 bis
1178 1348 1366 1388 hypocritae,
1392 1349 1450 1388 qui
1469 1347 1625 1380 clauditis
1645 1355 1779 1387 reanum
1793 1347 1886 1380 coelo-

1106 1410 1177 1434 rum
1193 1407 1267 1434 aule
1287 1402 1441 1440 homines,
1464 1409 1519 1434 vos
1541 1402 1628 1434 enim
1648 1409 1713 1434 non
1740 1402 1885 1441 intratis,

1107 1465 1207 1497 neque
1230 1458 1428 1490 introeuntes
1454 1456 1569 1489 sinitis
1595 1456 1731 1488 intrare.
1752 1455 1888 1487 sienim

1108 1520 1165 1551 per
1193 1510 1275 1541 hanc
1306 1512 1496 1541 venenatam
1531 1510 1707 1541 doctrinam
1740 1508 1888 1541 nonnulli

1108 1565 1272 1596 credentes
1288 1565 1321 1595 in
1337 1564 1454 1595 saeculo
1469 1574 1501 1595 se
1523 1573 1591 1595 esse
1611 1564 1774 1604 perfectos,
1790 1567 1889 1595 retra-

1109 1619 1229 1650 hantur
1251 1628 1269 1649 a
1286 1618 1455 1658 religionis
1474 1618 1634 1658 ingressu,
1651 1617 1732 1649 nulli
1753 1617 1889 1649 dubium

1109 1675 1166 1711 est,
1193 1674 1272 1713 quin
1305 1672 1497 1712 sanguinem
1526 1672 1707 1702 animarum
1740 1671 1888 1710 illarum,

1109 1736 1182 1767 quae
1199 1728 1327 1767 propter
1342 1726 1402 1756 hoc
1418 1726 1451 1755 iu
1466 1735 1599 1757 suorum
1614 1728 1815 1766 peccatorum
1832 1726 1889 1757 fae-

1110 1781 1200 1812 cibus
1219 1781 1441 1818 remanserint,
1456 1781 1564 1820 justus
1583 1779 1681 1819 judex
1694 1779 1732 1810 de
1747 1779 1891 1819 ipsorum

1111 1835 1260 1865 manibus
1278 1835 1310 1865 in
1327 1834 1475 1865 examine
1491 1833 1633 1864 districto
1658 1832 1810 1873 requirat,
1829 1832 1891 1863 nisi

1111 1898 1167 1929 per
1182 1898 1274 1919 suam
1298 1888 1511 1925 clementiam,
1538 1889 1575 1918 ut
1598 1896 1738 1925 oramus,
1764 1886 1891 1918 eosdem

1111 1943 1253 1974 veritatis
1273 1952 1340 1973 suae
1363 1942 1433 1973 luce
1456 1942 1598 1982 perfusos
1621 1942 1776 1982 dignatus
1798 1942 1893 1973 suerit:

1111 1997 1152 2028 ab
1169 1997 1286 2028 erroris
1302 1996 1397 2028 devio
1406 2005 1569 2027 revocare.

1371 2096 1548 2131 CAPUT
1582 2096 1621 2129 II

1115 2171 1149 2197 Ιη
1165 2177 1216 2205 quo
1231 2170 1365 2204 professio
1380 2170 1500 2202 fratrum
1514 2169 1543 2195 M
1546 2169 1651 2195 {norum
1664 2169 1795 2196 veraciter
1805 2176 1895 2197 carere

1151 2216 1305 2242 ostenditur
1319 2217 1344 2241 et
1359 2215 1583 2249 appropriatione
1597 2221 1700 2248 rerum,
1717 2214 1894 2241 immobilium

1150 2261 1205 2287 sive
1221 2259 1377 2292 mobilium,
1401 2261 1424 2286 et
1443 2259 1610 2293 proprietate
1628 2260 1819 2294 pecuniarum,
1838 2262 1894 2286 tam

1151 2306 1180 2332 in
1196 2306 1320 2340 proprio,
1337 2312 1419 2339 quam
1434 2305 1463 2330 in
1478 2304 1621 2330 communi.

1157 2373 1388 2412 Arrogantium
1413 2372 1583 2403 hominum
1606 2372 1738 2403 tumidae
1758 2374 1891 2411 mentes,

1116 2428 1171 2467 qui
1197 2428 1308 2458 muudi
1335 2427 1434 2466 liujus
1457 2426 1595 2457 vanitate
1618 2429 1801 2466 pascuntur,
1826 2427 1894 2466 glo-

1117 2482 1197 2512 riam
1215 2482 1275 2511 sibi
1295 2481 1444 2511 videntur
1464 2480 1691 2520 conquisivisse
1712 2489 1776 2510 non
1792 2481 1893 2512 modi-

1118 2545 1200 2573 cam,
1213 2537 1237 2565 si
1247 2544 1356 2566 veram
1368 2534 1562 2574 simplicium
1573 2534 1770 2564 sanctitatem
1783 2535 1843 2565 nisi
1857 2534 1894 2575 (b)

1118 2589 1237 2619 suerint
1245 2589 1282 2628 (c)
1292 2588 1528 2619 simulationem
1538 2586 1677 2617 dolosam
1686 2596 1836 2627 arguere,
1846 2598 1896 2620 eo-

1118 2652 1258 2683 rumque
1274 2642 1477 2684 prudentiam
1491 2640 1620 2681 spiritus
1630 2643 1666 2672 ut
1681 2641 1838 2674 insaniam
1848 2652 1897 2675 re·

1118 2697 1264 2737 probare.
1280 2697 1368 2733 Quod
1382 2699 1416 2727 ut
1429 2694 1586 2726 efficacius
1602 2696 1752 2734 perticere
1765 2699 1894 2738 queant,
