2029 3052
285 172 346 202 610

285 246 352 279 gno
374 237 507 279 ponderi
529 239 675 280 argenti,
697 239 750 273 vel
769 239 903 272 alterius
927 239 1062 272 metalli.

287 290 470 333 corporalis
491 292 580 325 enim
601 293 610 311 ¹
632 294 822 327 exercitatio
845 293 1065 328 admodicum

283 345 379 379 utilis
394 347 451 385 est,
467 347 526 379 etc.

514 459 717 500 QUAESTIO
741 461 831 496 XIII.

283 544 326 572 An
344 544 376 573 de
394 544 534 580 Reliqione
563 543 592 572 S.
612 545 768 578 Frnmisci,
785 547 849 581 post
867 547 968 580 factam
986 547 1018 574 in
1037 554 1068 574 ea

334 590 541 625 professionem,
554 591 642 625 possit
655 591 718 625 quis
733 591 852 619 transire
864 590 900 618 ad
913 591 1008 619 aliam.

323 669 403 702 Item
425 678 538 711 quaero
554 681 561 700 :
580 669 614 702 Si
637 670 676 702 de
698 670 759 702 ista
780 670 945 712 Religione
966 671 1065 712 possit

282 723 399 765 aliquis
414 724 460 756 ire
479 723 520 756 ad
533 723 641 763 aliam,
662 726 733 765 post
754 725 868 757 factam
883 725 918 756 in
933 734 971 757 ea
985 734 1063 766 pro-

281 777 475 810 sessionem?

323 831 530 873 Respondeo‚
553 830 643 864 salvo
665 832 789 864 meliori
806 832 928 873 judicio
948 844 955 865 ε
974 832 1061 873 Non,

281 886 343 918 nisi
364 896 422 928 per
447 887 716 929 dispensationem
745 886 834 918 Sedis
859 886 1061 928 Apostolicae,

281 949 357 973 cum
379 940 440 973 hoc
455 951 605 983 expresse
620 942 654 974 in
667 942 736 982 ipsa
752 940 869 981 regula
886 941 1061 982 prohibea-

280 997 346 1035 tur,
363 995 407 1027 ibi
421 996 432 1013 ³
455 1007 462 1028 z
479 997 575 1030 Nullo
598 997 691 1030 modo
706 996 811 1029 licebit
830 997 888 1035 eis,
904 998 965 1028 etc.
981 995 1063 1028 Nam

280 1058 354 1081 cum
369 1059 434 1081 non
448 1050 633 1082 inveniatur
657 1050 750 1082 altior
769 1050 896 1090 regula,
922 1051 973 1081 vel
987 1051 1060 1081 stri-

280 1103 370 1142 ctior,
387 1113 443 1135 seu
459 1104 603 1145 aequalis,
626 1106 713 1145 patet
728 1103 814 1144 quod
829 1113 894 1134 non
911 1103 983 1135 licet
997 1104 1063 1135 cui-

279 1166 377 1197 quam
398 1167 455 1198 per
475 1158 616 1199 seipsum
640 1158 679 1189 ad
703 1157 886 1188 inferiorem
910 1157 1060 1189 Ordinem

279 1209 426 1241 transire.
450 1209 564 1243 Omnes
582 1210 640 1250 qui
665 1209 790 1247 vident,
814 1210 973 1250 incipient
988 1210 1062 1242 illu-

279 1262 351 1295 dere
362 1264 404 1301 εἰ,
419 1263 571 1302 (licentes,
587 1264 668 1304 quia
683 1263 734 1295 hic
749 1263 840 1295 homo
850 1264 945 1304 coepit
959 1263 1061 1304 oedz‘fi-

279 1325 364 1356 care,
380 1320 408 1350 el
422 1325 486 1351 non
497 1318 606 1359 potuit
621 1325 841 1350 consummare
855 1319 878 1355 ⁸,
895 1320 954 1349 etc.

509 1436 713 1477 QUAESTIO
741 1437 833 1471 XIV.

280 1526 326 1553 An
345 1525 425 1552 liceat
444 1523 536 1550 ordini
550 1524 687 1551 Minorum
703 1523 797 1557 ejicere
813 1523 930 1558 aliquem
943 1531 995 1559 pro
1010 1524 1058 1551 de-

315 1570 435 1603 meritis,
451 1569 492 1596 vel
511 1576 613 1603 eoi-esso
631 1569 777 1603 poenitenti
795 1569 820 1595 et
842 1570 955 1603 petenti,
973 1577 1059 1604 recep-

316 1616 416 1643 tionem
431 1614 517 1642 denuo
533 1614 674 1648 denegare.

321 1698 399 1729 Item
417 1707 527 1738 quwro
545 1709 550 1727 :
570 1697 602 1728 Si
626 1697 718 1728 liceat
741 1697 851 1728 Ordini
873 1697 986 1737 ejicere
1001 1697 1060 1728 ali-

280 1761 377 1793 quem
399 1761 457 1792 pro
479 1751 653 1789 demeritis,
675 1750 725 1782 vel
749 1760 890 1790 egresso,
907 1754 938 1782 et
957 1752 1059 1791 poeni-

280 1806 370 1843 tenti,
397 1807 428 1836 et
451 1805 568 1845 petenti
594 1805 807 1845 receptionem
831 1805 938 1836 denno
962 1805 1058 1837 dene-

280 1860 380 1899 gare?
397 1859 475 1890 Cum
498 1859 585 1889 vnim
602 1858 685 1889 Ordo
705 1859 737 1888 in
760 1858 952 1899 professione
967 1867 1060 1891 versa

278 1914 348 1945 vice
362 1923 396 1945 se
410 1913 614 1953 obligaverit,
631 1914 665 1943 ut
681 1912 761 1943 sient
775 1912 831 1942 iste
846 1912 966 1951 ligatus
977 1916 1059 1944 esset

278 1968 399 2007 Ordini,
426 1968 469 1999 ita
488 1978 505 1999 e
527 1977 692 2004 converso,
718 1967 843 1997 vid-flur
865 1967 950 2007 quod
975 1968 1058 1999 Ordo

277 2024 404 2054 tenetur
420 2031 546 2062 semper
562 2021 713 2061 recipcre,
735 2021 760 2050 si
777 2021 904 2060 exigat,
927 2031 967 2053 ne
983 2032 1057 2062 pro-

279 2076 413 2107 missum
445 2085 540 2107 sunm
568 2075 714 2106 videatur
743 2075 880 2113 irritare,
906 2075 931 2105 si
958 2076 1057 2107 nollet

277 2140 352 2161 enni
378 2133 503 2169 tenere,
528 2139 625 2170 quem
651 2129 862 2169 spoponderat
887 2139 1055 2170 nunquam

276 2184 506 2222 derelinqui-re.
524 2183 656 2215 Videtur
673 2183 769 2213 etiam
784 2182 867 2222 qnod
886 2182 968 2214 Ordo
992 2193 1056 2215 non

277 2238 376 2278 possit
399 2238 675 2269 taleni-licentiam
697 2238 737 2268 ad
759 2237 858 2268 alium
883 2237 1053 2277 Ordinem,

276 2292 432 2332 quianon
455 2292 595 2323 invenit-t
619 2291 696 2322 alibi
718 2291 803 2331 quod
818 2291 870 2321 hic
886 2292 1053 2331 promisit,

275 2349 305 2378 et
322 2347 364 2377 ita
381 2347 496 2377 faceret
517 2355 592 2376 cnm
611 2346 676 2376 voti
693 2345 744 2375 sni
766 2347 1052 2386 transgressorem,

276 2403 307 2432 et
322 2402 365 2432 sic
379 2402 532 2442 peccaret.
549 2399 683 2431 Videtur
698 2399 793 2429 ctiam
808 2399 891 2437 qnod
910 2409 983 2430 cuni
997 2400 1054 2432 isle

275 2464 340 2487 non
355 2456 452 2496 possit
467 2453 612 2494 compelli
628 2453 667 2483 :id
682 2452 781 2482 zilinni
797 2453 959 2492 Ordinem,
977 2464 1050 2485 cum

276 2511 357 2543 nulli
376 2509 486 2542 Ordini
501 2518 534 2539 se
548 2506 765 2546 obligaverint
782 2507 840 2536 nisi
857 2507 918 2546 isti,
935 2510 966 2538 et
988 2518 1052 2539 non

274 2565 387 2597 debeat
409 2564 482 2603 cogi
505 2563 625 2594 invitus
647 2561 685 2592 ud
703 2560 788 2601 quod
811 2570 843 2591 se
866 2561 954 2593 nullo
978 2566 1052 2594 voto

306 2648 312 2663 ι
335 2648 341 2670 1
362 2646 435 2670 Tim,¹
459 2650 492 2674 n»,
507 2646 531 2667 ε,
551 2657 581 2662 -
599 2644 608 2659 2
629 2642 725 2673 Rnynl„
743 2649 764 2666 c.
781 2647 808 2672 n,
829 2649 913 2673 snpra,
927 2650 984 2675 pag.
998 2646 1052 2671 562,

273 2682 322 2707 col.
338 2683 385 2706 1-2.
407 2695 429 2698 μ
452 2682 461 2696 ²¹
480 2681 549 2709 Luxu,
568 2686 619 2709 xuv,
637 2680 752 2702 &uzuh—
768 2679 778 2694 δ
796 2678 861 2706 law..
879 2685 912 2709 ix,
929 2682 968 2703 56.

799 170 1100 205 DETERMINATIO
1122 171 1391 211 QUAESTIONUM

1119 241 1280 282 astrinxit,
1294 243 1392 276 etiam
1407 243 1435 275 si
1448 243 1551 277 alium
1571 243 1725 278 Ordinem
1737 245 1900 280 inveniret

1119 293 1174 326 isti
1194 296 1366 337 aequalem.
1389 295 1523 330 Videtur
1541 297 1640 331 etiam
1658 298 1719 332 iste
1731 299 1816 334 ordo
1827 306 1900 333 esse

1118 347 1152 380 in
1179 349 1291 391 culpa,
1314 351 1341 382 si
1354 349 1426 382 talis
1443 353 1581 392 vagetur
1601 352 1636 384 in
1657 353 1796 393 saeculo,
1822 361 1899 386 cum

1118 401 1199 434 nolit
1223 413 1300 436 eum
1321 405 1463 446 recipere
1484 407 1664 446 petentem,
1686 408 1718 439 et
1737 406 1779 440 ad
1796 406 1898 440 alium

1119 455 1271 489 Ordinem
1291 467 1359 490 non
1382 458 1515 499 debeat,
1536 459 1589 492 vel
1611 469 1678 493 non
1700 460 1802 502 possit
1822 469 1899 493 eum

1118 511 1319 552 compellere,
1331 514 1364 544 et
1376 513 1403 544 si
1416 512 1511 553 punit
1528 522 1616 552 eum,
1636 514 1690 547 vel
1709 523 1898 547 exeommu-

1118 564 1214 603 nicat,
1227 565 1314 606 quod
1337 566 1512 608 injurietur
1525 567 1574 607 ei;
1595 567 1663 600 imo
1680 568 1709 600 si
1726 578 1794 601 non
1806 570 1900 602 tene-

1118 618 1173 648 tur
1187 627 1264 650 eum
1286 618 1370 652 Ordo
1383 621 1537 662 recipere,
1552 630 1613 654 nee
1627 622 1710 662 vult,
1723 623 1795 663 jam
1806 622 1901 664 punit

1118 680 1185 704 non
1196 681 1295 705 suum
1310 674 1488 707 subditum.
1508 675 1549 708 Et
1566 676 1595 708 si
1614 676 1709 717 punit
1731 685 1808 709 eum
1827 685 1899 709 001·-

1118 728 1281 769 poroffler,
1310 729 1475 771 capiendo,
1493 730 1547 763 vel
1560 730 1758 771 castigando,
1773 730 1901 764 videtur

1117 781 1152 812 in
1175 791 1331 815 canonem
1358 783 1498 816 incidere
1517 785 1586 825 jam
1614 784 1688 816 latae
1713 784 1897 824 sententiae,

1117 843 1192 866 cum
1218 834 1260 866 sit
1283 835 1430 876 clericus,
1453 835 1506 868 vel
1532 835 1707 876 regularis.
1732 835 1769 868 Si
1788 838 1899 869 autem

1117 887 1200 920 Ordo
1214 897 1280 921 non
1292 889 1364 922 vult
1373 899 1449 922 eum
1462 889 1614 931 recipere,
1630 892 1663 922 et
1674 899 1740 922 non
1748 890 1899 923 convenit

1116 951 1192 974 eum
1206 943 1303 975 aliam
1324 943 1517 984 religionem
1540 943 1674 983 intrare,
1695 943 1747 976 vel
1770 943 1825 975 alii
1838 953 1899 976 no-

1116 996 1187 1028 lunt
1201 1006 1277 1028 eum
1290 997 1451 1038 recipere,
1476 997 1516 1029 ad
1540 1006 1623 1038 quos
1645 997 1826 1030 licentiatus
1851 999 1900 1030 est

1117 1051 1253 1083 transire
1266 1075 1275 1090 ,
1307 1053 1339 1082 et
1368 1060 1425 1092 per
1453 1051 1516 1084 hoc
1542 1061 1563 1084 a
1593 1052 1746 1084 fratribus
1775 1051 1899 1092 ligatur

1116 1105 1461 1145 excommunicatione,
1483 1105 1535 1137 vel
1556 1114 1622 1137 non
1636 1105 1825 1145 absolvitur,
1840 1114 1899 1146 po-

1116 1158 1206 1190 nitur
1223 1158 1256 1190 in
1271 1158 1424 1199 laqueum
1443 1158 1662 1200 perplexitatis
1679 1159 1899 1191 interminabi-

1117 1212 1167 1251 lis,
1177 1215 1213 1244 ut
1229 1213 1320 1254 quasi
1331 1223 1372 1245 ex
1383 1214 1472 1245 omni
1483 1215 1574 1253 parte
1584 1213 1742 1254 praeclusa
1751 1213 1792 1246 sit
1805 1213 1835 1246 ei
1845 1213 1898 1246 via

1116 1267 1240 1306 salutis,
1256 1267 1342 1308 quod
1357 1267 1477 1299 volenti
1492 1267 1610 1299 salvari
1624 1276 1691 1299 non
1705 1269 1824 1309 potest,
1845 1267 1898 1300 vel

1116 1331 1182 1353 non
1206 1321 1300 1353 debet
1320 1322 1402 1353 fieri.
1427 1322 1533 1355 Filius
1556 1322 1695 1355 hominis
1719 1330 1786 1355 mm
1807 1322 1898 1355 venit

1116 1377 1248 1408 animas
1269 1375 1415 1416 perdere,
1435 1376 1493 1409 sed
1516 1376 1655 1415 salvare,
1676 1375 1721 1408 ait
1744 1375 1813 1417 ipse
1831 1375 1898 1409 Sal-

1116 1432 1209 1461 vator
1223 1430 1243 1462 ⁸.

1160 1484 1198 1515 Ut
1213 1487 1322 1516 autem
1337 1493 1435 1526 super
1451 1484 1503 1516 his
1518 1484 1657 1525 apertior
1674 1485 1780 1525 pateat
1794 1484 1895 1524 ratio,

1116 1538 1195 1578 quid
1219 1538 1341 1577 Ordini,
1362 1539 1415 1571 vel
1438 1547 1580 1579 egresso,
1604 1538 1786 1570 faciendum
1807 1537 1896 1570 sitin

1116 1591 1195 1630 istis,
1205 1594 1280 1624 nota
1292 1603 1299 1622 ι
1313 1592 1391 1624 Cum
1399 1592 1515 1633 aliquis
1525 1592 1708 1632 ingressum
1720 1590 1897 1632 petitistius

1117 1646 1254 1684 Ordinis,
1271 1647 1297 1677 si
1316 1646 1480 1686 recipitur,
1497 1646 1532 1676 fit
1552 1645 1583 1677 ei
1598 1654 1720 1685 magna
1733 1645 1848 1685 gratia,
1865 1647 1896 1676 et

1116 1700 1296 1740 multipleX,
1312 1702 1343 1731 et
1357 1700 1396 1731 de
1418 1699 1588 1739 naufragio
1611 1698 1730 1739 peccati
1748 1698 1894 1739 eripitur,

1115 1755 1145 1783 et
1160 1754 1298 1784 sociatur
1313 1753 1441 1784 illorum
1456 1753 1592 1792 collegio
1606 1753 1662 1792 qui
1681 1751 1847 1784 ambulant
1861 1751 1896 1783 in

1116 1807 1169 1837 via
1181 1806 1248 1846 Dei,
1265 1806 1319 1838 tali
1335 1806 1528 1844 conditione,
1547 1808 1582 1837 ut
1597 1808 1628 1837 et
1644 1806 1711 1846 ipse
1727 1805 1895 1845 gradiatur

1116 1861 1149 1891 in
1164 1861 1273 1892 eadem
1291 1861 1352 1899 via,
1368 1870 1442 1892 cum
1455 1861 1501 1892 eis
1516 1860 1674 1892 servando
1685 1859 1749 1898 illa,
1765 1862 1895 1900 propter

1115 1925 1188 1956 qnae
1203 1915 1286 1947 Ordo
1306 1918 1352 1946 est
1368 1915 1544 1945 institutus.
1569 1913 1729 1951 Quamdiu
1748 1922 1829 1953 ergo
1849 1914 1895 1945 sic

1116 1971 1279 2010 graditur,
1303 1972 1471 2011 postquam
1495 1969 1533 2000 ad
1557 1968 1786 2009 professionem
1809 1977 1895 1999 rece-

1115 2027 1186 2064 ptus
1205 2027 1263 2062 est,
1281 2033 1346 2055 non
1356 2026 1457 2064 potest
1475 2031 1551 2054 eum
1560 2022 1644 2053 Ordo
1657 2021 1806 2061 abjicere,
1818 2021 1894 2061 qnia

1114 2079 1194 2109 sicut
1215 2079 1280 2119 ipse
1299 2079 1368 2118 jam
1393 2077 1514 2117 ligatus
1532 2078 1579 2108 est
1600 2076 1721 2114 Ordini‚
1748 2075 1803 2114 ita,
1825 2077 1856 2106 et
1875 2084 1893 2106 e

1113 2142 1278 2170 converso,
1306 2135 1342 2164 ut
1363 2135 1514 2163 neutrum
1536 2131 1628 2162 liceat
1642 2131 1781 2162 alterum
1793 2130 1892 2162 relin-

1112 2197 1210 2227 quere
1226 2187 1291 2218 ullo
1308 2187 1413 2219 modo.
1439 2187 1473 2218 Si
1493 2189 1603 2218 autem
1624 2187 1719 2217 frater
1737 2185 1830 2217 aliter
1842 2185 1891 2216 vi-

1112 2241 1170 2278 vit,
1180 2251 1278 2281 qnam
1287 2241 1360 2272 licet
1371 2241 1403 2271 in
1413 2240 1542 2278 Ordine,
1555 2240 1711 2280 etsaepius
1718 2241 1889 2277 correctus,

1111 2305 1144 2326 se
1173 2305 1236 2327 non
1257 2296 1451 2327 sufficienter
1474 2295 1669 2332 correxerit,
1695 2295 1721 2325 si
1745 2302 1892 2326 excessus

1110 2350 1254 2381 occultus
1268 2350 1319 2383 sit,
1336 2349 1503 2386 toleretur,
1519 2352 1551 2381 ct
1570 2358 1645 2380 cum
1664 2348 1800 2387 cautela,
1816 2356 1892 2388 pro-

1111 2407 1180 2444 pter
1194 2403 1391 2441 scandalum,
1409 2412 1450 2434 ne
1464 2403 1491 2433 si
1509 2403 1714 2443 abjiceretur,
1731 2410 1806 2433 cuni
1820 2402 1891 2440 ejiis

1111 2458 1204 2498 culpa
1218 2467 1284 2489 non
1298 2459 1414 2497 pateat,
1433 2456 1594 2487 videretur
1610 2456 1729 2495 injuste
1743 2455 1887 2496 punitus,

1110 2516 1166 2543 aut
1191 2514 1354 2552 peccatum
1383 2511 1501 2550 inJuste
1529 2510 1770 2550 propalaretur,
1799 2509 1888 2549 quod

1110 2571 1285 2608 utrumque
1296 2567 1442 2598 illicitum
1456 2566 1592 2598 videtur.
1605 2566 1725 2597 sivero
1739 2573 1889 2596 excessus

1109 2624 1179 2663 ejus
1195 2631 1314 2662 graves
1327 2620 1446 2652 fuerint
1459 2623 1491 2651 et
1506 2620 1633 2658 notorii,
1649 2618 1735 2659 quod
1746 2619 1802 2650 alii
1817 2619 1844 2659 ej
1851 2628 1889 2650 us

1109 2674 1256 2714 exemplo
1279 2673 1399 2714 possint
1421 2672 1518 2709 infici,
1542 2672 1567 2702 si
1590 2671 1765 2702 retineatur
1777 2671 1811 2702 in
1828 2670 1886 2702 Or-
