2029 3052
629 223 912 258 RESPONSIONIS
935 222 1108 262 QUARTAE
1130 224 1259 258 CAPUT
1282 227 1321 259 Il.

165 292 250 324 hona
272 293 454 334 frequenter
474 291 509 323 in
532 291 617 323 maia
640 293 842 332 convertunt,
867 293 899 324 et
914 292 948 322 in

166 347 274 379 electis
285 346 443 378 maculam
456 347 591 387 ponunt.
603 345 725 377 Verum
740 348 788 378 est
799 346 930 387 quidem
938 370 946 384 ,

166 401 252 442 quod
271 403 399 442 propter
420 400 573 432 humanae
596 399 792 431 infirmitatis
813 409 948 440 corrup-

166 455 273 494 telam,
297 455 353 486 vix
375 453 507 494 reperiri
532 455 634 494 potest
661 453 767 494 aliqua
792 463 947 494 persona,

167 509 218 540 vel
240 509 359 546 status,
381 508 422 539 ab
443 508 532 539 omni
551 507 677 539 macula
692 507 950 548 reprehensionis

167 561 340 599 immunis3
360 562 415 592 sed
430 563 461 593 et
481 570 539 592 nos
555 561 710 592 veraciter
733 561 869 592 inficiari
885 570 951 593 non

167 625 351 657 possumus,
369 616 449 657 quin
470 616 554 647 inter
579 616 780 656 perfectionis
804 625 951 656 cvange-

167 670 236 702 licae
260 670 452 711 professores
467 670 610 711 perversi
625 669 687 700 sint
704 669 812 710 aliqui,
839 672 871 701 et
895 670 952 701 im-

169 725 297 766 perfecti
312 724 556 765 quamplurimi.
576 724 609 755 si
629 724 733 764 igitur
748 724 792 763 is,
816 724 867 755 cui
883 733 950 755 res-

169 778 370 819 pondemus,
400 777 606 809 insolentium
630 777 710 809 vitia
737 778 950 817 reprehende-

168 835 232 871 ret,
249 831 409 872 praeconia
430 831 563 862 laudum
583 833 746 871 reportare
762 831 910 870 deberet;
927 833 953 862 si

169 886 265 918 etiam
277 885 471 925 generaliter
481 885 514 916 in
530 894 681 925 personas
693 885 861 916 maledicta
879 894 954 916 con-

170 939 308 978 gereret,
324 937 448 969 deceret
460 936 663 976 evangelicos
677 936 763 967 viros
778 936 826 967 ori
840 945 899 967 suo
915 937 954 967 si-

169 992 304 1023 lentium
315 992 492 1032 imponere,
505 991 685 1032 praesertim
697 991 723 1021 si
738 991 848 1022 divino
862 992 954 1022 motu

169 1046 202 1077 id
223 1047 344 1086 ageret,
370 1048 401 1077 et
427 1055 484 1086 per
505 1045 692 1086 patientiam
721 1045 954 1077 dissimulando

170 1100 323 1138 convitia,
341 1109 399 1140 pro
417 1099 625 1131 maledicente
640 1108 768 1138 rogare.
789 1099 881 1130 Nunc
895 1109 953 1131 au-

168 1155 246 1192 tem,
264 1154 339 1194 quia
355 1154 389 1184 in
416 1156 513 1185 totam
535 1153 650 1185 Christi
673 1162 852 1194 pauperum
878 1154 953 1185 reli-

170 1208 300 1247 gionem
325 1209 558 1240 venenatorum
574 1207 778 1248 eloquiorum
794 1207 855 1238 tela
871 1216 950 1238 con-

170 1262 278 1300 vertit,
292 1271 469 1303 eorumque
482 1261 673 1302 professioni
684 1262 802 1292 erroris
813 1263 843 1292 et
854 1262 953 1293 simu-

169 1316 296 1347 lationis
312 1316 434 1347 crimen
457 1316 624 1356 impingit,
647 1325 774 1346 necesse
793 1315 955 1347 habemus

169 1370 355 1410 procacitati
370 1369 471 1410 ipsius
481 1370 639 1408 resistere,
651 1379 717 1401 non
729 1370 804 1410 quia
817 1369 955 1401 velimus

171 1423 408 1455 maledictiones
430 1432 488 1463 pro
510 1423 786 1454 maledictionibus
808 1424 952 1461 reddere,

171 1478 227 1509 sed
248 1478 324 1518 quia
342 1487 465 1509 sacram
490 1477 681 1518 religionem
704 1478 899 1509 intendimus
915 1478 955 1509 ab

171 1532 222 1572 obj
228 1532 302 1563 ectis
313 1532 501 1563 criminibus
511 1541 674 1563 excusare.
690 1532 865 1562 Assumens
875 1541 955 1571 ergo

171 1595 343 1626 personam
358 1586 516 1624 Ecclesiae,
533 1586 686 1616 adversus
701 1594 857 1625 pauperes
870 1594 954 1625 pree-

171 1639 252 1671 fatos
271 1640 451 1678 invehitur,
475 1639 564 1671 velut
584 1641 694 1670 contra
712 1639 820 1670 hostes
839 1639 953 1679 ipsius.

176 1694 296 1734 «Num,
306 1706 320 1724 1>
335 1695 440 1736 inquit
449 1696 471 1734 ²,
489 1694 654 1726 «derident
664 1694 869 1735 mejuniores
879 1696 957 1725 10111-

172 1757 261 1790 pore,
279 1758 420 1789 quorum
435 1757 501 1779 non
525 1748 685 1787 dignabar
706 1750 813 1788 patres
836 1757 956 1788 ponere

173 1812 247 1834 cum
264 1803 396 1833 canibus
411 1802 523 1842 gregis
536 1802 621 1832 mei?
637 1813 651 1830 n
668 1803 775 1842 aperte
786 1802 955 1833 insinuans

173 1866 230 1897 per
245 1856 304 1887 hoc
318 1856 498 1895 religi0505‚
517 1857 627 1886 contra
639 1864 721 1895 quos
736 1855 888 1895 loquitur,
902 1856 956 1886 ob-

170 1910 350 1950 jurgandos
364 1913 400 1941 ut
413 1909 561 1941 Ecclesiae
575 1909 733 1947 inimicos,
753 1911 784 1939 et
801 1909 956 1940 adversus

174 1964 348 1995 Ecclesiam
367 1964 585 2003 insurgentes,
610 1962 777 2003 ipsamque
792 1964 828 1993 ut
844 1963 955 1994 irriso-

173 2028 224 2049 res
253 2019 406 2050 habentes
427 2018 645 2057 contemptui,
669 2026 743 2047 cum
771 2018 890 2054 tamen,
921 2018 956 2047 ut

175 2073 249 2104 dicit
272 2073 338 2104 vita
363 2073 447 2113 ipsa,
476 2073 632 2112 putentur
656 2071 803 2110 indigni,
833 2071 954 2101 steriles

175 2129 315 2166 egestate
329 2136 365 2158 ac
380 2128 475 2165 same,
494 2129 524 2157 et
534 2126 569 2156 in
584 2129 669 2156 terra
682 2125 808 2165 penitus
820 2134 886 2156 non
903 2135 955 2165 pa-

174 2183 291 2212 rentes.
315 2181 404 2218 Quod
419 2180 550 2220 quidem
573 2179 654 2210 nihil
669 2179 754 2210 atiud
773 2181 837 2217 est,
855 2189 954 2219 quam

174 2237 297 2274 patrem
313 2243 408 2265 suum
422 2233 536 2265 Christi
549 2233 720 2271 Vicarium,
738 2243 753 2263 a
772 2242 836 2273 quo
852 2235 955 2264 status

174 2288 361 2328 hujusmodi
375 2288 567 2328 approbatus
579 2289 636 2326 est,
653 2287 879 2318 subsannando
894 2287 954 2318 de-

175 2342 315 2382 spicere,
346 2344 377 2372 01
405 2343 533 2382 partum
556 2350 655 2372 sacrae
683 2340 791 2371 Matris
822 2340 955 2381 Sponsae

175 2395 291 2426 Christi
306 2395 452 2426 Ecclesiae
467 2395 608 2426 irridere.
627 2394 665 2425 Et
680 2394 751 2425 ideo
762 2418 771 2432 ,
787 2395 881 2433 juxta
894 2394 952 2425 Sa-

175 2449 312 2480 lomonis
338 2449 529 2480 sententiam
558 2449 580 2487 ²,
605 2448 704 2488 ipsius
732 2449 778 2478 est
803 2448 914 2478 oculus
937 2458 956 2479 a

177 2504 281 2535 corvis
296 2506 327 2535 et
346 2503 473 2544 aquilis,
494 2502 639 2534 veritatis
655 2501 771 2532 scilicet
786 2502 954 2533 aemulato-

176 2557 279 2596 ribus,
295 2559 468 2595 eruendus,
482 2566 518 2588 ac
535 2566 590 2596 per
603 2556 662 2587 hoc
674 2555 830 2586 veraciter
845 2558 957 2586 contra

177 2612 265 2643 hunc
286 2615 318 2644 et
338 2613 508 2653 complices
531 2613 613 2652 ejuS,
635 2619 796 2642 novorum
817 2610 954 2650 dogma-

209 2694 217 2710 ¹
231 2694 316 2718 Verba
325 2696 383 2718 sunt
398 2696 511 2718 mutuata
520 2701 551 2718 cx
559 2693 624 2718 libro
636 2692 689 2722 lob,
701 2698 762 2722 111,
777 2694 798 2716 1.
812 2692 860 2709 -’ῑ’
870 2693 954 2724 Pron„

179 2735 241 2760 xxx,
256 2730 293 2754 Π.
312 2743 340 2748 -—
356 2731 364 2745 ³
382 2731 402 2754 11
424 2731 493 2760 Cor„
508 2736 545 2761 xi,
565 2733 585 2760 1,
601 2732 624 2753 2.
641 2742 670 2747 -—
688 2729 720 2760 (a)
736 2729 792 2759 Lag.
810 2727 924 2752 feriatur.

1724 234 1784 264 499

1005 293 1074 323 tum
1100 293 1302 334 inventores,
1331 295 1436 328 dicere
1466 298 1567 337 potest
1595 297 1782 332 Ecclesia¹:

1005 346 1097 378 Nunc
1113 347 1264 382 derident
1286 358 1334 382 me
1348 350 1499 390 juniores
1516 354 1661 391 tempore,
1683 356 1720 384 ut
1740 355 1786 384 sic

1005 399 1069 431 ictu
1094 402 1223 442 proprio
1247 403 1379 445 iniquus
1402 405 1512 436 oculus
1535 409 1682 445 ornatui-3
1707 408 1785 439 dum

1007 455 1124 493 sagitta
1139 456 1233 488 ferire
1244 458 1368 497 nititur,
1380 459 1448 499 ipse
1463 459 1576 491 seritur
1592 462 1649 500 (a).
1667 461 1787 494 Debitio

1007 508 1110 539 zelum
1121 512 1152 541 et
1165 511 1301 542 verbum
1317 514 1526 552 apostolicum
1541 515 1601 545 sibi
1613 525 1786 556 umrpms,

1007 571 1080 594 cum
1098 565 1203 595 tamen
1215 566 1393 605 apostolicae
1404 568 1605 608 perfectionis
1616 569 1789 610 impugna-

1007 618 1057 648 tor
1080 618 1186 657 magis
1206 619 1245 649 sit
1267 629 1365 659 quam
1386 621 1538 660 imitator,
1559 623 1790 664 subsequenter

1008 671 1170 702 annectit:
1195 683 1210 701 «
1233 672 1362 705 Utinam
1385 676 1592 709 sustineretis
1615 686 1662 709 me
1684 678 1790 711 moelc-

1008 733 1104 756 cum:
1123 726 1254 759 oemulor
1271 728 1356 759 enim
1381 736 1436 760 vos
1462 730 1519 762 Dez‘
1539 731 1742 764 (emulatione
1766 735 1787 764 ⁸.

1010 778 1089 816 Quid
1120 789 1177 811 vos
1208 790 1276 821 prae
1304 783 1427 813 caeteris
1449 784 1577 823 jactatis
1605 786 1643 817 de
1668 788 1790 827 persec-

1009 832 1120 864 tione?
1137 845 1152 863 »
1168 833 1244 866 Haec
1266 836 1365 867 verba
1389 837 1499 877 ipsius.
1523 837 1559 869 In
1574 840 1692 879 quibus
1715 850 1791 881 apo-

1010 887 1128 918 stolicae
1139 888 1331 921 humilitatis
1342 891 1470 930 oblitus,
1482 892 1563 923 illud
1574 893 1692 925 omittit
1705 895 1790 934 quod

1010 941 1173 980 potissime
1190 944 1292 982 potuit
1304 944 1419 985 dicere,
1436 946 1597 979 modicum
1613 948 1695 988 quid
1711 950 1793 981 insi-

1009 995 1143 1033 mantice
1153 1000 1265 1036 7ηο(εῆ
1285 998 1428 1040 dumque
1443 1009 1508 1031 non
1524 1001 1721 1042 insipIenter,
1738 1003 1792 1034 sed

1011 1050 1170 1089 sapienter
1185 1050 1273 1091 loqui
1289 1061 1322 1083 sc
1337 1055 1475 1093 reputat,
1489 1055 1577 1094 justo
1598 1055 1653 1086 Dei
1669 1057 1792 1096 judicio

1011 1103 1127 1135 stultus
1151 1105 1292 1145 effectus,
1309 1107 1342 1137 in
1360 1107 1477 1139 multas
1503 1111 1534 1140 et
1555 1119 1692 1150 magnas
1714 1121 1792 1151 pro-

1011 1159 1134 1198 rumpit
1146 1159 1294 1190 insanias.
1306 1160 1420 1192 Omnia
1428 1163 1596 1203 enimsere,
1606 1174 1678 1205 quae
1686 1166 1793 1197 subse-

1011 1214 1149 1251 quenter
1159 1213 1287 1253 allegat,
1300 1223 1365 1245 non
1375 1215 1479 1246 solum
1495 1217 1723 1258 insipientiam,
1737 1220 1793 1251 sed

1011 1265 1043 1294 et
1065 1265 1244 1304 nequitiam
1264 1269 1389 1298 sonant.
1410 1267 1620 1309 Nequaquam
1641 1271 1740 1310 enim,
1758 1274 1794 1303 ut

1010 1317 1097 1356 dicit,
1115 1327 1173 1349 nos
1196 1328 1263 1359 prae
1284 1321 1407 1351 caeteris
1427 1322 1465 1353 de
1487 1324 1678 1362 perfectione
1692 1327 1792 1365 jacta-

1012 1381 1095 1410 mus,
1120 1381 1308 1413 quanquam
1330 1377 1527 1416 paupertatis
1547 1378 1767 1411 celsitudinem
1782 1403 1792 1418 ,

1012 1427 1165 1466 tanquam
1190 1437 1277 1459 verae
1302 1429 1487 1468 perfectioni
1511 1441 1684 1463 consonam
1710 1443 1794 1464 com-

1012 1480 1211 1512 mendemus.
1235 1481 1315 1512 Nam
1339 1483 1420 1514 sicut
1443 1486 1598 1516 veraciter
1622 1488 1794 1526 praefertur

1012 1534 1183 1573 virginitas
1197 1535 1327 1567 cuilibet
1342 1538 1457 1576 gradui
1479 1539 1652 1579 pudicitiae,
1670 1551 1728 1573 nec
1744 1545 1792 1573 ta-

1013 1597 1086 1618 men
1101 1598 1141 1619 ex
1156 1589 1216 1620 hoc
1231 1590 1388 1630 sequitur,
1406 1593 1491 1632 quod
1512 1595 1612 1625 status
1627 1604 1791 1627 sacrarum

1012 1641 1182 1680 virginum
1202 1644 1389 1683 praeferatur
1409 1646 1506 1677 statui
1523 1648 1727 1686 praelatorum
1743 1650 1793 1681 vel

1012 1695 1157 1727 virorum
1178 1699 1407 1737 quorumlibet,
1426 1700 1481 1740 qui
1501 1701 1541 1731 ad
1561 1701 1645 1732 hanc
1662 1703 1794 1736 minime

1011 1750 1236 1790 stringuntur,
1253 1752 1298 1782 sic
1313 1755 1343 1783 01
1361 1753 1444 1784 circa
1461 1754 1655 1787 differentias
1673 1759 1703 1788 et
1717 1767 1792 1797 gra-

1011 1803 1070 1834 dus
1087 1805 1282 1844 paupertatis
1306 1809 1430 1846 oportet
1456 1807 1606 1848 intelligi.
1625 1810 1713 1841 Unde
1736 1822 1793 1843 nec

1011 1857 1063 1888 ille
1078 1858 1132 1896 ait,
1150 1861 1185 1888 111
1198 1859 1322 1896 asserit,
1339 1861 1426 1900 quod
1438 1861 1490 1891 hic
1501 1864 1602 1893 status
1613 1873 1793 1905 pauperum

1011 1911 1051 1941 sit
1070 1911 1237 1951 perfectior
1257 1913 1338 1950 aliis,
1355 1914 1411 1954 qui
1427 1915 1485 1945 sibi
1501 1915 1621 1956 aliquid
1643 1919 1791 1958 retinent,

1010 1964 1072 1995 nisi
1087 1974 1160 1995 cum
1174 1965 1233 1996 hac
1246 1967 1437 2006 conditione,
1451 1970 1583 2009 paribus
1600 1972 1790 2004 conditioni-

1010 2018 1072 2049 bus
1087 2019 1156 2049 aliis
1166 2019 1205 2050 ad
1221 2021 1447 2060 perfectionem
1462 2024 1638 2064 requisitis;
1655 2026 1708 2057 sed
1724 2028 1792 2058 nul-

1010 2073 1060 2104 lus
1082 2077 1129 2105 est
1153 2075 1285 2106 omnino
1311 2077 1424 2114 status,
1450 2077 1485 2107 in
1508 2088 1572 2118 quo
1595 2080 1792 2112 conditiones

1010 2137 1122 2158 omnes
1144 2137 1218 2159 cum
1239 2130 1323 2159 statu
1337 2130 1469 2169 praefato
1483 2141 1540 2171 per
1555 2133 1665 2164 onmia
1680 2135 1792 2174 pariti-

1010 2184 1132 2213 centur.
1149 2182 1217 2213 Non
1233 2192 1312 2222 ergo
1329 2186 1430 2223 potest
1444 2194 1484 2215 ex
1501 2185 1562 2217 hoc
1581 2188 1689 2227 argui,
1706 2189 1791 2228 quod

1010 2237 1160 2267 omnibus
1184 2237 1328 2275 statibus,
1356 2238 1407 2268 vel
1421 2238 1515 2270 alicui
1530 2241 1689 2280 omnium,
1707 2252 1790 2282 prce-

1010 2290 1090 2320 ferat
1104 2292 1222 2320 statum
1245 2300 1352 2321 suum.
1369 2291 1497 2331 Magnae
1518 2303 1597 2333 ergo
1619 2296 1678 2326 fuit
1699 2297 1789 2326 mali-

1012 2340 1154 2378 gnitatis,
1167 2340 1332 2371 occasione
1348 2341 1445 2372 unius
1460 2345 1617 2374 sermonis
1630 2346 1750 2376 veracis
1761 2348 1792 2376 et

1010 2393 1154 2430 humilis,
1182 2393 1301 2425 librum
1325 2394 1457 2434 plenum
1487 2397 1733 2438 invectionibus,
1762 2404 1792 2430 et

1010 2448 1286 2479 criminationibus
1311 2449 1396 2480 falsis
1424 2460 1615 2491 componere
1636 2454 1791 2485 adversus

1010 2505 1113 2534 totum
1142 2503 1288 2534 ordinem
1319 2513 1518 2544 pauperum,
1549 2509 1641 2547 quasi
1674 2519 1789 2549 parum

1010 2558 1148 2597 superbo
1163 2557 1373 2588 visumfuertt
1387 2558 1420 2588 in
1436 2568 1536 2590 unum
1550 2561 1788 2594 Mardochaeum
1818 2570 1821 2572 '

1011 2612 1137 2642 mittere
1160 2611 1285 2651 linguae
1313 2621 1457 2643 manum.
1487 2612 1620 2653 Propter
1648 2617 1733 2656 quoti
1760 2621 1791 2648 et

1010 2666 1219 2697 detractiones
1247 2666 1281 2696 in
1302 2666 1408 2697 libello
1421 2668 1607 2708 conscriptae
1626 2672 1791 2702 manifete

1011 2721 1170 2752 declarant
1180 2723 1343 2752 auctorem
1354 2730 1418 2752 non
1430 2723 1623 2756 aemulatone
1632 2726 1686 2756 Dei
1695 2727 1790 2758 tuisse
