2029 3052
249 211 310 243 heo
827 206 909 240 Apo
915 204 1041 238 LOGIAE
1062 204 1282 238 PAUPERUM

245 285 369 320 porcos,
384 286 452 309 non
465 276 671 308 innotescunt
684 275 885 308 amatoribus
898 274 1026 307 divitia-

248 342 336 373 rum,
353 332 407 365 sed
423 333 641 373 paupertatem
660 330 842 362 amantibus
863 330 895 361 et
912 337 1028 369 exper-

247 388 289 419 tis
307 386 364 428 qui
384 387 453 427 jam
476 386 623 417 vicerunt
639 383 818 422 mundum,
832 385 927 424 Juxta
946 382 1027 414 illud

248 439 469 481 Apocalypsis¹
483 450 490 470 :
509 439 658 471 Vincenti
673 437 754 470 dabo
768 446 890 470 manna
899 437 1028 469 abscon-

248 495 365 534 dicum,
379 497 408 527 et
421 493 502 526 dabo
517 493 546 525 ei
559 492 717 525 calculum
730 491 910 525 candidum
919 516 927 529 ‚
946 495 975 525 et
990 493 1028 524 in

247 548 368 580 calculo
388 555 502 579 nomen
526 554 630 578 meum
649 546 816 586 scriptum,
834 545 920 586 quod
937 553 1027 578 nemo

248 604 319 641 scit,
335 602 405 634 nisi
419 601 478 642 qui
493 601 624 641 accipit.
643 600 716 631 Ideo
734 601 903 640 paupertas
917 600 1029 641 huJus-

247 655 334 687 modi
346 664 400 696 per
412 654 596 688 thesaurum
611 654 834 687 absconditum
843 654 1028 693 designatur

247 713 285 743 in
299 717 387 751 aare,
403 717 494 750 quem
509 709 567 749 qni
586 709 712 741 invenit
729 708 831 745 homo,
848 707 1028 746 abscondit,

247 766 279 796 ec
296 771 364 803 prce
385 762 506 804 qaudio
528 761 620 794 illius
635 761 747 800 vadit,
770 765 800 794 et
824 761 936 794 vendit
953 762 1029 793 uni-

246 824 339 849 versa
354 825 425 856 ‹121oe
438 816 541 854 habet,
562 818 591 848 et
611 817 688 849 emit
709 823 823 857 aprum
844 815 937 848 illum
954 819 976 847 ².
994 815 1027 847 Si

247 871 320 912 quis
336 871 436 911 igitur
450 872 571 902 sanctae
584 870 778 911 paupertatis
790 869 859 901 vult
872 879 966 901 nosse
976 879 1028 901 va-

246 925 364 963 lorem,
389 926 445 956 aut
465 924 533 965 ipse
554 925 587 955 in
611 933 645 956 se
661 924 799 965 experiri
818 924 957 962 studeat,
972 926 1029 955 aut

246 981 453 1020 expertorum
462 978 627 1010 sententiae
639 978 828 1018 acquiescat,
835 979 848 1018 j
855 980 931 1008 uxta
939 977 1026 1018 quod

246 1033 429 1066 Bernardus
442 1034 475 1064 in
490 1033 622 1073 epistola
642 1041 741 1073 quam
763 1031 871 1063 scribit
887 1031 926 1063 ad
941 1031 1028 1063 Tho-

247 1096 345 1126 mam,
361 1087 417 1128 qui
432 1096 541 1118 amore
555 1087 697 1118 scientiae
713 1085 895 1117 retardabat
912 1094 1027 1125 propo-

245 1142 342 1173 situm
353 1141 502 1173 veniendi
517 1141 556 1172 ad
573 1140 772 1180 religionem,
789 1139 834 1170 ait
849 1141 859 1158 ³
873 1150 878 1170 :
899 1150 913 1168 (ι
924 1138 1026 1176 Quam

245 1195 407 1227 salubrius
419 1195 554 1226 disceres
571 1194 733 1226 Christum
747 1193 870 1231 Jesum‚
889 1195 919 1223 et
936 1193 1023 1225 hunc

245 1249 433 1281 crucifixum
447 1273 456 1288 ,
486 1258 583 1289 quam
616 1248 726 1289 utIque
751 1247 914 1278 seientiam
940 1247 1026 1278 haud

245 1303 346 1341 facile,
363 1303 424 1334 nisi
445 1302 500 1343 qui
515 1303 635 1334 inundo
654 1302 827 1333 crucifixus
842 1301 950 1340 suerit,
968 1311 1025 1342 ap-

244 1357 422 1398 prehendit.
444 1357 591 1394 Falleris,
609 1356 654 1387 fili
668 1381 675 1393 ,
694 1356 821 1394 falleris,
845 1355 871 1385 si
888 1357 917 1386 te
933 1358 1026 1395 putas

246 1413 390 1444 invenire
403 1412 488 1452 apud
504 1411 617 1443 mundi
640 1411 828 1450 magistros,
847 1420 944 1450 quam
968 1410 1025 1441 soli

245 1466 359 1497 Christi
381 1466 548 1506 discipuli,
571 1465 601 1496 id
619 1468 666 1496 est
690 1464 800 1495 mundi
824 1466 1023 1504 contempto-

245 1529 308 1558 res,
323 1519 372 1551 Dei
384 1528 517 1550 munere
529 1521 753 1559 assequuntur.
765 1516 827 1548 Nec
840 1517 926 1547 enim
943 1517 1026 1547 hane

244 1574 337 1605 lectio
357 1574 463 1612 docet,
481 1573 534 1604 sed
557 1573 687 1611 uuctio3
713 1581 778 1602 non
799 1571 945 1608 eruditio,
972 1570 1026 1601 sed

245 1628 430 1659 exercitatio
446 1627 477 1658 in
491 1626 649 1658 mandatis
673 1626 834 1657 Domini.»
856 1625 911 1655 [lis
928 1625 1025 1656 sacris

246 1683 379 1723 eloquiis
398 1682 644 1722 Chrys-oswinus
665 1681 817 1711 consonat
833 1687 929 1718 super
946 1679 1028 1711 Mal-

247 1738 374 1774 llioeum,
385 1737 429 1767 sic
438 1736 545 1766 dicens
555 1738 583 1766 δε
599 1734 849 1766 «Verumtamen
864 1742 1028 1773 quaecuiu-

247 1801 308 1832 que
335 1791 446 1822 dixero
457 1814 466 1828 ,
483 1789 565 1820 nihil
580 1787 820 1828 repraesentaliit
835 1787 894 1817 tale
910 1795 1024 1824 serino,

246 1845 340 1885 quale
356 1853 465 1875 rerum
475 1843 688 1883 experientia;
706 1841 775 1871 ideo
786 1841 901 1872 vellem
917 1850 1029 1880 qnem-

246 1900 318 1930 dam
347 1899 476 1930 illorum
491 1922 498 1935 ‚
515 1898 571 1938 qui
589 1898 620 1928 in
636 1897 727 1927 illum
743 1897 811 1935 jain
829 1895 1030 1927 devenerunt

247 1953 457 1994 philosophia}
473 1952 640 1989 verticem,
658 1951 750 1981 nohis
768 1950 892 1988 adesso,
910 1952 939 1980 et
953 1952 1029 1980 tunc

250 2006 415 2037 manifeste
442 2006 626 2036 videremus
653 2005 751 2044 hujus
779 2004 824 2034 rei
847 2004 1027 2034 delectatio-

248 2070 322 2092 nem
335 2085 343 2099 ,
361 2062 391 2091 et
413 2060 550 2100 qualiter
571 2059 650 2089 nulli
673 2067 785 2089 eorum
797 2083 804 2096 ,
820 2058 875 2097 qui
891 2058 1031 2096 diligunt

251 2115 484 2153 paupertatem,
501 2114 697 2152 acceptarent
716 2111 809 2141 «litari
829 2111 937 2142 deceni
956 2111 1026 2141 mil-

250 2167 334 2197 libus
351 2166 547 2206 prwhendis,
565 2168 739 2206 ¹5tanquam
754 2165 810 2205 qui
832 2174 895 2195 nou
912 2165 1029 2195 lanien-

252 2222 361 2251 tantur
385 2220 424 2259 (α)
450 2220 482 2250 in
505 2219 786 2256 sollicitudinibus
802 2218 854 2249 sed
872 2218 985 2257 rident,
1000 2221 1030 2249 et

252 2274 380 2312 saltant,
403 2276 432 2304 et
458 2274 507 2303 liis
530 2273 583 2313 qui
611 2273 754 2303 diadema
777 2272 836 2302 sibi
856 2272 1031 2312 circumpo-

253 2330 345 2366 nunt,
370 2327 474 2366 magis
497 2327 528 2357 in
550 2329 734 2367 paupertate
749 2327 950 2357 decorantur.
967 2338 981 2354 »
998 2327 1030 2357 Si

253 2382 356 2421 igitur
368 2382 437 2412 haee
448 2390 556 2412 rerum
567 2381 764 2420 experientia
775 2381 911 2417 docebat
920 2380 974 2420 qui
987 2380 1031 2411 di-

255 2436 350 2466 vitias
365 2438 394 2466 et
406 2436 545 2466 honores
562 2434 669 2465 saeculi
689 2434 958 2474 complectuntur‚
973 2443 1031 2464 nec

254 2489 374 2529 experti
385 2491 472 2526 sunt,
486 2498 543 2519 nec
553 2488 690 2527 experiri
702 2488 824 2523 volunt,
841 2497 965 2518 necesse.
976 2488 1030 2518 ha-

253 2542 400 2581 bent‚qui
409 2542 564 2581 ejusmodi
577 2544 661 2579 sunt,
673 2551 769 2581 super
778 2542 836 2572 hac
846 2541 978 2572 materia
987 2541 1031 2571 in-

285 2604 391 2634 ¹A110c„
407 2610 438 2632 ii,
456 2606 490 2627 Π.
509 2618 538 2621 -—
559 2605 566 2618 ²
585 2604 685 2629 Marta.
706 2610 763 2633 xxii,
783 2606 817 2627 ll.
833 2617 862 2621 ——
878 2604 984 2632 ³no1n„
999 2604 1033 2627 wl

256 2638 349 2669 Tlmm„
378 2640 449 2670 epist.
477 2646 555 2670 stx'ill,
581 2642 603 2663 ζ’.
627 2653 657 2657 -
683 2641 690 2653 ⁴
717 2640 856 2670 Clurysost„
882 2641 906 2663 in
929 2640 1030 2664 Mami„

253 2674 322 2697 hom.
348 2681 458 2704 xxxviii,
481 2675 512 2699 at.
535 2682 632 2706 xxmx,
654 2682 678 2699 n.
700 2678 722 2698 3.
748 2688 771 2691 -
793 2676 802 2691 ⁶
824 2676 896 2705 thid„
916 2683 940 2699 n.
963 2678 984 2699 s».
1002 2689 1028 2692 —<

255 2712 263 2722 ‘'
278 2710 395 2742 theron„
415 2711 448 2734 acl
466 2711 630 2741 nemen-iad„
650 2711 722 2743 epist.
746 2717 807 2741 illi,
823 2711 870 2735 col.
892 2719 926 2736 in.
944 2713 981 2736 ⁴16.
1001 2724 1029 2729 -—

1082 273 1186 306 dicere
1195 273 1256 305 sibi
1270 274 1446 314 silentium,
1457 284 1500 307 ne
1508 277 1666 317 tanquam
1678 277 1755 309 caeei
1763 278 1804 310 de
1813 288 1863 312 co-

1081 327 1203 360 loribus
1208 329 1400 370 syllogizare
1410 329 1592 362 videantur.
1603 330 1730 363 Talium
1743 333 1862 366 etenim

1081 382 1294 413 temeritatem
1313 382 1546 424 Hieronymus,
1569 384 1610 415 ad
1629 384 1862 419 Demetriadem

1082 435 1236 474 scribens,
1245 436 1414 476 redarguit
1425 446 1433 468 ε
1445 449 1460 468 (ι
1471 437 1618 477 Quidam,
1633 438 1740 480 inquit
1749 439 1771 479 ⁸,
1787 449 1862 472 cum

1081 489 1171 529 loqui
1186 489 1343 529 nesciant,
1360 493 1462 522 tacere
1483 501 1550 523 non
1568 494 1714 532 possunt,
1730 493 1861 525 docent-

1081 551 1146 583 que
1161 543 1333 583 scripturas
1349 553 1428 584 quas
1447 553 1512 576 non
1527 545 1724 585 intelligunt,
1743 549 1861 579 etcum

1082 595 1152 627 aliis
1166 597 1393 637 persuaserint,
1409 598 1612 630 eruditorum
1620 599 1680 631 sihi
1693 603 1862 639 assumunt

1083 651 1308 691 supercilium,
1333 652 1424 692 prius
1446 653 1674 693 imperitorum
1697 655 1858 695 magistri,

1083 715 1180 746 quam
1202 706 1368 738 doctorum
1388 707 1544 748 discipuli.
1568 708 1694 740 Bonum
1711 712 1758 741 est
1772 710 1860 742 enim

1082 759 1211 790 obedire
1235 760 1430 801 maioribus,
1451 763 1481 792 et
1504 771 1615 802 parere
1641 763 1805 803 perfectis,
1831 765 1863 795 et

1082 816 1154 854 post
1175 814 1307 853 regulas
1330 815 1562 855 scripturarum
1576 840 1585 855 ,
1603 816 1678 848 vitae
1702 825 1770 848 suae
1795 819 1860 849 tra-

1084 867 1193 898 mitem
1213 868 1253 898 ab
1278 868 1347 899 aliis
1369 868 1500 908 discere,
1525 879 1583 900 nec
1606 873 1800 911 praeceptore
1815 871 1862 902 uti

1083 922 1239 963 pessimo,
1262 924 1512 964 praesumptione
1537 933 1607 955 sua.
1623 935 1638 953 »
1654 924 1720 956 Hoc
1740 935 1860 966 praece-

1082 979 1172 1017 ptore
1186 976 1323 1016 pessimo
1344 977 1370 1007 si
1386 977 1413 1008 is
1423 1001 1431 1014 ‚
1447 977 1499 1008 oui
1514 978 1744 1018 respondemus
1757 1002 1766 1016 ,
1782 988 1863 1010 usus

1082 1039 1147 1062 non
1176 1032 1276 1067 esset,
1299 1039 1505 1071 nequaquam
1537 1031 1570 1061 in
1599 1031 1863 1071 suggillationem

1082 1084 1294 1125 paupertatis,
1310 1085 1621 1116 commendationem
1637 1086 1862 1126 temporalium

1083 1138 1337 1178 possessionum,
1365 1139 1511 1180 improba
1533 1139 1709 1170 temeritate
1732 1139 1865 1180 dogma-

1083 1192 1178 1222 tizare
1201 1193 1469 1233 praesumpsisset.
1490 1192 1681 1233 Quanquam
1707 1193 1794 1224 enim
1819 1194 1865 1225 in-

1083 1246 1209 1277 terdum
1230 1256 1271 1277 ex
1290 1256 1400 1277 rerum
1424 1247 1533 1287 iuopia
1555 1247 1743 1287 proveniant
1766 1247 1862 1286 mala,

1083 1303 1113 1331 et
1128 1310 1167 1331 ex
1183 1301 1346 1332 affluentia
1360 1301 1459 1339 liona;
1477 1310 1645 1342 nunquam
1656 1303 1764 1332 tamen
1778 1301 1864 1333 mala

1083 1364 1123 1385 ex
1141 1358 1326 1396 paupertate
1351 1355 1465 1386 dilecta
1488 1355 1702 1395 proveniunt,
1720 1356 1773 1387 sed
1795 1356 1865 1387 odi-

1083 1411 1113 1439 ta
1126 1420 1134 1446 ;
1153 1418 1210 1439 nec
1225 1409 1307 1440 bona
1318 1419 1359 1440 ex
1375 1409 1489 1440 amatis
1502 1409 1632 1447 divitiis,
1650 1409 1704 1440 sed
1719 1411 1864 1440 contem-

1084 1463 1156 1503 ptis,
1174 1462 1343 1494 Salomone
1354 1465 1486 1493 testante
1496 1466 1505 1482 '¹
1520 1474 1526 1494 :
1542 1463 1603 1498 Οιιὶ
1612 1466 1701 1495 antae
1711 1463 1862 1502 divicias,

1082 1517 1223 1555 fructum
1245 1525 1310 1548 non
1329 1517 1434 1557 capiet
1457 1524 1499 1548 ex
1518 1517 1576 1548 eis.
1599 1517 1726 1547 Constat
1742 1519 1861 1556 autem,

1083 1570 1167 1611 quod
1190 1570 1270 1601 si··nt
1294 1570 1364 1601 laus
1379 1571 1515 1609 alicujus
1530 1570 1576 1601 rei
1592 1570 1707 1601 excitat
1721 1570 1759 1601 ad
1779 1570 1865 1601 illius

1083 1633 1237 1662 amorem,
1260 1624 1304 1654 sic
1317 1626 1349 1654 et
1366 1624 1561 1664 vituperium
1576 1623 1614 1654 ad
1632 1626 1862 1663 contemptum.

1084 1678 1160 1709 Cuni
1184 1679 1285 1717 igitur
1303 1681 1508 1709 contemnere
1533 1678 1677 1716 divitias,
1704 1682 1734 1708 et
1755 1687 1864 1710 amare

1084 1733 1282 1772 pauperiem,
1297 1732 1338 1762 sit
1353 1731 1524 1771 extirpatio
1537 1731 1704 1769 vitiorum,
1721 1734 1751 1762 et
1767 1731 1865 1763 inser-

1084 1786 1128 1816 tio
1154 1786 1312 1817 virtutum
1335 1810 1342 1824 ‚
1371 1789 1401 1817 et
1428 1796 1446 1817 e
1469 1787 1630 1817 contrario
1662 1788 1865 1818 contemnere

1086 1841 1282 1880 pauperiem,
1307 1843 1337 1872 et
1360 1850 1468 1872 amare
1483 1841 1621 1879 divitias,
1638 1841 1677 1871 sit
1692 1841 1864 1872 eradicatio

1086 1894 1262 1932 virtutum,
1289 1897 1319 1925 et
1343 1895 1470 1925 insertio
1498 1895 1672 1933 vitiorum;
1699 1895 1865 1925 manifesta

1087 1948 1208 1978 ratione
1233 1948 1451 1986 concluditur,
1483 1948 1567 1988 qnod
1591 1948 1863 1989 quemadmodum

1086 2002 1320 2033 commendatio
1338 2003 1531 2042 paupertatis
1549 2002 1762 2042 spiritualium
1782 2011 1863 2042 pau-

1087 2065 1200 2095 pcruni
1215 2080 1221 2093 ,
1241 2058 1269 2086 et
1286 2055 1448 2086 vilificatio
1471 2055 1655 2086 divitiarum
1671 2058 1701 2086 et
1713 2056 1860 2094 divitum,

1090 2109 1241 2140 doetrinae
1264 2109 1413 2149 competit
1429 2109 1553 2146 Christi,
1571 2109 1615 2140 sic
1630 2111 1661 2139 et
1674 2109 1772 2149 hujiis
1790 2118 1861 2140 con-

1088 2164 1224 2194 trarium
1241 2172 1380 2194 asserere
1399 2163 1436 2193 ad
1457 2163 1577 2202 dogma
1597 2163 1765 2203 profanum
1789 2173 1860 2203 per-

1087 2217 1163 2247 tinet
1180 2217 1374 2247 Antichristi.
1388 2216 1475 2247 Unde
1492 2217 1717 2256 Hieronymus,
1735 2217 1779 2248 De
1794 2217 1865 2250 vita

1090 2270 1198 2302 Pauloe
1212 2273 1249 2301 ⁸:
1268 2282 1281 2299 «
1303 2270 1372 2301 Non
1398 2270 1502 2301 laudis
1526 2273 1572 2300 est
1598 2270 1756 2310 possidere
1781 2271 1863 2301 divi-

1088 2325 1158 2362 tias,
1175 2325 1227 2355 sed
1253 2334 1306 2355 eas
1330 2334 1386 2364 pro
1408 2325 1532 2355 Christo
1553 2326 1776 2363 contemnere3
1800 2333 1864 2355 non

1088 2379 1213 2409 inhiare
1235 2379 1273 2409 ad
1299 2379 1436 2409 honores
1450 2403 1459 2417 ,
1475 2378 1529 2409 sed
1551 2387 1606 2409 eos
1621 2378 1862 2418 parvipemlere.

1090 2433 1219 2472 Propter
1249 2433 1334 2472 quod
1359 2434 1389 2463 et
1412 2432 1508 2463 Paula
1533 2432 1685 2471 fugiendo
1712 2431 1860 2471 gloriam,

1089 2487 1226 2526 gloriani
1243 2486 1437 2522 merehatur,
1454 2495 1527 2525 qua}
1542 2486 1674 2516 virtutes
1689 2485 1778 2525 quasi
1797 2494 1864 2515 uin-

1088 2542 1144 2572 lira
1166 2541 1332 2580 sequitur,
1353 2543 1383 2571 et
1406 2540 1595 2580 appetitores
1619 2539 1669 2569 sui
1693 2539 1861 2577 deserens,

1090 2627 1097 2642 ⁷
1117 2626 1207 2653 Eccle„
1225 2632 1249 2655 V,
1264 2627 1286 2649 9.
1302 2639 1332 2643 -
1347 2625 1357 2641 ⁵
1374 2625 1488 2653 iiim-on„
1503 2624 1536 2647 aa!
1550 2623 1675 2653 Eusfflch„
1692 2624 1730 2654 cpi
1749 2626 1763 2648 t.
1781 2629 1862 2655 xxvii,

1088 2662 1135 2686 col.
1151 2669 1185 2685 ni.
1203 2663 1256 2692 220,
1272 2663 1325 2684 221.

1123 2715 1155 2743 (a)
1173 2712 1231 2737 Caet.
1248 2711 1306 2735 edil.
1322 2710 1534 2734 lamentabantur.
