2060 3052
660 218 711 251 DE
733 218 788 252 SS.
812 217 1040 252 APOSTOLiS.
1063 218 1195 251 SERMO
1218 219 1270 261 Vl.
1735 227 1773 256 15

428 319 555 350 SERMO
577 319 617 350 VI
632 319 653 350 ¹.

194 383 274 410 Beati
288 383 374 417 oculi,
388 384 437 418 qui
453 382 547 410 vident
562 391 621 418 quoe
637 391 682 411 vos
697 383 798 411 videtis
812 384 833 410 ².
850 383 938 410 Docet

158 429 312 458 Anselmus
323 428 354 456 in
366 428 444 457 libro
458 429 490 457 de
512 430 633 458 Veritate
649 430 670 465 ³,
696 429 779 466 quod
794 429 832 457 ad
849 428 939 456 visio-

158 484 227 504 nem
241 484 343 504 veram
362 477 490 512 quatuor
506 479 573 504 sunt
591 477 756 505 necessaria
778 486 784 504 :
806 475 936 512 primum

159 524 200 550 est
214 523 337 559 aperitio
351 523 448 558 oculi;
465 524 631 552 secundum
650 526 692 552 est
709 523 865 560 praesentia
884 523 938 551 ob-

155 569 239 605 jecti3
262 569 380 598 tertium
403 572 445 598 cst
465 571 591 599 remotio
610 571 771 606 obstaculi3
798 572 937 607 quartum

157 623 241 650 vero,
257 615 434 644 illuminatio
450 617 551 645 medii.
568 619 640 645 Nam
656 617 868 653 quodcumque
883 617 937 644 ho-

157 670 224 690 rum
240 662 375 696 desuerit,
391 663 494 691 oculus
509 663 610 692 videre
624 672 687 692 non
701 664 817 700 poterit.
832 665 869 691 Ex
891 663 937 691 his

158 711 286 745 quatuor
297 709 447 744 Dominus,
461 710 498 737 de
509 710 624 738 visione
635 710 762 747 loquens
777 710 936 746 Apostolis,

157 755 218 784 duo
233 756 317 792 ponit
331 758 430 793 aperte
446 757 476 784 in
490 756 600 790 littera,
622 757 697 785 dans
712 759 810 793 aperte
826 757 934 784 intelli-

157 810 226 838 gere
240 803 299 831 alia
314 803 374 831 duo
383 825 391 839 ,
408 812 474 840 quae
489 812 551 832 non
573 804 759 831 continentur
781 804 811 831 in
828 804 933 832 littera.

155 850 228 877 Nam
244 858 312 877 eum
327 850 367 878 eis
378 851 441 886 ipse
457 852 519 879 erat
534 859 672 887 praesens,
688 853 831 887 tanquam
847 850 935 878 visio-

155 896 201 923 nis
216 896 382 932 objectum,
401 897 472 933 quia
491 897 609 925 nullum
630 898 705 925 inter
727 906 778 925 eos
801 897 934 925 medium

155 944 227 977 erat,
242 943 295 971 secl
310 952 398 972 omne
419 946 568 972 remotum
583 944 845 981 impedimentum,
864 944 935 980 quia

154 990 220 1025 ipsa
239 998 311 1018 vera
334 990 386 1018 lux
412 991 513 1019 aderat
533 991 705 1019 illuminans
728 991 882 1025 medium,
905 994 935 1027 et

154 1037 233 1065 visus
247 1039 365 1073 apertus
378 1040 440 1067 erat
450 1046 539 1074 super
549 1039 717 1074 loquentem
730 1038 861 1074 dirigens
872 1046 933 1066 rec-

154 1085 216 1111 tum
236 1084 365 1119 radium,
381 1085 430 1112 vel
445 1085 593 1113 affectum.
617 1087 648 1113 in
667 1085 763 1113 littera
776 1094 847 1121 ergo
863 1094 933 1121 pro-

152 1130 259 1166 posita,
274 1131 335 1159 sive
353 1132 458 1166 verbo,
474 1132 535 1160 duo
557 1134 718 1168 tanguntur
733 1133 874 1167 maxime,
892 1132 933 1160 eis

152 1178 346 1213 superaddito
367 1179 501 1214 praemio.
518 1181 588 1207 Nam
604 1180 701 1215 primo
717 1180 845 1214 tangitur
860 1187 931 1214 ape—

151 1223 218 1251 ritio
238 1225 333 1260 oculi;
359 1226 491 1253 seeundo
517 1227 674 1262 preesentia
696 1226 822 1260 objecti3
847 1226 931 1253 tertio

151 1270 327 1299 excellentia
341 1272 454 1307 praemii
468 1281 475 1298 :
490 1272 530 1300 ita
545 1273 628 1309 quod
643 1273 774 1308 primum
787 1275 815 1300 et
829 1281 932 1300 secun-

152 1316 224 1344 dum
238 1318 399 1354 respiciunt
423 1321 529 1346 statum
549 1319 620 1353 viae,
637 1327 703 1355 quae
723 1319 792 1347 data
813 1322 854 1347 est
875 1320 931 1347 ho-

149 1364 223 1391 mini
234 1364 273 1392 ad
281 1365 472 1400 merendum;
482 1366 600 1393 tertium
610 1374 682 1393 vero
694 1366 812 1402 respicit
823 1368 930 1394 statum

149 1411 264 1446 patries,
285 1412 369 1447 quod
391 1412 494 1440 datum
510 1414 553 1440 est
574 1413 689 1440 homini
705 1413 743 1440 ad
759 1413 928 1441 fruendum.

149 1458 222 1485 Nota
234 1466 306 1493 ergo
319 1458 417 1494 primo
436 1459 629 1495 aperitionem
646 1461 845 1494 instrumenti,
863 1469 930 1488 cum

150 1504 258 1532 dieitur
275 1513 281 1532 :
301 1505 355 1538 Qut
370 1506 472 1533 vident.
494 1506 629 1533 Secundo
649 1508 720 1534 nota
741 1508 929 1542 praesentiam

149 1551 274 1586 objecti,
291 1559 360 1579 cum
381 1551 510 1580 dicitur:
537 1553 602 1585 Quae
627 1561 673 1580 vos
696 1554 807 1580 videtis.
836 1554 928 1582 Tertio

147 1599 219 1626 nota
242 1597 454 1626 sublimitatem
472 1599 604 1634 praemii,
630 1608 698 1627 cum
720 1600 926 1636 praemittitur:

147 1645 236 1672 Beati.
254 1644 380 1680 Dignum
393 1646 436 1672 est
450 1645 541 1680 enim,
553 1648 584 1673 ut
597 1646 648 1682 qui
660 1654 704 1680 ea,
723 1655 788 1682 quae
796 1648 929 1676 videnda

147 1694 215 1719 sunt
229 1691 258 1719 in
273 1691 323 1719 via
338 1692 387 1727 (a),
408 1692 577 1720 intueantur
589 1693 619 1720 in
636 1693 732 1728 patria
748 1694 925 1722 sublimiter.

147 1739 194 1766 Est
208 1746 278 1773 ergo
293 1738 471 1772 notandum,
486 1739 570 1774 quod
590 1747 658 1767 cum
674 1741 779 1768 sanctis
803 1744 928 1776 Aposto-

146 1784 192 1819 lis,
217 1786 323 1812 nostrae
341 1785 408 1812 vitae
429 1785 566 1820 ducibus,
583 1788 711 1821 quatuor
729 1788 859 1815 maxime
884 1788 927 1815 vi-

147 1831 216 1859 dere
233 1831 377 1859 debemus
401 1841 407 1859 z
430 1840 539 1866 unum,
562 1833 645 1868 quod
663 1835 705 1861 est
728 1842 832 1869 supra;
856 1834 928 1862 alte-

145 1886 223 1912 rum,
239 1878 322 1913 quod
342 1880 384 1905 est
406 1879 495 1913 intra;
512 1879 646 1912 tertium,
669 1880 752 1915 quod
772 1883 814 1908 est
827 1881 924 1916 juxta3

146 1926 302 1960 quartum,
328 1925 411 1960 quod
431 1927 473 1952 est
495 1925 581 1953 infra.
606 1927 678 1954 Nam
702 1927 800 1962 primo
824 1928 925 1956 videre

145 1972 290 2000 debemus
310 1981 399 2008 supra
419 1981 474 2000 nos
489 1973 652 2008 Christum,
675 1976 797 2010 propter
816 1975 924 2002 divini-

145 2020 234 2047 tatem
250 2027 334 2046 suam
353 2027 408 2046 nos
429 2019 542 2047 fortiter
566 2020 767 2055 adjuvantem.
789 2022 924 2050 Secundo

145 2065 290 2093 debemus
304 2065 380 2093 intra
394 2074 448 2093 nos
457 2066 560 2094 videre
574 2070 739 2102 peccatum,
752 2068 812 2096 sive
827 2069 924 2104 potius

145 2113 297 2140 stimulum
313 2113 419 2147 carnis,
436 2113 475 2141 ad
489 2113 603 2140 malum
625 2114 763 2142 continue
778 2115 924 2142 inclinan-

145 2161 214 2186 tem.
231 2160 337 2194 Tertio,
350 2160 434 2195 juxta
457 2168 511 2187 nos
534 2160 634 2188 videre
656 2161 800 2188 dehemus
819 2162 922 2197 proxi--

145 2214 228 2233 mum
255 2206 419 2242 aliquando
448 2207 679 2242 delinquentem.
706 2208 814 2240 Quarto
848 2208 923 2236 infru

144 2259 199 2279 nos
223 2252 324 2279 videre
352 2253 495 2281 debemus
519 2254 667 2281 mundum
695 2254 734 2281 ad
764 2257 920 2290 peccatum

145 2298 331 2326 allicientem.
348 2299 493 2327 Debemus
509 2308 580 2335 ergo
600 2301 697 2336 primo
721 2301 866 2328 Christum
882 2304 921 2329 at<

144 2345 264 2373 tendere
275 2354 330 2373 nos
340 2346 504 2380 juvantem,
516 2349 548 2373 ut
560 2347 758 2375 confidamus.
777 2348 922 2376 Debemus

144 2392 275 2420 secundo
291 2393 385 2420 carnis
401 2393 553 2420 stimulum
570 2394 719 2421 attendere
744 2394 921 2429 impugnan-

143 2441 217 2474 tem,
234 2447 270 2466 ne
285 2440 358 2467 sorte
384 2439 536 2466 cadamus
554 2440 697 2467 Debemus
715 2441 798 2468 tertio
818 2443 920 2477 proxi-

143 2494 227 2513 mum
242 2486 392 2513 attendere
408 2485 647 2521 delinquentem,
664 2488 696 2514 ut
711 2487 737 2514 ei
761 2488 921 2516 condolea-

143 2541 219 2560 mus.
254 2533 399 2560 Debemus
436 2535 541 2568 quarto
575 2533 721 2560 mundum
751 2535 920 2570 conspicere

174 2607 181 2622 ¹
195 2607 267 2630 Hunc
279 2608 304 2630 et
314 2608 365 2630 tres
375 2608 510 2636 sequentes
520 2605 597 2629 habet
607 2613 709 2637 quoque
727 2607 786 2632 edit.
805 2609 919 2639 Hageno.

142 2649 184 2665 an.
202 2644 270 2667 1496.
286 2655 316 2659 ——
337 2642 345 2656 ²
360 2643 425 2671 Lum,
444 2648 470 2672 x,
489 2643 528 2665 23.
546 2655 577 2659 —
597 2642 606 2657 ³
623 2642 753 2673 Anselm„
769 2644 868 2675 Dialog.
891 2644 920 2667 (lc

147 2678 265 2702 Veritate.
283 2692 311 2695 —
328 2678 337 2693 ¹⁴
358 2678 436 2705 Rom,
457 2684 517 2706 νιιι,
535 2681 574 2702 31.
596 2691 621 2694 -
643 2679 652 2694 ⁵
673 2679 746 2704 Gen„
763 2685 862 2710 xxviii,
879 2681 918 2704 12.

970 536 972 538 v
993 521 1162 557 plenissime
1181 531 1236 550 nos
1259 524 1378 552 vincere
1401 525 1588 554 confidamus
1608 536 1615 554 :

993 287 1068 315 falsa
1082 287 1319 324 promittentem,
1335 290 1364 317 et
1380 296 1474 325 vana,
1490 290 1519 318 et
1532 289 1572 318 ad
1587 289 1710 320 delicias
1727 292 1773 320 in-

994 334 1163 370 clinantem,
1180 337 1212 364 ut
1226 335 1382 364 evitemus,

1031 381 1099 409 Dico
1124 382 1234 418 primo,
1250 383 1333 418 quod
1347 383 1470 411 sollicite
1490 392 1579 420 supra
1595 392 1651 413 nos
1672 386 1773 415 videre

994 427 1138 456 debemus
1155 431 1244 457 Deum
1259 430 1467 466 adjuvantem,
1484 439 1520 459 ne
1539 431 1569 460 in
1583 432 1665 461 bello
1684 434 1773 462 cada-

993 483 1071 509 mus,
1092 475 1138 503 vel
1159 476 1346 512 desperando
1367 478 1557 514 desistamu53
1578 480 1630 507 sed
1650 488 1718 508 cum
1738 489 1773 509 eo

1641 527 1722 562 quia,
1742 529 1775 555 ut

992 568 1063 596 dicit
1073 569 1228 605 Apostolus
1236 571 1273 597 acl
1281 573 1412 599 Romanos
1422 572 1449 599 ⁶:
1465 573 1511 600 «Si
1526 574 1600 601 Deus
1608 582 1662 609 pro
1674 574 1772 610 nobis,

992 615 1058 651 quis
1073 619 1175 644 contra
1195 625 1249 644 nos
1259 618 1272 644 ‘f
1287 629 1300 642 υ
1321 618 1390 651 Quis
1405 621 1458 653 est,
1474 619 1529 647 nisi
1545 620 1660 655 stultus,
1678 621 1729 657 qui
1743 621 1773 650 in

991 662 1072 690 bello
1097 663 1216 697 timeat,
1242 664 1265 691 si
1289 672 1391 700 regem
1416 673 1517 693 secum
1538 666 1772 703 insuperabilem

990 709 1119 737 habeat?
1140 710 1233 738 Fortis
1257 713 1299 738 est
1323 711 1476 746 diaboluS,
1502 721 1570 740 cum
1595 722 1656 750 quo
1680 717 1773 743 certas

990 755 1039 783 vel
1053 756 1164 791 bellas;
1182 757 1235 785 sed
1258 757 1436 786 fortissimus
1451 759 1590 794 Christus,
1609 761 1661 796 qui
1684 762 1772 797 adju-

991 804 1049 831 vat.
1066 803 1148 831 Unde
1163 804 1250 832 etiam
1265 805 1368 840 Jacob,
1385 805 1458 833 sicut
1473 806 1580 834 dicitur
1594 807 1625 834 in
1640 808 1736 836 Genesi
1751 809 1771 844 ⁵,

991 849 1065 877 dum
1080 850 1222 885 effugeret
1236 850 1357 879 fratrem
1372 860 1470 886 suum,
1486 853 1635 890 valdeque
1647 854 1772 890 timeret,

990 896 1065 923 vidit
1087 896 1118 924 in
1133 898 1245 924 somnis
1268 898 1379 925 scalam
1399 901 1524 927 stantem
1543 908 1632 936 super
1650 903 1770 936 terram,

990 945 1017 970 et
1040 951 1183 971 cacumen
1207 944 1270 979 ejus
1295 946 1420 980 tangens
1451 947 1574 982 coelum,
1597 950 1625 975 et
1648 949 1771 984 angelos

990 989 1038 1016 Dei
1062 990 1275 1018 descendentes
1294 994 1322 1019 et
1342 992 1535 1021 ascendentes
1556 1002 1609 1030 per
1635 1003 1718 1029 eam,
1743 998 1771 1024 et

990 1037 1146 1064 Dominum
1168 1037 1296 1073 desuper
1321 1038 1456 1067 innixum
1481 1040 1576 1068 sealae.
1599 1041 1683 1069 Scala
1705 1050 1770 1078 quae

989 1085 1044 1111 stat
1057 1092 1148 1119 super
1163 1086 1281 1118 terram,
1299 1087 1326 1113 et
1347 1086 1438 1121 tangit
1453 1087 1601 1115 coelestem
1622 1091 1769 1123 naturam,

989 1133 1030 1158 est
1040 1131 1223 1167 poenitentia,
1239 1140 1304 1167 quae
1319 1132 1349 1159 in
1366 1135 1441 1161 terra
1455 1133 1566 1170 incipit,
1588 1135 1640 1162 sed
1655 1135 1695 1163 ad
1711 1144 1769 1164 cse-

988 1177 1032 1205 los
1048 1178 1192 1213 perducit.
1208 1180 1300 1214 Super
1309 1179 1385 1206 hanc
1397 1180 1496 1215 angeli
1507 1181 1681 1216 ascendunt,
1696 1182 1769 1211 dum

988 1227 1057 1252 vota
1071 1227 1173 1252 nostra
1188 1225 1321 1261 quotidie
1337 1227 1394 1253 Deo
1411 1227 1555 1262 offerunt3
1572 1228 1625 1256 sed
1640 1237 1692 1264 per
1704 1237 1769 1257 eam

988 1271 1183 1306 descendunt,
1200 1273 1273 1300 dum
1288 1273 1377 1300 nobis
1392 1274 1535 1301 auxilium
1550 1275 1657 1303 ferunt.
1674 1277 1731 1304 Sed
1742 1279 1770 1304 et

987 1318 1086 1354 ipsum
1102 1319 1261 1347 Dominum
1277 1320 1405 1356 desuper
1425 1320 1499 1348 vidit
1520 1321 1666 1356 innixum,
1681 1331 1768 1358 para-

989 1367 1049 1393 tum
1062 1366 1101 1393 ad
1113 1366 1329 1401 adJuvandum.
1343 1368 1424 1395 Unde
1436 1369 1463 1395 B.
1477 1368 1641 1404 Stephanus
1652 1369 1770 1398 dicebat

986 1411 1061 1439 inter
1086 1412 1222 1441 inimicos
1245 1414 1357 1449 positus
1379 1413 1412 1442 ⁶:
1437 1424 1451 1440 (ι
1473 1416 1545 1442 Ecce
1567 1415 1655 1444 video
1678 1416 1768 1444 coelos

987 1462 1116 1495 apertos,
1131 1462 1158 1488 et
1173 1463 1271 1489 Jesurn
1287 1465 1422 1497 stantem,
1440 1473 1452 1488 »
1471 1463 1501 1490 id
1515 1465 1566 1498 est,
1583 1472 1637 1499 pro
1654 1472 1700 1492 me
1716 1473 1768 1500 pu-

986 1509 1138 1541 gnantem,
1158 1518 1171 1533 «
1191 1516 1208 1535 a
1225 1508 1336 1536 dextris
1351 1509 1462 1536 virtutis
1484 1509 1543 1537 Dei.
1569 1520 1582 1535 n
1605 1512 1680 1545 Ergo
1702 1511 1768 1546 quis

985 1554 1081 1588 miles,
1096 1554 1152 1581 nisi
1166 1555 1197 1582 in
1217 1555 1306 1582 corde
1322 1555 1494 1590 vilissimus,
1510 1556 1625 1584 hostem
1648 1557 1768 1585 debilis-

985 1600 1093 1628 simum
1118 1601 1227 1636 timeat,
1253 1610 1320 1629 cum
1345 1602 1513 1638 adjutorem
1534 1604 1767 1639 omnipotentem

984 1647 1117 1675 habeat?
1139 1648 1220 1676 Unde
1236 1649 1291 1676 Job
1306 1648 1315 1663 ⁷
1336 1657 1342 1675 ε
1363 1659 1376 1674 «
1391 1649 1494 1677 Libera
1509 1658 1568 1684 me,
1590 1651 1722 1685 Domine,
1740 1654 1768 1679 et

984 1703 1063 1730 pone
1078 1703 1126 1723 me
1149 1696 1233 1731 juxta
1248 1699 1274 1724 te
1297 1705 1303 1723 :
1329 1699 1355 1724 et
1374 1697 1504 1732 cujusvis
1525 1705 1632 1726 manus
1655 1701 1767 1734 pugnet

984 1743 1086 1769 contra
1100 1751 1157 1770 me.
1182 1752 1195 1769 π
1214 1744 1245 1770 Et
1268 1744 1415 1779 propheta
1429 1743 1439 1759 ²³
1460 1753 1466 1772 :
1486 1755 1498 1769 «
1522 1746 1663 1772 Dominus
1686 1746 1766 1774 salus

983 1796 1068 1822 mea,
1092 1797 1182 1824 quem
1206 1790 1339 1817 timebo?
1363 1791 1501 1818 Dominus
1526 1794 1675 1827 protector
1700 1793 1766 1821 vitae

983 1843 1104 1870 metesa
1117 1844 1177 1871 quo
1194 1837 1373 1872 trepidabo?
1388 1838 1415 1865 Si
1431 1838 1592 1866 consistent
1605 1839 1764 1867 adversum

983 1890 1030 1909 me
1046 1885 1150 1917 casira,
1167 1883 1197 1909 in
1211 1883 1268 1910 hoc
1284 1892 1339 1918 ego
1354 1885 1492 1919 sperabo.
1510 1896 1522 1909 n
1540 1886 1715 1921 Exemplum
1727 1887 1764 1914 de

982 1937 1052 1963 rege
1067 1930 1253 1965 Assyriorum
1269 1931 1289 1958 ¹³.
1308 1930 1358 1965 qui
1378 1939 1445 1958 cum
1460 1932 1577 1959 „Iudaeos
1600 1932 1762 1967 invaderet,

982 1977 1009 2002 et
1025 1977 1115 2002 Deum
1137 1976 1369 2011 blasphemaret,
1390 1978 1421 2004 in
1444 1977 1508 2013 ipsa
1529 1981 1614 2006 nocte
1633 1980 1763 2014 Angelus

983 2022 1097 2049 Domini
1113 2022 1221 2049 oceid2t
1238 2024 1355 2050 centum
1371 2024 1656 2061 octogintaquinque
1669 2026 1760 2054 miliia

981 2068 1124 2103 virorum,
1145 2070 1172 2096 et
1193 2077 1293 2104 regem
1313 2070 1410 2105 ipsum
1428 2079 1495 2098 cum
1522 2072 1624 2106 paucis
1645 2072 1761 2107 fugien-

981 2116 1039 2142 tem
1055 2115 1085 2142 in
1100 2115 1159 2142 suis
1175 2116 1322 2149 curribus,
1340 2125 1430 2143 manu
1443 2117 1584 2152 filiorum,
1602 2119 1632 2145 in
1647 2120 1759 2155 templo

980 2162 1107 2189 Nesroch
1128 2162 1175 2189 Dei
1200 2163 1243 2189 sui
1269 2163 1386 2190 occidit.
1408 2164 1462 2191 Job
1480 2163 1499 2180 ¹⁰
1516 2173 1522 2191 ε
1543 2176 1555 2189 α
1573 2166 1642 2198 Quis
1658 2167 1760 2195 restitit

980 2208 1016 2242 ei,
1035 2211 1062 2236 et
1084 2217 1189 2244 pacem
1205 2209 1328 2237 habuit?
1348 2210 1402 2243 Qui
1424 2211 1570 2238 transtulit
1592 2215 1716 2247 montes,
1733 2215 1761 2241 et

979 2255 1144 2282 nescierunt
1164 2256 1205 2288 hi,
1228 2264 1304 2291 quos
1325 2257 1467 2284 subvertit
1490 2259 1520 2284 in
1542 2257 1640 2286 furore
1661 2268 1724 2287 suo.
1743 2270 1756 2285 »

979 2302 1129 2337 Numquid
1144 2303 1236 2329 sancti
1259 2303 1389 2338 Apostoli
1412 2306 1471 2331 tam
1497 2305 1572 2332 dura
1594 2309 1759 2341 portassent

979 2356 1087 2382 genera
1102 2350 1326 2384 tormentorum,
1348 2350 1404 2377 nisi
1424 2351 1552 2378 Christus
1573 2354 1634 2379 Rex
1654 2353 1695 2380 eis
1715 2353 1758 2380 af-

981 2394 1099 2422 fuisset?
1115 2396 1172 2423 Sed
1188 2398 1266 2423 tanta
1279 2396 1385 2424 virtute
1397 2405 1430 2425 ae
1444 2397 1601 2426 dulcedine
1617 2400 1758 2427 teneban-

978 2443 1025 2468 tur
1040 2441 1171 2475 interiuS,
1188 2444 1219 2469 ut
1234 2445 1455 2471 contemnerent
1478 2453 1582 2478 omne,
1599 2446 1682 2480 quod
1703 2455 1756 2481 pa-

978 2488 1126 2515 tiebantur
1141 2489 1277 2516 exterius.
1300 2491 1355 2517 Vas
1370 2490 1449 2518 enim
1463 2499 1542 2526 aqua
1556 2491 1679 2527 plenum
1694 2501 1755 2520 non

978 2579 1008 2582 —
1029 2565 1038 2580 θ
1054 2565 1118 2593 Act.,
1136 2571 1181 2594 v11,
1205 2567 1243 2589 55.
1261 2579 1291 2583 —
1310 2567 1316 2580 7
1332 2566 1463 2597 Job,xv11,
1484 2569 1506 2591 3.
1526 2581 1554 2585 —
1570 2568 1580 2584 ⁸
1598 2569 1666 2593 Psal.
1683 2575 1754 2600 xxvi,

978 2602 1005 2630 1,
1022 2602 1044 2623 3.
1061 2614 1091 2618 -
1112 2602 1120 2615 “·’
1143 2601 1174 2625 tV
1195 2601 1263 2632 1³09„
1282 2608 1341 2632 six,
1362 2609 1407 2632 per
1430 2605 1521 2627 totum.
1537 2617 1565 2621 —
1592 2605 1610 2621 *⁰
1630 2605 1689 2635 Job,
1714 2612 1752 2637 ix,

980 2638 1025 2660 '1-5.

1009 2681 1040 2710 (u)
1060 2681 1148 2711 suppl.
1163 2681 1277 2712 judicant
1293 2682 1410 2706 fideliter.
