2029 3052
101 393 160 413 XIV.

109 722 156 742 XV.

102 1044 160 1064 XVI.

104 1578 161 1598 XVI.

99 1953 179 1975 XVIII·

108 2169 166 2189 XIX.

197 212 256 241 376
746 209 796 241 DE
817 208 1084 243 PAUPERTATE.
1104 210 1261 244 CHRISTI

197 275 393 317 reipublicae,
410 276 512 309 multo
527 277 633 317 magis
647 279 757 309 contra
768 276 971 317 perfectionis

198 329 426 361 sublimitatem
437 330 645 370 evangelicae.

238 383 318 415 Item
331 383 393 415 hoc
406 383 510 424 ipsum
526 383 704 415 ostenditur
723 383 865 415 ratione:
882 383 969 415 Men-

197 437 303 468 dicare
316 438 364 468 est
376 445 456 477 opus
472 435 658 468 indifferens
679 448 686 469 :
712 437 767 468 sed
786 437 971 468 indifferens

197 499 262 522 non
288 491 325 521 fit
353 498 434 530 opus
460 490 661 530 perfectionis
690 500 746 531 per
777 490 971 522 additionem

197 545 281 583 finis,
295 544 378 575 sicut
395 545 525 585 apparet
539 545 705 576 manifeste
720 545 754 576 in
772 545 842 576 aliis
865 544 969 585 operi-

196 597 269 634 bus,
285 597 321 627 ut
335 596 382 627 ire
397 595 438 627 ad
451 595 626 635 ecclesiam,
639 597 669 628 et
684 596 786 628 facere
799 596 972 636 eleemosy-

196 661 273 683 nam
292 662 299 681 τ
316 660 407 691 ergo,
423 652 484 682 etc.

237 707 317 739 Item
332 707 532 748 perfectionis
546 709 605 746 est,
626 707 726 748 gratis
748 709 779 739 et
799 706 972 738 liberaliter

197 761 335 800 servire,
361 762 392 792 et
411 760 585 792 oblationes
608 761 645 801 (a)
668 762 870 801 peccatorum
885 760 973 791 refu-

197 823 275 854 gere
291 824 298 845 :
317 813 372 845 sed
385 813 442 854 qui
459 814 694 855 eleemosynam
709 813 830 854 recipit,
851 813 974 853 obligat

197 877 230 899 se
246 868 287 899 ad
308 867 587 899 interveniendum
612 876 670 907 pro
693 867 828 907 peccatis
848 866 970 898 alienis.

198 921 232 953 Si
246 929 326 961 ergo
340 920 490 960 obligatio
507 920 693 960 hujusmodi
707 920 892 961 perfectioni
908 929 973 951 non

197 975 360 1012 consonat,
376 982 466 1013 ergo,
483 975 542 1005 etc.

238 1028 317 1059 Item
337 1027 523 1068 hujusmodi
547 1027 603 1068 qui
626 1027 807 1058 mendicant
833 1036 873 1058 ex
899 1035 974 1067 pro-

197 1082 342 1121 fessione,
358 1084 413 1113 aut
426 1083 487 1113 hoc
504 1081 625 1113 faciunt
639 1082 715 1122 quia
735 1090 901 1121 pauperes,
919 1082 974 1111 aut

198 1136 274 1177 quia
289 1136 511 1174 praedicatores
528 1147 535 1166 ε
559 1135 585 1166 51
609 1135 686 1175 quia
701 1143 867 1175 paupereS,
893 1142 973 1173 ergo

198 1198 309 1221 omnes
337 1198 508 1229 pauperes,
533 1188 589 1229 qui
613 1188 814 1225 mendicant,
845 1188 973 1228 perfecti

199 1245 285 1282 sunt,
302 1242 384 1282 quod
401 1244 447 1273 est
469 1243 578 1273 contra
600 1241 821 1281 Augustinum
839 1241 873 1271 in
891 1240 974 1271 libro

200 1297 242 1328 De
257 1304 347 1336 opere
358 1295 595 1334 Monachorwn,
611 1295 665 1335 qui
676 1294 895 1335 reprehendit¹
910 1303 974 1325 mo-

199 1350 318 1381 nachos
332 1349 559 1387 mendicantes,
576 1351 607 1379 et
628 1349 707 1379 nihil
722 1349 847 1389 operari
863 1349 974 1380 volen—

198 1406 260 1442 tes;
278 1403 304 1434 si
322 1403 398 1443 quia
415 1403 645 1442 praedicatoreS,
667 1411 746 1441 ergo
761 1402 869 1433 nullus
884 1411 974 1433 men-

200 1457 303 1487 dicare
318 1456 410 1487 debet
421 1456 504 1487 inter
518 1465 583 1494 eos,
596 1456 651 1496 qui
666 1465 730 1487 non
743 1456 905 1496 pra‘dicat,
922 1466 975 1487 cu-

197 1512 251 1550 jus
266 1510 462 1541 contrarium
477 1510 623 1542 videmus
637 1512 701 1541 tota
717 1510 779 1540 die.

242 1563 320 1594 ltein
342 1564 513 1603 praedicare
535 1566 583 1594 est
603 1563 679 1603 quid
701 1563 864 1603 spirituale
887 1574 893 1594 ε
922 1564 976 1595 sed

201 1617 256 1657 qui
277 1616 440 1656 spirItuale
461 1617 524 1655 dat,
546 1618 577 1647 et
596 1616 769 1657 temporale
789 1617 910 1657 accipit,
932 1617 976 1647 si-

202 1670 285 1700 milis
299 1672 345 1700 est
358 1669 452 1709 Giezi,
471 1670 525 1709 qui
541 1670 709 1709 pecuniali]
726 1670 845 1710 accepit
861 1680 879 1700 a
892 1669 976 1701 Naa—

202 1733 290 1762 man,
307 1723 440 1754 obtentu
454 1724 597 1754 beneficii
615 1724 787 1763 spiritualis
808 1724 897 1763 prius
917 1724 976 1753 sihi

203 1778 338 1808 exhibiti
362 1788 369 1809 z
395 1778 455 1808 hoc
475 1781 581 1808 autem
603 1780 649 1808 est
667 1777 846 1809 damnabile
871 1788 877 1808 :
898 1787 976 1817 ergo

204 1831 384 1863 damnabile
405 1834 452 1862 est
474 1832 671 1872 praedicatori
689 1831 891 1863 mendicare:
912 1841 977 1863 non

204 1894 282 1924 ergo
297 1885 494 1925 perfectionis
509 1885 715 1924 evangelicae.

247 1939 323 1970 Item
348 1940 560 1979 perfectorum
592 1942 640 1970 est
665 1939 820 1970 abstinere
852 1948 869 1969 a
896 1939 979 1970 mala

206 1993 321 2033 specie;
339 1993 390 2024 sed
406 1993 466 2025 hoc
483 1996 529 2024 est
544 1993 627 2024 mala
648 1993 777 2034 species,
797 1994 881 2033 quod
896 2003 978 2033 prae-

206 2047 345 2077 dicantcs
361 2047 546 2086 temporalia
561 2049 679 2086 petant,
696 2047 771 2087 quia
783 2047 814 2077 in
831 2047 890 2078 hoc
905 2050 980 2078 sunt

207 2100 326 2130 similes
338 2100 719 2140 pseudopraedieatoribus
737 2110 743 2130 :
762 2109 852 2139 ergo,
870 2103 928 2130 etc.

250 2153 326 2184 item
342 2154 527 2193 hujusmodi
551 2156 606 2184 aut
620 2154 740 2184 habent
761 2155 980 2185 auctoritatem

209 2208 241 2237 111
258 2207 470 2246 praedicando,
489 2209 543 2237 aut
558 2217 623 2238 11011
638 2208 766 2238 habent.
786 2208 818 2238 Si
841 2217 904 2238 non
920 2208 980 2238 ha-

208 2261 295 2299 bent,
313 2269 393 2299 ergo
409 2260 489 2291 male
505 2261 622 2291 faciunt
638 2261 669 2291 in
692 2261 907 2301 praedicando,
927 2271 978 2292 er-

210 2325 253 2355 go
266 2314 310 2344 nil
325 2317 505 2352 merentur3
522 2315 546 2344 si
563 2315 692 2352 habent,
708 2316 761 2346 sed
777 2316 832 2355 qui
850 2316 979 2354 habent,

208 2371 340 2408 possunt
356 2370 462 2408 petere
482 2369 666 2408 potestative
685 2380 691 2399 :
713 2379 791 2409 ergo
806 2369 883 2400 tales
899 2379 980 2409 prze-

209 2422 340 2453 dicando
352 2422 547 2461 injuriantur
559 2422 738 2452 auctoritati
748 2423 980 2462 prsedicationis

210 2475 398 2515 Evangelii:
422 2484 502 2515 ergo
523 2475 555 2505 in
576 2475 635 2506 hoc
658 2485 721 2506 non
743 2479 818 2506 sunt
839 2477 980 2516 perfecti,

209 2529 261 2560 sed
277 2529 377 2567 impii.

243 2631 247 2643 ¹
268 2630 342 2658 Aug„
358 2629 387 2652 ‹le
403 2629 473 2660 Oper.
491 2629 613 2657 Manat—72..
632 2636 656 2652 n.
674 2629 687 2651 2
703 2630 725 2651 1-1
742 2636 795 2659 51111,
813 2643 842 2647 -
857 2630 865 2643 “-
881 2629 981 2661 [11111111.1

211 2671 236 2693 x,
254 2666 319 2687 41-10.
337 2678 363 2681 β
386 2665 394 2678 ³
418 2665 504 2690 Mar-c..
527 2670 566 2695 11,
582 2666 601 2688 8.
621 2677 649 2681 —
671 2664 680 2680 ¹·
702 2665 800 2695 Mateta,
822 2668 932 2694 x1x‚t;’.
952 2679 982 2684 —

210 2701 220 2718 ¹⁵
233 2701 299 2730 Luc,
315 2706 351 2731 lx,
367 2702 390 2724 3.

1068 278 1148 310 Item
1165 278 1266 310 tutius
1287 279 1318 310 et
1335 278 1504 319 perfectius
1526 280 1574 310 est
1600 280 1690 321 sequi
1714 281 1801 314 viros

1026 332 1238 372 peffectiores,
1255 333 1286 367 et
1299 331 1507 372 probatiores,
1524 334 1555 363 et
1569 333 1774 373 sapientiores
1791 342 1799 365 :

1027 386 1081 416 sed
1095 386 1158 418 viri
1172 385 1385 426 probatissimi
1398 387 1429 416 et
1444 386 1669 426 sapientissimi
1688 387 1723 419 in
1740 387 1800 419 Re-

1026 438 1201 479 ligionibus
1214 439 1344 471 fuerunt
1355 438 1503 478 Basilius,
1519 439 1718 480 Benedictus,
1734 441 1801 473 Au-

1027 492 1193 532 gustinus,
1207 492 1435 533 Hieronymus,
1451 492 1635 533 Gregorius,
1661 494 1803 527 Hilarius

1027 548 1058 577 et
1079 545 1236 577 Paulinus
1257 555 1265 577 :
1288 548 1320 577 et
1341 545 1420 577 tales
1440 546 1486 577 sic
1508 555 1567 578 sua
1589 547 1801 588 reliquerunt,

1027 599 1114 640 quod
1134 599 1320 630 communia
1341 599 1565 639 possederunt,
1590 609 1649 631 nec
1677 601 1801 633 mendi-

1028 662 1115 684 casse
1127 653 1299 693 leguntur:
1313 661 1394 692 ergo
1408 652 1523 684 modus
1533 653 1577 685 ita
1589 654 1801 694 mendicandi,

1027 706 1067 738 de
1078 715 1162 738 novo
1171 706 1371 738 introductus
1384 715 1441 747 per
1451 706 1653 739 Dominicum
1663 710 1694 740 et
1705 708 1804 740 Fran-

1028 760 1158 799 ciscum,
1182 760 1346 801 judicatur
1370 761 1610 801 superstitiosus
1633 764 1664 793 et
1687 771 1802 803 vanus,

1029 823 1102 845 cum
1125 814 1257 845 stultum
1277 814 1430 846 ,videatur
1451 823 1582 845 sensum
1601 816 1632 846 et
1654 814 1804 855 spiritum

1028 868 1165 900 duorum
1194 877 1374 908 pauperum
1410 868 1581 899 hominum
1616 878 1802 909 praeponere

1028 923 1126 952 tantae
1157 921 1320 961 sapientiae
1344 923 1375 952 et
1401 921 1587 952 sublimitati
1614 921 1804 953 Sanctorum

1028 974 1291 1015 praecedentium,
1308 976 1339 1005 et
1353 974 1536 1005 Doctorum.

1069 1028 1130 1059 SED
1144 1037 1262 1060 CONTRA
1275 1027 1336 1059 hoc
1349 1027 1475 1058 videtur
1492 1027 1612 1058 dictum
1626 1027 1706 1058 illud
1724 1027 1804 1059 Mat-

1028 1081 1105 1112 thaei
1119 1082 1152 1112 ²:
1174 1081 1277 1114 Nolite
1290 1081 1450 1121 possidere
1464 1089 1598 1118 aarum,
1619 1081 1668 1113 vel
1690 1089 1805 1122 arqen-

1030 1138 1107 1173 lum,
1124 1143 1222 1175 neque
1238 1135 1408 1174 pecuniam
1423 1135 1459 1166 in
1483 1135 1578 1171 zonis
1602 1136 1727 1174 vestris,
1749 1144 1806 1167 ne-

1030 1196 1088 1228 que
1102 1196 1214 1228 peram
1228 1189 1265 1220 in
1283 1189 1350 1226 via,
1371 1195 1468 1228 11611116
1488 1187 1570 1220 duas
1591 1189 1729 1227 tunicas,
1749 1197 1806 1221 nec

1029 1242 1249 1274 calceamenta.
1263 1241 1321 1273 Ubi
1335 1240 1443 1272 Glossa
1458 1250 1466 1271 ε
1486 1253 1500 1270 «
1515 1241 1577 1272 Nec
1587 1241 1654 1282 ipsa
1663 1251 1807 1274 necessa-

1029 1296 1088 1334 ria,
1106 1305 1163 1326 nec
1175 1294 1338 1326 cellarium
1354 1304 1461 1325 secum
1475 1294 1612 1332 vehant;
1625 1295 1707 1327 nihil
1721 1305 1805 1336 prae-

1031 1352 1077 1381 ter
1100 1349 1341 1386 indumentum,
1365 1357 1429 1388 quo
1456 1348 1528 1387 quis
1550 1349 1717 1380 contentus
1739 1358 1808 1382 esse

1031 1405 1140 1444 potest.
1160 1402 1196 1433 111
1217 1403 1277 1433 hoc
1295 1402 1432 1433 traditur
1450 1402 1553 1432 forma
1576 1401 1751 1442 Apostolis,
1775 1405 1807 1435 et

1030 1457 1116 1497 quod
1131 1456 1331 1497 perfectionis
1343 1457 1400 1493 est,
1412 1456 1585 1495 perfectum
1593 1456 1777 1488 estimitari.
1789 1468 1803 1486 »

1031 1511 1118 1551 Ergo
1147 1510 1250 1541 taliter
1279 1518 1335 1549 per
1363 1509 1522 1540 mundum
1554 1509 1600 1540 ire
1630 1512 1749 1550 spectat
1769 1511 1810 1542 ad

1031 1566 1254 1606 perlectionem
1269 1563 1508 1602 evangelicam:
1523 1563 1577 1594 sed
1590 1564 1649 1594 hoc
1659 1566 1706 1595 est
1721 1574 1809 1596 meu-

1031 1619 1146 1657 dicare,
1163 1620 1193 1649 et
1205 1618 1314 1649 vivere
1328 1617 1367 1648 de
1387 1617 1588 1657 eleemosyna
1603 1626 1610 1647 :
1627 1617 1728 1657 igitur
1748 1619 1809 1649 hoc

1031 1674 1149 1712 spectat
1163 1672 1201 1702 ad
1218 1670 1438 1709 evangelicam
1454 1670 1689 1710 perfectionem.

1075 1726 1151 1756 item
1165 1726 1197 1756 ³:
1216 1725 1368 1763 Praeccpz't
1390 1725 1432 1756 eis
1453 1732 1492 1755 ne
1509 1724 1591 1764 quid
1609 1724 1750 1758 tollerent
1772 1726 1809 1757 in

1033 1780 1353 1819 1111ι,116111161111η6111,
1377 1786 1475 1817 11611116
1498 1778 1534 1809 1711
1556 1778 1650 1810 zonis
1671 1785 1726 1810 oes.
1746 1778 1810 1809 Aut

1033 1834 1131 1872 igitur
1156 1833 1305 1873 praecepit
1326 1834 1479 1872 tanquam
1501 1831 1651 1871 praelatis,
1672 1834 1727 1862 aut
1741 1834 1810 1863 tan-

1033 1896 1130 1927 quam
1140 1886 1293 1926 perfectis.
1306 1886 1337 1917 Si
1354 1888 1505 1925 tanquam
1516 1885 1666 1925 praelatis,
1681 1895 1760 1925 ergo
1770 1886 1809 1917 ad

1033 1941 1109 1971 illud
1126 1941 1164 1971 ad
1180 1939 1265 1980 quod
1283 1939 1318 1979 (b)
1333 1939 1436 1970 adhuc
1451 1940 1555 1969 essent
1569 1939 1699 1977 astricti,
1724 1940 1809 1979 quod

1035 1994 1198 2024 manifeste
1222 1992 1337 2023 salsum
1365 1994 1420 2022 est.
1459 1991 1611 2032 Praecepit
1641 1992 1741 2031 igitur
1764 1993 1809 2023 015

1035 2051 1187 2087 tanquam
1204 2046 1282 2077 viris
1300 2045 1456 2085 perfectis.
1482 2045 1541 2076 Sed
1569 2046 1715 2085 perfectio
1732 2055 1807 2085 pro-

1035 2101 1164 2141 ponitur
1199 2099 1413 2130 communiter
1453 2098 1602 2129 omnibus
1637 2099 1806 2137 imitanda,

1035 2156 1110 2195 quia
1123 2154 1198 2185 dicit
1213 2154 1222 2169 ³·
1239 2164 1245 2183 z
1262 2153 1435 2192 Quipotesc
1450 2160 1571 2192 capere,
1588 2154 1710 2192 capiat.
1723 2153 1810 2193 Ergo

1036 2209 1079 2239 sic
1092 2208 1202 2239 vivere
1219 2208 1336 2247 spectat
1356 2206 1395 2236 ad
1417 2206 1640 2246 perfectionem
1665 2216 1810 2247 evange—

1036 2264 1141 2294 licam.

1077 2317 1154 2348 Item
1170 2315 1312 2346 Salvator
1331 2314 1406 2344 dicit
1424 2314 1434 2330 ¹⁵
1460 2323 1467 2345 :
1494 2313 1586 2346 Nc'ltl’l
1609 2315 1750 2346 tuleritis
1773 2316 1810 2347 in

1037 2371 1102 2403 via,
1119 2376 1216 2408 neque
1232 2368 1369 2407 virgyam,
1386 2375 1485 2407 11611116
1504 2375 1625 2406 peram,
1642 2376 1739 2407 neque
1752 2376 1810 2408 pa-

1037 2421 1420 2463 116111,1161111611661111111111.
1438 2420 1496 2451 Ubi
1507 2420 1615 2451 Glossa
1632 2420 1809 2460 :avirgam

1036 2487 1100 2508 non
1116 2477 1207 2513 serre,
1225 2477 1272 2505 est
1287 2483 1350 2504 non
1365 2483 1432 2504 esse
1446 2473 1617 2504 sollicitum
1628 2474 1665 2504 de
1675 2474 1725 2504 his
1735 2484 1808 2514 quae

1037 2530 1212 2562 necessaria
1227 2530 1302 2559 sunt
1319 2528 1473 2558 humanae
1489 2527 1718 2565 sustentationi,
1735 2528 1809 2567 quia

1036 2586 1105 2616 haec
1119 2585 1274 2616 debentur
1290 2581 1561 2622 praedicatorihus.
1578 2591 1592 2608 »
1609 2580 1642 2611 Si
1657 2590 1736 2621 ergo
1751 2591 1806 2613 ex-

1036 2638 1162 2670 cludere
1180 2635 1423 2667 sollicitudinem
1438 2634 1477 2664 de
1491 2634 1668 2665 necessaria
1683 2637 1808 2667 susten-

1069 2702 1100 2732 (u)
1116 2700 1175 2725 Coel.
1192 2699 1250 2723 edit.
1267 2696 1444 2728 obligationes.
1459 2708 1488 2713 —
1506 2695 1538 2726 (b)
1552 2695 1608 2722 Del,
1619 2696 1649 2721 ad
1663 2697 1740 2729 quod.
