2029 3052
253 186 313 217 590

253 251 321 284 lam
335 259 408 285 vero
428 251 635 285 pentecostes.
657 251 728 284 Non
742 253 842 292 negat
859 252 939 293 quin
952 261 1029 293 pos-

253 305 317 336 sint
341 305 439 337 etiam
463 306 601 347 capitula
623 305 832 346 provincialia
850 305 920 336 aliis
937 306 1030 337 annis

253 359 429 398 celebrare3
446 361 500 392 sed
519 360 558 391 de
572 360 632 391 isto
651 360 687 390 fit
703 359 880 400 specialiter
896 360 1027 399 mentio,

252 413 328 454 quia
349 415 396 445 est
418 423 485 455 prae
506 414 629 445 caeteris
646 414 877 451 necessarium,
894 415 931 445 ut
943 414 1027 445 ordi-

252 467 397 499 nationes
412 467 573 507 generalis
587 467 718 508 capituli
732 477 789 508 per
803 467 942 508 capitula
953 476 1029 508 pro-

251 521 402 552 vincialia
410 521 552 552 celeriter
563 521 777 562 publicentur,
788 523 820 552 et
834 523 871 552 ut
883 521 983 562 possit
991 521 1030 552 de

251 574 406 606 absolutis
422 574 577 606 ministris
590 574 839 615 provincialibus
854 575 1028 616 provideri.

528 685 672 720 CAPUT
695 686 754 720 IX.

493 777 530 804 De
547 775 787 812 predicatoribus.

290 842 415 875 Fratres
431 852 498 874 non
520 843 694 884 praedicent
715 843 750 874 in
770 843 955 884 episcopatu
970 842 1028 874 aii-

250 897 343 937 quus
356 896 504 938 episcopi,
522 906 598 928 cum
615 897 656 928 ab
669 906 706 929 eo
723 897 785 928 illis
800 897 894 928 fuerit
907 899 1030 928 contra-

250 950 381 982 dictum.
409 950 447 982 Et
467 951 577 982 nullus
600 952 736 982 fratrum
764 951 882 991 populo
902 951 1030 991 penitus

249 1004 366 1035 audeat
386 1005 559 1045 praedicare
571 1029 580 1043 ,
603 1005 667 1036 nisi
681 1015 700 1036 a
715 1005 859 1037 Ministro
884 1004 1028 1044 generali

250 1057 350 1098 hujus
370 1058 573 1090 fraternitatis
590 1059 685 1090 suerit
699 1059 902 1090 examinatus
917 1060 950 1089 et
968 1067 1027 1098 ap-

249 1112 412 1151 probatuS,
429 1114 460 1143 et
476 1113 516 1143 ab
531 1121 568 1144 eo
583 1112 644 1143 sibi
662 1112 804 1143 officium
826 1111 1026 1152 praedicatio-

250 1165 300 1196 nis
319 1175 515 1197 concessum.
541 1165 652 1197 Moneo
675 1175 803 1206 quoque
817 1167 849 1196 et
874 1165 1028 1197 exhortor

249 1219 374 1250 eosdem
392 1220 516 1258 fratres,
534 1221 570 1251 ut
585 1220 618 1251 in
633 1219 859 1260 praedicatione
870 1228 968 1260 quam
984 1220 1028 1250 fa-

249 1273 348 1312 ciunt,
364 1273 427 1304 sint
442 1273 625 1304 examinata
639 1275 669 1305 et
684 1275 769 1304 casta
779 1282 891 1304 eorum
902 1273 1029 1313 eloquia

250 1326 289 1357 ad
300 1325 468 1358 utilitatem
479 1329 508 1358 et
521 1327 761 1358 aedificationem
774 1327 894 1367 populi,
905 1336 1029 1358 annun-

250 1379 358 1410 tiando
380 1380 425 1411 eis
443 1381 521 1411 vitia
545 1382 576 1411 et
595 1380 749 1419 virtutes,
768 1389 896 1421 poenam
911 1383 942 1411 et
955 1381 1027 1420 glo-

249 1433 332 1465 riam
345 1443 419 1465 cum
433 1435 588 1467 brevitate
601 1436 767 1474 sermonis,
786 1435 862 1476 quia
874 1439 881 1456 ¹
897 1436 1028 1468 verbum

249 1487 468 1520 abbreviatam
494 1489 571 1528 fecit
594 1489 749 1522 Dominus
773 1497 870 1530 super
896 1493 1025 1523 terram.

526 1583 752 1612 EXPOSITIO.

291 1650 421 1683 Fratres
436 1658 500 1683 non
511 1652 690 1691 proedicent
707 1653 744 1685 in
765 1653 951 1693 episcopatu
966 1653 1027 1685 ali-

249 1704 342 1744 cujus
361 1706 521 1745 episcopi,
547 1708 604 1736 etc.
624 1706 698 1737 llaee
712 1709 758 1737 est
772 1707 865 1737 tertia
887 1716 976 1747 pai-S,
995 1708 1027 1738 in

249 1768 311 1798 qua
332 1759 443 1798 agitur
465 1759 503 1790 de
518 1760 742 1800 praedicatione
760 1761 906 1799 fratrum,
927 1762 1028 1801 perti-

250 1814 346 1843 nente
374 1812 412 1843 ad
448 1812 599 1845 Leviatan
629 1814 878 1854 extirpandum,
915 1818 950 1846 ut
981 1817 1028 1846 est

250 1874 360 1897 mensa
374 1866 407 1896 in
420 1866 518 1898 latere
532 1867 710 1907 Aquilonis,
725 1869 763 1898 ut
774 1868 893 1899 dicitur
903 1868 937 1899 in
950 1870 1028 1900 Exo-

249 1919 289 1950 do
303 1923 325 1951 ².
344 1920 383 1951 Et
401 1920 469 1951 liaec
494 1930 568 1960 pars
589 1921 685 1952 habet
708 1921 786 1952 duas
808 1924 932 1962 partes,
952 1924 1028 1963 quia

250 1973 353 2013 primo
370 1974 437 2013 agit
451 1973 489 2004 de
505 1974 735 2014 pertinentibus
745 1975 784 2006 ad
795 1976 1028 2015 praedicationis

249 2027 484 2065 auctoritatem;
502 2028 650 2066 secundo,
665 2028 703 2059 ad
720 2029 952 2068 praedicatiouis
964 2031 1026 2061 uti-

248 2080 368 2111 litatem
391 2083 422 2111 et
442 2081 668 2120 maturitatem,
685 2082 729 2112 ibi
752 2091 760 2112 z
779 2083 889 2115 Moneo
904 2091 1026 2124 quoque

250 2135 377 2171 tratres.
395 2133 433 2164 Et
454 2135 606 2174 quoniam
626 2135 826 2175 pra=dicaturi
849 2137 1026 2169 fulciuntur

248 2186 367 2226 duplici
407 2188 594 2219 anctoritate
615 2213 624 2227 ,
661 2189 777 2220 scilicet
819 2191 1026 2230 praelatorum

249 2241 472 2280 saeeularium,
490 2243 607 2282 quibus
623 2246 697 2274 sunt
717 2253 836 2283 greges
851 2246 1024 2285 commissi,

249 2297 280 2325 et
302 2295 507 2335 praelatorum
530 2296 649 2327 ordinis
662 2321 669 2335 ,
687 2306 742 2337 per
764 2307 843 2337 quos
871 2298 966 2330 habet
987 2300 1028 2331 de

250 2348 392 2388 personis
421 2348 542 2380 idoneis
572 2351 750 2389 provideri;
776 2361 832 2391 pro
855 2353 958 2392 primo
982 2353 1027 2384 di-

250 2401 291 2431 cit
315 2401 360 2432 sic
377 2413 383 2433 :
402 2402 530 2435 Fratres
555 2411 618 2435 non
642 2405 819 2443 proeclicenc
842 2406 877 2437 in
903 2408 1025 2446 episeo-

247 2458 329 2494 pata
353 2456 493 2496 astemus
515 2458 667 2497 episcopi,
691 2458 746 2490 'ubi
769 2460 815 2491 eis
832 2460 931 2498 suerit
954 2469 1027 2493 con-

251 2509 435 2542 tradictum.
453 2510 518 2541 Iloc
535 2511 605 2542 ideo
626 2512 751 2551 dicitur,
771 2514 846 2553 quia
876 2515 1027 2547 fratribus

251 2562 311 2595 iste
336 2564 457 2603 gradus
485 2565 621 2597 licentiae
648 2566 741 2598 debet
767 2568 931 2608 sufficere,
952 2571 1027 2610 quia

282 2643 289 2660 ¹
307 2643 440 2675 leonz.‚1x,
458 2648 496 2670 28.
513 2658 542 2664 —
559 2647 566 2660 ²
582 2646 672 2677 Erffll„
689 2653 763 2677 xxvi,
782 2650 819 2672 35,
837 2661 866 2665 —-
881 2650 890 2664 ³⁴
908 2651 1026 2680 mogon,

252 2679 354 2711 Morul„
369 2679 412 2705 lib.
431 2683 509 2713 ΧᾸΙΙ,
526 2690 549 2707 c.
566 2689 625 2714 ⁴xvi,
644 2684 676 2708 al.
697 2690 777 2715 xxm,
793 2692 818 2709 n.
832 2686 870 2709 ²04.
888 2699 918 2703 —
935 2686 944 2702 θ
957 2686 1026 2717 Luc„

956 184 1165 219 EXPOSITIO

1084 254 1292 294 praesumitur
1316 262 1393 286 eum
1415 253 1606 294 consentire,
1629 253 1656 286 si
1683 262 1750 286 non
1781 263 1858 287 cou-

1082 307 1227 339 tradicat.
1246 307 1332 339 Unde
1351 307 1537 347 Gregorius,
1556 317 1626 339 xxn
1639 307 1812 340 Moralium
1823 308 1835 326 ⁸
1850 317 1859 338 2

1088 371 1103 390 c«
1123 360 1172 392 Pii
1199 361 1334 402 pastoris
1358 370 1468 400 mens,
1493 361 1568 402 quia
1594 371 1662 393 non
1698 362 1861 402 propriam

1085 413 1235 453 gloriam,
1251 415 1305 446 sed
1329 414 1468 446 auctoris
1493 415 1543 446 sui
1570 415 1705 455 quaerit,
1733 415 1774 446 ab
1787 424 1861 447 om-

1083 467 1178 499 nibus
1193 467 1263 499 vult
1273 468 1396 508 juvari.
1416 467 1532 499 Fidelis
1545 477 1686 510 namque
1706 469 1859 509 praedica-

1083 521 1134 551 tor
1147 523 1244 561 optat,
1260 523 1306 561 ut,
1319 522 1346 553 si
1360 522 1430 553 fieri
1445 521 1559 562 valeat,
1567 523 1752 562 veritatem,
1762 531 1861 563 quam

1083 576 1170 608 solus
1190 577 1279 618 loqui
1300 586 1365 609 non
1384 578 1512 618 sufficit,
1533 587 1591 610 ora
1605 581 1795 610 cunctorum
1809 587 1862 610 so-

1083 632 1173 661 nent.
1199 641 1214 660 »
1238 630 1313 663 Haec
1327 631 1513 672 Gregorius.
1531 631 1621 665 Unde
1634 633 1669 664 in
1686 633 1769 665 Luca
1782 632 1860 664 dici-

1083 688 1137 718 tur
1149 687 1177 718 ⁶:
1199 687 1350 720 Vidimus
1364 687 1534 729 quemdam
1545 689 1717 721 innomine
1731 691 1784 722 tuo
1798 688 1862 721 ἀω-

1083 741 1195 773 monia
1205 741 1396 781 ejicientem,
1409 745 1440 775 ec
1447 741 1672 782 prohibuimus
1686 750 1769 781 eum,
1779 743 1859 783 quia

1083 803 1149 828 ‘non
1166 797 1311 837 sequitur
1340 800 1368 829 te
1387 797 1563 830 nobiscum.
1580 798 1624 831 Et
1637 798 1686 830 ait
1701 797 1746 830 ad
1767 797 1859 830 illos:

1084 849 1189 882 Nolite
1201 850 1377 891 prohibere·
1391 851 1450 892 qui
1463 852 1550 883 enim
1563 859 1630 883 non
1644 854 1691 885 est
1706 851 1860 884 adversas

1083 912 1152 943 nos,
1177 912 1235 945 pro
1254 905 1347 937 nobis
1362 908 1417 937 est.
1435 905 1546 936 Simile
1560 905 1680 945 legitur
1694 905 1727 936 in
1743 906 1860 940 Name-

1082 959 1132 990 ris
1145 961 1156 978 ⁵
1171 982 1178 990 .
1195 958 1241 990 Ne
1265 959 1369 998 igitur
1389 958 1654 999 impedimentum
1674 967 1743 990 esse
1762 959 1861 999 possit

1083 1011 1173 1043 verbi
1195 1011 1249 1043 Dei
1271 1012 1448 1052 expectatio
1472 1011 1608 1043 licentiae
1632 1020 1809 1052 expressae‚
1823 1013 1862 1043 ut

1083 1065 1268 1097 ostendatur
1283 1068 1514 1106 praesumptam
1537 1065 1698 1097 licentiam
1717 1066 1862 1097 sufficere

1082 1120 1134 1150 his
1154 1119 1343 1158 dumtaxat,
1367 1128 1507 1160 quorum
1531 1119 1714 1160 praedicatio
1735 1121 1783 1151 est
1804 1129 1862 1160 per

1083 1173 1198 1206 Sedem
1218 1175 1431 1216 Apostolicam
1446 1174 1630 1215 approbata,
1646 1174 1789 1215 loquitur
1803 1184 1860 1206 ne-

1082 1229 1204 1268 gative,
1218 1229 1250 1260 in
1261 1229 1417 1270 principio
1427 1229 1533 1260 dicens
1549 1239 1555 1260 :
1568 1229 1697 1262 Fratres
1711 1237 1863 1269 nonproe-

1083 1281 1191 1315 dicent
1205 1283 1242 1315 in
1256 1283 1443 1323 episcopatu
1461 1282 1615 1322 alicujus.
1632 1283 1691 1314 Sed
1706 1291 1863 1323 ponamus

1083 1336 1167 1376 quod
1190 1337 1336 1377 episcopo
1357 1338 1532 1368 attentante
1548 1337 1592 1376 (a)
1613 1339 1643 1368 et
1666 1336 1863 1377 approbante

1083 1390 1342 1430 praedicationem
1354 1391 1500 1429 fratrum,
1514 1390 1630 1431 aliquis
1641 1390 1772 1422 inferior
1781 1399 1863 1431 prae-

1083 1443 1166 1475 latus
1190 1444 1321 1484 repellat
1344 1454 1419 1476 eum
1440 1444 1473 1475 in
1497 1444 1648 1485 parochia
1673 1453 1751 1483 sua3
1772 1453 1864 1475 num-

1083 1497 1160 1538 quid
1182 1500 1292 1528 contra
1313 1498 1511 1529 voluntatem
1531 1499 1558 1538 ej
1566 1507 1602 1529 us
1617 1498 1732 1529 debent
1745 1497 1864 1529 ibidem

1083 1551 1276 1591 praedicare?
1292 1551 1331 1582 Et
1345 1551 1474 1582 videtur
1482 1551 1567 1591 quod
1579 1560 1655 1590 non,
1671 1551 1748 1592 quia
1758 1551 1864 1582 omnis

1084 1606 1255 1637 auctoritas
1269 1614 1418 1636 concessa
1431 1614 1450 1635 a
1465 1614 1667 1645 quocumque
1680 1605 1800 1645 judice,
1814 1605 1861 1635 iu-

1084 1659 1241 1699 telligitur
1257 1659 1385 1690 concedi
1406 1659 1474 1690 sine
1489 1659 1694 1699 praejudicio:
1714 1659 1768 1690 sed
1783 1666 1863 1698 prae-

1084 1713 1188 1744 dicare
1203 1714 1236 1743 in
1252 1713 1375 1749 alienis,
1402 1712 1502 1743 invito
1524 1721 1635 1743 euram
1652 1712 1799 1751 habente,
1816 1714 1863 1744 est

1084 1766 1116 1797 in
1132 1766 1353 1807 praejudicium
1374 1766 1492 1806 proprii
1515 1765 1650 1806 pastoris
1669 1776 1675 1797 z
1691 1774 1772 1805 ergo
1787 1765 1862 1797 nul-

1084 1821 1152 1851 lum
1184 1820 1392 1860 privilegium
1420 1819 1620 1859 suffragatur
1647 1819 1798 1851 fratribus
1823 1819 1864 1851 ad

1084 1874 1324 1914 praedicandum
1346 1873 1451 1914 plebi,
1474 1873 1708 1905 contradicente
1735 1874 1864 1915 proprio

1085 1930 1221 1968 pastore.

1126 1981 1203 2012 item
1219 1981 1331 2012 saltem
1347 1981 1453 2012 nullus
1467 1980 1560 2012 (lebet
1575 1980 1686 2012 audire
1697 1980 1863 2012 confessio-

1083 2045 1158 2066 nem
1183 2035 1319 2075 aliquus
1343 2034 1527 2075 parochiani
1547 2034 1688 2072 alteriuS,
1713 2034 1789 2074 quia
1807 2042 1864 2074 per

1083 2090 1144 2121 hoc
1165 2089 1339 2130 impeditur
1362 2099 1402 2119 ne
1424 2088 1523 2128 possit
1541 2097 1715 2128 agnoscere
1735 2087 1863 2119 vultum

1084 2152 1235 2184 pecorum
1261 2152 1413 2179 suorum,
1437 2145 1546 2173 contra
1569 2141 1649 2172 illud
1670 2141 1862 2173 Proverbio-

1083 2206 1157 2228 rum
1166 2197 1175 2214 ⁸
1188 2206 1195 2228 ε
1209 2197 1387 2237 Diliqemcr
1397 2204 1530 2236 aqnosce
1540 2195 1790 2236 vulcmnpecoris
1799 2196 1859 2228 tui.

1125 2251 1319 2291 Respondeo.
1335 2250 1416 2281 Cura
1433 2250 1601 2290 pastoralis
1615 2259 1679 2281 non
1693 2252 1741 2281 est
1755 2249 1861 2281 domi-

1083 2305 1185 2344 nium,
1209 2305 1263 2336 sed
1283 2305 1485 2345 dispensatio,
1506 2306 1537 2335 et
1556 2304 1698 2336 officium
1718 2303 1861 2335 ecclesia-

1083 2360 1170 2390 sticae
1189 2359 1351 2399 potestatis
1385 2358 1474 2389 Unde
1492 2358 1671 2389 hierarchia
1686 2358 1860 2390 secundum

1083 2412 1270 2453 Dionysium
1285 2415 1295 2432 '¹
1311 2414 1358 2443 est
1374 2414 1511 2452 potestas
1524 2412 1668 2443 ordinata
1683 2412 1723 2443 ad
1737 2411 1860 2452 dispen-

1083 2467 1219 2498 sandum
1244 2475 1342 2498 sacrae
1364 2466 1473 2497 onmia
1494 2466 1640 2506 potestati
1653 2466 1806 2505 subjecta.
1824 2464 1859 2495 ln

1083 2520 1291 2560 potestatibus
1317 2522 1425 2551 autem
1449 2519 1612 2559 ordinatis,
1630 2519 1783 2560 quidquid
1806 2527 1859 2559 po-

1086 2608 1121 2633 tx,
1137 2604 1221 2626 49-50.
1238 2615 1267 2620 —-
1281 2603 1291 2619 ⁶
1305 2602 1392 2633 Num„
1409 2608 1446 2633 xi,
1459 2603 1539 2628 26-29.
1553 2615 1584 2619 —
1599 2602 1607 2616 ὃ
1621 2601 1706 2632 Prov.,
1720 2607 1803 2633 xxvii,
1819 2602 1858 2626 23.

1085 2652 1113 2655 —
1126 2638 1135 2655 ⁷
1153 2638 1258 2670 Dionys.
1275 2639 1359 2669 Areop
1372 2657 1381 2667 ,
1395 2637 1424 2662 zie
1438 2638 1502 2663 Eccl.
1521 2637 1597 2668 Hier„
1618 2645 1640 2662 c.
1657 2639 1680 2662 1.

1118 2688 1151 2718 (a)
1168 2688 1242 2712 Forte
1258 2687 1308 2718 leq.
1323 2689 1482 2718 acceptante.
