<?xml version="1.0" encoding="UTF-8"?>
<!DOCTYPE html PUBLIC "-//W3C//DTD XHTML 1.0 Transitional//EN"
    "http://www.w3.org/TR/xhtml1/DTD/xhtml1-transitional.dtd">
<html xmlns="http://www.w3.org/1999/xhtml" xml:lang="en" lang="en">
 <head>
  <title>
</title>
<meta http-equiv="Content-Type" content="text/html;charset=utf-8" />
  <meta name='ocr-system' content='tesseract 3.04.00' />
  <meta name='ocr-capabilities' content='ocr_page ocr_carea ocr_par ocr_line ocrx_word'/>
</head>
<body>
  <div class='ocr_page' id='page_1' title='image "./operaomniasixtiv14bonauoft/operaomniasixtiv14bonauoft_0154.png"; bbox 0 0 2029 3052; ppageno 0'>
   <div class='ocr_carea' id='block_1_1' title="bbox 270 248 330 284">
    <p class='ocr_par' dir='ltr' id='par_1_1' title="bbox 270 248 330 284">
     <span class='ocr_line' id='line_1_1' title="bbox 270 248 330 284; baseline 0 -1"><span class='ocrx_word' id='word_1_1' title='bbox 270 248 330 284; x_wconf 75' lang='lat'><strong>116</strong></span> 
     </span>
    </p>
   </div>
   <div class='ocr_carea' id='block_1_2' title="bbox 268 317 1057 2296">
    <p class='ocr_par' dir='ltr' id='par_1_2' title="bbox 268 317 1057 2296">
     <span class='ocr_line' id='line_1_2' title="bbox 269 317 1057 358; baseline -0.001 -9"><span class='ocrx_word' id='word_1_2' title='bbox 269 320 333 350; x_wconf 81' lang='lat' dir='ltr'>Filii</span> <span class='ocrx_word' id='word_1_3' title='bbox 347 327 477 358; x_wconf 86' lang='lat' dir='ltr'><strong>persona</strong></span> <span class='ocrx_word' id='word_1_4' title='bbox 490 319 588 349; x_wconf 85' lang='lat' dir='ltr'><strong>carnis</strong></span> <span class='ocrx_word' id='word_1_5' title='bbox 601 319 742 348; x_wconf 70' lang='lat' dir='ltr'><strong>humanm</strong></span> <span class='ocrx_word' id='word_1_6' title='bbox 755 317 962 347; x_wconf 81' lang='lat' dir='ltr'><strong>substantiam.</strong></span> <span class='ocrx_word' id='word_1_7' title='bbox 979 329 993 344; x_wconf 74' lang='lat' dir='ltr'><strong>n</strong></span> <span class='ocrx_word' id='word_1_8' title='bbox 1010 317 1057 348; x_wconf 79' lang='lat' dir='ltr'><strong>Ad</strong></span> 
     </span>
     <span class='ocr_line' id='line_1_3' title="bbox 268 365 1056 404; baseline -0.003 -7"><span class='ocrx_word' id='word_1_9' title='bbox 268 368 347 397; x_wconf 86' lang='lat' dir='ltr'><strong>hanc</strong></span> <span class='ocrx_word' id='word_1_10' title='bbox 361 367 452 404; x_wconf 87' lang='lat' dir='ltr'><strong>igitur</strong></span> <span class='ocrx_word' id='word_1_11' title='bbox 465 367 654 402; x_wconf 73' lang='lat' dir='ltr'><strong>accedamus,</strong></span> <span class='ocrx_word' id='word_1_12' title='bbox 674 365 753 395; x_wconf 89' lang='lat' dir='ltr'><strong>hanc</strong></span> <span class='ocrx_word' id='word_1_13' title='bbox 766 365 962 402; x_wconf 80' lang='lat' dir='ltr'><strong>honoremus,</strong></span> <span class='ocrx_word' id='word_1_14' title='bbox 977 365 1056 395; x_wconf 84' lang='lat' dir='ltr'><strong>bane</strong></span> 
     </span>
     <span class='ocr_line' id='line_1_4' title="bbox 269 413 1057 451; baseline -0.001 -8"><span class='ocrx_word' id='word_1_15' title='bbox 269 415 301 443; x_wconf 90' lang='lat' dir='ltr'><strong>iu</strong></span> <span class='ocrx_word' id='word_1_16' title='bbox 325 417 460 444; x_wconf 86' lang='lat' dir='ltr'><strong>nostrum</strong></span> <span class='ocrx_word' id='word_1_17' title='bbox 488 413 636 443; x_wconf 81' lang='lat' dir='ltr'><strong>auxilium</strong></span> <span class='ocrx_word' id='word_1_18' title='bbox 663 413 856 448; x_wconf 82' lang='lat' dir='ltr'><strong>invocemus,</strong></span> <span class='ocrx_word' id='word_1_19' title='bbox 885 421 955 451; x_wconf 79' lang='lat' dir='ltr'><strong>quoe</strong></span> <span class='ocrx_word' id='word_1_20' title='bbox 983 413 1057 442; x_wconf 83' lang='lat' dir='ltr'><strong>tanti</strong></span> 
     </span>
     <span class='ocr_line' id='line_1_5' title="bbox 268 459 1056 500; baseline -0.005 -8"><span class='ocrx_word' id='word_1_21' title='bbox 268 462 352 500; x_wconf 84' lang='lat' dir='ltr'><strong>apud</strong></span> <span class='ocrx_word' id='word_1_22' title='bbox 366 462 526 491; x_wconf 87' lang='lat' dir='ltr'><strong>Dominum</strong></span> <span class='ocrx_word' id='word_1_23' title='bbox 539 463 583 490; x_wconf 87' lang='lat' dir='ltr'><strong>est</strong></span> <span class='ocrx_word' id='word_1_24' title='bbox 597 460 708 493; x_wconf 87' lang='lat' dir='ltr'><strong>meriti.</strong></span> <span class='ocrx_word' id='word_1_25' title='bbox 726 462 759 489; x_wconf 90' lang='lat' dir='ltr'><strong>ut</strong></span> <span class='ocrx_word' id='word_1_26' title='bbox 772 468 836 489; x_wconf 88' lang='lat' dir='ltr'><strong>non</strong></span> <span class='ocrx_word' id='word_1_27' title='bbox 849 460 943 498; x_wconf 87' lang='lat' dir='ltr'><strong>possit</strong></span> <span class='ocrx_word' id='word_1_28' title='bbox 955 459 1056 498; x_wconf 90' lang='lat' dir='ltr'><strong>repul-</strong></span> 
     </span>
     <span class='ocr_line' id='line_1_6' title="bbox 269 507 1054 547; baseline -0.003 -9"><span class='ocrx_word' id='word_1_29' title='bbox 269 517 334 538; x_wconf 85' lang='lat' dir='ltr'><strong>sam</strong></span> <span class='ocrx_word' id='word_1_30' title='bbox 349 509 422 547; x_wconf 85' lang='lat' dir='ltr'><strong>pati,</strong></span> <span class='ocrx_word' id='word_1_31' title='bbox 442 517 512 538; x_wconf 82' lang='lat' dir='ltr'><strong>cum</strong></span> <span class='ocrx_word' id='word_1_32' title='bbox 531 507 567 536; x_wconf 83' lang='lat' dir='ltr'><strong>sit</strong></span> <span class='ocrx_word' id='word_1_33' title='bbox 585 507 678 544; x_wconf 84' lang='lat' dir='ltr'><strong>digna</strong></span> <span class='ocrx_word' id='word_1_34' title='bbox 696 507 728 536; x_wconf 90' lang='lat' dir='ltr'><strong>in</strong></span> <span class='ocrx_word' id='word_1_35' title='bbox 747 507 889 536; x_wconf 89' lang='lat' dir='ltr'><strong>omnibus</strong></span> <span class='ocrx_word' id='word_1_36' title='bbox 907 507 1054 537; x_wconf 81' lang='lat' dir='ltr'><strong>exaudiri.</strong></span> 
     </span>
     <span class='ocr_line' id='line_1_7' title="bbox 269 554 1057 593; baseline -0.004 -7"><span class='ocrx_word' id='word_1_37' title='bbox 269 559 301 586; x_wconf 86' lang='lat' dir='ltr'><strong>ln</strong></span> <span class='ocrx_word' id='word_1_38' title='bbox 319 557 404 593; x_wconf 79' lang='lat' dir='ltr'><strong>quus</strong></span> <span class='ocrx_word' id='word_1_39' title='bbox 424 555 522 592; x_wconf 85' lang='lat' dir='ltr'><strong>figura</strong></span> <span class='ocrx_word' id='word_1_40' title='bbox 541 563 594 584; x_wconf 86' lang='lat' dir='ltr'><strong>rex</strong></span> <span class='ocrx_word' id='word_1_41' title='bbox 617 554 760 584; x_wconf 80' lang='lat' dir='ltr'>Salomon</span> <span class='ocrx_word' id='word_1_42' title='bbox 778 555 866 584; x_wconf 86' lang='lat' dir='ltr'><strong>matri</strong></span> <span class='ocrx_word' id='word_1_43' title='bbox 886 555 1057 584; x_wconf 85' lang='lat' dir='ltr'><strong>advenienti</strong></span> 
     </span>
     <span class='ocr_line' id='line_1_8' title="bbox 269 601 1057 639; baseline -0.003 -7"><span class='ocrx_word' id='word_1_44' title='bbox 269 602 437 638; x_wconf 77' lang='lat' dir='ltr'>assurrexit,</span> <span class='ocrx_word' id='word_1_45' title='bbox 453 604 482 631; x_wconf 88' lang='lat' dir='ltr'><strong>et</strong></span> <span class='ocrx_word' id='word_1_46' title='bbox 499 602 643 631; x_wconf 88' lang='lat' dir='ltr'><strong>thronum</strong></span> <span class='ocrx_word' id='word_1_47' title='bbox 658 602 761 631; x_wconf 86' lang='lat' dir='ltr'><strong>matris</strong></span> <span class='ocrx_word' id='word_1_48' title='bbox 777 602 863 639; x_wconf 82' lang='lat' dir='ltr'><strong>juxta</strong></span> <span class='ocrx_word' id='word_1_49' title='bbox 879 610 969 631; x_wconf 91' lang='lat' dir='ltr'><strong>suum</strong></span> <span class='ocrx_word' id='word_1_50' title='bbox 982 601 1057 638; x_wconf 84' lang='lat' dir='ltr'><strong>poni</strong></span> 
     </span>
     <span class='ocr_line' id='line_1_9' title="bbox 268 649 1056 687; baseline -0.001 -9"><span class='ocrx_word' id='word_1_51' title='bbox 268 651 346 685; x_wconf 81' lang='lat' dir='ltr'><strong>fecit,</strong></span> <span class='ocrx_word' id='word_1_52' title='bbox 369 650 457 687; x_wconf 83' lang='lat' dir='ltr'><strong>eique</strong></span> <span class='ocrx_word' id='word_1_53' title='bbox 482 649 601 678; x_wconf 75' lang='lat' dir='ltr'><strong>dixit&#39;:</strong></span> <span class='ocrx_word' id='word_1_54' title='bbox 628 661 641 675; x_wconf 74' lang='grc' dir='ltr'><strong>«ι</strong></span> <span class='ocrx_word' id='word_1_55' title='bbox 654 651 734 685; x_wconf 88' lang='lat' dir='ltr'><strong>Pete,</strong></span> <span class='ocrx_word' id='word_1_56' title='bbox 759 652 855 678; x_wconf 86' lang='lat' dir='ltr'><strong>mater</strong></span> <span class='ocrx_word' id='word_1_57' title='bbox 876 657 968 678; x_wconf 82' lang='lat' dir='ltr'><strong>mea:</strong></span> <span class='ocrx_word' id='word_1_58' title='bbox 993 656 1056 677; x_wconf 90' lang='lat' dir='ltr'><strong>non</strong></span> 
     </span>
     <span class='ocr_line' id='line_1_10' title="bbox 268 696 1056 731; baseline -0.003 -5"><span class='ocrx_word' id='word_1_59' title='bbox 268 697 350 726; x_wconf 88' lang='lat' dir='ltr'><strong>enim</strong></span> <span class='ocrx_word' id='word_1_60' title='bbox 357 697 401 726; x_wconf 82' lang='lat' dir='ltr'><strong>las</strong></span> <span class='ocrx_word' id='word_1_61' title='bbox 414 699 466 731; x_wconf 87' lang='lat' dir='ltr'><strong>est,</strong></span> <span class='ocrx_word' id='word_1_62' title='bbox 475 699 648 726; x_wconf 86' lang='lat' dir='ltr'><strong>utavertam</strong></span> <span class='ocrx_word' id='word_1_63' title='bbox 658 696 765 726; x_wconf 78' lang='lat' dir='ltr'><strong>taciem</strong></span> <span class='ocrx_word' id='word_1_64' title='bbox 778 704 909 726; x_wconf 62' lang='lat' dir='ltr'><strong>meamm</strong></span> <span class='ocrx_word' id='word_1_65' title='bbox 921 696 1056 725; x_wconf 83' lang='lat' dir='ltr'><strong>Julianus</strong></span> 
     </span>
     <span class='ocr_line' id='line_1_11' title="bbox 269 743 1055 781; baseline -0.003 -8"><span class='ocrx_word' id='word_1_66' title='bbox 269 745 432 781; x_wconf 76' lang='lat' dir='ltr'><strong>Imperator</strong></span> <span class='ocrx_word' id='word_1_67' title='bbox 445 744 456 761; x_wconf 81' lang='lat'><strong>¹</strong></span> <span class='ocrx_word' id='word_1_68' title='bbox 472 752 490 773; x_wconf 86' lang='lat' dir='ltr'><strong>a</strong></span> <span class='ocrx_word' id='word_1_69' title='bbox 504 743 564 773; x_wconf 86' lang='lat' dir='ltr'><strong>fide</strong></span> <span class='ocrx_word' id='word_1_70' title='bbox 587 745 769 781; x_wconf 81' lang='lat' dir='ltr'><strong>apostatans,</strong></span> <span class='ocrx_word' id='word_1_71' title='bbox 789 743 926 772; x_wconf 88' lang='lat' dir='ltr'><strong>habitum</strong></span> <span class='ocrx_word' id='word_1_72' title='bbox 948 751 1055 772; x_wconf 87' lang='lat' dir='ltr'><strong>mona-</strong></span> 
     </span>
     <span class='ocr_line' id='line_1_12' title="bbox 268 791 1056 829; baseline -0.003 -9"><span class='ocrx_word' id='word_1_73' title='bbox 268 791 316 821; x_wconf 85' lang='lat' dir='ltr'><strong>chi</strong></span> <span class='ocrx_word' id='word_1_74' title='bbox 330 791 502 829; x_wconf 89' lang='lat' dir='ltr'><strong>projiciens,</strong></span> <span class='ocrx_word' id='word_1_75' title='bbox 518 799 610 829; x_wconf 87' lang='lat' dir='ltr'><strong>quem</strong></span> <span class='ocrx_word' id='word_1_76' title='bbox 624 791 766 826; x_wconf 87' lang='lat' dir='ltr'><strong>habebat,</strong></span> <span class='ocrx_word' id='word_1_77' title='bbox 783 793 814 819; x_wconf 91' lang='lat' dir='ltr'><strong>ut</strong></span> <span class='ocrx_word' id='word_1_78' title='bbox 831 791 984 819; x_wconf 82' lang='lat' dir='ltr'><strong>daemones</strong></span> <span class='ocrx_word' id='word_1_79' title='bbox 998 791 1056 819; x_wconf 88' lang='lat' dir='ltr'><strong>sibi</strong></span> 
     </span>
     <span class='ocr_line' id='line_1_13' title="bbox 269 839 1056 876; baseline -0.003 -7"><span class='ocrx_word' id='word_1_80' title='bbox 269 840 443 869; x_wconf 82' lang='lat' dir='ltr'><strong>obedientes</strong></span> <span class='ocrx_word' id='word_1_81' title='bbox 467 840 593 869; x_wconf 85' lang='lat' dir='ltr'><strong>haberet</strong></span> <span class='ocrx_word' id='word_1_82' title='bbox 613 841 694 876; x_wconf 88' lang='lat' dir='ltr'><strong>(nam</strong></span> <span class='ocrx_word' id='word_1_83' title='bbox 722 839 980 873; x_wconf 78' lang='lat' dir='ltr'><strong>necromantiam,</strong></span> <span class='ocrx_word' id='word_1_84' title='bbox 1007 839 1056 867; x_wconf 87' lang='lat' dir='ltr'><strong>vel</strong></span> 
     </span>
     <span class='ocr_line' id='line_1_14' title="bbox 268 886 1056 924; baseline -0.003 -8"><span class='ocrx_word' id='word_1_85' title='bbox 268 887 417 924; x_wconf 78' lang='lat' dir='ltr'><strong>magicam</strong></span> <span class='ocrx_word' id='word_1_86' title='bbox 433 890 526 916; x_wconf 88' lang='lat' dir='ltr'><strong>artem</strong></span> <span class='ocrx_word' id='word_1_87' title='bbox 541 887 721 924; x_wconf 86' lang='lat' dir='ltr'><strong>exercebat),</strong></span> <span class='ocrx_word' id='word_1_88' title='bbox 745 895 864 915; x_wconf 89' lang='lat' dir='ltr'><strong>crucem</strong></span> <span class='ocrx_word' id='word_1_89' title='bbox 883 886 986 915; x_wconf 79' lang='lat' dir='ltr'><strong>Christi</strong></span> <span class='ocrx_word' id='word_1_90' title='bbox 1002 894 1056 915; x_wconf 92' lang='lat' dir='ltr'><strong>un-</strong></span> 
     </span>
     <span class='ocr_line' id='line_1_15' title="bbox 269 934 1055 972; baseline -0.001 -9"><span class='ocrx_word' id='word_1_91' title='bbox 269 934 361 972; x_wconf 86' lang='lat' dir='ltr'><strong>dique</strong></span> <span class='ocrx_word' id='word_1_92' title='bbox 383 934 571 970; x_wconf 81' lang='lat' dir='ltr'><strong>destruebat3</strong></span> <span class='ocrx_word' id='word_1_93' title='bbox 597 942 728 971; x_wconf 83' lang='lat' dir='ltr'><strong>cumque</strong></span> <span class='ocrx_word' id='word_1_94' title='bbox 757 937 861 963; x_wconf 86' lang='lat' dir='ltr'><strong>contra</strong></span> <span class='ocrx_word' id='word_1_95' title='bbox 889 935 990 962; x_wconf 80' lang='lat' dir='ltr'><strong>Persas</strong></span> <span class='ocrx_word' id='word_1_96' title='bbox 1016 934 1055 962; x_wconf 88' lang='lat' dir='ltr'><strong>ad</strong></span> 
     </span>
     <span class='ocr_line' id='line_1_16' title="bbox 268 981 1055 1018; baseline -0.001 -8"><span class='ocrx_word' id='word_1_97' title='bbox 268 981 383 1010; x_wconf 89' lang='lat' dir='ltr'><strong>bellum</strong></span> <span class='ocrx_word' id='word_1_98' title='bbox 398 982 461 1017; x_wconf 88' lang='lat' dir='ltr'><strong>iret,</strong></span> <span class='ocrx_word' id='word_1_99' title='bbox 478 984 506 1011; x_wconf 89' lang='lat' dir='ltr'><strong>et</strong></span> <span class='ocrx_word' id='word_1_100' title='bbox 520 981 673 1010; x_wconf 73' lang='lat' dir='ltr'><strong>doemones</strong></span> <span class='ocrx_word' id='word_1_101' title='bbox 688 981 745 1010; x_wconf 89' lang='lat' dir='ltr'><strong>sibi</strong></span> <span class='ocrx_word' id='word_1_102' title='bbox 760 981 916 1010; x_wconf 88' lang='lat' dir='ltr'><strong>victoriam</strong></span> <span class='ocrx_word' id='word_1_103' title='bbox 931 981 1055 1018; x_wconf 91' lang='lat' dir='ltr'><strong>promit-</strong></span> 
     </span>
     <span class='ocr_line' id='line_1_17' title="bbox 268 1028 1056 1066; baseline 0 -10"><span class='ocrx_word' id='word_1_104' title='bbox 268 1031 373 1065; x_wconf 80' lang='lat' dir='ltr'><strong>terent,</strong></span> <span class='ocrx_word' id='word_1_105' title='bbox 389 1029 547 1066; x_wconf 86' lang='lat' dir='ltr'><strong>omnisque</strong></span> <span class='ocrx_word' id='word_1_106' title='bbox 557 1029 606 1058; x_wconf 86' lang='lat' dir='ltr'><strong>Dei</strong></span> <span class='ocrx_word' id='word_1_107' title='bbox 616 1028 744 1058; x_wconf 80' lang='lat' dir='ltr'><strong>Ecclesia</strong></span> <span class='ocrx_word' id='word_1_108' title='bbox 754 1031 856 1057; x_wconf 87' lang='lat' dir='ltr'><strong>contra</strong></span> <span class='ocrx_word' id='word_1_109' title='bbox 867 1036 935 1057; x_wconf 91' lang='lat' dir='ltr'><strong>eum</strong></span> <span class='ocrx_word' id='word_1_110' title='bbox 945 1030 1056 1063; x_wconf 88' lang='lat' dir='ltr'><strong>oraret,</strong></span> 
     </span>
     <span class='ocr_line' id='line_1_18' title="bbox 269 1075 1055 1112; baseline -0.003 -6"><span class='ocrx_word' id='word_1_111' title='bbox 269 1078 359 1106; x_wconf 86' lang='lat' dir='ltr'><strong>talem</strong></span> <span class='ocrx_word' id='word_1_112' title='bbox 374 1078 520 1106; x_wconf 85' lang='lat' dir='ltr'><strong>visionem</strong></span> <span class='ocrx_word' id='word_1_113' title='bbox 536 1077 658 1105; x_wconf 83' lang='lat' dir='ltr'><strong>Basilius</strong></span> <span class='ocrx_word' id='word_1_114' title='bbox 672 1076 748 1104; x_wconf 90' lang='lat' dir='ltr'><strong>vidit</strong></span> <span class='ocrx_word' id='word_1_115' title='bbox 764 1085 770 1104; x_wconf 93' lang='lat'><strong>:</strong></span> <span class='ocrx_word' id='word_1_116' title='bbox 788 1077 863 1105; x_wconf 87' lang='lat' dir='ltr'><strong>Cum</strong></span> <span class='ocrx_word' id='word_1_117' title='bbox 879 1076 959 1104; x_wconf 83' lang='lat' dir='ltr'><strong>enim</strong></span> <span class='ocrx_word' id='word_1_118' title='bbox 973 1075 1055 1112; x_wconf 87' lang='lat' dir='ltr'><strong>apud</strong></span> 
     </span>
     <span class='ocr_line' id='line_1_19' title="bbox 269 1124 1055 1162; baseline -0.003 -8"><span class='ocrx_word' id='word_1_119' title='bbox 269 1127 431 1154; x_wconf 83' lang='lat' dir='ltr'><strong>Caesaream</strong></span> <span class='ocrx_word' id='word_1_120' title='bbox 451 1126 609 1162; x_wconf 86' lang='lat' dir='ltr'><strong>episcopus</strong></span> <span class='ocrx_word' id='word_1_121' title='bbox 624 1127 709 1160; x_wconf 87' lang='lat' dir='ltr'><strong>esset,</strong></span> <span class='ocrx_word' id='word_1_122' title='bbox 725 1125 782 1153; x_wconf 90' lang='lat' dir='ltr'><strong>sibi</strong></span> <span class='ocrx_word' id='word_1_123' title='bbox 797 1124 956 1152; x_wconf 87' lang='lat' dir='ltr'><strong>videbatur</strong></span> <span class='ocrx_word' id='word_1_124' title='bbox 972 1124 1055 1160; x_wconf 88' lang='lat' dir='ltr'><strong>quod</strong></span> 
     </span>
     <span class='ocr_line' id='line_1_20' title="bbox 270 1171 1055 1207; baseline -0.003 -6"><span class='ocrx_word' id='word_1_125' title='bbox 270 1173 396 1202; x_wconf 85' lang='lat' dir='ltr'><strong>Domina</strong></span> <span class='ocrx_word' id='word_1_126' title='bbox 414 1175 516 1202; x_wconf 88' lang='lat' dir='ltr'><strong>nostra</strong></span> <span class='ocrx_word' id='word_1_127' title='bbox 539 1173 570 1201; x_wconf 92' lang='lat' dir='ltr'><strong>in</strong></span> <span class='ocrx_word' id='word_1_128' title='bbox 586 1172 743 1201; x_wconf 87' lang='lat' dir='ltr'><strong>ecclesiam</strong></span> <span class='ocrx_word' id='word_1_129' title='bbox 766 1171 912 1207; x_wconf 85' lang='lat' dir='ltr'><strong>majorem</strong></span> <span class='ocrx_word' id='word_1_130' title='bbox 935 1171 1055 1199; x_wconf 88' lang='lat' dir='ltr'><strong>descen·</strong></span> 
     </span>
     <span class='ocr_line' id='line_1_21' title="bbox 269 1219 1054 1255; baseline -0.003 -7"><span class='ocrx_word' id='word_1_131' title='bbox 269 1219 353 1248; x_wconf 88' lang='lat' dir='ltr'><strong>deret</strong></span> <span class='ocrx_word' id='word_1_132' title='bbox 371 1228 439 1248; x_wconf 90' lang='lat' dir='ltr'><strong>cum</strong></span> <span class='ocrx_word' id='word_1_133' title='bbox 461 1220 652 1248; x_wconf 89' lang='lat' dir='ltr'><strong>multitudine</strong></span> <span class='ocrx_word' id='word_1_134' title='bbox 667 1219 864 1255; x_wconf 83' lang='lat' dir='ltr'><strong>angelorum:</strong></span> <span class='ocrx_word' id='word_1_135' title='bbox 883 1219 912 1246; x_wconf 90' lang='lat' dir='ltr'><strong>in</strong></span> <span class='ocrx_word' id='word_1_136' title='bbox 931 1226 991 1254; x_wconf 86' lang='lat' dir='ltr'><strong>qun</strong></span> <span class='ocrx_word' id='word_1_137' title='bbox 1005 1226 1054 1246; x_wconf 84' lang='lat' dir='ltr'><strong>ec-</strong></span> 
     </span>
     <span class='ocr_line' id='line_1_22' title="bbox 269 1265 1057 1304; baseline -0.004 -9"><span class='ocrx_word' id='word_1_138' title='bbox 269 1266 359 1295; x_wconf 87' lang='lat' dir='ltr'><strong>clesia</strong></span> <span class='ocrx_word' id='word_1_139' title='bbox 369 1267 494 1304; x_wconf 86' lang='lat' dir='ltr'><strong>quidam</strong></span> <span class='ocrx_word' id='word_1_140' title='bbox 506 1267 602 1302; x_wconf 86' lang='lat' dir='ltr'><strong>miles,</strong></span> <span class='ocrx_word' id='word_1_141' title='bbox 616 1267 738 1295; x_wconf 90' lang='lat' dir='ltr'><strong>nomine</strong></span> <span class='ocrx_word' id='word_1_142' title='bbox 753 1265 922 1300; x_wconf 82' lang='lat' dir='ltr'><strong>Mercurius,</strong></span> <span class='ocrx_word' id='word_1_143' title='bbox 936 1265 1057 1300; x_wconf 74' lang='lat' dir='ltr'><strong>jacebat</strong></span> 
     </span>
     <span class='ocr_line' id='line_1_23' title="bbox 269 1313 1055 1349; baseline -0.003 -7"><span class='ocrx_word' id='word_1_144' title='bbox 269 1317 414 1349; x_wconf 89' lang='lat' dir='ltr'><strong>mortuus,</strong></span> <span class='ocrx_word' id='word_1_145' title='bbox 431 1314 503 1343; x_wconf 88' lang='lat' dir='ltr'><strong>etin</strong></span> <span class='ocrx_word' id='word_1_146' title='bbox 523 1314 629 1342; x_wconf 78' lang='lat' dir='ltr'><strong>eadem</strong></span> <span class='ocrx_word' id='word_1_147' title='bbox 651 1313 777 1342; x_wconf 85' lang='lat' dir='ltr'><strong>ecclesia</strong></span> <span class='ocrx_word' id='word_1_148' title='bbox 800 1321 883 1341; x_wconf 86' lang='lat' dir='ltr'><strong>arma</strong></span> <span class='ocrx_word' id='word_1_149' title='bbox 898 1320 952 1340; x_wconf 91' lang='lat' dir='ltr'><strong>sua</strong></span> <span class='ocrx_word' id='word_1_150' title='bbox 968 1320 1055 1349; x_wconf 76' lang='lat' dir='ltr'><strong>repo—</strong></span> 
     </span>
     <span class='ocr_line' id='line_1_24' title="bbox 269 1359 1053 1397; baseline -0.003 -8"><span class='ocrx_word' id='word_1_151' title='bbox 269 1362 324 1391; x_wconf 89' lang='lat' dir='ltr'><strong>sita</strong></span> <span class='ocrx_word' id='word_1_152' title='bbox 349 1365 443 1397; x_wconf 87' lang='lat' dir='ltr'><strong>erant,</strong></span> <span class='ocrx_word' id='word_1_153' title='bbox 466 1370 557 1397; x_wconf 82' lang='lat' dir='ltr'><strong>quem</strong></span> <span class='ocrx_word' id='word_1_154' title='bbox 580 1361 714 1390; x_wconf 80' lang='lat' dir='ltr'><strong>Julianus</strong></span> <span class='ocrx_word' id='word_1_155' title='bbox 733 1368 788 1397; x_wconf 84' lang='lat' dir='ltr'><strong>pro</strong></span> <span class='ocrx_word' id='word_1_156' title='bbox 812 1360 871 1388; x_wconf 84' lang='lat' dir='ltr'><strong>lide</strong></span> <span class='ocrx_word' id='word_1_157' title='bbox 895 1359 1053 1388; x_wconf 82' lang='lat' dir='ltr'><strong>occiderat.</strong></span> 
     </span>
     <span class='ocr_line' id='line_1_25' title="bbox 271 1407 1053 1438; baseline -0.005 0"><span class='ocrx_word' id='word_1_158' title='bbox 271 1410 396 1438; x_wconf 87' lang='lat' dir='ltr'><strong>Domina</strong></span> <span class='ocrx_word' id='word_1_159' title='bbox 411 1411 509 1438; x_wconf 87' lang='lat' dir='ltr'><strong>autem</strong></span> <span class='ocrx_word' id='word_1_160' title='bbox 525 1409 563 1437; x_wconf 89' lang='lat' dir='ltr'><strong>ad</strong></span> <span class='ocrx_word' id='word_1_161' title='bbox 575 1409 736 1437; x_wconf 77' lang='lat' dir='ltr'><strong>exercitum</strong></span> <span class='ocrx_word' id='word_1_162' title='bbox 753 1410 898 1436; x_wconf 81' lang='lat' dir='ltr'><strong>astantem</strong></span> <span class='ocrx_word' id='word_1_163' title='bbox 913 1407 1033 1435; x_wconf 86' lang='lat' dir='ltr'><strong>dicebat</strong></span> <span class='ocrx_word' id='word_1_164' title='bbox 1047 1417 1053 1434; x_wconf 75' lang='lat' dir='ltr'>z</span> 
     </span>
     <span class='ocr_line' id='line_1_26' title="bbox 269 1455 1055 1494; baseline -0.003 -8"><span class='ocrx_word' id='word_1_165' title='bbox 269 1458 340 1492; x_wconf 87' lang='lat' dir='ltr'><strong>Quis</strong></span> <span class='ocrx_word' id='word_1_166' title='bbox 355 1466 403 1486; x_wconf 88' lang='lat' dir='ltr'><strong>me</strong></span> <span class='ocrx_word' id='word_1_167' title='bbox 420 1458 457 1486; x_wconf 89' lang='lat' dir='ltr'><strong>de</strong></span> <span class='ocrx_word' id='word_1_168' title='bbox 472 1458 590 1486; x_wconf 85' lang='lat' dir='ltr'><strong>Juliano</strong></span> <span class='ocrx_word' id='word_1_169' title='bbox 605 1459 741 1494; x_wconf 83' lang='lat' dir='ltr'><strong>apostata</strong></span> <span class='ocrx_word' id='word_1_170' title='bbox 753 1456 928 1490; x_wconf 81' lang='lat' dir='ltr'><strong>vindicabit,</strong></span> <span class='ocrx_word' id='word_1_171' title='bbox 944 1455 996 1492; x_wconf 87' lang='lat' dir='ltr'><strong>qui</strong></span> <span class='ocrx_word' id='word_1_172' title='bbox 1009 1464 1055 1484; x_wconf 86' lang='lat' dir='ltr'><strong>me</strong></span> 
     </span>
     <span class='ocr_line' id='line_1_27' title="bbox 270 1503 1055 1541; baseline -0.004 -8"><span class='ocrx_word' id='word_1_173' title='bbox 270 1508 298 1534; x_wconf 85' lang='lat' dir='ltr'><strong>et</strong></span> <span class='ocrx_word' id='word_1_174' title='bbox 312 1505 407 1533; x_wconf 85' lang='lat' dir='ltr'><strong>filium</strong></span> <span class='ocrx_word' id='word_1_175' title='bbox 424 1513 523 1533; x_wconf 84' lang='lat' dir='ltr'><strong>mcum</strong></span> <span class='ocrx_word' id='word_1_176' title='bbox 540 1504 748 1541; x_wconf 71' lang='lat' dir='ltr'><strong>blasphemare</strong></span> <span class='ocrx_word' id='word_1_177' title='bbox 764 1511 824 1531; x_wconf 91' lang='lat' dir='ltr'><strong>non</strong></span> <span class='ocrx_word' id='word_1_178' title='bbox 847 1503 962 1531; x_wconf 74' lang='lat' dir='ltr'><strong>cessat?</strong></span> <span class='ocrx_word' id='word_1_179' title='bbox 977 1505 1055 1531; x_wconf 86' lang='lat' dir='ltr'><strong>Tunc</strong></span> 
     </span>
     <span class='ocr_line' id='line_1_28' title="bbox 269 1550 1056 1584; baseline -0.005 -3"><span class='ocrx_word' id='word_1_180' title='bbox 269 1553 434 1581; x_wconf 84' lang='lat' dir='ltr'><strong>tacentibus</strong></span> <span class='ocrx_word' id='word_1_181' title='bbox 450 1552 572 1584; x_wconf 80' lang='lat' dir='ltr'><strong>cunctis,</strong></span> <span class='ocrx_word' id='word_1_182' title='bbox 589 1552 640 1580; x_wconf 88' lang='lat' dir='ltr'><strong>illa</strong></span> <span class='ocrx_word' id='word_1_183' title='bbox 655 1552 713 1579; x_wconf 84' lang='lat' dir='ltr'><strong>ait:</strong></span> <span class='ocrx_word' id='word_1_184' title='bbox 740 1552 845 1579; x_wconf 83' lang='lat' dir='ltr'><strong>vocate</strong></span> <span class='ocrx_word' id='word_1_185' title='bbox 862 1550 932 1578; x_wconf 89' lang='lat' dir='ltr'><strong>mihi</strong></span> <span class='ocrx_word' id='word_1_186' title='bbox 949 1552 1056 1578; x_wconf 82' lang='lat' dir='ltr'><strong>Mercu-</strong></span> 
     </span>
     <span class='ocr_line' id='line_1_29' title="bbox 269 1597 1056 1636; baseline -0.005 -8"><span class='ocrx_word' id='word_1_187' title='bbox 269 1600 357 1628; x_wconf 86' lang='lat' dir='ltr'><strong>rium.</strong></span> <span class='ocrx_word' id='word_1_188' title='bbox 377 1603 511 1636; x_wconf 80' lang='lat' dir='ltr'><strong>Cumque</strong></span> <span class='ocrx_word' id='word_1_189' title='bbox 525 1599 573 1627; x_wconf 87' lang='lat' dir='ltr'><strong>ille</strong></span> <span class='ocrx_word' id='word_1_190' title='bbox 590 1599 768 1632; x_wconf 80' lang='lat' dir='ltr'><strong>advenisset,</strong></span> <span class='ocrx_word' id='word_1_191' title='bbox 785 1598 836 1626; x_wconf 86' lang='lat' dir='ltr'><strong>illa</strong></span> <span class='ocrx_word' id='word_1_192' title='bbox 852 1606 920 1625; x_wconf 84' lang='lat' dir='ltr'><strong>eum</strong></span> <span class='ocrx_word' id='word_1_193' title='bbox 936 1597 996 1624; x_wconf 78' lang='lat' dir='ltr'><strong>suis</strong></span> <span class='ocrx_word' id='word_1_194' title='bbox 1012 1605 1056 1625; x_wconf 90' lang='lat' dir='ltr'><strong>ar-</strong></span> 
     </span>
     <span class='ocr_line' id='line_1_30' title="bbox 270 1645 1056 1684; baseline -0.004 -9"><span class='ocrx_word' id='word_1_195' title='bbox 270 1647 326 1675; x_wconf 83' lang='lat' dir='ltr'><strong>mis</strong></span> <span class='ocrx_word' id='word_1_196' title='bbox 342 1647 500 1684; x_wconf 77' lang='lat' dir='ltr'><strong>assumptis</strong></span> <span class='ocrx_word' id='word_1_197' title='bbox 517 1646 555 1674; x_wconf 83' lang='lat' dir='ltr'><strong>ad</strong></span> <span class='ocrx_word' id='word_1_198' title='bbox 571 1646 733 1674; x_wconf 78' lang='lat' dir='ltr'><strong>exercitum</strong></span> <span class='ocrx_word' id='word_1_199' title='bbox 750 1646 790 1673; x_wconf 85' lang='lat' dir='ltr'><strong>irc</strong></span> <span class='ocrx_word' id='word_1_200' title='bbox 808 1645 904 1680; x_wconf 81' lang='lat' dir='ltr'><strong>jussit,</strong></span> <span class='ocrx_word' id='word_1_201' title='bbox 921 1646 948 1672; x_wconf 90' lang='lat' dir='ltr'><strong>et</strong></span> <span class='ocrx_word' id='word_1_202' title='bbox 964 1646 994 1671; x_wconf 92' lang='lat' dir='ltr'><strong>ut</strong></span> <span class='ocrx_word' id='word_1_203' title='bbox 1007 1645 1056 1672; x_wconf 83' lang='lat' dir='ltr'><strong>Ju-</strong></span> 
     </span>
     <span class='ocr_line' id='line_1_31' title="bbox 270 1691 1055 1729; baseline -0.005 -7"><span class='ocrx_word' id='word_1_204' title='bbox 270 1694 384 1722; x_wconf 88' lang='lat' dir='ltr'><strong>lianum</strong></span> <span class='ocrx_word' id='word_1_205' title='bbox 411 1694 559 1722; x_wconf 79' lang='lat' dir='ltr'><strong>occideret</strong></span> <span class='ocrx_word' id='word_1_206' title='bbox 571 1715 578 1727; x_wconf 96' lang='lat'><strong>,</strong></span> <span class='ocrx_word' id='word_1_207' title='bbox 609 1693 776 1729; x_wconf 82' lang='lat' dir='ltr'><strong>imperavit.</strong></span> <span class='ocrx_word' id='word_1_208' title='bbox 807 1694 885 1719; x_wconf 72' lang='lat' dir='ltr'><strong>&#39;l‘unc</strong></span> <span class='ocrx_word' id='word_1_209' title='bbox 909 1691 1055 1725; x_wconf 69' lang='lat' dir='ltr'><strong>evigilans</strong></span> 
     </span>
     <span class='ocr_line' id='line_1_32' title="bbox 271 1738 1055 1776; baseline -0.005 -7"><span class='ocrx_word' id='word_1_210' title='bbox 271 1742 403 1776; x_wconf 78' lang='lat' dir='ltr'><strong>Basilius,</strong></span> <span class='ocrx_word' id='word_1_211' title='bbox 418 1740 573 1769; x_wconf 79' lang='lat' dir='ltr'><strong>ecclesiam</strong></span> <span class='ocrx_word' id='word_1_212' title='bbox 586 1740 714 1774; x_wconf 87' lang='lat' dir='ltr'><strong>intravit,</strong></span> <span class='ocrx_word' id='word_1_213' title='bbox 731 1743 758 1767; x_wconf 76' lang='lat' dir='ltr'><strong>et</strong></span> <span class='ocrx_word' id='word_1_214' title='bbox 770 1739 800 1766; x_wconf 92' lang='lat' dir='ltr'><strong>in</strong></span> <span class='ocrx_word' id='word_1_215' title='bbox 818 1738 932 1766; x_wconf 86' lang='lat' dir='ltr'><strong>tumulo</strong></span> <span class='ocrx_word' id='word_1_216' title='bbox 947 1747 1055 1774; x_wconf 75' lang='lat' dir='ltr'><strong>corpus</strong></span> 
     </span>
     <span class='ocr_line' id='line_1_33' title="bbox 271 1785 1056 1822; baseline -0.006 -5"><span class='ocrx_word' id='word_1_217' title='bbox 271 1788 402 1817; x_wconf 79' lang='lat' dir='ltr'><strong>Mercurii</strong></span> <span class='ocrx_word' id='word_1_218' title='bbox 419 1796 479 1816; x_wconf 91' lang='lat' dir='ltr'><strong>non</strong></span> <span class='ocrx_word' id='word_1_219' title='bbox 496 1787 618 1822; x_wconf 82' lang='lat' dir='ltr'><strong>invenit,</strong></span> <span class='ocrx_word' id='word_1_220' title='bbox 635 1795 688 1815; x_wconf 73' lang='lat' dir='ltr'><strong>nro</strong></span> <span class='ocrx_word' id='word_1_221' title='bbox 700 1794 783 1814; x_wconf 84' lang='lat' dir='ltr'><strong>arma</strong></span> <span class='ocrx_word' id='word_1_222' title='bbox 801 1786 912 1813; x_wconf 84' lang='lat' dir='ltr'><strong>ibidem</strong></span> <span class='ocrx_word' id='word_1_223' title='bbox 925 1785 1056 1821; x_wconf 78' lang='lat' dir='ltr'><strong>penden-</strong></span> 
     </span>
     <span class='ocr_line' id='line_1_34' title="bbox 271 1834 1056 1869; baseline -0.006 -5"><span class='ocrx_word' id='word_1_224' title='bbox 271 1837 311 1865; x_wconf 83' lang='lat' dir='ltr'><strong>tia</strong></span> <span class='ocrx_word' id='word_1_225' title='bbox 326 1836 408 1864; x_wconf 88' lang='lat' dir='ltr'><strong>vidit.</strong></span> <span class='ocrx_word' id='word_1_226' title='bbox 425 1835 563 1864; x_wconf 87' lang='lat' dir='ltr'><strong>Secundo</strong></span> <span class='ocrx_word' id='word_1_227' title='bbox 576 1842 647 1863; x_wconf 88' lang='lat' dir='ltr'><strong>vero</strong></span> <span class='ocrx_word' id='word_1_228' title='bbox 660 1842 746 1862; x_wconf 82' lang='lat' dir='ltr'><strong>manc</strong></span> <span class='ocrx_word' id='word_1_229' title='bbox 758 1834 891 1866; x_wconf 79' lang='lat' dir='ltr'><strong>veniens,</strong></span> <span class='ocrx_word' id='word_1_230' title='bbox 903 1835 931 1860; x_wconf 89' lang='lat' dir='ltr'><strong>et</strong></span> <span class='ocrx_word' id='word_1_231' title='bbox 946 1841 1056 1869; x_wconf 87' lang='lat' dir='ltr'><strong>corpus</strong></span> 
     </span>
     <span class='ocr_line' id='line_1_35' title="bbox 271 1881 1055 1920; baseline -0.005 -8"><span class='ocrx_word' id='word_1_232' title='bbox 271 1885 333 1920; x_wconf 85' lang='lat' dir='ltr'><strong>ejus</strong></span> <span class='ocrx_word' id='word_1_233' title='bbox 349 1886 377 1911; x_wconf 78' lang='lat' dir='ltr'><strong>ct</strong></span> <span class='ocrx_word' id='word_1_234' title='bbox 390 1891 474 1911; x_wconf 89' lang='lat' dir='ltr'><strong>arma</strong></span> <span class='ocrx_word' id='word_1_235' title='bbox 493 1883 614 1911; x_wconf 85' lang='lat' dir='ltr'><strong>invenit.</strong></span> <span class='ocrx_word' id='word_1_236' title='bbox 628 1883 707 1909; x_wconf 85' lang='lat' dir='ltr'><strong>&#39;l&#39;unc</strong></span> <span class='ocrx_word' id='word_1_237' title='bbox 719 1881 863 1909; x_wconf 81' lang='lat' dir='ltr'><strong>visionem</strong></span> <span class='ocrx_word' id='word_1_238' title='bbox 879 1888 981 1908; x_wconf 86' lang='lat' dir='ltr'><strong>veram</strong></span> <span class='ocrx_word' id='word_1_239' title='bbox 993 1888 1055 1908; x_wconf 80' lang='lat' dir='ltr'><strong>esse</strong></span> 
     </span>
     <span class='ocr_line' id='line_1_36' title="bbox 270 1928 1055 1966; baseline -0.005 -7"><span class='ocrx_word' id='word_1_240' title='bbox 270 1931 407 1966; x_wconf 86' lang='lat' dir='ltr'><strong>credidit,</strong></span> <span class='ocrx_word' id='word_1_241' title='bbox 428 1933 455 1959; x_wconf 91' lang='lat' dir='ltr'><strong>et</strong></span> <span class='ocrx_word' id='word_1_242' title='bbox 478 1933 541 1966; x_wconf 79' lang='lat' dir='ltr'><strong>post</strong></span> <span class='ocrx_word' id='word_1_243' title='bbox 557 1938 669 1966; x_wconf 86' lang='lat' dir='ltr'><strong>paucos</strong></span> <span class='ocrx_word' id='word_1_244' title='bbox 685 1929 749 1957; x_wconf 86' lang='lat' dir='ltr'><strong>(lies</strong></span> <span class='ocrx_word' id='word_1_245' title='bbox 770 1928 894 1965; x_wconf 87' lang='lat' dir='ltr'><strong>quidam</strong></span> <span class='ocrx_word' id='word_1_246' title='bbox 915 1928 951 1955; x_wconf 76' lang='lat' dir='ltr'><strong>dc</strong></span> <span class='ocrx_word' id='word_1_247' title='bbox 972 1936 1055 1956; x_wconf 79' lang='lat' dir='ltr'><strong>excr-</strong></span> 
     </span>
     <span class='ocr_line' id='line_1_37' title="bbox 271 1975 1055 2013; baseline -0.005 -7"><span class='ocrx_word' id='word_1_248' title='bbox 271 1979 329 2006; x_wconf 81' lang='lat' dir='ltr'><strong>citu</strong></span> <span class='ocrx_word' id='word_1_249' title='bbox 349 1978 439 2012; x_wconf 90' lang='lat' dir='ltr'><strong>venit,</strong></span> <span class='ocrx_word' id='word_1_250' title='bbox 455 1978 506 2013; x_wconf 83' lang='lat' dir='ltr'><strong>qui</strong></span> <span class='ocrx_word' id='word_1_251' title='bbox 529 1986 596 2005; x_wconf 84' lang='lat' dir='ltr'><strong>eum</strong></span> <span class='ocrx_word' id='word_1_252' title='bbox 613 1985 631 2004; x_wconf 85' lang='lat' dir='ltr'><strong>a</strong></span> <span class='ocrx_word' id='word_1_253' title='bbox 651 1976 786 2013; x_wconf 83' lang='lat' dir='ltr'><strong>quodam</strong></span> <span class='ocrx_word' id='word_1_254' title='bbox 805 1975 896 2003; x_wconf 87' lang='lat' dir='ltr'><strong>milite</strong></span> <span class='ocrx_word' id='word_1_255' title='bbox 921 1975 1055 2003; x_wconf 83' lang='lat' dir='ltr'><strong>interlec—</strong></span> 
     </span>
     <span class='ocr_line' id='line_1_38' title="bbox 272 2022 1055 2060; baseline -0.004 -8"><span class='ocrx_word' id='word_1_256' title='bbox 272 2027 334 2053; x_wconf 88' lang='lat' dir='ltr'><strong>tum</strong></span> <span class='ocrx_word' id='word_1_257' title='bbox 359 2025 511 2052; x_wconf 83' lang='lat' dir='ltr'><strong>narravit:</strong></span> <span class='ocrx_word' id='word_1_258' title='bbox 530 2024 665 2060; x_wconf 75' lang='lat' dir='ltr'><strong>quisquis</strong></span> <span class='ocrx_word' id='word_1_259' title='bbox 690 2023 738 2050; x_wconf 87' lang='lat' dir='ltr'><strong>ille</strong></span> <span class='ocrx_word' id='word_1_260' title='bbox 761 2022 870 2056; x_wconf 72' lang='lat' dir='ltr'><strong>luisset,</strong></span> <span class='ocrx_word' id='word_1_261' title='bbox 897 2022 963 2049; x_wconf 79' lang='lat' dir='ltr'><strong>sciri</strong></span> <span class='ocrx_word' id='word_1_262' title='bbox 994 2029 1055 2049; x_wconf 90' lang='lat' dir='ltr'><strong>non</strong></span> 
     </span>
     <span class='ocr_line' id='line_1_39' title="bbox 272 2070 1055 2109; baseline -0.005 -10"><span class='ocrx_word' id='word_1_263' title='bbox 272 2073 376 2109; x_wconf 85' lang='lat' dir='ltr'><strong>potuit.</strong></span> <span class='ocrx_word' id='word_1_264' title='bbox 393 2074 493 2100; x_wconf 81' lang='lat' dir='ltr'><strong>Fertur</strong></span> <span class='ocrx_word' id='word_1_265' title='bbox 503 2074 602 2099; x_wconf 84' lang='lat' dir='ltr'><strong>autem</strong></span> <span class='ocrx_word' id='word_1_266' title='bbox 613 2071 695 2107; x_wconf 86' lang='lat' dir='ltr'><strong>quod</strong></span> <span class='ocrx_word' id='word_1_267' title='bbox 710 2071 782 2097; x_wconf 86' lang='lat' dir='ltr'><strong>dum</strong></span> <span class='ocrx_word' id='word_1_268' title='bbox 794 2070 896 2097; x_wconf 85' lang='lat' dir='ltr'><strong>llueret</strong></span> <span class='ocrx_word' id='word_1_269' title='bbox 911 2070 975 2104; x_wconf 81' lang='lat' dir='ltr'><strong>ejus</strong></span> <span class='ocrx_word' id='word_1_270' title='bbox 988 2077 1055 2096; x_wconf 83' lang='lat' dir='ltr'><strong>sau-</strong></span> 
     </span>
     <span class='ocr_line' id='line_1_40' title="bbox 272 2117 1056 2156; baseline -0.005 -9"><span class='ocrx_word' id='word_1_271' title='bbox 272 2120 348 2155; x_wconf 71' lang='lat' dir='ltr'><strong>guis,</strong></span> <span class='ocrx_word' id='word_1_272' title='bbox 365 2120 427 2156; x_wconf 78' lang='lat' dir='ltr'><strong>ipse</strong></span> <span class='ocrx_word' id='word_1_273' title='bbox 443 2119 480 2147; x_wconf 86' lang='lat' dir='ltr'><strong>dc</strong></span> <span class='ocrx_word' id='word_1_274' title='bbox 495 2119 619 2155; x_wconf 82' lang='lat' dir='ltr'><strong>proprio</strong></span> <span class='ocrx_word' id='word_1_275' title='bbox 634 2126 688 2146; x_wconf 87' lang='lat' dir='ltr'><strong>suo</strong></span> <span class='ocrx_word' id='word_1_276' title='bbox 702 2117 846 2152; x_wconf 78' lang='lat' dir='ltr'><strong>sanguine</strong></span> <span class='ocrx_word' id='word_1_277' title='bbox 864 2124 986 2144; x_wconf 84' lang='lat' dir='ltr'><strong>manum</strong></span> <span class='ocrx_word' id='word_1_278' title='bbox 1004 2117 1056 2143; x_wconf 79' lang='lat' dir='ltr'><strong>iin-</strong></span> 
     </span>
     <span class='ocr_line' id='line_1_41' title="bbox 272 2163 1054 2203; baseline -0.005 -9"><span class='ocrx_word' id='word_1_279' title='bbox 272 2167 374 2203; x_wconf 83' lang='lat' dir='ltr'><strong>plevit‚</strong></span> <span class='ocrx_word' id='word_1_280' title='bbox 391 2170 417 2195; x_wconf 83' lang='lat' dir='ltr'><strong>ct</strong></span> <span class='ocrx_word' id='word_1_281' title='bbox 431 2170 534 2195; x_wconf 80' lang='lat' dir='ltr'><strong>conti-a</strong></span> <span class='ocrx_word' id='word_1_282' title='bbox 552 2166 661 2193; x_wconf 67' lang='lat' dir='ltr'><strong>cti-lum</strong></span> <span class='ocrx_word' id='word_1_283' title='bbox 678 2164 837 2201; x_wconf 79' lang='lat' dir='ltr'><strong>projiciens</strong></span> <span class='ocrx_word' id='word_1_284' title='bbox 853 2164 892 2191; x_wconf 86' lang='lat' dir='ltr'><strong>ait</strong></span> <span class='ocrx_word' id='word_1_285' title='bbox 907 2173 912 2190; x_wconf 81' lang='lat' dir='ltr'>z</span> <span class='ocrx_word' id='word_1_286' title='bbox 927 2163 1054 2196; x_wconf 45' lang='lat' dir='ltr'><strong>«Vicini,</strong></span> 
     </span>
     <span class='ocr_line' id='line_1_42' title="bbox 272 2211 1054 2249; baseline -0.004 -9"><span class='ocrx_word' id='word_1_287' title='bbox 272 2214 397 2248; x_wconf 76' lang='lat' dir='ltr'><strong>Galilaee,</strong></span> <span class='ocrx_word' id='word_1_288' title='bbox 415 2214 507 2241; x_wconf 63' lang='lat' dir='ltr'><strong>vicisti</strong></span> <span class='ocrx_word' id='word_1_289' title='bbox 525 2223 531 2241; x_wconf 78' lang='lat' dir='ltr'><em>z</em></span> <span class='ocrx_word' id='word_1_290' title='bbox 551 2225 563 2239; x_wconf 74' lang='grc' dir='ltr'><strong>ι»</strong></span> <span class='ocrx_word' id='word_1_291' title='bbox 585 2212 758 2249; x_wconf 77' lang='lat' dir='ltr'><strong>appellabat</strong></span> <span class='ocrx_word' id='word_1_292' title='bbox 775 2214 874 2239; x_wconf 83' lang='lat' dir='ltr'><strong>autem</strong></span> <span class='ocrx_word' id='word_1_293' title='bbox 897 2211 1054 2239; x_wconf 79' lang='lat' dir='ltr'><strong>nominum</strong></span> 
     </span>
     <span class='ocr_line' id='line_1_43' title="bbox 272 2262 769 2296; baseline -0.002 -8"><span class='ocrx_word' id='word_1_294' title='bbox 272 2262 434 2290; x_wconf 72' lang='lat' dir='ltr'><strong>Galilwuni.</strong></span> <span class='ocrx_word' id='word_1_295' title='bbox 452 2264 600 2295; x_wconf 59' lang='lat' dir='ltr'><strong>tto-,gemus</strong></span> <span class='ocrx_word' id='word_1_296' title='bbox 616 2269 698 2296; x_wconf 84' lang='lat' dir='ltr'><strong>ergO,</strong></span> <span class='ocrx_word' id='word_1_297' title='bbox 715 2262 769 2288; x_wconf 86' lang='lat' dir='ltr'><strong>etc.</strong></span> 
     </span>
    </p>
   </div>
   <div class='ocr_carea' id='block_1_3' title="bbox 453 2358 872 2467">
    <p class='ocr_par' dir='ltr' id='par_1_3' title="bbox 453 2358 872 2467">
     <span class='ocr_line' id='line_1_44' title="bbox 453 2358 872 2397; baseline -0.002 0"><span class='ocrx_word' id='word_1_298' title='bbox 453 2361 510 2397; x_wconf 79' lang='lat' dir='ltr'><strong>DE</strong></span> <span class='ocrx_word' id='word_1_299' title='bbox 546 2361 607 2395; x_wconf 66' lang='lat' dir='ltr'><strong>ss.</strong></span> <span class='ocrx_word' id='word_1_300' title='bbox 645 2358 872 2396; x_wconf 71' lang='lat' dir='ltr'><strong>ANtJ&#39;ELIS.</strong></span> 
     </span>
     <span class='ocr_line' id='line_1_45' title="bbox 511 2435 816 2467; baseline -0.013 0"><span class='ocrx_word' id='word_1_301' title='bbox 511 2436 639 2467; x_wconf 69' lang='lat' dir='ltr'><strong>5131th</strong></span> <span class='ocrx_word' id='word_1_302' title='bbox 662 2435 816 2464; x_wconf 67' lang='lat' dir='ltr'><strong>rumis.</strong></span> 
     </span>
    </p>
   </div>
   <div class='ocr_carea' id='block_1_4' title="bbox 272 2493 1054 2675">
    <p class='ocr_par' dir='ltr' id='par_1_4' title="bbox 272 2493 1054 2675">
     <span class='ocr_line' id='line_1_46' title="bbox 310 2493 1052 2531; baseline -0.012 -4"><span class='ocrx_word' id='word_1_303' title='bbox 310 2501 389 2527; x_wconf 76' lang='lat' dir='ltr'><strong>Misit</strong></span> <span class='ocrx_word' id='word_1_304' title='bbox 411 2499 540 2526; x_wconf 78' lang='lat' dir='ltr'><strong>Dominus</strong></span> <span class='ocrx_word' id='word_1_305' title='bbox 562 2497 686 2531; x_wconf 65' lang='lat' dir='ltr'><strong>angelum</strong></span> <span class='ocrx_word' id='word_1_306' title='bbox 709 2502 797 2528; x_wconf 83' lang='lat' dir='ltr'><strong>suum,</strong></span> <span class='ocrx_word' id='word_1_307' title='bbox 819 2497 842 2520; x_wconf 84' lang='lat' dir='ltr'><strong>cl</strong></span> <span class='ocrx_word' id='word_1_308' title='bbox 867 2494 994 2520; x_wconf 68' lang='lat' dir='ltr'><strong>liberavit</strong></span> <span class='ocrx_word' id='word_1_309' title='bbox 1015 2493 1052 2526; x_wconf 73' lang='lat' dir='ltr'><strong>(a)</strong></span> 
     </span>
     <span class='ocr_line' id='line_1_47' title="bbox 272 2539 1054 2577; baseline -0.01 -3"><span class='ocrx_word' id='word_1_310' title='bbox 272 2556 313 2574; x_wconf 80' lang='lat' dir='ltr'><strong>mc</strong></span> <span class='ocrx_word' id='word_1_311' title='bbox 328 2547 360 2573; x_wconf 82' lang='lat' dir='ltr'><strong>‹Ie</strong></span> <span class='ocrx_word' id='word_1_312' title='bbox 374 2554 456 2573; x_wconf 81' lang='lat' dir='ltr'><strong>manu</strong></span> <span class='ocrx_word' id='word_1_313' title='bbox 475 2544 591 2572; x_wconf 79' lang='lat' dir='ltr'><strong>Herodis</strong></span> <span class='ocrx_word' id='word_1_314' title='bbox 608 2544 630 2577; x_wconf 74' lang='lat'><strong>³,</strong></span> <span class='ocrx_word' id='word_1_315' title='bbox 651 2545 704 2569; x_wconf 87' lang='lat' dir='ltr'><strong>etc.</strong></span> <span class='ocrx_word' id='word_1_316' title='bbox 722 2540 858 2568; x_wconf 68' lang='lat' dir='ltr'><strong>Naturale</strong></span> <span class='ocrx_word' id='word_1_317' title='bbox 879 2542 931 2571; x_wconf 69' lang='lat' dir='ltr'><strong>est,</strong></span> <span class='ocrx_word' id='word_1_318' title='bbox 955 2542 986 2567; x_wconf 89' lang='lat' dir='ltr'><strong>ut</strong></span> <span class='ocrx_word' id='word_1_319' title='bbox 1000 2539 1054 2567; x_wconf 77' lang='lat' dir='ltr'><strong>lio-</strong></span> 
     </span>
     <span class='ocr_line' id='line_1_48' title="bbox 273 2586 1054 2623; baseline -0.01 -2"><span class='ocrx_word' id='word_1_320' title='bbox 273 2593 368 2621; x_wconf 84' lang='lat' dir='ltr'><strong>mines</strong></span> <span class='ocrx_word' id='word_1_321' title='bbox 389 2594 430 2620; x_wconf 84' lang='lat' dir='ltr'><strong>ibi</strong></span> <span class='ocrx_word' id='word_1_322' title='bbox 453 2592 579 2620; x_wconf 86' lang='lat' dir='ltr'><strong>libenter</strong></span> <span class='ocrx_word' id='word_1_323' title='bbox 599 2589 742 2623; x_wconf 72' lang='lat' dir='ltr'><strong>habitent,</strong></span> <span class='ocrx_word' id='word_1_324' title='bbox 759 2588 811 2615; x_wconf 88' lang='lat' dir='ltr'><strong>ubi</strong></span> <span class='ocrx_word' id='word_1_325' title='bbox 833 2587 979 2623; x_wconf 78' lang='lat' dir='ltr'><strong>concepti,</strong></span> <span class='ocrx_word' id='word_1_326' title='bbox 1002 2586 1054 2614; x_wconf 89' lang='lat' dir='ltr'><strong>ubi</strong></span> 
     </span>
     <span class='ocr_line' id='line_1_49' title="bbox 272 2633 1053 2675; baseline -0.01 -6"><span class='ocrx_word' id='word_1_327' title='bbox 272 2641 332 2669; x_wconf 83' lang='lat' dir='ltr'><strong>nati</strong></span> <span class='ocrx_word' id='word_1_328' title='bbox 348 2643 425 2675; x_wconf 89' lang='lat' dir='ltr'><strong>sunt,</strong></span> <span class='ocrx_word' id='word_1_329' title='bbox 437 2638 571 2668; x_wconf 81' lang='lat' dir='ltr'><strong>ctuutriti</strong></span> <span class='ocrx_word' id='word_1_330' title='bbox 582 2647 590 2674; x_wconf 71' lang='grc' dir='ltr'>ς</span> <span class='ocrx_word' id='word_1_331' title='bbox 602 2638 723 2674; x_wconf 86' lang='lat' dir='ltr'><strong>propter</strong></span> <span class='ocrx_word' id='word_1_332' title='bbox 734 2643 825 2671; x_wconf 85' lang='lat' dir='ltr'><strong>quam</strong></span> <span class='ocrx_word' id='word_1_333' title='bbox 837 2642 958 2662; x_wconf 85' lang='lat' dir='ltr'><strong>causam</strong></span> <span class='ocrx_word' id='word_1_334' title='bbox 969 2633 1053 2661; x_wconf 86' lang='lat' dir='ltr'><strong>multi</strong></span> 
     </span>
    </p>
   </div>
   <div class='ocr_carea' id='block_1_5' title="bbox 273 2698 1053 2764">
    <p class='ocr_par' dir='ltr' id='par_1_5' title="bbox 273 2698 1053 2764">
     <span class='ocr_line' id='line_1_50' title="bbox 305 2698 1053 2735; baseline -0.011 -7"><span class='ocrx_word' id='word_1_335' title='bbox 305 2705 311 2720; x_wconf 88' lang='lat'>¹</span> <span class='ocrx_word' id='word_1_336' title='bbox 335 2705 364 2727; x_wconf 94' lang='lat' dir='ltr'><strong>lll</strong></span> <span class='ocrx_word' id='word_1_337' title='bbox 389 2704 456 2735; x_wconf 60' lang='lat' dir='ltr'><strong>ltvy„</strong></span> <span class='ocrx_word' id='word_1_338' title='bbox 478 2709 510 2731; x_wconf 86' lang='grc' dir='ltr'><strong>ιι,</strong></span> <span class='ocrx_word' id='word_1_339' title='bbox 534 2704 571 2726; x_wconf 74' lang='grc'><strong>20.</strong></span> <span class='ocrx_word' id='word_1_340' title='bbox 595 2713 624 2719; x_wconf 92' lang='lat'>—</span> <span class='ocrx_word' id='word_1_341' title='bbox 644 2701 651 2714; x_wconf 74' lang='lat'>³</span> <span class='ocrx_word' id='word_1_342' title='bbox 671 2700 741 2724; x_wconf 73' lang='lat' dir='ltr'><strong>lianc</strong></span> <span class='ocrx_word' id='word_1_343' title='bbox 761 2698 792 2721; x_wconf 73' lang='lat' dir='ltr'><strong>de</strong></span> <span class='ocrx_word' id='word_1_344' title='bbox 814 2698 909 2721; x_wconf 79' lang='lat' dir='ltr'><strong>Juliani</strong></span> <span class='ocrx_word' id='word_1_345' title='bbox 924 2699 1053 2728; x_wconf 65' lang='lat' dir='ltr'><strong>Apustium</strong></span> 
     </span>
     <span class='ocr_line' id='line_1_51' title="bbox 273 2733 1052 2764; baseline -0.012 0"><span class='ocrx_word' id='word_1_346' title='bbox 273 2743 353 2764; x_wconf 61' lang='lat' dir='ltr'><strong>mort-¹</strong></span> <span class='ocrx_word' id='word_1_347' title='bbox 375 2740 498 2763; x_wconf 71' lang='lat' dir='ltr'><strong>visionem</strong></span> <span class='ocrx_word' id='word_1_348' title='bbox 514 2739 560 2762; x_wconf 67' lang='lat' dir='ltr'><strong>sul·</strong></span> <span class='ocrx_word' id='word_1_349' title='bbox 578 2737 632 2761; x_wconf 81' lang='lat' dir='ltr'><strong>aliis</strong></span> <span class='ocrx_word' id='word_1_350' title='bbox 651 2734 799 2759; x_wconf 64' lang='lat' dir='ltr'><strong>nominibus</strong></span> <span class='ocrx_word' id='word_1_351' title='bbox 810 2733 978 2764; x_wconf 70' lang='lat' dir='ltr'><strong>conscriptam</strong></span> <span class='ocrx_word' id='word_1_352' title='bbox 996 2733 1052 2756; x_wconf 65' lang='lat' dir='ltr'><strong>vide</strong></span> 
     </span>
    </p>
   </div>
   <div class='ocr_carea' id='block_1_6' title="bbox 663 247 1504 284">
    <p class='ocr_par' dir='ltr' id='par_1_6' title="bbox 663 247 1504 284">
     <span class='ocr_line' id='line_1_52' title="bbox 663 247 1504 284; baseline -0.001 -1"><span class='ocrx_word' id='word_1_353' title='bbox 663 249 875 283; x_wconf 85' lang='lat' dir='ltr'>SERMONES</span> <span class='ocrx_word' id='word_1_354' title='bbox 895 249 947 282; x_wconf 88' lang='lat' dir='ltr'><strong>DE</strong></span> <span class='ocrx_word' id='word_1_355' title='bbox 969 248 1137 283; x_wconf 73' lang='lat' dir='ltr'><strong>SANG&#39;rtS</strong></span> <span class='ocrx_word' id='word_1_356' title='bbox 1160 249 1201 283; x_wconf 88' lang='grc' dir='ltr'><strong>ΙΝ</strong></span> <span class='ocrx_word' id='word_1_357' title='bbox 1221 247 1418 284; x_wconf 73' lang='lat' dir='ltr'><strong>comtum.</strong></span> <span class='ocrx_word' id='word_1_358' title='bbox 1439 248 1504 283; x_wconf 82' lang='lat' dir='ltr'><strong>XL.</strong></span> 
     </span>
    </p>
   </div>
   <div class='ocr_carea' id='block_1_7' title="bbox 1110 317 1897 403">
    <p class='ocr_par' dir='ltr' id='par_1_7' title="bbox 1110 317 1897 403">
     <span class='ocr_line' id='line_1_53' title="bbox 1110 317 1896 356; baseline 0.001 -9"><span class='ocrx_word' id='word_1_359' title='bbox 1110 325 1148 347; x_wconf 85' lang='lat' dir='ltr'><strong>ex</strong></span> <span class='ocrx_word' id='word_1_360' title='bbox 1157 317 1291 356; x_wconf 83' lang='lat' dir='ltr'><strong>impulsu</strong></span> <span class='ocrx_word' id='word_1_361' title='bbox 1301 320 1415 348; x_wconf 76' lang='lat' dir='ltr'><strong>naturae</strong></span> <span class='ocrx_word' id='word_1_362' title='bbox 1423 318 1492 356; x_wconf 87' lang='lat' dir='ltr'><strong>plus</strong></span> <span class='ocrx_word' id='word_1_363' title='bbox 1505 318 1651 355; x_wconf 83' lang='lat' dir='ltr'><strong>appetunt</strong></span> <span class='ocrx_word' id='word_1_364' title='bbox 1663 325 1729 348; x_wconf 76' lang='lat' dir='ltr'><strong>esee</strong></span> <span class='ocrx_word' id='word_1_365' title='bbox 1741 318 1775 349; x_wconf 77' lang='lat' dir='ltr'><strong>ln</strong></span> <span class='ocrx_word' id='word_1_366' title='bbox 1785 319 1896 350; x_wconf 74' lang='lat' dir='ltr'><strong>vilissi-</strong></span> 
     </span>
     <span class='ocr_line' id='line_1_54' title="bbox 1110 364 1897 403; baseline 0.003 -8"><span class='ocrx_word' id='word_1_367' title='bbox 1110 373 1162 395; x_wconf 88' lang='lat' dir='ltr'><strong>mo</strong></span> <span class='ocrx_word' id='word_1_368' title='bbox 1176 370 1257 402; x_wconf 84' lang='lat' dir='ltr'><strong>rure,</strong></span> <span class='ocrx_word' id='word_1_369' title='bbox 1271 373 1365 403; x_wconf 86' lang='lat' dir='ltr'><strong>quam</strong></span> <span class='ocrx_word' id='word_1_370' title='bbox 1373 365 1406 395; x_wconf 91' lang='lat' dir='ltr'><strong>in</strong></span> <span class='ocrx_word' id='word_1_371' title='bbox 1415 364 1603 394; x_wconf 81' lang='lat' dir='ltr'><strong>nobilissima</strong></span> <span class='ocrx_word' id='word_1_372' title='bbox 1611 365 1739 395; x_wconf 79' lang='lat' dir='ltr'><strong>civitate.</strong></span> <span class='ocrx_word' id='word_1_373' title='bbox 1753 366 1838 397; x_wconf 80' lang='lat' dir='ltr'><strong>Unde</strong></span> <span class='ocrx_word' id='word_1_374' title='bbox 1851 367 1897 397; x_wconf 88' lang='lat' dir='ltr'><strong>di-</strong></span> 
     </span>
    </p>
   </div>
   <div class='ocr_carea' id='block_1_8' title="bbox 1111 458 1898 685">
    <p class='ocr_par' dir='ltr' id='par_1_8' title="bbox 1111 458 1898 685">
     <span class='ocr_line' id='line_1_55' title="bbox 1111 458 1897 498; baseline 0.004 -10"><span class='ocrx_word' id='word_1_375' title='bbox 1111 467 1147 489; x_wconf 85' lang='lat' dir='ltr'><strong>ac</strong></span> <span class='ocrx_word' id='word_1_376' title='bbox 1159 460 1299 489; x_wconf 79' lang='lat' dir='ltr'><strong>humanae</strong></span> <span class='ocrx_word' id='word_1_377' title='bbox 1311 458 1460 489; x_wconf 83' lang='lat' dir='ltr'><strong>societatis</strong></span> <span class='ocrx_word' id='word_1_378' title='bbox 1473 460 1582 496; x_wconf 84' lang='lat' dir='ltr'><strong>amica,</strong></span> <span class='ocrx_word' id='word_1_379' title='bbox 1590 460 1675 498; x_wconf 90' lang='lat' dir='ltr'><strong>quod</strong></span> <span class='ocrx_word' id='word_1_380' title='bbox 1684 460 1792 490; x_wconf 81' lang='lat' dir='ltr'><strong>nidum</strong></span> <span class='ocrx_word' id='word_1_381' title='bbox 1807 469 1897 492; x_wconf 80' lang='lat' dir='ltr'><strong>suum</strong></span> 
     </span>
     <span class='ocr_line' id='line_1_56' title="bbox 1111 506 1896 544; baseline 0.003 -8"><span class='ocrx_word' id='word_1_382' title='bbox 1111 506 1244 544; x_wconf 87' lang='lat' dir='ltr'><strong>primum</strong></span> <span class='ocrx_word' id='word_1_383' title='bbox 1258 514 1415 544; x_wconf 84' lang='lat' dir='ltr'><strong>nunquam</strong></span> <span class='ocrx_word' id='word_1_384' title='bbox 1429 507 1549 542; x_wconf 83' lang='lat' dir='ltr'><strong>deserit,</strong></span> <span class='ocrx_word' id='word_1_385' title='bbox 1563 507 1588 536; x_wconf 89' lang='lat' dir='ltr'><strong>si</strong></span> <span class='ocrx_word' id='word_1_386' title='bbox 1599 509 1703 537; x_wconf 85' lang='lat' dir='ltr'><strong>coacta</strong></span> <span class='ocrx_word' id='word_1_387' title='bbox 1716 515 1780 537; x_wconf 88' lang='lat' dir='ltr'><strong>nou</strong></span> <span class='ocrx_word' id='word_1_388' title='bbox 1788 507 1896 538; x_wconf 79' lang='lat' dir='ltr'><strong>fuerit:</strong></span> 
     </span>
     <span class='ocr_line' id='line_1_57' title="bbox 1111 553 1897 591; baseline 0.003 -9"><span class='ocrx_word' id='word_1_389' title='bbox 1111 553 1165 582; x_wconf 86' lang='lat' dir='ltr'><strong>sed</strong></span> <span class='ocrx_word' id='word_1_390' title='bbox 1179 553 1302 591; x_wconf 86' lang='lat' dir='ltr'><strong>quando</strong></span> <span class='ocrx_word' id='word_1_391' title='bbox 1312 575 1323 590; x_wconf 88' lang='lat'><strong>,</strong></span> <span class='ocrx_word' id='word_1_392' title='bbox 1342 553 1452 591; x_wconf 85' lang='lat' dir='ltr'><strong>hyeme</strong></span> <span class='ocrx_word' id='word_1_393' title='bbox 1475 557 1617 591; x_wconf 81' lang='lat' dir='ltr'><strong>cogente,</strong></span> <span class='ocrx_word' id='word_1_394' title='bbox 1634 554 1767 591; x_wconf 84' lang='lat' dir='ltr'><strong>recedit,</strong></span> <span class='ocrx_word' id='word_1_395' title='bbox 1791 555 1897 585; x_wconf 88' lang='lat' dir='ltr'><strong>nidum</strong></span> 
     </span>
     <span class='ocr_line' id='line_1_58' title="bbox 1111 600 1897 640; baseline 0.004 -11"><span class='ocrx_word' id='word_1_396' title='bbox 1111 602 1190 630; x_wconf 87' lang='lat' dir='ltr'><strong>terra</strong></span> <span class='ocrx_word' id='word_1_397' title='bbox 1203 600 1308 638; x_wconf 84' lang='lat' dir='ltr'><strong>replet,</strong></span> <span class='ocrx_word' id='word_1_398' title='bbox 1324 602 1353 630; x_wconf 87' lang='lat' dir='ltr'><strong>et</strong></span> <span class='ocrx_word' id='word_1_399' title='bbox 1375 601 1439 630; x_wconf 89' lang='lat' dir='ltr'><strong>nidi</strong></span> <span class='ocrx_word' id='word_1_400' title='bbox 1454 601 1588 638; x_wconf 85' lang='lat' dir='ltr'><strong>virgulas</strong></span> <span class='ocrx_word' id='word_1_401' title='bbox 1601 603 1692 639; x_wconf 82' lang='lat' dir='ltr'><strong>atque</strong></span> <span class='ocrx_word' id='word_1_402' title='bbox 1710 603 1813 640; x_wconf 84' lang='lat' dir='ltr'><strong>spinas</strong></span> <span class='ocrx_word' id='word_1_403' title='bbox 1827 610 1897 632; x_wconf 84' lang='lat' dir='ltr'><strong>cum</strong></span> 
     </span>
     <span class='ocr_line' id='line_1_59' title="bbox 1111 647 1898 685; baseline 0.003 -9"><span class='ocrx_word' id='word_1_404' title='bbox 1111 647 1175 677; x_wconf 91' lang='lat' dir='ltr'><strong>luto</strong></span> <span class='ocrx_word' id='word_1_405' title='bbox 1191 647 1388 684; x_wconf 78' lang='lat' dir='ltr'><strong>conglutinat,</strong></span> <span class='ocrx_word' id='word_1_406' title='bbox 1404 656 1442 677; x_wconf 89' lang='lat' dir='ltr'><strong>ne</strong></span> <span class='ocrx_word' id='word_1_407' title='bbox 1457 651 1564 677; x_wconf 88' lang='lat' dir='ltr'><strong>ventus</strong></span> <span class='ocrx_word' id='word_1_408' title='bbox 1584 655 1635 677; x_wconf 83' lang='lat' dir='ltr'><strong>eas</strong></span> <span class='ocrx_word' id='word_1_409' title='bbox 1649 648 1758 685; x_wconf 84' lang='lat' dir='ltr'><strong>ejiciat,</strong></span> <span class='ocrx_word' id='word_1_410' title='bbox 1772 649 1823 678; x_wconf 81' lang='lat' dir='ltr'><strong>vel</strong></span> <span class='ocrx_word' id='word_1_411' title='bbox 1837 649 1898 678; x_wconf 88' lang='lat' dir='ltr'><strong>dis-</strong></span> 
     </span>
    </p>
   </div>
   <div class='ocr_carea' id='block_1_9' title="bbox 1111 695 1950 729">
    <p class='ocr_par' dir='ltr' id='par_1_9' title="bbox 1111 695 1950 729">
     <span class='ocr_line' id='line_1_60' title="bbox 1111 695 1950 729; baseline 0.002 -5"><span class='ocrx_word' id='word_1_412' title='bbox 1111 695 1226 729; x_wconf 59' lang='lat' dir='ltr'><strong>solvan</strong></span> <span class='ocrx_word' id='word_1_413' title='bbox 1248 695 1279 724; x_wconf 93' lang='lat' dir='ltr'><strong>in</strong></span> <span class='ocrx_word' id='word_1_414' title='bbox 1293 695 1391 725; x_wconf 88' lang='lat' dir='ltr'><strong>reditu</strong></span> <span class='ocrx_word' id='word_1_415' title='bbox 1405 703 1476 725; x_wconf 85' lang='lat' dir='ltr'><strong>vero</strong></span> <span class='ocrx_word' id='word_1_416' title='bbox 1489 704 1545 724; x_wconf 90' lang='lat' dir='ltr'><strong>suo</strong></span> <span class='ocrx_word' id='word_1_417' title='bbox 1560 696 1591 725; x_wconf 87' lang='lat' dir='ltr'><strong>in</strong></span> <span class='ocrx_word' id='word_1_418' title='bbox 1604 703 1676 725; x_wconf 87' lang='lat' dir='ltr'><strong>vere</strong></span> <span class='ocrx_word' id='word_1_419' title='bbox 1697 696 1840 726; x_wconf 87' lang='lat' dir='ltr'><strong>eumdem</strong></span> <span class='ocrx_word' id='word_1_420' title='bbox 1853 696 1899 726; x_wconf 87' lang='lat' dir='ltr'><strong>lo-</strong></span> <span class='ocrx_word' id='word_1_421' title='bbox 1947 699 1950 702; x_wconf 85' lang='grc'><strong><em>’</em></strong></span> 
     </span>
    </p>
   </div>
   <div class='ocr_carea' id='block_1_10' title="bbox 1111 743 1900 2763">
    <p class='ocr_par' dir='ltr' id='par_1_10' title="bbox 1111 743 1900 2763">
     <span class='ocr_line' id='line_1_61' title="bbox 1112 743 1899 781; baseline 0.003 -10"><span class='ocrx_word' id='word_1_422' title='bbox 1112 750 1180 771; x_wconf 87' lang='lat' dir='ltr'><strong>cum</strong></span> <span class='ocrx_word' id='word_1_423' title='bbox 1195 745 1333 780; x_wconf 88' lang='lat' dir='ltr'><strong>occupat,</strong></span> <span class='ocrx_word' id='word_1_424' title='bbox 1351 745 1380 772; x_wconf 88' lang='lat' dir='ltr'><strong>et</strong></span> <span class='ocrx_word' id='word_1_425' title='bbox 1402 745 1506 772; x_wconf 86' lang='lat' dir='ltr'><strong>contra</strong></span> <span class='ocrx_word' id='word_1_426' title='bbox 1526 743 1601 772; x_wconf 85' lang='lat' dir='ltr'><strong>alias</strong></span> <span class='ocrx_word' id='word_1_427' title='bbox 1621 743 1729 772; x_wconf 89' lang='lat' dir='ltr'><strong>nidum</strong></span> <span class='ocrx_word' id='word_1_428' title='bbox 1749 751 1899 781; x_wconf 86' lang='lat' dir='ltr'><strong>occupare</strong></span> 
     </span>
     <span class='ocr_line' id='line_1_62' title="bbox 1112 785 1898 828; baseline 0.003 -10"><span class='ocrx_word' id='word_1_429' title='bbox 1112 785 1245 819; x_wconf 73' lang='lat' dir='ltr'><strong>volentes</strong></span> <span class='ocrx_word' id='word_1_430' title='bbox 1265 790 1372 819; x_wconf 87' lang='lat' dir='ltr'><strong>acriter</strong></span> <span class='ocrx_word' id='word_1_431' title='bbox 1395 793 1496 826; x_wconf 85' lang='lat' dir='ltr'><strong>certat,</strong></span> <span class='ocrx_word' id='word_1_432' title='bbox 1521 790 1568 819; x_wconf 90' lang='lat' dir='ltr'><strong>vel</strong></span> <span class='ocrx_word' id='word_1_433' title='bbox 1589 793 1712 828; x_wconf 86' lang='lat' dir='ltr'><strong>pugnat.</strong></span> <span class='ocrx_word' id='word_1_434' title='bbox 1729 790 1803 820; x_wconf 87' lang='lat' dir='ltr'><strong>Vide</strong></span> <span class='ocrx_word' id='word_1_435' title='bbox 1825 798 1898 828; x_wconf 86' lang='lat' dir='ltr'><strong>ergo</strong></span> 
     </span>
     <span class='ocr_line' id='line_1_63' title="bbox 1112 837 1899 874; baseline 0 -8"><span class='ocrx_word' id='word_1_436' title='bbox 1112 838 1225 874; x_wconf 86' lang='lat' dir='ltr'><strong>quanta</strong></span> <span class='ocrx_word' id='word_1_437' title='bbox 1238 837 1276 866; x_wconf 85' lang='lat' dir='ltr'><strong>sit</strong></span> <span class='ocrx_word' id='word_1_438' title='bbox 1290 837 1469 874; x_wconf 86' lang='lat' dir='ltr'><strong>angelorum</strong></span> <span class='ocrx_word' id='word_1_439' title='bbox 1484 837 1622 873; x_wconf 84' lang='lat' dir='ltr'><strong>charitas,</strong></span> <span class='ocrx_word' id='word_1_440' title='bbox 1634 838 1687 874; x_wconf 88' lang='lat' dir='ltr'><strong>qui</strong></span> <span class='ocrx_word' id='word_1_441' title='bbox 1701 838 1732 866; x_wconf 90' lang='lat' dir='ltr'><strong>in</strong></span> <span class='ocrx_word' id='word_1_442' title='bbox 1744 837 1821 867; x_wconf 83' lang='lat' dir='ltr'><strong>coelo</strong></span> <span class='ocrx_word' id='word_1_443' title='bbox 1835 845 1899 867; x_wconf 85' lang='lat' dir='ltr'><strong>em-</strong></span> 
     </span>
     <span class='ocr_line' id='line_1_64' title="bbox 1111 885 1897 922; baseline 0.001 -9"><span class='ocrx_word' id='word_1_444' title='bbox 1111 892 1207 922; x_wconf 85' lang='lat' dir='ltr'><strong>pyreo</strong></span> <span class='ocrx_word' id='word_1_445' title='bbox 1220 885 1322 920; x_wconf 89' lang='lat' dir='ltr'><strong>creati,</strong></span> <span class='ocrx_word' id='word_1_446' title='bbox 1339 888 1484 922; x_wconf 85' lang='lat' dir='ltr'><strong>tanquam</strong></span> <span class='ocrx_word' id='word_1_447' title='bbox 1498 885 1529 913; x_wconf 93' lang='lat' dir='ltr'><strong>in</strong></span> <span class='ocrx_word' id='word_1_448' title='bbox 1543 885 1612 914; x_wconf 90' lang='lat' dir='ltr'><strong>loco</strong></span> <span class='ocrx_word' id='word_1_449' title='bbox 1628 885 1686 913; x_wconf 86' lang='lat' dir='ltr'><strong>sibi</strong></span> <span class='ocrx_word' id='word_1_450' title='bbox 1700 885 1897 921; x_wconf 86' lang='lat' dir='ltr'><strong>convenienti,</strong></span> 
     </span>
     <span class='ocr_line' id='line_1_65' title="bbox 1112 931 1898 969; baseline 0.001 -9"><span class='ocrx_word' id='word_1_451' title='bbox 1112 934 1141 960; x_wconf 88' lang='lat' dir='ltr'><strong>et</strong></span> <span class='ocrx_word' id='word_1_452' title='bbox 1155 935 1226 968; x_wconf 85' lang='lat' dir='ltr'><strong>apto</strong></span> <span class='ocrx_word' id='word_1_453' title='bbox 1241 931 1351 961; x_wconf 77' lang='lat' dir='ltr'><strong>divinae</strong></span> <span class='ocrx_word' id='word_1_454' title='bbox 1368 931 1624 969; x_wconf 84' lang='lat' dir='ltr'><strong>contemplationi,</strong></span> <span class='ocrx_word' id='word_1_455' title='bbox 1635 939 1691 969; x_wconf 88' lang='lat' dir='ltr'><strong>pro</strong></span> <span class='ocrx_word' id='word_1_456' title='bbox 1706 932 1809 961; x_wconf 86' lang='lat' dir='ltr'><strong>divina</strong></span> <span class='ocrx_word' id='word_1_457' title='bbox 1823 932 1898 961; x_wconf 89' lang='lat' dir='ltr'><strong>obe-</strong></span> 
     </span>
     <span class='ocr_line' id='line_1_66' title="bbox 1112 979 1900 1016; baseline 0.001 -9"><span class='ocrx_word' id='word_1_458' title='bbox 1112 979 1225 1008; x_wconf 86' lang='lat' dir='ltr'><strong>dientia</strong></span> <span class='ocrx_word' id='word_1_459' title='bbox 1237 981 1266 1008; x_wconf 88' lang='lat' dir='ltr'><strong>et</strong></span> <span class='ocrx_word' id='word_1_460' title='bbox 1283 979 1423 1008; x_wconf 79' lang='lat' dir='ltr'><strong>charitate</strong></span> <span class='ocrx_word' id='word_1_461' title='bbox 1437 979 1477 1008; x_wconf 86' lang='lat' dir='ltr'><strong>ad</strong></span> <span class='ocrx_word' id='word_1_462' title='bbox 1497 979 1682 1016; x_wconf 84' lang='lat' dir='ltr'><strong>proximum,</strong></span> <span class='ocrx_word' id='word_1_463' title='bbox 1696 979 1832 1008; x_wconf 84' lang='lat' dir='ltr'><strong>habitant</strong></span> <span class='ocrx_word' id='word_1_464' title='bbox 1845 986 1900 1008; x_wconf 89' lang='lat' dir='ltr'><strong>no—</strong></span> 
     </span>
     <span class='ocr_line' id='line_1_67' title="bbox 1112 1026 1900 1062; baseline 0.001 -8"><span class='ocrx_word' id='word_1_465' title='bbox 1112 1026 1229 1055; x_wconf 88' lang='lat' dir='ltr'><strong>biscum</strong></span> <span class='ocrx_word' id='word_1_466' title='bbox 1244 1027 1275 1055; x_wconf 91' lang='lat' dir='ltr'><strong>in</strong></span> <span class='ocrx_word' id='word_1_467' title='bbox 1285 1028 1375 1061; x_wconf 89' lang='lat' dir='ltr'><strong>terra,</strong></span> <span class='ocrx_word' id='word_1_468' title='bbox 1387 1026 1418 1055; x_wconf 91' lang='lat' dir='ltr'><strong>in</strong></span> <span class='ocrx_word' id='word_1_469' title='bbox 1428 1026 1496 1056; x_wconf 89' lang='lat' dir='ltr'><strong>loco</strong></span> <span class='ocrx_word' id='word_1_470' title='bbox 1507 1026 1731 1062; x_wconf 87' lang='lat' dir='ltr'><strong>obscurissimo,</strong></span> <span class='ocrx_word' id='word_1_471' title='bbox 1747 1027 1824 1056; x_wconf 67' lang='lat' dir='ltr'><strong>uelo</strong></span> <span class='ocrx_word' id='word_1_472' title='bbox 1839 1034 1900 1055; x_wconf 89' lang='lat' dir='ltr'><strong>em-</strong></span> 
     </span>
     <span class='ocr_line' id='line_1_68' title="bbox 1111 1073 1898 1111; baseline 0.001 -9"><span class='ocrx_word' id='word_1_473' title='bbox 1111 1082 1206 1111; x_wconf 80' lang='lat' dir='ltr'><strong>pyreo</strong></span> <span class='ocrx_word' id='word_1_474' title='bbox 1221 1076 1410 1111; x_wconf 87' lang='lat' dir='ltr'><strong>comparato,</strong></span> <span class='ocrx_word' id='word_1_475' title='bbox 1421 1077 1450 1102; x_wconf 88' lang='lat' dir='ltr'><strong>et</strong></span> <span class='ocrx_word' id='word_1_476' title='bbox 1459 1074 1528 1102; x_wconf 88' lang='lat' dir='ltr'><strong>licet</strong></span> <span class='ocrx_word' id='word_1_477' title='bbox 1535 1073 1638 1102; x_wconf 84' lang='lat' dir='ltr'><strong>divina</strong></span> <span class='ocrx_word' id='word_1_478' title='bbox 1645 1073 1898 1111; x_wconf 79' lang='lat' dir='ltr'><strong>contemplatione</strong></span> 
     </span>
     <span class='ocr_line' id='line_1_69' title="bbox 1112 1121 1897 1159; baseline 0.001 -10"><span class='ocrx_word' id='word_1_479' title='bbox 1112 1129 1175 1150; x_wconf 90' lang='lat' dir='ltr'><strong>non</strong></span> <span class='ocrx_word' id='word_1_480' title='bbox 1189 1124 1318 1156; x_wconf 82' lang='lat' dir='ltr'><strong>careant,</strong></span> <span class='ocrx_word' id='word_1_481' title='bbox 1329 1121 1401 1158; x_wconf 88' lang='lat' dir='ltr'><strong>quia</strong></span> <span class='ocrx_word' id='word_1_482' title='bbox 1412 1123 1504 1150; x_wconf 87' lang='lat' dir='ltr'><strong>Deum</strong></span> <span class='ocrx_word' id='word_1_483' title='bbox 1517 1121 1631 1158; x_wconf 87' lang='lat' dir='ltr'><strong>ubique</strong></span> <span class='ocrx_word' id='word_1_484' title='bbox 1645 1121 1897 1159; x_wconf 78' lang='lat' dir='ltr'><strong>contemplantur,</strong></span> 
     </span>
     <span class='ocr_line' id='line_1_70' title="bbox 1112 1168 1899 1205; baseline 0.001 -9"><span class='ocrx_word' id='word_1_485' title='bbox 1112 1170 1211 1196; x_wconf 89' lang='lat' dir='ltr'><strong>tamen</strong></span> <span class='ocrx_word' id='word_1_486' title='bbox 1222 1168 1302 1197; x_wconf 90' lang='lat' dir='ltr'><strong>illius</strong></span> <span class='ocrx_word' id='word_1_487' title='bbox 1314 1168 1371 1197; x_wconf 90' lang='lat' dir='ltr'><strong>loci</strong></span> <span class='ocrx_word' id='word_1_488' title='bbox 1382 1168 1552 1197; x_wconf 62' lang='lat' dir='ltr'><strong>amoenitate</strong></span> <span class='ocrx_word' id='word_1_489' title='bbox 1563 1168 1727 1205; x_wconf 89' lang='lat' dir='ltr'><strong>privantur,</strong></span> <span class='ocrx_word' id='word_1_490' title='bbox 1739 1170 1768 1197; x_wconf 90' lang='lat' dir='ltr'><strong>et</strong></span> <span class='ocrx_word' id='word_1_491' title='bbox 1780 1168 1810 1196; x_wconf 92' lang='lat' dir='ltr'><strong>in</strong></span> <span class='ocrx_word' id='word_1_492' title='bbox 1823 1171 1899 1197; x_wconf 87' lang='lat' dir='ltr'><strong>terra</strong></span> 
     </span>
     <span class='ocr_line' id='line_1_71' title="bbox 1114 1215 1898 1252; baseline 0 -8"><span class='ocrx_word' id='word_1_493' title='bbox 1114 1217 1205 1244; x_wconf 79' lang='lat' dir='ltr'><strong>neum</strong></span> <span class='ocrx_word' id='word_1_494' title='bbox 1217 1215 1468 1252; x_wconf 80' lang='lat' dir='ltr'><strong>contemplantur,</strong></span> <span class='ocrx_word' id='word_1_495' title='bbox 1481 1224 1548 1252; x_wconf 80' lang='lat' dir='ltr'><strong>quae</strong></span> <span class='ocrx_word' id='word_1_496' title='bbox 1558 1215 1677 1252; x_wconf 85' lang='lat' dir='ltr'><strong>corpori</strong></span> <span class='ocrx_word' id='word_1_497' title='bbox 1689 1223 1825 1252; x_wconf 83' lang='lat' dir='ltr'><strong>congrua</strong></span> <span class='ocrx_word' id='word_1_498' title='bbox 1834 1223 1898 1244; x_wconf 85' lang='lat' dir='ltr'><strong>esse</strong></span> 
     </span>
     <span class='ocr_line' id='line_1_72' title="bbox 1111 1263 1899 1300; baseline 0 -9"><span class='ocrx_word' id='word_1_499' title='bbox 1111 1263 1267 1300; x_wconf 88' lang='lat' dir='ltr'><strong>probatur,</strong></span> <span class='ocrx_word' id='word_1_500' title='bbox 1283 1263 1358 1291; x_wconf 92' lang='lat' dir='ltr'><strong>sicut</strong></span> <span class='ocrx_word' id='word_1_501' title='bbox 1373 1272 1409 1291; x_wconf 80' lang='lat' dir='ltr'><strong>ex</strong></span> <span class='ocrx_word' id='word_1_502' title='bbox 1433 1263 1537 1291; x_wconf 87' lang='lat' dir='ltr'><strong>divina</strong></span> <span class='ocrx_word' id='word_1_503' title='bbox 1560 1263 1749 1292; x_wconf 76' lang='lat' dir='ltr'><strong>ordinatione</strong></span> <span class='ocrx_word' id='word_1_504' title='bbox 1765 1263 1899 1291; x_wconf 89' lang='lat' dir='ltr'><strong>ostendi-</strong></span> 
     </span>
     <span class='ocr_line' id='line_1_73' title="bbox 1113 1309 1896 1346; baseline -0.001 -7"><span class='ocrx_word' id='word_1_505' title='bbox 1113 1313 1168 1339; x_wconf 87' lang='lat' dir='ltr'><strong>tur.</strong></span> <span class='ocrx_word' id='word_1_506' title='bbox 1185 1311 1258 1339; x_wconf 89' lang='lat' dir='ltr'><strong>Sunt</strong></span> <span class='ocrx_word' id='word_1_507' title='bbox 1272 1319 1345 1346; x_wconf 92' lang='lat' dir='ltr'><strong>ergo</strong></span> <span class='ocrx_word' id='word_1_508' title='bbox 1361 1318 1378 1338; x_wconf 91' lang='lat' dir='ltr'><strong>a</strong></span> <span class='ocrx_word' id='word_1_509' title='bbox 1400 1310 1488 1338; x_wconf 89' lang='lat' dir='ltr'><strong>nobis</strong></span> <span class='ocrx_word' id='word_1_510' title='bbox 1510 1310 1613 1346; x_wconf 77' lang='lat' dir='ltr'><strong>Angeli</strong></span> <span class='ocrx_word' id='word_1_511' title='bbox 1630 1309 1718 1338; x_wconf 87' lang='lat' dir='ltr'><strong>valde</strong></span> <span class='ocrx_word' id='word_1_512' title='bbox 1740 1309 1896 1346; x_wconf 85' lang='lat' dir='ltr'><strong>diligendi,</strong></span> 
     </span>
     <span class='ocr_line' id='line_1_74' title="bbox 1113 1356 1899 1394; baseline -0.001 -8"><span class='ocrx_word' id='word_1_513' title='bbox 1113 1357 1201 1386; x_wconf 83' lang='lat' dir='ltr'><strong>valde</strong></span> <span class='ocrx_word' id='word_1_514' title='bbox 1216 1358 1398 1393; x_wconf 81' lang='lat' dir='ltr'><strong>honorandi,</strong></span> <span class='ocrx_word' id='word_1_515' title='bbox 1425 1359 1454 1385; x_wconf 92' lang='lat' dir='ltr'><strong>et</strong></span> <span class='ocrx_word' id='word_1_516' title='bbox 1468 1357 1557 1385; x_wconf 82' lang='lat' dir='ltr'><strong>valde</strong></span> <span class='ocrx_word' id='word_1_517' title='bbox 1579 1356 1763 1394; x_wconf 62' lang='lat' dir='ltr'><strong>praedicandi</strong></span> <span class='ocrx_word' id='word_1_518' title='bbox 1779 1366 1786 1385; x_wconf 75' lang='grc' dir='ltr'><strong>ε</strong></span> <span class='ocrx_word' id='word_1_519' title='bbox 1803 1365 1840 1386; x_wconf 87' lang='lat' dir='ltr'><strong>ne</strong></span> <span class='ocrx_word' id='word_1_520' title='bbox 1855 1357 1899 1394; x_wconf 91' lang='lat' dir='ltr'><strong>ip-</strong></span> 
     </span>
     <span class='ocr_line' id='line_1_75' title="bbox 1111 1404 1899 1441; baseline -0.001 -8"><span class='ocrx_word' id='word_1_521' title='bbox 1111 1413 1215 1433; x_wconf 89' lang='lat' dir='ltr'><strong>sorum</strong></span> <span class='ocrx_word' id='word_1_522' title='bbox 1240 1405 1392 1434; x_wconf 82' lang='lat' dir='ltr'><strong>beneficiis</strong></span> <span class='ocrx_word' id='word_1_523' title='bbox 1413 1404 1572 1433; x_wconf 86' lang='lat' dir='ltr'><strong>videamur</strong></span> <span class='ocrx_word' id='word_1_524' title='bbox 1591 1404 1710 1441; x_wconf 82' lang='lat' dir='ltr'><strong>ingrati.</strong></span> <span class='ocrx_word' id='word_1_525' title='bbox 1734 1405 1794 1433; x_wconf 82' lang='lat' dir='ltr'><strong>lloc</strong></span> <span class='ocrx_word' id='word_1_526' title='bbox 1809 1404 1899 1440; x_wconf 85' lang='lat' dir='ltr'><strong>igitur</strong></span> 
     </span>
     <span class='ocr_line' id='line_1_76' title="bbox 1112 1453 1898 1490; baseline 0 -9"><span class='ocrx_word' id='word_1_527' title='bbox 1112 1453 1268 1482; x_wconf 85' lang='lat' dir='ltr'><strong>attendens</strong></span> <span class='ocrx_word' id='word_1_528' title='bbox 1289 1453 1448 1490; x_wconf 74' lang='lat' dir='ltr'><strong>Apostolus</strong></span> <span class='ocrx_word' id='word_1_529' title='bbox 1470 1454 1569 1481; x_wconf 85' lang='lat' dir='ltr'><strong>Petrus</strong></span> <span class='ocrx_word' id='word_1_530' title='bbox 1583 1453 1623 1481; x_wconf 91' lang='lat' dir='ltr'><strong>ait</strong></span> <span class='ocrx_word' id='word_1_531' title='bbox 1639 1462 1646 1480; x_wconf 92' lang='lat'>:</span> <span class='ocrx_word' id='word_1_532' title='bbox 1673 1454 1753 1481; x_wconf 76' lang='lat' dir='ltr'><strong>Misit</strong></span> <span class='ocrx_word' id='word_1_533' title='bbox 1769 1454 1898 1481; x_wconf 76' lang='lat' dir='ltr'><strong>Dominus</strong></span> 
     </span>
     <span class='ocr_line' id='line_1_77' title="bbox 1113 1499 1897 1537; baseline 0 -9"><span class='ocrx_word' id='word_1_534' title='bbox 1113 1501 1249 1535; x_wconf 67' lang='lat' dir='ltr'><strong>Angelum</strong></span> <span class='ocrx_word' id='word_1_535' title='bbox 1260 1509 1351 1535; x_wconf 85' lang='lat' dir='ltr'><strong>suum,</strong></span> <span class='ocrx_word' id='word_1_536' title='bbox 1365 1503 1420 1528; x_wconf 86' lang='lat' dir='ltr'><strong>etc.</strong></span> <span class='ocrx_word' id='word_1_537' title='bbox 1434 1501 1464 1528; x_wconf 93' lang='lat' dir='ltr'><strong>ln</strong></span> <span class='ocrx_word' id='word_1_538' title='bbox 1475 1508 1538 1536; x_wconf 89' lang='lat' dir='ltr'><strong>quo</strong></span> <span class='ocrx_word' id='word_1_539' title='bbox 1553 1499 1647 1528; x_wconf 74' lang='lat' dir='ltr'><strong>verbo</strong></span> <span class='ocrx_word' id='word_1_540' title='bbox 1663 1499 1717 1528; x_wconf 88' lang='lat' dir='ltr'><strong>tria</strong></span> <span class='ocrx_word' id='word_1_541' title='bbox 1727 1501 1811 1528; x_wconf 87' lang='lat' dir='ltr'><strong>notat</strong></span> <span class='ocrx_word' id='word_1_542' title='bbox 1821 1503 1897 1537; x_wconf 78' lang='lat' dir='ltr'><strong>Apo-</strong></span> 
     </span>
     <span class='ocr_line' id='line_1_78' title="bbox 1112 1547 1897 1584; baseline 0 -9"><span class='ocrx_word' id='word_1_543' title='bbox 1112 1547 1205 1576; x_wconf 86' lang='lat' dir='ltr'><strong>stolus</strong></span> <span class='ocrx_word' id='word_1_544' title='bbox 1221 1557 1228 1575; x_wconf 90' lang='lat'>:</span> <span class='ocrx_word' id='word_1_545' title='bbox 1245 1548 1342 1584; x_wconf 85' lang='lat' dir='ltr'><strong>primo</strong></span> <span class='ocrx_word' id='word_1_546' title='bbox 1366 1548 1505 1575; x_wconf 87' lang='lat' dir='ltr'><strong>mittentis</strong></span> <span class='ocrx_word' id='word_1_547' title='bbox 1521 1547 1569 1575; x_wconf 90' lang='lat' dir='ltr'><strong>Dei</strong></span> <span class='ocrx_word' id='word_1_548' title='bbox 1591 1547 1808 1582; x_wconf 88' lang='lat' dir='ltr'><strong>auctoritatem,</strong></span> <span class='ocrx_word' id='word_1_549' title='bbox 1823 1547 1897 1584; x_wconf 88' lang='lat' dir='ltr'><strong>quid</strong></span> 
     </span>
     <span class='ocr_line' id='line_1_79' title="bbox 1113 1594 1897 1623; baseline 0.001 -1"><span class='ocrx_word' id='word_1_550' title='bbox 1113 1595 1191 1623; x_wconf 87' lang='lat' dir='ltr'><strong>enim</strong></span> <span class='ocrx_word' id='word_1_551' title='bbox 1209 1596 1267 1623; x_wconf 74' lang='lat' dir='ltr'><strong>neo</strong></span> <span class='ocrx_word' id='word_1_552' title='bbox 1290 1594 1457 1622; x_wconf 76' lang='lat' dir='ltr'><strong>sublimus?</strong></span> <span class='ocrx_word' id='word_1_553' title='bbox 1471 1594 1604 1622; x_wconf 81' lang='lat' dir='ltr'><strong>secundo</strong></span> <span class='ocrx_word' id='word_1_554' title='bbox 1627 1594 1707 1622; x_wconf 87' lang='lat' dir='ltr'><strong>missi</strong></span> <span class='ocrx_word' id='word_1_555' title='bbox 1732 1594 1826 1622; x_wconf 88' lang='lat' dir='ltr'><strong>nuntii</strong></span> <span class='ocrx_word' id='word_1_556' title='bbox 1850 1595 1897 1623; x_wconf 91' lang='lat' dir='ltr'><strong>di-</strong></span> 
     </span>
     <span class='ocr_line' id='line_1_80' title="bbox 1113 1641 1897 1679; baseline 0 -9"><span class='ocrx_word' id='word_1_557' title='bbox 1113 1643 1266 1677; x_wconf 80' lang='lat' dir='ltr'><strong>gnitatem,</strong></span> <span class='ocrx_word' id='word_1_558' title='bbox 1282 1642 1356 1678; x_wconf 87' lang='lat' dir='ltr'><strong>quid</strong></span> <span class='ocrx_word' id='word_1_559' title='bbox 1374 1641 1421 1669; x_wconf 70' lang='lat' dir='ltr'><strong>liei</strong></span> <span class='ocrx_word' id='word_1_560' title='bbox 1444 1642 1548 1669; x_wconf 86' lang='lat' dir='ltr'><strong>nuntio</strong></span> <span class='ocrx_word' id='word_1_561' title='bbox 1573 1641 1712 1677; x_wconf 73' lang='lat' dir='ltr'><strong>dignius?</strong></span> <span class='ocrx_word' id='word_1_562' title='bbox 1732 1642 1829 1676; x_wconf 89' lang='lat' dir='ltr'><strong>tertio,</strong></span> <span class='ocrx_word' id='word_1_563' title='bbox 1852 1643 1897 1679; x_wconf 89' lang='lat' dir='ltr'><strong>ip-</strong></span> 
     </span>
     <span class='ocr_line' id='line_1_81' title="bbox 1112 1688 1897 1724; baseline 0.003 -8"><span class='ocrx_word' id='word_1_564' title='bbox 1112 1690 1173 1718; x_wconf 83' lang='lat' dir='ltr'><strong>sius</strong></span> <span class='ocrx_word' id='word_1_565' title='bbox 1188 1689 1336 1717; x_wconf 81' lang='lat' dir='ltr'><strong>missionis</strong></span> <span class='ocrx_word' id='word_1_566' title='bbox 1348 1688 1513 1723; x_wconf 88' lang='lat' dir='ltr'><strong>utilitatem,</strong></span> <span class='ocrx_word' id='word_1_567' title='bbox 1526 1688 1599 1724; x_wconf 89' lang='lat' dir='ltr'><strong>quid</strong></span> <span class='ocrx_word' id='word_1_568' title='bbox 1610 1696 1627 1716; x_wconf 92' lang='lat' dir='ltr'><strong>a</strong></span> <span class='ocrx_word' id='word_1_569' title='bbox 1641 1696 1760 1717; x_wconf 85' lang='lat' dir='ltr'><strong>carcere</strong></span> <span class='ocrx_word' id='word_1_570' title='bbox 1775 1688 1897 1718; x_wconf 88' lang='lat' dir='ltr'><strong>liberari</strong></span> 
     </span>
     <span class='ocr_line' id='line_1_82' title="bbox 1113 1735 1897 1771; baseline 0.001 -8"><span class='ocrx_word' id='word_1_571' title='bbox 1113 1736 1233 1764; x_wconf 70' lang='lat' dir='ltr'><strong>utilius?</strong></span> <span class='ocrx_word' id='word_1_572' title='bbox 1250 1736 1331 1764; x_wconf 80' lang='lat' dir='ltr'><strong>Mittit</strong></span> <span class='ocrx_word' id='word_1_573' title='bbox 1352 1736 1504 1769; x_wconf 86' lang='lat' dir='ltr'><strong>Dominus,</strong></span> <span class='ocrx_word' id='word_1_574' title='bbox 1526 1735 1649 1763; x_wconf 82' lang='lat' dir='ltr'><strong>mittitur</strong></span> <span class='ocrx_word' id='word_1_575' title='bbox 1664 1736 1803 1771; x_wconf 73' lang='lat' dir='ltr'><strong>Angelus,</strong></span> <span class='ocrx_word' id='word_1_576' title='bbox 1820 1739 1848 1764; x_wconf 89' lang='lat' dir='ltr'><strong>et</strong></span> <span class='ocrx_word' id='word_1_577' title='bbox 1862 1736 1897 1764; x_wconf 91' lang='lat' dir='ltr'><strong>li-</strong></span> 
     </span>
     <span class='ocr_line' id='line_1_83' title="bbox 1114 1783 1897 1820; baseline 0 -9"><span class='ocrx_word' id='word_1_578' title='bbox 1114 1784 1233 1812; x_wconf 78' lang='lat' dir='ltr'><strong>beratur</strong></span> <span class='ocrx_word' id='word_1_579' title='bbox 1261 1783 1406 1820; x_wconf 80' lang='lat' dir='ltr'><strong>captivus.</strong></span> <span class='ocrx_word' id='word_1_580' title='bbox 1432 1785 1553 1811; x_wconf 81' lang='lat' dir='ltr'><strong>Notatur</strong></span> <span class='ocrx_word' id='word_1_581' title='bbox 1577 1791 1648 1818; x_wconf 84' lang='lat' dir='ltr'><strong>ergo</strong></span> <span class='ocrx_word' id='word_1_582' title='bbox 1671 1783 1770 1819; x_wconf 88' lang='lat' dir='ltr'><strong>primo</strong></span> <span class='ocrx_word' id='word_1_583' title='bbox 1794 1783 1897 1811; x_wconf 86' lang='lat' dir='ltr'><strong>divina</strong></span> 
     </span>
     <span class='ocr_line' id='line_1_84' title="bbox 1112 1829 1896 1864; baseline 0 -6"><span class='ocrx_word' id='word_1_584' title='bbox 1112 1831 1291 1864; x_wconf 87' lang='lat' dir='ltr'><strong>sublimitas,</strong></span> <span class='ocrx_word' id='word_1_585' title='bbox 1306 1831 1368 1859; x_wconf 86' lang='lat' dir='ltr'><strong>sive</strong></span> <span class='ocrx_word' id='word_1_586' title='bbox 1390 1832 1561 1864; x_wconf 87' lang='lat' dir='ltr'><strong>auctoritas,</strong></span> <span class='ocrx_word' id='word_1_587' title='bbox 1576 1838 1645 1858; x_wconf 89' lang='lat' dir='ltr'><strong>cum</strong></span> <span class='ocrx_word' id='word_1_588' title='bbox 1660 1829 1768 1859; x_wconf 88' lang='lat' dir='ltr'><strong>dicitur</strong></span> <span class='ocrx_word' id='word_1_589' title='bbox 1781 1839 1788 1858; x_wconf 73' lang='grc' dir='ltr'>ε</span> <span class='ocrx_word' id='word_1_590' title='bbox 1816 1831 1896 1858; x_wconf 72' lang='lat' dir='ltr'><strong>Misit</strong></span> 
     </span>
     <span class='ocr_line' id='line_1_85' title="bbox 1114 1877 1896 1914; baseline -0.001 -8"><span class='ocrx_word' id='word_1_591' title='bbox 1114 1880 1252 1906; x_wconf 73' lang='lat' dir='ltr'><strong>Dominus.</strong></span> <span class='ocrx_word' id='word_1_592' title='bbox 1269 1877 1405 1906; x_wconf 89' lang='lat' dir='ltr'><strong>Secundo</strong></span> <span class='ocrx_word' id='word_1_593' title='bbox 1419 1886 1490 1906; x_wconf 83' lang='lat' dir='ltr'><strong>vero</strong></span> <span class='ocrx_word' id='word_1_594' title='bbox 1506 1880 1625 1906; x_wconf 88' lang='lat' dir='ltr'><strong>notatur</strong></span> <span class='ocrx_word' id='word_1_595' title='bbox 1638 1877 1741 1913; x_wconf 76' lang='lat' dir='ltr'><strong>Angeli</strong></span> <span class='ocrx_word' id='word_1_596' title='bbox 1755 1877 1896 1914; x_wconf 87' lang='lat' dir='ltr'><strong>dignitas,</strong></span> 
     </span>
     <span class='ocr_line' id='line_1_86' title="bbox 1113 1925 1897 1961; baseline 0 -7"><span class='ocrx_word' id='word_1_597' title='bbox 1113 1935 1181 1954; x_wconf 89' lang='lat' dir='ltr'><strong>cum</strong></span> <span class='ocrx_word' id='word_1_598' title='bbox 1196 1927 1318 1954; x_wconf 81' lang='lat' dir='ltr'><strong>insertur</strong></span> <span class='ocrx_word' id='word_1_599' title='bbox 1336 1935 1342 1954; x_wconf 76' lang='grc' dir='ltr'>ε</span> <span class='ocrx_word' id='word_1_600' title='bbox 1358 1927 1493 1961; x_wconf 77' lang='lat' dir='ltr'><strong>Anqelnm</strong></span> <span class='ocrx_word' id='word_1_601' title='bbox 1513 1935 1600 1954; x_wconf 82' lang='lat' dir='ltr'><strong>suum.</strong></span> <span class='ocrx_word' id='word_1_602' title='bbox 1616 1925 1711 1954; x_wconf 85' lang='lat' dir='ltr'><strong>Tertio</strong></span> <span class='ocrx_word' id='word_1_603' title='bbox 1725 1934 1796 1954; x_wconf 89' lang='lat' dir='ltr'><strong>vero</strong></span> <span class='ocrx_word' id='word_1_604' title='bbox 1811 1928 1897 1954; x_wconf 87' lang='lat' dir='ltr'><strong>nota-</strong></span> 
     </span>
     <span class='ocr_line' id='line_1_87' title="bbox 1113 1973 1896 2009; baseline -0.003 -6"><span class='ocrx_word' id='word_1_605' title='bbox 1113 1978 1160 2003; x_wconf 89' lang='lat' dir='ltr'><strong>tur</strong></span> <span class='ocrx_word' id='word_1_606' title='bbox 1171 1975 1320 2002; x_wconf 82' lang='lat' dir='ltr'><strong>missionis</strong></span> <span class='ocrx_word' id='word_1_607' title='bbox 1333 1974 1454 2008; x_wconf 84' lang='lat' dir='ltr'><strong>utilitas,</strong></span> <span class='ocrx_word' id='word_1_608' title='bbox 1469 1982 1537 2002; x_wconf 89' lang='lat' dir='ltr'><strong>cum</strong></span> <span class='ocrx_word' id='word_1_609' title='bbox 1546 1973 1718 2009; x_wconf 83' lang='lat' dir='ltr'><strong>adjungitur</strong></span> <span class='ocrx_word' id='word_1_610' title='bbox 1735 1982 1741 2001; x_wconf 89' lang='lat'>:</span> <span class='ocrx_word' id='word_1_611' title='bbox 1759 1976 1783 2001; x_wconf 82' lang='lat' dir='ltr'><strong>et</strong></span> <span class='ocrx_word' id='word_1_612' title='bbox 1798 1974 1896 2001; x_wconf 77' lang='lat' dir='ltr'><strong>tibera-</strong></span> 
     </span>
     <span class='ocr_line' id='line_1_88' title="bbox 1115 2018 1895 2053; baseline 0 -7"><span class='ocrx_word' id='word_1_613' title='bbox 1115 2022 1153 2047; x_wconf 68' lang='lat' dir='ltr'><strong>rit</strong></span> <span class='ocrx_word' id='word_1_614' title='bbox 1166 2029 1206 2048; x_wconf 86' lang='lat' dir='ltr'><strong>me</strong></span> <span class='ocrx_word' id='word_1_615' title='bbox 1216 2021 1248 2048; x_wconf 82' lang='lat' dir='ltr'><strong>de</strong></span> <span class='ocrx_word' id='word_1_616' title='bbox 1257 2028 1338 2047; x_wconf 82' lang='lat' dir='ltr'><strong>manu</strong></span> <span class='ocrx_word' id='word_1_617' title='bbox 1347 2019 1472 2047; x_wconf 70' lang='lat' dir='ltr'><strong>Herodis.</strong></span> <span class='ocrx_word' id='word_1_618' title='bbox 1485 2020 1597 2053; x_wconf 75' lang='lat' dir='ltr'><strong>[tergo</strong></span> <span class='ocrx_word' id='word_1_619' title='bbox 1609 2018 1711 2046; x_wconf 86' lang='lat' dir='ltr'><strong>omnia</strong></span> <span class='ocrx_word' id='word_1_620' title='bbox 1720 2018 1810 2046; x_wconf 88' lang='lat' dir='ltr'><strong>simul</strong></span> <span class='ocrx_word' id='word_1_621' title='bbox 1821 2021 1895 2046; x_wconf 90' lang='lat' dir='ltr'><strong>trac-</strong></span> 
     </span>
     <span class='ocr_line' id='line_1_89' title="bbox 1114 2064 1896 2102; baseline -0.001 -8"><span class='ocrx_word' id='word_1_622' title='bbox 1114 2070 1226 2101; x_wconf 79' lang='lat' dir='ltr'><strong>temus,</strong></span> <span class='ocrx_word' id='word_1_623' title='bbox 1251 2069 1278 2095; x_wconf 86' lang='lat' dir='ltr'><strong>et</strong></span> <span class='ocrx_word' id='word_1_624' title='bbox 1299 2066 1355 2094; x_wconf 89' lang='lat' dir='ltr'><strong>sub</strong></span> <span class='ocrx_word' id='word_1_625' title='bbox 1372 2066 1474 2102; x_wconf 84' lang='lat' dir='ltr'><strong>paucis</strong></span> <span class='ocrx_word' id='word_1_626' title='bbox 1490 2065 1632 2093; x_wconf 86' lang='lat' dir='ltr'><strong>membris</strong></span> <span class='ocrx_word' id='word_1_627' title='bbox 1651 2064 1744 2092; x_wconf 87' lang='lat' dir='ltr'><strong>multa</strong></span> <span class='ocrx_word' id='word_1_628' title='bbox 1756 2085 1765 2098; x_wconf 92' lang='lat'><strong>,</strong></span> <span class='ocrx_word' id='word_1_629' title='bbox 1780 2067 1809 2093; x_wconf 84' lang='lat' dir='ltr'><strong>et</strong></span> <span class='ocrx_word' id='word_1_630' title='bbox 1823 2073 1896 2101; x_wconf 88' lang='lat' dir='ltr'><strong>qua-</strong></span> 
     </span>
     <span class='ocr_line' id='line_1_90' title="bbox 1113 2112 1897 2149; baseline -0.001 -8"><span class='ocrx_word' id='word_1_631' title='bbox 1113 2114 1136 2141; x_wconf 80' lang='lat' dir='ltr'><strong>si</strong></span> <span class='ocrx_word' id='word_1_632' title='bbox 1164 2114 1320 2142; x_wconf 90' lang='lat' dir='ltr'><strong>innumera</strong></span> <span class='ocrx_word' id='word_1_633' title='bbox 1349 2113 1531 2149; x_wconf 75' lang='lat' dir='ltr'><strong>Angelorum</strong></span> <span class='ocrx_word' id='word_1_634' title='bbox 1553 2112 1700 2140; x_wconf 84' lang='lat' dir='ltr'><strong>beneficia</strong></span> <span class='ocrx_word' id='word_1_635' title='bbox 1714 2112 1897 2148; x_wconf 87' lang='lat' dir='ltr'><strong>constringa-</strong></span> 
     </span>
     <span class='ocr_line' id='line_1_91' title="bbox 1114 2158 1897 2196; baseline -0.001 -8"><span class='ocrx_word' id='word_1_636' title='bbox 1114 2168 1190 2194; x_wconf 85' lang='lat' dir='ltr'><strong>mus,</strong></span> <span class='ocrx_word' id='word_1_637' title='bbox 1217 2161 1362 2194; x_wconf 75' lang='lat' dir='ltr'><strong>dicamus,</strong></span> <span class='ocrx_word' id='word_1_638' title='bbox 1388 2159 1472 2196; x_wconf 87' lang='lat' dir='ltr'><strong>quod</strong></span> <span class='ocrx_word' id='word_1_639' title='bbox 1501 2161 1630 2196; x_wconf 90' lang='lat' dir='ltr'><strong>quatuor</strong></span> <span class='ocrx_word' id='word_1_640' title='bbox 1658 2161 1727 2187; x_wconf 88' lang='lat' dir='ltr'><strong>sunt</strong></span> <span class='ocrx_word' id='word_1_641' title='bbox 1750 2158 1897 2188; x_wconf 85' lang='lat' dir='ltr'><strong>beneficia</strong></span> 
     </span>
     <span class='ocr_line' id='line_1_92' title="bbox 1113 2206 1896 2243; baseline -0.001 -8"><span class='ocrx_word' id='word_1_642' title='bbox 1113 2207 1304 2243; x_wconf 72' lang='lat' dir='ltr'><strong>Angelorum,</strong></span> <span class='ocrx_word' id='word_1_643' title='bbox 1333 2207 1372 2235; x_wconf 87' lang='lat' dir='ltr'><strong>ad</strong></span> <span class='ocrx_word' id='word_1_644' title='bbox 1393 2216 1459 2243; x_wconf 83' lang='lat' dir='ltr'><strong>quae</strong></span> <span class='ocrx_word' id='word_1_645' title='bbox 1486 2208 1611 2242; x_wconf 84' lang='lat' dir='ltr'><strong>possunt</strong></span> <span class='ocrx_word' id='word_1_646' title='bbox 1628 2206 1730 2235; x_wconf 89' lang='lat' dir='ltr'><strong>reduci</strong></span> <span class='ocrx_word' id='word_1_647' title='bbox 1755 2206 1813 2235; x_wconf 86' lang='lat' dir='ltr'><strong>alia</strong></span> <span class='ocrx_word' id='word_1_648' title='bbox 1828 2214 1896 2243; x_wconf 81' lang='lat' dir='ltr'><strong>quae</strong></span> 
     </span>
     <span class='ocr_line' id='line_1_93' title="bbox 1114 2253 1896 2291; baseline -0.001 -9"><span class='ocrx_word' id='word_1_649' title='bbox 1114 2255 1200 2284; x_wconf 82' lang='lat' dir='ltr'><strong>nobis</strong></span> <span class='ocrx_word' id='word_1_650' title='bbox 1215 2255 1253 2283; x_wconf 85' lang='lat' dir='ltr'><strong>ab</strong></span> <span class='ocrx_word' id='word_1_651' title='bbox 1270 2255 1340 2291; x_wconf 87' lang='lat' dir='ltr'><strong>ipsis</strong></span> <span class='ocrx_word' id='word_1_652' title='bbox 1358 2254 1560 2282; x_wconf 82' lang='lat' dir='ltr'><strong>conseruntur.</strong></span> <span class='ocrx_word' id='word_1_653' title='bbox 1578 2255 1651 2282; x_wconf 74' lang='lat' dir='ltr'><strong>Nota</strong></span> <span class='ocrx_word' id='word_1_654' title='bbox 1668 2261 1753 2290; x_wconf 88' lang='lat' dir='ltr'><strong>ergo,</strong></span> <span class='ocrx_word' id='word_1_655' title='bbox 1767 2253 1851 2289; x_wconf 90' lang='lat' dir='ltr'><strong>quod</strong></span> <span class='ocrx_word' id='word_1_656' title='bbox 1866 2253 1896 2281; x_wconf 91' lang='lat' dir='ltr'><strong>in</strong></span> 
     </span>
     <span class='ocr_line' id='line_1_94' title="bbox 1114 2299 1896 2337; baseline -0.003 -8"><span class='ocrx_word' id='word_1_657' title='bbox 1114 2302 1161 2329; x_wconf 87' lang='lat' dir='ltr'><strong>via</strong></span> <span class='ocrx_word' id='word_1_658' title='bbox 1174 2304 1241 2329; x_wconf 88' lang='lat' dir='ltr'><strong>sunt</strong></span> <span class='ocrx_word' id='word_1_659' title='bbox 1261 2301 1348 2330; x_wconf 90' lang='lat' dir='ltr'><strong>nobis</strong></span> <span class='ocrx_word' id='word_1_660' title='bbox 1367 2304 1495 2337; x_wconf 86' lang='lat' dir='ltr'><strong>quatuor</strong></span> <span class='ocrx_word' id='word_1_661' title='bbox 1517 2300 1693 2334; x_wconf 88' lang='lat' dir='ltr'><strong>neccssaria,</strong></span> <span class='ocrx_word' id='word_1_662' title='bbox 1717 2300 1740 2327; x_wconf 81' lang='lat' dir='ltr'><strong>si</strong></span> <span class='ocrx_word' id='word_1_663' title='bbox 1756 2299 1896 2328; x_wconf 86' lang='lat' dir='ltr'><strong>volumus</strong></span> 
     </span>
     <span class='ocr_line' id='line_1_95' title="bbox 1113 2347 1895 2384; baseline -0.003 -9"><span class='ocrx_word' id='word_1_664' title='bbox 1113 2348 1267 2384; x_wconf 80' lang='lat' dir='ltr'><strong>pervenire</strong></span> <span class='ocrx_word' id='word_1_665' title='bbox 1286 2348 1325 2376; x_wconf 85' lang='lat' dir='ltr'><strong>ad</strong></span> <span class='ocrx_word' id='word_1_666' title='bbox 1340 2348 1467 2384; x_wconf 85' lang='lat' dir='ltr'><strong>patriam</strong></span> <span class='ocrx_word' id='word_1_667' title='bbox 1484 2357 1490 2376; x_wconf 90' lang='lat'>:</span> <span class='ocrx_word' id='word_1_668' title='bbox 1511 2356 1581 2375; x_wconf 88' lang='lat' dir='ltr'><strong>nam</strong></span> <span class='ocrx_word' id='word_1_669' title='bbox 1606 2347 1703 2383; x_wconf 83' lang='lat' dir='ltr'><strong>primo</strong></span> <span class='ocrx_word' id='word_1_670' title='bbox 1725 2347 1895 2382; x_wconf 87' lang='lat' dir='ltr'><strong>indigemus</strong></span> 
     </span>
     <span class='ocr_line' id='line_1_96' title="bbox 1113 2394 1894 2432; baseline -0.003 -9"><span class='ocrx_word' id='word_1_671' title='bbox 1113 2395 1234 2424; x_wconf 85' lang='lat' dir='ltr'><strong>scientia</strong></span> <span class='ocrx_word' id='word_1_672' title='bbox 1249 2396 1424 2430; x_wconf 78' lang='lat' dir='ltr'><strong>illustrante,</strong></span> <span class='ocrx_word' id='word_1_673' title='bbox 1441 2398 1561 2432; x_wconf 88' lang='lat' dir='ltr'><strong>propter</strong></span> <span class='ocrx_word' id='word_1_674' title='bbox 1585 2394 1749 2431; x_wconf 85' lang='lat' dir='ltr'><strong>potentiam</strong></span> <span class='ocrx_word' id='word_1_675' title='bbox 1769 2394 1894 2429; x_wconf 88' lang='lat' dir='ltr'><strong>cogniti-</strong></span> 
     </span>
     <span class='ocr_line' id='line_1_97' title="bbox 1113 2442 1894 2478; baseline -0.003 -7"><span class='ocrx_word' id='word_1_676' title='bbox 1113 2451 1198 2477; x_wconf 80' lang='lat' dir='ltr'><strong>vam;</strong></span> <span class='ocrx_word' id='word_1_677' title='bbox 1222 2443 1354 2471; x_wconf 83' lang='lat' dir='ltr'><strong>secundo</strong></span> <span class='ocrx_word' id='word_1_678' title='bbox 1379 2443 1548 2478; x_wconf 81' lang='lat' dir='ltr'><strong>indigemus</strong></span> <span class='ocrx_word' id='word_1_679' title='bbox 1563 2442 1657 2477; x_wconf 82' lang='lat' dir='ltr'><strong>gratia</strong></span> <span class='ocrx_word' id='word_1_680' title='bbox 1671 2442 1894 2477; x_wconf 80' lang='lat' dir='ltr'><strong>inflammante,</strong></span> 
     </span>
     <span class='ocr_line' id='line_1_98' title="bbox 1113 2488 1894 2527; baseline -0.003 -9"><span class='ocrx_word' id='word_1_681' title='bbox 1113 2494 1234 2527; x_wconf 87' lang='lat' dir='ltr'><strong>propter</strong></span> <span class='ocrx_word' id='word_1_682' title='bbox 1245 2491 1407 2526; x_wconf 87' lang='lat' dir='ltr'><strong>potentiam</strong></span> <span class='ocrx_word' id='word_1_683' title='bbox 1421 2489 1588 2518; x_wconf 81' lang='lat' dir='ltr'><strong>affectivam</strong></span> <span class='ocrx_word' id='word_1_684' title='bbox 1601 2499 1608 2523; x_wconf 84' lang='lat'><strong>;</strong></span> <span class='ocrx_word' id='word_1_685' title='bbox 1626 2489 1710 2517; x_wconf 88' lang='lat' dir='ltr'><strong>tertio</strong></span> <span class='ocrx_word' id='word_1_686' title='bbox 1724 2488 1894 2525; x_wconf 87' lang='lat' dir='ltr'><strong>indigemus</strong></span> 
     </span>
     <span class='ocr_line' id='line_1_99' title="bbox 1112 2537 1894 2574; baseline 0 -9"><span class='ocrx_word' id='word_1_687' title='bbox 1112 2538 1283 2566; x_wconf 83' lang='lat' dir='ltr'><strong>fortitudine</strong></span> <span class='ocrx_word' id='word_1_688' title='bbox 1306 2538 1477 2572; x_wconf 84' lang='lat' dir='ltr'><strong>roborante,</strong></span> <span class='ocrx_word' id='word_1_689' title='bbox 1503 2538 1624 2573; x_wconf 84' lang='lat' dir='ltr'><strong>propter</strong></span> <span class='ocrx_word' id='word_1_690' title='bbox 1646 2537 1808 2573; x_wconf 88' lang='lat' dir='ltr'><strong>potentiam</strong></span> <span class='ocrx_word' id='word_1_691' title='bbox 1823 2545 1894 2574; x_wconf 91' lang='lat' dir='ltr'><strong>ope-</strong></span> 
     </span>
     <span class='ocr_line' id='line_1_100' title="bbox 1112 2584 1893 2621; baseline -0.003 -8"><span class='ocrx_word' id='word_1_692' title='bbox 1112 2587 1253 2620; x_wconf 82' lang='lat' dir='ltr'><strong>1·ativam;</strong></span> <span class='ocrx_word' id='word_1_693' title='bbox 1281 2589 1387 2621; x_wconf 86' lang='lat' dir='ltr'><strong>quarto</strong></span> <span class='ocrx_word' id='word_1_694' title='bbox 1414 2585 1584 2620; x_wconf 86' lang='lat' dir='ltr'><strong>indigemus</strong></span> <span class='ocrx_word' id='word_1_695' title='bbox 1604 2584 1727 2612; x_wconf 85' lang='lat' dir='ltr'><strong>victoria</strong></span> <span class='ocrx_word' id='word_1_696' title='bbox 1756 2592 1893 2612; x_wconf 88' lang='lat' dir='ltr'><strong>consum-</strong></span> 
     </span>
     <span class='ocr_line' id='line_1_101' title="bbox 1112 2651 1579 2685; baseline -0.002 -9"><span class='ocrx_word' id='word_1_697' title='bbox 1112 2654 1137 2677; x_wconf 90' lang='lat' dir='ltr'><strong>iu</strong></span> <span class='ocrx_word' id='word_1_698' title='bbox 1157 2654 1260 2685; x_wconf 61' lang='lat' dir='ltr'><strong>Niceph.</strong></span> <span class='ocrx_word' id='word_1_699' title='bbox 1284 2654 1349 2678; x_wconf 59' lang='lat' dir='ltr'><strong>[list.</strong></span> <span class='ocrx_word' id='word_1_700' title='bbox 1369 2653 1457 2682; x_wconf 56' lang='lat' dir='ltr'><strong>hicela,</strong></span> <span class='ocrx_word' id='word_1_701' title='bbox 1480 2651 1521 2676; x_wconf 90' lang='lat' dir='ltr'><strong>lib.</strong></span> <span class='ocrx_word' id='word_1_702' title='bbox 1546 2653 1579 2680; x_wconf 72' lang='lat' dir='ltr'><strong>X,</strong></span> 
     </span>
     <span class='ocr_line' id='line_1_102' title="bbox 1113 2693 1216 2721; baseline 0.01 -8"><span class='ocrx_word' id='word_1_703' title='bbox 1113 2696 1160 2721; x_wconf 60' lang='lat' dir='ltr'><strong>iu,</strong></span> <span class='ocrx_word' id='word_1_704' title='bbox 1178 2693 1216 2714; x_wconf 77' lang='lat' dir='ltr'><strong>lt.</strong></span> 
     </span>
     <span class='ocr_line' id='line_1_103' title="bbox 1144 2733 1391 2763; baseline 0.004 -9"><span class='ocrx_word' id='word_1_705' title='bbox 1144 2735 1177 2762; x_wconf 62' lang='lat' dir='ltr'><strong>(ul</strong></span> <span class='ocrx_word' id='word_1_706' title='bbox 1197 2733 1269 2762; x_wconf 55' lang='lat' dir='ltr'><strong>iulg.</strong></span> <span class='ocrx_word' id='word_1_707' title='bbox 1287 2734 1391 2763; x_wconf 57' lang='lat' dir='ltr'><strong>cmpuli.</strong></span> 
     </span>
    </p>
   </div>
   <div class='ocr_carea' id='block_1_11' title="bbox 1601 2653 1892 2682">
    <p class='ocr_par' dir='ltr' id='par_1_11' title="bbox 1601 2653 1892 2682">
     <span class='ocr_line' id='line_1_104' title="bbox 1601 2653 1892 2682; baseline 0.003 -7"><span class='ocrx_word' id='word_1_708' title='bbox 1601 2660 1623 2675; x_wconf 73' lang='lat' dir='ltr'><strong>v.</strong></span> <span class='ocrx_word' id='word_1_709' title='bbox 1646 2658 1724 2676; x_wconf 62' lang='lat' dir='ltr'><strong>xxxv.</strong></span> <span class='ocrx_word' id='word_1_710' title='bbox 1745 2665 1775 2669; x_wconf 96' lang='lat'><strong>—</strong></span> <span class='ocrx_word' id='word_1_711' title='bbox 1796 2653 1804 2666; x_wconf 81' lang='lat'><strong>³</strong></span> <span class='ocrx_word' id='word_1_712' title='bbox 1826 2654 1892 2682; x_wconf 62' lang='lat' dir='ltr'><strong>Act„</strong></span> 
     </span>
    </p>
   </div>
   <div class='ocr_carea' id='block_1_12' title="bbox 1111 379 2019 452">
    <p class='ocr_par' dir='ltr' id='par_1_12' title="bbox 1111 379 2019 452">
     <span class='ocr_line' id='line_1_105' title="bbox 1111 379 2019 452; baseline 0.004 -10"><span class='ocrx_word' id='word_1_713' title='bbox 1111 413 1187 442; x_wconf 84' lang='lat' dir='ltr'><strong>citur</strong></span> <span class='ocrx_word' id='word_1_714' title='bbox 1196 412 1234 442; x_wconf 84' lang='lat' dir='ltr'><strong>de</strong></span> <span class='ocrx_word' id='word_1_715' title='bbox 1243 413 1369 448; x_wconf 77' lang='lat' dir='ltr'><strong>ciconia,</strong></span> <span class='ocrx_word' id='word_1_716' title='bbox 1380 413 1534 442; x_wconf 86' lang='lat' dir='ltr'><strong>vermibus</strong></span> <span class='ocrx_word' id='word_1_717' title='bbox 1543 415 1572 442; x_wconf 87' lang='lat' dir='ltr'><strong>et</strong></span> <span class='ocrx_word' id='word_1_718' title='bbox 1580 413 1770 451; x_wconf 82' lang='lat' dir='ltr'><strong>serpentibus</strong></span> <span class='ocrx_word' id='word_1_719' title='bbox 1779 414 1896 452; x_wconf 69' lang='lat' dir='ltr'><strong>intaeta,</strong></span> <span class='ocrx_word' id='word_1_720' title='bbox 1938 379 2019 431; x_wconf 38' lang='grc' dir='ltr'><strong>ξω,</strong></span> 
     </span>
    </p>
   </div>
  </div>
 </body>
</html>
