2029 3052
681 201 966 236 RESPONSIONIS
988 200 1146 234 TERTIAE
1167 199 1297 233 CAPUT
1320 200 1344 231 l.

198 273 319 314 quendi
340 273 514 305 Dominum
536 273 632 305 simul
653 273 785 312 donare,
802 273 833 304 et
847 271 975 303 absolu-

198 328 268 359 tum
284 327 496 359 sollicitudine
517 336 615 368 egere
634 336 708 358 cum
729 326 864 358 Christo.
883 337 897 355 »
916 325 976 357 Sed

199 381 254 422 qui
269 381 366 413 habet
380 382 465 413 unde
481 382 692 420 sustentatur,
707 380 823 411 scilicet
837 379 870 410 in
886 388 976 409 coin—

199 435 311 473 muni,
333 444 398 466 non
420 435 549 476 proprie
572 435 687 466 dicitur
708 442 823 474 egere;
845 441 923 463 nam
938 431 976 462 de

198 488 260 519 illis
272 489 390 528 quibus
404 491 496 520 erant
507 489 615 520 omnia
631 487 825 525 communia,
842 487 875 517 in
890 486 977 518 Acti-

198 541 255 574 bus
270 542 403 574 dicitur¹
422 543 505 575 :Nec
521 545 589 575 erat
603 543 775 583 quisquam
789 548 880 581 eyens
890 541 977 572 inter

198 603 260 628 eos.
291 595 474 635 Postremo,
499 598 537 628 ut
559 597 643 628 clare
668 596 759 628 nobis
789 595 974 632 innotescat,

197 660 271 691 quae
302 650 341 681 sit
373 650 660 682 abrenuntiationis
689 651 791 681 forma
818 648 974 689 perfectis,

197 704 425 735 attendendum
440 706 498 743 est,
514 704 599 745 quod
612 703 686 735 dicit
699 703 782 735 Beda
793 702 977 743 superillud

197 756 294 788 Marci
312 758 323 774 ²
344 768 351 788 :
372 757 504 790 Relictis
525 757 673 790 omnibus
694 757 755 797 (α),
781 759 905 789 secutus
932 759 977 788 est

197 818 267 842 eum
282 813 293 830 ³
309 820 320 840 :
340 821 354 840 ει
373 811 549 842 Perfectam
574 810 666 841 nobis
689 810 977 841 abrenuntiationis

196 863 333 895 formam
355 864 479 903 tribuit,
497 864 575 896 dum
590 873 657 895 non
676 864 780 895 solum
796 864 885 895 lucra
899 863 973 894 reli-

197 918 267 958 quit
289 918 515 958 vectigalium,
539 918 594 949 sed
615 920 646 949 et
669 917 810 958 pericula
832 919 975 949 contem-

196 971 268 1011 psit.
284 971 385 1002 Tanta
399 971 485 1003 enim
500 971 671 1011 cupiditate
693 971 847 1012 sequendi
866 971 973 1002 Domi-

195 1033 276 1056 num
289 1025 404 1056 ductus
417 1028 473 1064 est,
490 1027 526 1056 ut
536 1025 625 1056 nullo
640 1034 771 1065 prorsus
786 1025 884 1065 hujus
898 1025 975 1056 vitae

195 1081 358 1118 respectu,
374 1079 427 1111 vel
441 1079 666 1118 cogitationem
686 1079 812 1110 sibimet
833 1088 975 1110 reserva-

195 1132 289 1163 verit.
303 1143 318 1161 »
337 1132 398 1164 Per
412 1132 482 1163 haec
503 1141 666 1164 sacrorum
691 1133 863 1164 Doctorum
885 1134 973 1164 testi-

195 1186 318 1224 monia,
334 1188 401 1217 tam
423 1186 611 1225 manifesta,
629 1196 726 1227 quam
749 1189 843 1226 certa,
862 1189 893 1218 et
911 1187 974 1218 alia

194 1239 344 1280 piurima,
361 1249 434 1281 qnae
447 1249 542 1271 causa
556 1241 721 1272 brevitatis
736 1241 875 1272 vitandae
892 1250 976 1272 rese-

195 1295 308 1325 cantur
328 1294 368 1325 ad
388 1303 548 1334 praesens,
565 1294 781 1334 irrefragabili
802 1296 906 1334 potest
921 1304 973 1325 ra-

193 1347 281 1379 tione
295 1348 458 1387 concludi,
476 1349 563 1389 quod
583 1348 744 1379 Christum
760 1350 791 1379 et
805 1349 974 1388 Apostolos

193 1402 324 1441 imitari,
340 1412 405 1433 non
418 1402 522 1433 solum
537 1402 642 1442 quoad
657 1402 889 1433 abdicationem
904 1412 974 1443 pro-

192 1455 383 1495 prietatum,
406 1465 520 1487 verum
546 1456 640 1487 etiam
666 1456 770 1496 quoad
794 1458 972 1487 extremam

192 1510 421 1550 temporalium
443 1519 553 1541 rerum
573 1510 758 1550 penuriam,
778 1519 852 1550 quae
868 1511 973 1541 consi-

192 1563 246 1594 stit
259 1565 292 1594 in
305 1565 443 1595 carentia
452 1564 738 1605 possessionum,et
747 1564 970 1603 pecuniarum,

191 1626 258 1648 non
278 1618 383 1649 solum
405 1620 452 1649 est
473 1618 614 1656 licitum,
632 1617 687 1648 sed
702 1619 732 1647 et
747 1617 923 1655 laudabile,
940 1619 972 1648 et

191 1669 378 1708 perfectum.
395 1669 466 1701 Non
487 1672 594 1700 tamen
611 1678 651 1700 ex
666 1669 726 1700 hoc
741 1669 835 1700 debet
848 1669 899 1699 vel
913 1678 970 1708 po-

191 1724 251 1754 test
265 1723 384 1763 inferri,
402 1723 487 1764 quod
504 1723 655 1754 abdicatis
671 1732 781 1754 rerum
797 1723 971 1763 proprieta-

190 1774 286 1813 tibus,
303 1776 462 1815 possidere
481 1775 604 1815 aliquid
620 1775 654 1805 in
670 1775 832 1805 communi
853 1775 892 1805 sit
908 1775 969 1805 im-

190 1828 367 1867 perfectum
381 1851 388 1866 ,
408 1829 485 1868 quia
499 1829 580 1860 sicut
595 1829 741 1868 perfectas
755 1829 906 1859 castitatis
921 1829 969 1859 di-

191 1881 277 1912 versi
298 1884 374 1912 sunt
392 1882 498 1921 modi,
516 1891 656 1922 quorum
669 1882 768 1913 variis
783 1883 970 1922 praerogati-

191 1935 240 1966 vis
261 1938 370 1966 sancta
394 1938 495 1967 mater
520 1936 674 1974 Ecclesia,
700 1938 854 1975 tanquam
877 1945 969 1966 orna-

191 1995 376 2024 mentorum
390 1993 543 2024 varietate
557 1993 740 2030 decoratum
757 1992 801 2022 sie
812 1994 843 2022 et
859 1992 893 2022 in
903 2001 970 2023 mo-

191 2045 238 2077 dis
253 2047 399 2086 perfectae
423 2046 618 2086 paupertatis
642 2045 890 2085 intelligendum
909 2047 967 2085 est,

191 2110 377 2141 quanquam
398 2110 464 2132 non
486 2101 525 2132 sit
549 2110 605 2141 per
628 2100 737 2132 omnia
761 2100 863 2131 simile
894 2099 970 2131 hinc

191 2154 284 2194 inde,
305 2156 385 2186 sieut
404 2155 576 2195 diligenter
597 2154 808 2186 consideranti
830 2155 876 2185 est
900 2155 967 2186 evi-

190 2207 278 2239 dens.

243 2261 299 2292 His
329 2264 436 2293 autem
465 2271 530 2293 non
554 2262 657 2293 obstat
683 2261 968 2302 praeallegatorum

190 2315 256 2347 vita
270 2318 466 2354 sanctorum,
481 2315 537 2355 qui
552 2316 736 2347 communia
747 2315 966 2356 possederunt,

190 2371 281 2410 quasi
295 2379 361 2401 non
379 2370 545 2401 debuerint
567 2370 659 2401 aliter
680 2370 792 2401 docere
808 2379 906 2410 quam
921 2370 969 2401 vi—

189 2433 275 2463 vere,
293 2425 368 2464 quia
384 2433 453 2455 mos
468 2433 535 2455 esse
552 2424 630 2455 solet
643 2424 704 2464 piis
718 2424 916 2463 Doctoribus,
932 2427 968 2455 ut

189 2487 242 2509 eas
257 2479 414 2510 virtutum
424 2478 667 2518 praerogativas,
683 2479 801 2518 q:.ibus
812 2488 920 2509 carere
934 2488 966 2509 se

220 2561 226 2574 “
245 2561 311 2589 Act.,
338 2567 372 2591 iv,
395 2562 434 2584 34.
456 2573 488 2577 —
509 2559 519 2576 ³
538 2559 627 2590 Marc„
649 2565 681 2590 11,
704 2561 742 2583 14.
765 2573 796 2577 —
814 2560 824 2576 ³
842 2560 914 2589 Bou„
940 2561 965 2584 z'n

188 2597 275 2626 Marc„
297 2597 342 2621 lib.
362 2598 386 2627 1,
407 2604 428 2622 c.
448 2602 477 2621 11.
497 2610 528 2614 —
551 2596 559 2610 ⁴
577 2596 738 2627 Hieronym.,
763 2596 797 2619 ad
809 2596 964 2627 Pcmzmczch„

188 2632 261 2663 epist.
284 2639 315 2663 L,
342 2634 391 2657 col.
417 2640 453 2656 m.
479 2633 531 2656 142.
556 2646 586 2650 —
611 2633 620 2646 ⁵
643 2632 786 2663 Chrysost„
813 2633 838 2655 in
861 2632 966 2660 Mattlz.,

187 2668 258 2693 hom.
278 2676 339 2701 vni,
354 2677 380 2693 n.
397 2671 419 2693 4.
437 2683 467 2686 —
487 2670 495 2683 ὓ
516 2669 590 2697 ibid„
606 2675 632 2692 n.
649 2670 671 2693 5.
687 2681 717 2685 —
734 2669 740 2683 ‘
759 2669 811 2692 lmo
832 2668 964 2699 Origenes,

186 2713 240 2737 sap.
260 2706 355 2737 Genes„
372 2706 442 2731 hom.
459 2712 513 2731 xvi.
529 2719 560 2724 -
574 2706 584 2722 θ
598 2706 664 2736 Luc„
681 2711 736 2736 xlv,
752 2708 789 2730 33.

1759 208 1815 238 461

1034 270 1158 309 vident,
1175 269 1208 300 in
1219 268 1290 300 aliis
1303 267 1473 308 mirentur,
1487 271 1518 301 et
1532 270 1716 312 praedicent,
1733 272 1817 305 sicut

1033 323 1251 364 Hieronymus
1267 347 1276 360 ‚
1305 323 1345 354 ad
1371 322 1618 355 Pammachium
1646 325 1789 357 scribens
1806 338 1814 358 ι

1037 390 1051 407 ι(
1074 378 1314 417 Virginitatem,
1333 388 1348 406 »
1366 377 1470 418 inquit
1482 378 1503 416 ⁶,
1525 389 1539 407 ε(
1554 378 1587 409 in
1602 379 1720 411 coelum
1736 381 1814 418 fero,

1032 441 1099 463 non
1113 431 1190 472 quia
1203 431 1319 470 habeo,
1333 432 1386 463 sed
1403 432 1479 472 quia
1491 433 1597 472 magis
1617 433 1717 465 miror
1731 435 1816 474 quod

1032 494 1098 516 non
1112 485 1224 516 habeo.
1242 485 1389 524 Ingenua
1398 486 1484 517 enim
1501 489 1532 518 et
1549 487 1732 518 verecunda
1744 497 1817 519 con-

1031 539 1125 570 fessio
1138 540 1196 577 est,
1207 548 1271 579 quo
1284 539 1350 579 ipse
1365 549 1483 579 careas,
1495 540 1528 571 in
1542 541 1613 572 aliis
1629 542 1813 582 praedicare.

1031 592 1212 633 Numquid,
1229 593 1305 633 quia
1319 594 1411 633 gravi
1427 603 1559 634 corpore
1581 597 1674 626 terrae
1693 596 1812 634 haereo,

1032 645 1144 675 avium
1168 654 1232 676 non
1248 645 1350 676 miror
1367 645 1518 677 volatus‘.>
1535 658 1549 676 »
1568 647 1643 678 Haec
1659 647 1816 689 Hierony-

1031 707 1114 730 mus.
1133 698 1189 730 Cui
1202 699 1298 730 etiam
1316 699 1562 740 chrysostomus
1578 705 1743 741 consonat,
1756 703 1813 743 qui

1030 751 1201 793 AEgyptios
1223 753 1397 784 monachos
1422 754 1565 793 laudans,
1583 755 1646 786 ait⁵
1665 766 1672 786 :
1691 768 1705 786 «
1720 756 1813 788 Nunc

1030 806 1164 837 veniens
1186 807 1220 838 in
1244 816 1391 838 eremum
1407 807 1552 848 AEgypti,
1570 810 1715 849 paradiso
1730 811 1813 843 hanc

1031 860 1198 892 meliorem
1217 862 1339 893 videbis
1359 862 1516 893 effectam.
1540 863 1665 894 Etenim
1693 867 1740 896 est
1763 865 1812 897 vi-

1031 914 1105 944 dere
1118 915 1239 955 ubique
1254 915 1398 955 regionis
1409 915 1495 947 illius
1506 916 1621 948 Christi
1634 918 1811 950 exercitum

1030 969 1061 998 et
1075 968 1218 1007 regalem
1231 977 1380 1008 gregem,
1394 971 1425 1000 et
1436 970 1638 1010 superi0rum
1652 971 1811 1003 virtutum

1029 1021 1258 1053 urbanitatem.
1275 1022 1285 1038 ⁶
1300 1022 1478 1053 Existentia
1498 1023 1584 1054 enim
1601 1025 1688 1055 omni
1709 1026 1809 1065 exuti,

1029 1075 1063 1105 in
1088 1075 1210 1107 mundo
1234 1075 1367 1106 omnino
1391 1076 1555 1116 crucifixi,
1579 1080 1610 1108 et
1636 1078 1720 1109 ultra
1740 1088 1812 1110 rur-

1030 1139 1084 1160 sus
1109 1130 1147 1170 (b)
1163 1130 1359 1170 procedunt,
1382 1131 1524 1170 corporis
1539 1132 1757 1171 operationem
1771 1134 1811 1164 ad

1029 1183 1247 1223 indigentium
1289 1184 1322 1224 (c)
1359 1184 1466 1215 cibum
1495 1189 1669 1217 sumentes..
1700 1186 1810 1227 Neque

1029 1237 1134 1274 enim,
1150 1238 1304 1277 quoniam
1316 1239 1465 1278 jejunant
1480 1241 1512 1270 et
1526 1240 1678 1279 vigilant,
1694 1251 1808 1272 vacare

1029 1299 1086 1330 per
1100 1291 1185 1322 diem
1197 1292 1335 1331 dignum
1347 1293 1526 1331 aestimant3
1543 1294 1597 1325 sed
1613 1297 1721 1326 noctes
1735 1297 1806 1335 qni-

1028 1345 1101 1375 dem
1117 1345 1213 1376 sacris
1229 1346 1360 1386 hymnis
1381 1349 1412 1378 et
1436 1347 1572 1387 vigiliis,
1593 1348 1659 1379 dies
1681 1349 1715 1380 in
1734 1359 1808 1382 ora-

1027 1398 1184 1437 tionibus,
1202 1401 1233 1430 et
1248 1408 1407 1430 manuum
1431 1401 1670 1439 operationibus
1692 1412 1807 1434 consu-

1028 1454 1141 1490 munt,
1159 1453 1368 1492 apostolicum
1391 1454 1555 1486 imitantes
1577 1455 1690 1487 zelum.
1709 1456 1805 1488 Vere-

1027 1506 1205 1537 cundemur
1229 1507 1330 1547 igitur
1349 1517 1480 1547 omnes,
1498 1511 1529 1540 et
1543 1510 1656 1541 divites
1668 1534 1677 1548 ,
1694 1512 1724 1541 et
1739 1511 1806 1542 ino-

1026 1569 1093 1599 pes,
1111 1570 1185 1591 cum
1200 1561 1244 1591 illi
1260 1561 1305 1592 nil
1319 1562 1445 1602 penitus
1459 1563 1613 1594 habentes
1624 1565 1807 1605 nisicorpus

1026 1617 1057 1646 et
1071 1624 1187 1646 manus
1207 1625 1299 1655 suaS,
1316 1619 1473 1648 conantur
1496 1620 1526 1648 et
1542 1618 1670 1658 litigant
1686 1619 1728 1658 (d)
1750 1619 1807 1650 im-

1026 1678 1138 1708 pensas
1161 1670 1237 1700 hinc
1261 1670 1482 1709 indigentibus
1502 1672 1659 1711 invenire,
1675 1682 1734 1704 nos
1749 1683 1807 1704 au-

1024 1725 1090 1753 tem
1112 1724 1221 1754 decem
1241 1724 1381 1755 millibus
1396 1725 1482 1755 intus
1498 1726 1680 1764 reconditis,
1701 1736 1806 1767 neque

1025 1777 1187 1816 superflua
1206 1777 1246 1808 ad
1272 1778 1332 1809 hoe
1349 1778 1526 1817 tangimus.
1543 1790 1557 1808 2)
1577 1779 1651 1811 Haec
1667 1780 1804 1821 Chryso-

1024 1832 1158 1869 stomus,
1185 1832 1257 1871 qui,
1281 1834 1318 1862 ut
1344 1832 1451 1863 doctor
1477 1836 1605 1864 sanctus
1633 1836 1664 1865 et
1690 1844 1801 1875 verax,

1024 1885 1114 1923 quasi
1134 1885 1173 1916 ad
1195 1886 1245 1916 sui
1263 1888 1294 1916 et
1311 1886 1447 1917 aliorum
1463 1887 1523 1917 sibi
1541 1888 1695 1919 similium
1711 1899 1801 1921 vere-

1023 1938 1184 1976 cundiam,
1201 1940 1396 1979 paupertatis
1409 1941 1629 1972 excellentiam
1643 1943 1677 1973 in
1690 1953 1801 1975 mona-

1024 1991 1091 2022 ehis
1103 1992 1236 2033 AEgypti
1251 1994 1463 2025 commendat.
1488 1994 1599 2026 Simile
1620 2005 1677 2035 per
1692 1997 1801 2028 omnia

1023 2054 1112 2076 sacer
1143 2047 1216 2077 dicit
1239 2047 1428 2078 Ambrosius
1443 2048 1453 2065 ⁷
1472 2059 1479 2079 ε
1500 2048 1687 2089 «Christus,
1702 2062 1716 2079 n
1736 2052 1798 2090 ait,

1027 2099 1204 2131 «Dominus
1212 2103 1320 2132 noster
1328 2102 1546 2133 sacerdotibus
1555 2103 1631 2142 quid
1639 2105 1798 2144 praecepit,

1023 2153 1192 2185 audiamus
1206 2157 1216 2174 Β
1233 2166 1239 2186 z
1259 2155 1325 2194 Qui
1336 2164 1400 2188 non
1411 2158 1648 2190 renuntiaverit
1656 2159 1801 2191 omnibus

1023 2215 1093 2246 quce
1108 2208 1261 2248 possidet,
1278 2217 1342 2241 non
1355 2212 1459 2249 potest
1473 2218 1561 2242 meus
1577 2219 1642 2243 esse
1656 2211 1802 2253 discipu-

1022 2261 1084 2293 lus.
1110 2262 1323 2294 Contremisco
1346 2263 1416 2294 haec
1440 2264 1548 2295 dicens
1569 2276 1576 2296 :
1601 2275 1691 2297 meus
1715 2267 1801 2298 enim

1021 2315 1126 2354 primo
1135 2316 1293 2355 omnium,
1301 2326 1401 2354 meus,
1410 2317 1554 2358 inquam,
1564 2319 1631 2359 ipse
1637 2322 1802 2351 accusator

1021 2370 1133 2407 existo,
1148 2379 1235 2401 meas
1253 2371 1531 2402 condemnationes
1553 2372 1680 2413 loquor.
1697 2373 1801 2413 Negat

1022 2424 1162 2455 ChriStus
1177 2433 1274 2455 suum
1290 2433 1358 2455 esse
1373 2425 1580 2465 discipulum,
1597 2436 1694 2466 quem
1709 2428 1798 2459 vide-

1020 2478 1062 2508 rit
1075 2478 1195 2518 aliquid
1210 2478 1434 2518 possidentem,
1452 2481 1483 2509 et
1497 2488 1574 2510 euin
1593 2480 1650 2520 qui
1672 2490 1737 2512 non
1752 2491 1800 2512 re-

1020 2532 1138 2562 tuntiat
1154 2532 1302 2562 omnibus
1324 2541 1398 2572 quae
1415 2532 1566 2572 possidet.
1584 2533 1622 2564 Et
1637 2534 1713 2574 quid
1727 2536 1807 2575 agi-¹

1052 2632 1086 2661 (a)
1112 2632 1173 2662 Leg.
1199 2637 1312 2661 sur-qens.
1334 2643 1360 2646 -—
1388 2630 1418 2660 (b)
1444 2630 1505 2655 Coet.
1530 2631 1593 2655 edit.
1615 2633 1738 2657 crucifixi.
1769 2636 1798 2658 Et

1019 2667 1093 2691 ultra.
1111 2668 1214 2690 Rursus.
1232 2680 1257 2682 Ἀ
1275 2666 1305 2696 (c)
1322 2666 1382 2689 Itum
1404 2667 1553 2695 operatione
1569 2668 1600 2691 ad
1620 2668 1795 2700 indigentiam.

1019 2717 1049 2722 -
1068 2703 1102 2734 (d)
1118 2703 1179 2727 Item
1194 2708 1285 2726 manus
1300 2709 1358 2725 suas
1374 2703 1468 2731 cogant
1482 2704 1507 2726 et
1520 2702 1628 2733 litigent.
