2029 3052
247 271 308 303 304

247 337 334 377 dere,
350 338 459 370 statim
473 339 565 371 afluit
577 338 779 380 providentia
793 338 859 371 Dei.
877 339 959 371 Nam
973 348 1029 371 su-

246 391 314 423 bito
327 392 475 433 apparuit
484 393 582 424 homo
595 391 733 423 afferens
743 401 860 433 panem
869 393 905 424 in
914 402 1027 433 manu,

247 453 345 486 quem
367 446 570 486 pauperculis
595 445 711 478 Christi
730 446 832 485 dedit;
858 447 1030 488 subitoque

246 498 415 540 disparuit,
431 499 616 540 incognitus
635 499 720 531 unde
737 501 871 539 venerit,
895 502 951 532 aut
965 510 1030 541 quo

247 552 320 584 iret.
337 551 572 592 cognoscentes
585 555 695 585 autem
715 563 772 595 per
790 554 852 586 hoc
873 563 1030 595 pauperes

247 605 361 638 fratres
382 615 562 647 supernum
583 607 644 639 sibi
666 607 700 639 in
721 608 875 640 comitatu
893 608 956 640 viri
974 608 1031 639 Dei

248 659 358 691 adesse
380 660 588 700 praesidium,
610 661 716 702 magis
735 661 819 694 dono
832 662 1030 693 liberalitatis

248 712 378 752 divinae,
386 722 486 754 quam
492 714 562 746 cibo
568 715 673 746 carnis
682 716 901 756 propriaesuat
907 716 1012 748 refecti
1021 727 1028 747 :

248 765 381 807 insuper
391 763 505 798 'divina
528 767 744 800 consolatione
764 768 886 808 repleti,
910 771 1029 800 statue-

248 820 327 850 runt
340 820 487 858 firmiter,
503 822 535 852 et
549 821 800 853 irrevocabiliter
821 822 1032 854 confirmave-

249 874 342 912 runt,
369 873 491 905 nullius
513 874 627 906 inediae
652 877 707 906 aut
726 875 942 907 tribulationis
966 876 1031 908 im-

249 926 346 967 pulsu
359 936 378 958 a
388 929 497 958 sancto
512 929 708 969 paupertatis
722 929 843 961 resilire
857 931 1028 970 promisso.

249 979 375 1012 Exinde
395 981 430 1012 in
451 981 569 1013 vallem
597 982 802 1023 Spoletanam
825 993 901 1015 cum
922 987 1032 1016 sancto

250 1035 412 1075 proposito
447 1035 638 1074 redeuntes,
674 1039 810 1068 tractare
844 1040 1029 1078 coeperunt,

251 1091 363 1120 utrum
384 1088 467 1120 inter
493 1089 639 1121 homines
659 1091 840 1122 conversari
867 1091 1030 1130 deberent,

251 1151 292 1174 an
311 1143 351 1174 ad
374 1142 443 1174 loca
463 1143 604 1174 solitaria
615 1153 648 1175 se
670 1145 824 1176 conferre.
841 1144 903 1176 Sed
917 1145 1032 1176 Christi

251 1205 366 1228 servus
386 1196 574 1229 Franciscus
597 1206 660 1229 non
683 1198 720 1229 de
743 1208 802 1229 sua
827 1200 876 1231 vel
897 1208 1032 1230 suorum

251 1250 414 1281 confidens
427 1251 597 1290 industria,
614 1261 670 1292 per
684 1252 837 1283 orationis
847 1253 1031 1284 instantiam

253 1303 372 1335 divinae
396 1314 494 1345 super
516 1305 575 1336 hoc
598 1305 771 1336 voluntatis
798 1306 1031 1347 beneplacitum

252 1357 430 1398 requisivit.
447 1358 603 1399 Supcrnae
624 1359 725 1398 igitur
748 1360 950 1391 revelationis
966 1361 1033 1392 illu-

253 1413 373 1442 stratus
386 1412 527 1449 oraculo,
544 1413 699 1444 intellexit
715 1422 748 1444 se
765 1414 803 1445 ad
820 1415 879 1445 hoc
896 1415 1033 1446 missum

252 1474 271 1496 a
295 1464 445 1504 Domino,
472 1468 507 1497 ut
536 1466 659 1498 Christo
683 1466 862 1499 lucraretur
886 1469 1030 1504 animas,

254 1528 335 1559 quas
361 1519 507 1551 diabolus
534 1521 710 1552 conabatur
731 1522 868 1552 auterre.
898 1522 1033 1563 Ideoque

253 1573 360 1612 magis
374 1573 535 1611 omnibus,
554 1584 650 1614 quam
666 1574 726 1605 sibi
739 1574 796 1605 soli
813 1575 922 1606 vivere
938 1585 1035 1616 praee-

253 1626 344 1665 legit,
366 1627 450 1658 illius
470 1630 661 1668 provocatus
683 1629 841 1669 exemplo,
869 1630 925 1669 qui
951 1640 1035 1661 unus

254 1689 312 1720 pro
333 1681 484 1711 omnibus
501 1682 582 1712 niori
602 1682 754 1721 dignatus
784 1686 842 1714 est.
861 1683 1035 1723 Rerollcgit

254 1734 361 1774 itaque
369 1744 402 1764 sc
413 1735 464 1765 vir
475 1734 526 1766 Dei
536 1745 610 1766 cum
620 1737 842 1767 caeterissociis
852 1737 883 1767 iu
895 1737 1034 1777 quodam

255 1788 388 1827 tugurio
403 1788 553 1819 derelicto
569 1790 666 1829 Juxta
687 1790 847 1822 civitatem
861 1791 984 1829 Assisii,
1003 1792 1034 1821 in

255 1850 320 1881 quo
336 1842 512 1873 secundum
537 1845 656 1874 sanctze
683 1845 877 1884 paupertatis
899 1846 1034 1876 sormam

256 1895 288 1926 in
304 1895 410 1926 labore
426 1896 528 1927 multo
545 1899 576 1928 et
594 1897 700 1938 inopia
718 1898 914 1936 victitabant,
932 1899 1036 1938 magis

256 1949 485 1990 lacrymarum,
509 1960 607 1991 quain
629 1951 815 1983 deliciarum
835 1953 971 1992 panibus
988 1962 1037 1983 re-

257 2003 307 2033 tici
321 2006 512 2043 satagentes·
535 2004 696 2036 Vacabant
711 2006 796 2036 enim
820 2006 938 2037 ibidem
960 2007 1038 2038 (livi-

257 2056 307 2086 nis
328 2057 474 2096 precibus
498 2058 702 2097 incessanter,
730 2060 908 2091 mentaliter
932 2061 1037 2100 potius

256 2118 354 2149 quam
370 2110 522 2142 vocaliter
537 2112 642 2142 studio
666 2113 868 2144 intendentes
886 2115 1038 2146 orationis

257 2163 393 2201 devoiae,
410 2173 467 2204 pro
483 2173 520 2195 eo
542 2166 627 2205 quod
643 2166 787 2197 nondum
811 2168 1038 2199 ecclesiasticos

258 2216 357 2248 libros
368 2218 539 2257 habebant,
556 2220 719 2260 inquibus
735 2225 863 2261 possent
879 2223 975 2253 horas
989 2233 1038 2254 ca-

259 2271 391 2301 nonicas
414 2272 592 2304 decantare.
618 2273 700 2305 Loco
724 2281 828 2306 tamen
853 2276 983 2307 illorum
1005 2277 1040 2307 li-

259 2325 354 2355 brum
375 2326 478 2356 crucis
494 2326 619 2365 Christi,
636 2329 829 2359 continuatis
847 2331 1036 2370 aspectibus,

259 2378 372 2410 dicbus
387 2388 422 2410 ac
438 2380 584 2411 noctibus
599 2381 817 2421 revolvebant,
830 2384 977 2424 exemplo
989 2394 1040 2424 pa-

261 2433 318 2463 tris
334 2435 365 2464 et
387 2433 515 2474 eloquio
536 2435 663 2473 eruditi,
686 2436 742 2475 qui
760 2437 885 2477 jugiter
908 2438 1039 2469 faciebat

261 2487 305 2517 eis
318 2487 356 2518 de
371 2497 464 2518 cruce
485 2488 598 2519 Christi
622 2498 815 2521 sermonem.
844 2490 1039 2531 llogantibus

261 2543 369 2571 autem
384 2541 546 2578 fratribus,
562 2544 598 2572 ut
613 2551 667 2573 eos
681 2542 805 2574 doceret
819 2553 923 2583 orare,
937 2546 1035 2577 dixit:

264 2594 339 2625 Cum
351 2596 498 2633 orabitis,
511 2595 630 2628 dicite:
644 2596 740 2629 Pater
750 2601 855 2629 noster
864 2600 883 2637 ¹,
895 2602 926 2629 et
940 2600 1040 2632 :Ado-

262 2655 372 2680 ramus
388 2652 426 2687 te,
444 2649 578 2688 Christe,
595 2650 640 2682 αιι
657 2658 763 2683 onmes
783 2652 928 2685 ccclesias
951 2657 1038 2692 tuas,

297 2729 302 2745 ¹
319 2729 385 2754 Luc..
405 2735 444 2759 111,
460 2732 483 2754 2.
500 2744 528 2748 —-
550 2731 558 2745 ²
574 2732 608 2756 Ex
624 2731 712 2757 Officio
730 2733 828 2757 invent.
850 2735 876 2757 S.
896 2735 993 2759 Crucis.
1012 2749 1040 2753 —

262 2764 503 2796 ³ivmy.,11,12.

812 271 998 304 LEGENDA
1019 272 1053 305 s.
1075 262 1296 306 FRANc'isci.

1083 348 1155 381 (μισ)
1177 343 1256 374 sunt
1280 341 1319 374 in
1344 343 1409 374 coto
1431 340 1568 381 mundo,
1594 343 1624 374 et
1648 341 1861 377 benedicimus

1083 394 1155 434 tibi,
1171 396 1252 436 quia
1278 403 1334 435 per
1353 403 1477 428 crucem
1498 398 1589 428 tuam
1609 398 1757 429 sanctam
1773 396 1863 430 rede-

1083 449 1176 481 misti
1187 448 1346 480 mundum
1362 452 1386 480 ¹.
1410 449 1521 481 Docuit
1539 449 1672 490 insuper
1685 459 1739 482 eos
1762 450 1865 482 Domi-

1083 499 1171 533 num*
1188 501 1320 534 laudare
1339 502 1373 533 in
1396 503 1566 543 omnibus,
1591 506 1623 535 et
1641 513 1683 535 ex
1712 505 1864 536 omnibus

1084 555 1239 587 creaturis
1254 555 1414 588 honorare
1429 557 1592 598 praecipua
1614 558 1795 590 reverentia
1812 567 1864 590 sa—

1084 608 1243 648 cerdotes;
1260 609 1332 641 fidei
1347 619 1476 651 quoque
1486 611 1667 650 veritatem,
1685 611 1863 647 secundum

1083 662 1168 703 quod
1183 665 1291 694 sancta
1306 663 1449 696 Romana
1458 666 1545 696 tenet
1557 666 1589 696 et
1601 665 1692 697 docet
1706 664 1862 705 Ecclesia,

1085 718 1117 748 et
1135 717 1271 748 firmiter
1284 717 1425 757 credere,
1441 720 1472 749 et
1495 718 1682 760 simpliciter
1705 719 1863 751 confiteri.

1085 769 1265 802 Servabant
1287 771 1334 802 illi
1355 772 1453 812 patris
1476 773 1576 803 sancti
1597 773 1790 804 documenta
1809 781 1867 813 per

1085 824 1204 863 omnia,
1222 826 1253 856 et
1267 825 1306 856 ad
1321 834 1434 856 omnes
1448 825 1636 858 ecclesiaset
1650 835 1771 866 cruces,
1785 835 1866 867 quas

1085 886 1103 908 e
1126 877 1307 919 longinquo
1330 879 1439 911 videre
1463 881 1620 920 poterant,
1639 881 1735 921 juxta
1758 880 1865 911 datam

1085 931 1144 962 sibi
1159 931 1296 963 formam
1310 935 1448 972 orantes,
1459 942 1494 964 se
1507 933 1673 965 humiliter
1688 936 1866 974 prosterne-

1086 984 1174 1016 bant.
1192 985 1461 1018 Contrahcntibus
1485 989 1594 1018 autem
1616 988 1770 1020 fratribus
1792 997 1866 1020 mo-

1087 1047 1156 1070 ram
1167 1038 1202 1070 in
1216 1039 1285 1071 loco
1300 1040 1442 1080 praefato,
1454 1041 1506 1072 vir
1519 1043 1648 1072 sanctus
1662 1041 1712 1073 die
1727 1042 1865 1082 quadam

1087 1092 1382 1124 sabbaticivitatem
1393 1094 1500 1124 Assisii
1516 1094 1657 1133 intravit,
1674 1095 1867 1136 praedicatu-

1087 1154 1144 1177 rus
1161 1155 1255 1177 mane
1269 1146 1331 1177 diei
1350 1146 1532 1186 dominicae,
1557 1150 1593 1179 ut
1609 1149 1708 1180 moris
1729 1151 1809 1187 erat,
1833 1149 1866 1180 in

1087 1200 1219 1231 ecclesia
1232 1200 1416 1232 cathedrali.
1434 1201 1578 1242 Cumque
1598 1202 1631 1233 in
1649 1202 1788 1243 quodam
1813 1205 1868 1234 tu-

1088 1253 1196 1293 gurio,
1213 1254 1273 1285 sito
1295 1255 1329 1285 in
1353 1254 1446 1286 horto
1466 1256 1712 1295 Canonicorum‚
1740 1257 1791 1288 vir
1807 1256 1868 1288 Deo

1088 1309 1223 1339 devotus
1239 1309 1271 1339 in
1287 1309 1432 1340 oratione
1447 1309 1500 1340 Dei
1517 1319 1606 1341 more
1621 1310 1713 1341 solito
1734 1319 1868 1351 pernoc-

1088 1364 1180 1399 taret,
1205 1362 1412 1402 corporaliter
1435 1363 1620 1394 absentatus
1636 1373 1655 1394 a
1682 1364 1774 1403 ssliiS,
1797 1373 1869 1396 ecce

1088 1416 1153 1447 sere
1169 1416 1273 1447 media
1286 1417 1388 1447 noctis
1401 1416 1491 1454 hora,
1507 1417 1700 1457 quibusdam
1715 1426 1756 1449 ex
1768 1417 1869 1449 fratri-

1089 1469 1150 1500 bus
1164 1470 1420 1510 quiescentibus,
1442 1470 1635 1510 quibusdam
1659 1480 1869 1511 perseveran-

1089 1523 1174 1554 tibus
1183 1523 1215 1554 in
1226 1524 1358 1562 orando,
1369 1533 1484 1555 currus
1493 1524 1608 1564 igneus
1618 1525 1756 1556 mirandi
1765 1524 1869 1565 splen·

1090 1576 1175 1607 doris
1191 1586 1247 1617 per
1263 1577 1381 1608 ostium
1397 1578 1512 1609 domus
1531 1579 1669 1617 intrans,
1687 1579 1751 1610 huc
1773 1581 1869 1620 atque

1091 1630 1167 1661 illuc
1182 1640 1238 1671 per
1253 1631 1451 1662 domicilium
1470 1632 1561 1662 tertio
1576 1641 1609 1663 se
1624 1633 1778 1663 convertit
1795 1644 1802 1664 ε
1819 1642 1870 1664 su-

1091 1694 1147 1724 per
1162 1694 1259 1724 quem
1277 1685 1394 1723 globus
1406 1685 1528 1715 lucidus
1543 1686 1710 1724 residebat,
1723 1686 1778 1726 qui
1789 1686 1870 1717 Solis

1092 1738 1212 1769 liabens
1227 1740 1405 1778 aspectum,
1428 1741 1552 1770 noctem
1568 1739 1687 1771 clarere
1705 1740 1787 1771 fecit.
1805 1739 1868 1771 Oh-

1091 1792 1255 1832 stupesaeti
1271 1795 1346 1823 sunt
1366 1792 1552 1831 vigilantes,
1579 1794 1708 1824 excitati
1730 1794 1826 1825 simul
1841 1796 1872 1824 et

1092 1846 1234 1877 exterriti
1245 1846 1454 1884 dormientes3
1471 1848 1502 1877 et
1512 1856 1576 1877 non
1589 1847 1695 1878 minus
1705 1849 1874 1879 senserunt

1093 1900 1197 1931 cordis
1219 1899 1409 1938 claritatem,
1432 1910 1528 1940 quam
1551 1901 1708 1941 corporis,
1732 1901 1810 1933 dum
1832 1910 1873 1932 ex

1094 1955 1212 1985 virtute
1229 1954 1364 1984 mirandi
1387 1954 1520 1984 luminis
1534 1954 1665 1985 alterius
1679 1954 1770 1986 alteri
1792 1963 1871 1986 con-

1093 2009 1224 2039 scientia
1252 2008 1337 2039 nuda
1370 2008 1440 2038 suit.
1479 2008 1705 2039 lntellexerunt
1735 2018 1873 2049 namque

1094 2063 1291 2094 concorditer
1303 2071 1424 2100 omnes,
1445 2062 1628 2093 videntibus
1647 2062 1784 2093 invicem
1800 2063 1872 2094 uni-

1095 2117 1196 2148 versis
1213 2117 1244 2147 in
1261 2116 1409 2147 cordibus
1425 2116 1640 2155 singulorum,
1658 2119 1805 2148 sanctum
1820 2126 1875 2157 pa-

1095 2174 1176 2202 trem
1195 2171 1361 2201 absentem
1377 2179 1519 2210 corpore,
1541 2173 1731 2211 praesentem
1745 2172 1871 2212 spiritu,

1096 2226 1149 2256 tali
1165 2226 1431 2265 transfiguratum
1447 2225 1568 2264 effigie,
1581 2226 1727 2266 supernis
1739 2226 1873 2257 irradia-

1096 2282 1166 2311 tum
1182 2279 1377 2318 fulgoribus,
1394 2281 1423 2309 et
1439 2279 1605 2309 ardoribus
1624 2279 1871 2317 inflammatum,

1096 2332 1258 2373 supernali
1275 2332 1393 2363 virtute
1408 2332 1440 2362 in
1460 2341 1558 2363 curru
1573 2332 1757 2372 splendente
1777 2332 1872 2364 simul

1095 2390 1126 2419 ct
1142 2388 1237 2427 igneo
1253 2387 1312 2418 sibi
1328 2387 1538 2417 demonstrari
1553 2396 1572 2417 a
1588 2386 1730 2425 Domino,
1748 2389 1784 2417 ut
1805 2389 1872 2417 tan-

1096 2450 1193 2480 quam
1216 2440 1284 2471 veri
1307 2439 1458 2470 israelitae
1483 2443 1553 2480 post
1574 2439 1664 2470 illum
1679 2439 1871 2475 incederent,

1096 2495 1150 2534 qui
1176 2494 1322 2524 virorum
1347 2493 1576 2533 spiritualium,
1600 2495 1635 2524 ut
1661 2492 1739 2523 alter
1756 2491 1871 2531 Helias,

1097 2548 1198 2578 factus
1213 2548 1315 2578 suerat
1330 2556 1349 2578 a
1365 2546 1427 2578 Deo
1450 2555 1562 2578 currus
1576 2548 1606 2577 et
1628 2546 1744 2585 auriga
1759 2548 1781 2577 ³.
1798 2544 1871 2577 Cre·

1097 2601 1237 2632 (lendum
1262 2610 1338 2632 sane
1361 2601 1446 2640 quod
1462 2600 1513 2631 ille
1536 2600 1653 2631 horum
1679 2599 1873 2639 simplicium

1097 2655 1222 2695 aperuit
1240 2654 1348 2686 oculos
1367 2655 1405 2685 ad
1424 2662 1532 2694 preces
1546 2653 1717 2692 Francisci,
1733 2655 1770 2684 ut
1789 2653 1873 2685 vide-

1097 2711 1167 2739 rent
1181 2708 1344 2748 magnalia
1357 2707 1423 2745 Dei,
1437 2707 1493 2747 qui
1509 2706 1617 2738 oculos
1630 2706 1793 2746 quondam
1802 2715 1874 2747 ape-

1098 2765 1205 2793 ruerat
1220 2762 1311 2802 pueri
1326 2761 1365 2792 ad
1385 2760 1558 2792 videndum
1581 2762 1723 2791 montem
1743 2760 1872 2800 plenum
