2029 3052
245 244 305 274 426

245 319 342 350 nem,
367 310 524 350 tanquam
548 307 714 340 liberalius
742 305 926 344 offerentis,
948 304 1025 338 dicit

246 373 313 396 non
333 363 495 396 immerito
515 363 632 395 debere
644 360 800 402 praeferri.
819 360 866 392 Ac
879 368 936 401 per
950 359 1022 399 hoc,

247 419 340 460 juxta
351 416 539 458 hujusmodi
550 415 804 453 similitudinem,
815 423 898 455 opus
907 422 1025 446 voven-

247 472 305 511 tis,
327 480 424 513 opere
444 479 511 502 non
529 469 698 508 voventis,
718 468 782 500 Deo
802 467 1025 509 acceptabilius

247 534 316 557 esse
339 525 552 562 demonstrat,
571 532 631 564 pro
651 532 690 555 eo
703 522 862 562 videlicet,
878 521 963 562 quod
981 521 1026 553 sic

248 579 431 612 introducta
452 578 488 610 in
508 577 674 610 voluntate
702 586 744 608 ex
766 584 856 608 mera
880 575 1026 606 libertate

247 632 419 665 necessitas
440 631 673 672 gratiositatem
691 629 834 671 obsequii
849 638 915 661 non
930 628 1024 660 dimi-

248 686 331 725 nuit,
347 686 402 718 sed
418 686 632 718 consummat.
643 685 731 716 Idem
742 693 873 725 quoque
885 682 1027 714 scribens

249 741 404 782 Episcopo
428 739 599 772 Parisiensi
613 763 622 778 ‚
647 741 678 771 et
701 747 776 770 eum
807 737 1026 777 redarguens,

249 795 336 837 quod
350 794 507 827 Clericum
521 794 560 826 de
573 793 765 825 Monasterio
780 791 889 824 Sancti
900 789 1027 822 Martini

250 849 288 882 de
304 849 430 890 Campis
451 849 654 886 extraxerat,
672 847 716 878 ait
732 846 777 878 sic
791 847 799 864 ¹
815 856 822 877 :
843 857 858 876 α
873 845 906 877 Si
920 844 1028 877 omnia

251 904 377 944 agenda
389 905 466 935 sunt
475 911 552 934 cum
567 901 710 941 consilio,
727 901 820 941 cujus
836 899 942 940 magis
955 908 1028 930 con-

251 957 339 997 silio,
359 966 457 998 quam
487 957 557 997 eJ'us
581 956 638 996 qui
660 954 857 987 admirabilis
880 953 1026 985 consilia-

251 1012 330 1051 riuS,
346 1012 428 1044 Deus
442 1011 531 1043 fortis
546 1010 682 1042 dicitur?
701 1010 770 1050 lpse
784 1009 902 1050 quippe
912 1016 1028 1038 consu-

251 1066 288 1098 lit
303 1066 341 1098 ad
355 1065 580 1107 perfectionem
598 1064 772 1097 nitentibus
783 1087 791 1101 ,
807 1065 843 1094 ut
854 1061 964 1094 omnia
978 1070 1028 1092 re-

251 1119 418 1160 linquant,
433 1121 464 1150 et
480 1127 514 1150 se
534 1120 720 1160 sequantur.
748 1117 838 1156 Quod
860 1115 1029 1147 consilium

253 1174 358 1214 magis
372 1174 406 1205 in
420 1173 625 1211 monasterio,
639 1181 738 1213 quam
752 1171 786 1202 in
796 1170 858 1202 alio
870 1170 945 1202 vitae
959 1178 1030 1210 pro-

253 1228 355 1269 posito
370 1227 495 1268 impleri
516 1226 615 1257 sancti
635 1225 742 1257 Patres
762 1224 1026 1256 intellexerunt.»

254 1282 320 1314 Hoc
340 1282 445 1323 ipsum
465 1281 640 1322 Gregorius
663 1280 696 1311 in
718 1280 874 1320 registro,
890 1279 1032 1310 scribens

254 1336 413 1368 Desiderio
426 1335 579 1376 Episcopo
594 1344 652 1375 pro
667 1334 786 1365 Clerico
801 1333 927 1366 volente
946 1333 1032 1364 Reli-

254 1391 384 1431 gionem
404 1391 539 1427 intrare,
557 1389 632 1420 dicit
647 1389 691 1419 sic
705 1392 736 1419 ¹:
757 1399 772 1417 α
787 1387 917 1418 Minime
941 1387 981 1417 sit
1002 1387 1031 1418 ci

254 1444 482 1485 impedimento
504 1445 611 1474 vestra
633 1442 829 1479 fraternitas3
848 1441 953 1481 magis
972 1450 1030 1472 au-

256 1500 317 1530 tem
330 1497 479 1539 pastorali
489 1497 706 1528 admonitione
716 1495 907 1532 succendite,
923 1497 959 1526 ut
975 1495 1032 1526 fcr-

256 1561 314 1585 vor
328 1553 427 1593 hujus
441 1552 587 1583 desiderii
597 1552 630 1582 in
641 1560 678 1582 eo
686 1560 752 1582 non
764 1551 900 1591 tepescat
910 1560 916 1580 ε
926 1551 962 1580 ut
976 1549 1033 1589 qui

255 1616 273 1638 a
286 1606 471 1638 turbulento
486 1605 690 1637 saecularium
707 1605 875 1636 turbarum
892 1603 1034 1634 tumultu

256 1671 289 1693 se
306 1670 502 1701 segregans,
525 1660 642 1700 quietis
671 1658 826 1690 desiderio
850 1657 1033 1688 monasterii

255 1718 384 1757 portum
400 1715 531 1755 appetit,
547 1723 660 1744 rursus
675 1712 957 1744 ecclesiasticarum
976 1721 1032 1742 cu-

256 1778 367 1801 rarum
384 1778 447 1800 non
462 1768 575 1799 debeat
590 1767 783 1799 tumultibus
799 1766 966 1807 implicari,
981 1766 1035 1797 sed

257 1825 290 1855 in
312 1823 365 1855 Dei
386 1823 535 1854 laudibus
550 1831 661 1853 secure
683 1821 887 1863 permittatur
902 1820 982 1851 liber
996 1820 1035 1851 ab

257 1877 308 1908 his
322 1876 483 1914 omnibus,
495 1878 532 1907 ut
548 1876 699 1916 postulat,
715 1883 913 1915 permanere.
931 1884 945 1901 n
965 1873 1037 1904 Ber-

258 1931 377 1963 nardus
396 1940 543 1970 quoquc,
567 1930 600 1960 in
619 1929 702 1960 libro
727 1929 772 1961 De
797 1928 1036 1969 dispensatione

258 1989 288 2018 et
301 1987 458 2026 prceceplo
472 1986 482 2003 ³
494 1983 666 2022 :«Au‹lir‹·,
683 1994 697 2011 n
714 1983 828 2023 inquit,
843 1994 856 2011 «
873 1992 890 2012 a
906 1991 955 2012 mc
972 1982 1039 2013 vnl-

258 2039 298 2069 tis
309 2062 318 2076 ,
335 2038 421 2069 unde
445 2038 526 2069 inter
540 2040 655 2068 caetcra
671 2037 866 2077 poenituntiae
883 2036 1036 2073 instituta,

260 2092 490 2123 monasterialis
506 2091 673 2131 disciplina
688 2090 843 2122 mvrncrit
857 2090 941 2121 hanc
956 2098 1037 2130 prae-

261 2146 461 2186 rogativam,
478 2148 510 2177 ut
538 2145 717 2176 secundum
737 2145 894 2185 baptisma
914 2153 1039 2174 nuncu·

261 2202 364 2240 pctur.
390 2199 557 2238 Arbitror,
574 2199 614 2229 ob
631 2199 800 2239 perfectam
817 2198 929 2229 mnndi
948 2198 1038 2228 abre-

262 2253 508 2291 nuntiationem,
532 2263 568 2284 ac
593 2252 791 2292 singularem
820 2251 1040 2283 excellentiam

262 2307 339 2339 vitae
361 2307 552 2347 spiritualis,
570 2315 634 2346 qua
652 2306 865 2346 prmcminens
881 2305 1041 2336 universis

263 2361 339 2393 vitae
354 2361 507 2391 humanae
524 2360 698 2399 generibus
709 2359 895 2399 hujusmodi
911 2367 1042 2389 conver-

264 2415 355 2453 satio,
383 2415 575 2455 professores
595 2423 685 2451 snos,
714 2416 744 2444 et
769 2415 926 2444 amatorcs
955 2421 1040 2450 snos,

265 2468 391 2508 angelis
407 2468 525 2499 similes
537 2492 544 2506 ,
562 2467 729 2498 dissimiles
749 2467 936 2497 hominibus
958 2466 1041 2505 facit,

266 2523 330 2553 imo
364 2522 506 2553 divinam
536 2521 570 2551 in
599 2520 730 2551 homine
752 2520 903 2551 reformat
926 2519 1042 2558 imagi-

266 2585 352 2614 nem,
370 2576 578 2614 configurans
598 2583 655 2605 nos
671 2574 792 2605 Christo
812 2573 910 2604 instar
925 2573 1043 2613 baptis-

302 2674 307 2689 ¹
323 2673 446 2704 Ansehn„
460 2674 494 2698 ml
507 2674 616 2705 Goffrid.
633 2674 713 2704 I’arz's,
730 2673 814 2704 episi„
830 2674 873 2697 lib.
892 2674 933 2701 ΙΙΙ,
951 2679 997 2696 xii.
1016 2686 1041 2690 —

268 2709 278 2724 ’ν’
293 2710 411 2740 Gregor„
430 2709 464 2733 ιιι]
486 2710 599 2734 Desuler.
624 2710 719 2735 Vienn..
737 2709 779 2732 lib.
796 2710 838 2732 xil
850 2728 856 2739 ‚
873 2709 946 2739 epist.
966 2714 1046 2739 xxxv,

270 2744 300 2767 al.
322 2745 365 2769 lib.
386 2747 418 2776 x,
440 2746 513 2777 epist.
534 2752 643 2770 xxxviii.
661 2759 691 2763 —
712 2745 720 2759 ³
739 2745 871 2775 Bernard„
887 2745 915 2768 «le
933 2745 1009 2767 Prae.
1025 2746 1047 2768 et

826 235 1038 270 APOLOGIAE
1059 236 1279 270 PAUPERUM

1080 305 1137 345 mi,
1154 305 1234 337 dum
1247 314 1305 347 per
1317 304 1351 337 id
1366 304 1452 346 quod
1467 304 1700 338 mortificamus
1708 306 1856 339 membra

1078 361 1209 399 nostra,
1228 368 1302 400 quae
1325 360 1403 390 sunt
1425 367 1524 400 super
1549 360 1671 391 terram
1684 383 1693 399 ,
1723 363 1856 392 rursum

1080 413 1242 446 Christum
1263 413 1451 452 induimus,
1475 412 1682 454 complantati
1707 413 1858 446 similitu·

1080 467 1148 499 dini
1163 466 1276 498 mortis
1288 467 1369 507 ejus·
1384 477 1400 496 ι)
1418 466 1506 498 Idem
1519 467 1617 498 etiam
1626 466 1740 499 astruit
1749 465 1858 499 Glossa

1081 529 1178 562 super
1208 519 1409 552 tricesimum
1441 520 1654 554 Numerorum
1669 545 1677 561 ,
1714 520 1822 553 dicens
1847 532 1856 553 :

1085 586 1100 604 α
1119 574 1182 607 Alii
1204 575 1325 607 vovent
1345 573 1476 612 vitulos,
1505 574 1560 606 alii
1585 574 1702 606 arietes
1721 575 1774 607 vel
1801 574 1860 607 do-

1081 638 1171 668 ιιιοε,
1193 628 1355 660 Nazareus
1376 628 1597 669 semetipsum.
1618 628 1685 660 Hoc
1699 630 1747 660 est
1760 628 1859 661 Naza-

1081 683 1128 715 rei
1156 684 1269 715 votum
1283 706 1294 722 ,
1319 682 1405 724 quod
1430 684 1478 714 est
1501 691 1598 724 super
1617 691 1714 714 omne
1732 684 1859 715 votum.

1082 736 1181 769 Filius
1204 736 1292 768 enim
1314 735 1366 768 vel
1388 736 1475 775 filia,
1499 738 1557 768 aut
1576 745 1686 777 pecuS,
1707 738 1764 768 aut
1776 745 1860 778 prae-

1081 791 1174 823 dium
1213 792 1305 822 extra
1343 799 1402 821 nos
1437 792 1485 822 est
1507 801 1516 829 3
1552 791 1761 832 semetipsum
1798 791 1862 824 Deo

1083 845 1208 884 offerre,
1228 854 1293 876 non
1309 844 1413 876 alieno
1427 844 1536 876 labore
1547 869 1555 884 ,
1578 845 1632 876 sed
1647 845 1777 886 proprio
1791 845 1862 887 pla-

1083 907 1154 930 cere
1165 922 1175 937 ,
1189 898 1358 939 perfectius
1381 899 1413 930 et
1433 898 1628 930 eminentius
1645 900 1694 930 est
1712 898 1863 930 omnibus

1083 953 1178 985 votis.
1203 963 1218 982 n
1237 952 1286 984 Ex
1306 951 1358 983 his
1383 951 1534 983 omnibus
1559 954 1668 992 aperte
1697 951 1861 991 clarescit,

1083 1007 1170 1048 quod
1192 1006 1358 1046 religionis
1377 1007 1490 1038 votum
1511 1006 1546 1037 in
1563 1007 1648 1038 statu
1661 1005 1864 1047 perfectionis

1084 1060 1225 1098 collocat,
1242 1061 1395 1100 tanquam
1416 1059 1650 1091 adminiculans
1663 1059 1703 1091 ad
1717 1059 1865 1100 perfectae

1085 1114 1215 1146 virtutis
1237 1113 1438 1146 exercitium.
1463 1113 1553 1152 Quod
1577 1113 1795 1154 intelligentes
1809 1122 1867 1154 pa-

1086 1170 1150 1200 tres
1170 1169 1205 1199 in
1219 1170 1334 1209 quarto
1353 1167 1486 1199 concilio
1503 1167 1655 1200 Toletano
1672 1169 1864 1206 statuerunt,

1085 1222 1170 1264 quod
1185 1222 1266 1253 liber
1281 1221 1322 1253 sit
1339 1221 1462 1253 clericis
1476 1221 1516 1253 ad
1531 1221 1723 1261 religionem
1738 1221 1865 1261 ingres-

1087 1287 1152 1317 sus,
1167 1277 1212 1308 sic
1227 1277 1366 1308 dicentes
1381 1277 1391 1293 ⁴
1407 1287 1414 1307 :
1437 1287 1451 1306 α
1468 1275 1590 1307 Placuit
1610 1275 1740 1306 clericos
1755 1283 1868 1306 mona-

1087 1332 1223 1363 chorum
1237 1331 1439 1372 propositum
1453 1331 1648 1370 appetentes,
1663 1329 1740 1369 quia
1755 1328 1868 1361 melio-

1087 1394 1156 1417 rem
1171 1385 1273 1417 vitam
1286 1384 1376 1424 sequi
1392 1383 1541 1424 cupiunt,
1551 1382 1668 1414 liberos
1677 1391 1747 1414 esse
1755 1382 1870 1414 debere

1088 1440 1127 1471 ab
1141 1438 1301 1479 Episcopis
1317 1438 1356 1469 ad
1371 1436 1639 1468 monasteriorum
1656 1436 1832 1476 ingressus.
1851 1447 1865 1465 n

1090 1493 1156 1525 lloc
1177 1495 1304 1530 autem,
1321 1491 1397 1532 quia
1422 1500 1487 1522 non
1502 1490 1606 1522 solum
1627 1489 1871 1522 auctoritatibus

1090 1547 1217 1589 probari
1242 1548 1361 1587 potest,
1377 1545 1431 1576 sed
1452 1545 1548 1576 etiam
1568 1544 1728 1576 universis
1745 1545 1872 1575 sancto-

1090 1610 1165 1633 rum
1180 1599 1346 1640 exemplis,
1363 1599 1418 1639 qui
1434 1598 1473 1630 de
1487 1597 1623 1630 clericali
1642 1599 1727 1629 statu
1746 1597 1786 1629 ad
1797 1597 1871 1629 reli-

1092 1656 1223 1696 gionem
1238 1653 1454 1690 transierunt,
1472 1652 1550 1684 adeo
1569 1653 1694 1683 certum
1712 1653 1780 1691 est,
1794 1653 1829 1682 ut
1845 1651 1872 1682 si

1090 1710 1162 1750 quis
1177 1708 1335 1740 contraire
1351 1706 1490 1738 voluerit
1499 1730 1508 1745 ,
1524 1715 1588 1737 non
1603 1706 1712 1736 minus
1725 1705 1873 1736 videatur

1092 1763 1246 1803 desipere,
1263 1770 1362 1802 qnam
1378 1769 1497 1791 errare.
1511 1760 1543 1791 Si
1556 1759 1630 1800 quis
1640 1761 1749 1790 autem
1764 1768 1873 1790 errore

1092 1817 1242 1857 deceptus
1273 1814 1413 1856 praefatis
1439 1815 1571 1845 conetur
1592 1813 1761 1852 obsistere,
1788 1821 1874 1844 asse-

1093 1870 1192 1902 rendo
1206 1869 1291 1910 quod
1306 1867 1478 1909 perfectius
1496 1867 1536 1898 sit
1550 1875 1680 1898 manere
1692 1867 1726 1897 in
1742 1866 1872 1904 saeculo,

1093 1923 1168 1965 quia
1191 1923 1275 1954 circa
1305 1921 1409 1960 magis
1430 1920 1558 1951 ‹lifticile
1587 1920 1691 1950 virtus
1714 1918 1873 1958 consistit,

1094 1981 1123 2010 et
1149 1977 1312 2009 difficilius
1335 1977 1381 2006 est
1405 1975 1486 2006 inter
1509 1974 1625 2005 mullas
1652 1973 1801 2014 peccandi
1828 1982 1876 2004 oc-

1095 2031 1236 2063 casiones
1267 2031 1394 2070 peccata
1422 2028 1544 2066 vitare,
1569 2029 1600 2058 et
1625 2026 1803 2057 mirabilius
1829 2027 1876 2057 est

1095 2086 1260 2118 hominem
1293 2085 1327 2115 in
1358 2083 1462 2114 medio
1486 2083 1692 2113 flammarum
1718 2090 1783 2112 non
1811 2080 1874 2120 uri,

1096 2145 1127 2171 ct
1149 2138 1351 2171 victoriosius
1379 2140 1426 2167 cst
1454 2137 1535 2167 inter
1562 2134 1802 2167 numerosiores
1821 2135 1877 2165 ho-

1097 2194 1195 2225 stium
1217 2192 1317 2229 acies,
1345 2192 1376 2221 et
1401 2189 1631 2230 frequentiores
1663 2188 1819 2227 insultus,
1848 2190 1879 2219 et

1098 2249 1220 2286 majora
1252 2245 1410 2276 bellorum
1444 2243 1632 2274 discrimina
1663 2242 1702 2273 de
1733 2241 1879 2273 hostibus

1097 2300 1312 2340 triumphare3
1339 2297 1617 2338 respondebimus,
1642 2305 1707 2327 non
1726 2295 1796 2326 ideo
1816 2296 1879 2326 sta-

1098 2358 1167 2386 tum
1184 2353 1314 2393 maj0ris
1337 2361 1404 2383 csse
1427 2351 1575 2390 virtutis,
1598 2351 1673 2391 quia
1688 2349 1820 2380 minoris
1835 2351 1882 2381 est

1099 2407 1290 2446 securitatis,
1308 2416 1366 2437 ncc
1382 2406 1451 2437 ideo
1479 2407 1596 2436 statum
1619 2404 1756 2444 aliquem
1779 2403 1880 2443 perfe-

1100 2462 1207 2494 ctioris
1223 2470 1290 2492 esse
1304 2460 1450 2500 iustitiae,
1468 2459 1544 2499 quia
1559 2457 1736 2499 proximior
1749 2458 1796 2487 est
1813 2457 1880 2487 rui-

1102 2526 1171 2555 nae,
1188 2525 1245 2547 nec
1269 2515 1366 2546 etiam
1391 2514 1461 2545 ideo
1486 2513 1591 2552 magis
1613 2520 1680 2542 esse
1695 2510 1881 2550 perfectum,

1102 2572 1178 2612 quia
1201 2568 1364 2601 difficilius
1387 2570 1435 2599 est
1457 2568 1489 2598 in
1505 2568 1572 2607 ipso
1588 2565 1687 2597 vitare
1705 2566 1881 2604 peccatum.

1104 2626 1158 2655 Est
1182 2622 1267 2654 enim
1289 2621 1407 2662 triplex
1431 2620 1622 2652 difficultas:
1640 2618 1744 2659 prima
1768 2626 1884 2658 prove-

1107 2705 1231 2735 Dispenm,
1251 2709 1273 2726 c.
1294 2707 1362 2733 xvii,
1384 2708 1409 2725 n.
1426 2702 1464 2725 53.
1480 2714 1509 2718 -
1530 2701 1537 2715 ³
1558 2701 1635 2725 Cone.
1651 2698 1731 2724 Tolet.
1755 2704 1789 2729 lv,
1805 2705 1826 2724 c.
1845 2698 1883 2728 49,

1107 2742 1139 2765 al.
1157 2742 1195 2763 50.
