2029 3052
234 238 293 269 378

231 303 390 345 quantum
410 301 450 333 ad
469 300 525 332 illa
540 298 705 331 mendicus
724 299 803 338 erat,
828 299 860 330 et
882 298 923 329 ab
945 298 1007 330 alio

230 356 368 398 petebat.

271 411 351 442 Item
365 407 534 441 Psalmista
544 406 554 423 ¹
570 417 576 438 :
594 406 781 438 Persecutus
788 407 834 439 est
848 406 1007 438 hominem

230 466 358 504 inopem
385 465 416 495 et
434 460 628 493 mendicum.
657 459 766 491 Glossa
793 469 801 490 :
837 471 853 490 «
882 459 1008 492 Scilicet

231 517 402 550 Christum.
428 515 586 555 Pauperes
605 513 765 554 persequi,
791 513 858 544 sola
881 513 1006 545 saevitia

231 573 289 602 est.
306 569 369 600 Alii
383 577 460 600 vero
474 576 532 608 pro
546 566 666 598 divitiis
678 568 710 598 et
723 567 902 598 honoribus
912 566 1008 598 inter-

231 624 310 655 dum
324 621 509 663 hujusmodi
526 621 703 661 patiuntur.
722 631 737 650 »
755 620 821 652 Aut
834 629 915 660 ergo
930 620 1008 651 dici-

232 681 285 710 tur
303 676 447 708 Christus
467 674 643 713 mendicus,
669 675 747 714 quia
770 674 970 705 mendicabat
989 683 1009 705 a

234 731 337 770 Patre,
359 732 415 762 aut
435 729 511 770 quia
529 728 730 760 mendicabat
748 728 787 759 ab
808 727 950 759 homine.
974 727 1009 759 Si

233 785 310 826 quia
329 783 529 816 mendicabat
553 792 571 814 a
591 782 694 820 Patre,
718 791 799 822 ergo
818 790 930 813 omnes
947 782 1007 813 ho-

234 838 338 869 mines
351 838 426 868 sunt
441 836 587 874 mendici,
601 837 666 867 tam
681 835 804 874 divites,
821 844 920 876 quam
934 844 1010 875 pau-

234 899 340 931 peres;
363 898 441 929 ergo
461 889 621 920 Christum
644 887 791 929 persequi
812 897 876 919 non
898 888 1010 920 fuisset

235 953 362 976 summa
376 943 510 975 saevitia.
526 942 559 974 Si
575 943 651 984 quia
671 942 871 974 mendicabat
889 942 929 974 ab
950 942 1009 974 ho-

234 998 386 1037 minibus,
404 998 561 1029 habemus
575 996 786 1037 propositum.

275 1052 354 1083 Item
369 1051 523 1083 Dominus
537 1051 558 1089 ²,
586 1051 824 1090 circumspectis
849 1049 1007 1088 omnibus,

235 1107 322 1139 eoeiit
334 1107 371 1138 in
392 1105 594 1138 Bethaniam.
621 1104 680 1136 Ubi
702 1104 832 1135 Glossa:
855 1104 917 1135 «Si
939 1103 1011 1144 quis

234 1169 310 1191 eum
325 1160 462 1199 hospitio
475 1159 658 1198 susciperet.
673 1169 687 1187 »
707 1157 816 1189 Tantae
833 1158 918 1190 enim
934 1167 1011 1198 pau-

235 1213 364 1254 pertatis
374 1213 443 1251 fuit,
459 1212 547 1244 et-ita
562 1211 641 1243 nulli
656 1212 814 1250 adulatus,
827 1213 862 1242 ut
875 1212 908 1242 in
923 1213 1012 1242 tanta

235 1267 315 1298 urbe
324 1266 450 1298 nullum
461 1265 637 1306 hospitium
650 1266 820 1297 inveniret.
829 1265 867 1296 Et
877 1267 1009 1303 constat,

234 1321 261 1352 si
277 1321 428 1352 voluisset
445 1319 621 1360 hospitium
635 1319 823 1358 conducere,
839 1319 1012 1350 invenisset

234 1375 274 1406 ad
288 1373 530 1405 conducendum
543 1384 549 1404 1
562 1382 641 1413 ergo
657 1373 932 1413 circumspiciebat
945 1374 1011 1402 tan-

233 1438 330 1469 quam
346 1427 571 1468 pauperculus,
586 1429 616 1458 et
631 1426 807 1458 mendicus.

275 1482 352 1512 Item
370 1481 413 1512 ait
432 1481 442 1497 ³
466 1492 473 1512 ι
503 1480 638 1518 zachaee,
667 1481 826 1520 festinans
846 1479 1010 1517 descende,

234 1537 313 1577 quia
327 1535 419 1567 hodie
434 1536 471 1567 τη
485 1534 576 1567 domo
590 1539 648 1567 cua
662 1537 782 1574 oportet
802 1541 849 1566 me
871 1541 1012 1565 manere.

235 1590 343 1621 Glossa
361 1600 367 1620 :
390 1601 404 1619 α
419 1589 487 1621 Non
504 1589 657 1620 invitatus
672 1588 799 1619 invitat.
816 1598 830 1616 ι)
851 1587 911 1618 Sed
928 1587 1012 1618 invi-

235 1647 302 1675 tare
317 1644 416 1675 alium
431 1643 468 1674 ad
484 1643 556 1680 hoc,
571 1642 656 1682 quod
669 1651 743 1673 eum
761 1641 891 1681 recipiat
906 1640 1013 1680 hospi-

236 1698 291 1735 tio,
307 1697 387 1728 nihil
400 1696 487 1727 aliud
504 1698 562 1734 est,
587 1705 684 1736 quam
702 1695 882 1726 mendicare
905 1696 935 1725 et
959 1702 1013 1734 pe-

236 1753 302 1782 tere
319 1762 326 1782 ι
344 1759 434 1790 ergo,
452 1752 511 1780 etc.

277 1805 354 1835 Item
369 1804 445 1835 (licit
460 1804 470 1820 ⁸
488 1815 494 1834 :
517 1804 565 1835 Da
579 1804 660 1835 milli
676 1803 787 1835 bibere.
807 1803 865 1833 Ubi
881 1803 1011 1841 Augus-

237 1859 322 1889 tinus
337 1859 368 1889 ¹⁵:
390 1870 404 1887 «
421 1858 455 1888 lu
468 1858 556 1888 omui
575 1867 609 1888 re
630 1867 726 1897 quain
753 1856 896 1887 Christus
918 1855 1015 1895 gessit

237 1915 273 1943 ut
282 1913 391 1950 hoino,
402 1912 585 1943 homiuibus
595 1912 626 1941 iu
636 1921 667 1941 se
677 1910 843 1941 credituris
856 1909 1016 1949 praebebat

238 1966 434 2006 exemplum.
461 1977 475 1994 n
501 1966 537 1996 Et
562 1968 631 2005 post
647 1965 678 1994 ⁶:
701 1976 715 1993 ε(
744 1964 823 1995 Petit
849 1964 966 2000 bibere,
984 1965 1015 1993 et

239 2020 395 2060 promittit
411 2020 519 2050 bibere
537 2030 542 2049 :
566 2021 636 2058 ogei
652 2019 741 2058 quusi
763 2020 961 2057 accepturus,
985 2018 1015 2048 et

239 2073 682 2113 promittitquasis-titiatimis.
694 2084 707 2099 n
719 2072 918 2103 Sedcoustat.
930 2070 1016 2110 quod

240 2129 317 2167 potu
333 2127 491 2166 spirituali
508 2136 571 2157 uon
594 2126 707 2165 egebat
727 2137 733 2155 :
757 2135 835 2164 erge
860 2124 1015 2164 corporali

239 2183 317 2221 potu
341 2181 465 2219 egi-bat,
482 2183 512 2211 et
528 2180 617 2211 illum
639 2179 829 2219 postulabat.
848 2179 908 2209 Sed
935 2179 1015 2217 obji-

240 2233 301 2263 cies
318 2233 471 2271 Glossmn,
489 2234 580 2273 quasi
601 2234 804 2271 contrariam,
821 2242 894 2271 quse
916 2232 990 2261 divit
1008 2241 1015 2261 z

245 2298 259 2316 (ι
275 2286 359 2317 Licet
374 2286 463 2317 vaus
479 2290 547 2326 post
561 2288 779 2325 f;itigcitioiie111
796 2286 882 2316 sitire
900 2287 1014 2324 posset,

241 2343 348 2371 tamen
365 2340 450 2371 huuc
469 2344 579 2380 potum
601 2350 665 2371 uon
692 2341 806 2379 exigit.
830 2351 844 2367 n
868 2340 928 2369 Se=l
959 2340 1017 2369 lioc

241 2394 452 2433 intelligitur,
483 2394 567 2433 quod
600 2395 814 2434 principaliter
847 2394 932 2423 huuc
963 2402 1017 2432 po-

242 2450 311 2479 tum
338 2457 402 2478 uon
425 2447 570 2488 petebat,
596 2457 635 2478 ne
659 2448 765 2478 tilossa
794 2449 874 2478 sacto
897 2449 1019 2477 coutra-

244 2501 336 2531 dicat.

284 2555 362 2585 Item
378 2554 603 2595 Hier0nyum5,
620 2554 664 2586 cul
682 2555 849 2587 Rusticum
864 2554 874 2570 ⁷
890 2565 896 2584 :
914 2553 1020 2591 «Quid

276 2655 284 2671 ¹
303 2654 457 2683 Psal.t1v111‚
476 2655 513 2678 17.
526 2667 556 2672 ·-
571 2654 580 2669 2
596 2655 685 2681 Marcu,
705 2660 740 2684 M,
760 2656 794 2677 11.
811 2667 841 2671 —
855 2653 864 2669 ²
881 2653 947 2682 Luc„
966 2658 1021 2684 xix,

246 2691 269 2713 ὅ.
285 2702 315 2707 -
336 2690 344 2705 ⁴
357 2690 439 2717 down,
458 2696 491 2720 iv,
506 2691 530 2714 7.
546 2703 575 2707 —
591 2691 600 2707 ὅ
618 2691 735 2720 August„
752 2690 776 2712 in
791 2690 870 2719 dean„
886 2690 958 2712 tract.
978 2694 1020 2718 xv,

248 2731 272 2749 u.
294 2727 317 2749 2.
337 2738 366 2742 —
388 2726 396 2739 θ
413 2725 486 2755 lbid.,
503 2732 528 2749 u.
553 2725 589 2750 ¹2.
609 2738 636 2742 —
657 2726 667 2742 ⁷
689 2725 850 2757 Hieronym.,
869 2724 902 2748 ad
918 2724 1020 2753 Rustic„

779 231 831 263 DE
853 229 1115 263 PAUPERTATE
1136 230 1294 263 CHRISTI

1063 298 1267 330 Samaritana
1285 297 1406 347 yilius?
1427 297 1500 339 Ipsa
1521 300 1630 331 tamen
1647 307 1714 331 non
1735 300 1840 334 solum

1062 354 1162 385 credit
1174 353 1333 391 Messiam,
1355 361 1452 393 quem
1465 353 1629 393 cognoscit
1643 353 1683 384 ad
1699 353 1836 394 fontem3

1063 407 1118 439 sed
1129 409 1171 447 et,
1185 407 1345 448 discipulis
1360 406 1551 444 ementibus,
1575 406 1770 438 esurientem
1785 415 1840 438 re-

1062 461 1139 499 ficit,
1161 461 1348 501 lassumque
1373 461 1540 492 sustentat.
1565 471 1581 489 1>
1606 459 1693 500 Ergo
1713 460 1842 492 videtur

1063 514 1150 555 quod
1163 513 1306 545 Christus
1317 513 1358 545 ab
1371 513 1426 544 illa
1447 513 1542 545 fuerit
1562 515 1758 545 sustentatus
1771 522 1844 546 cor-

1063 567 1224 609 poraliter.

1105 621 1204 658 Item,
1226 620 1307 652 sicut
1330 621 1518 661 evangelica
1554 623 1664 652 narrat
1691 619 1843 659 historia,

1065 674 1209 707 Christus
1234 674 1391 705 invitatus
1420 683 1439 705 a
1463 673 1633 705 Pharisaeis
1659 673 1846 705 comedebat

1064 737 1138 759 cum
1153 728 1210 759 eis.
1224 728 1288 759 Aut
1300 736 1379 767 ergo
1396 728 1477 759 sicut
1490 727 1660 766 Dominus,
1683 728 1739 758 aut
1763 726 1845 758 sicut

1064 791 1196 823 pauper.
1218 781 1252 813 Si
1266 784 1419 821 tanquam
1434 781 1598 819 Dominus,
1616 789 1695 820 ergo
1710 789 1775 811 non
1788 779 1844 811 de·-

1065 836 1111 867 dit
1124 835 1308 876 exemplum
1327 835 1522 876 paupertatis
1531 846 1539 873 ;
1556 835 1583 865 si
1596 836 1750 875 tanquam
1766 843 1846 874 pau-

1064 899 1131 930 per,
1146 889 1200 920 sed
1214 889 1276 920 hoc
1289 892 1337 920 est
1350 889 1541 920 mendicare.
1557 888 1656 928 Ergo,
1673 889 1732 919 etc.

1105 943 1184 974 Item
1192 943 1231 973 ad
1240 943 1351 974 bocest
1357 942 1540 982 exemplum
1553 941 1754 973 Sanctorum.
1763 940 1846 972 Nam

1065 996 1180 1028 dicitur
1194 995 1228 1026 in
1242 995 1337 1026 laude
1353 995 1395 1035 (a)
1410 994 1598 1027 Sanctorum
1615 997 1626 1013 ⁸
1641 1003 1649 1025 ε
1668 995 1846 1027 Circumie-

1065 1052 1143 1082 runt
1154 1049 1192 1081 in
1206 1049 1340 1087 melotis,
1358 1049 1394 1080 in
1407 1048 1554 1088 pellibus,
1566 1051 1699 1088 eqentes,
1711 1050 1770 1080 etc.
1783 1048 1846 1080 Sed

1065 1104 1169 1135 taliter
1183 1103 1352 1134 circumire
1375 1104 1422 1134 est
1436 1102 1642 1133 mendicare:
1667 1111 1758 1142 ergo,
1782 1103 1843 1133 etc.

1107 1156 1186 1187 Item
1201 1158 1247 1187 est
1266 1155 1451 1196 exemplum
1471 1156 1510 1186 de
1534 1155 1612 1193 Elia,
1640 1155 1678 1186 de
1702 1163 1767 1195 quo
1782 1155 1848 1186 Au-

1068 1210 1220 1250 gustinus
1235 1210 1268 1240 in
1290 1209 1430 1250 quodam
1453 1218 1600 1240 sermone
1617 1217 1626 1240 t
1647 1219 1662 1238 α
1683 1207 1847 1248 Numquid

1068 1266 1150 1295 Deus
1161 1263 1344 1294 deseruerat
1357 1272 1486 1294 servum
1500 1262 1722 1293 suumEliam‘?
1734 1261 1847 1293 Nonne

1068 1317 1124 1355 illi,
1142 1317 1192 1347 cui
1207 1316 1503 1354 deeranthomines,
1518 1315 1739 1346 ministrabant
1751 1315 1846 1346 aves?

1068 1371 1209 1402 Ostendit
1229 1379 1310 1410 ergo
1332 1370 1434 1408 Deus,
1463 1370 1540 1410 quia
1563 1369 1649 1400 unde
1670 1368 1787 1406 voluit,
1816 1370 1847 1400 et

1068 1424 1197 1465 quando
1212 1424 1324 1462 voluit,
1348 1432 1476 1463 pascere
1490 1431 1599 1454 servos
1621 1431 1696 1453 suos
1717 1421 1820 1462 potuit
1836 1430 1844 1451 :

1068 1481 1099 1510 et
1113 1481 1231 1517 tamen,
1251 1481 1287 1510 ut
1302 1480 1407 1518 posset
1422 1486 1494 1508 eum
1508 1477 1657 1517 religiosa
1670 1476 1768 1508 vidua
1779 1485 1847 1516 pas-

1068 1542 1148 1571 cere,
1166 1532 1239 1563 fecit
1254 1541 1328 1562 cum
1346 1540 1454 1570 egere.
1472 1541 1486 1558 n

1110 1586 1189 1617 Item
1205 1586 1244 1617 ad
1260 1586 1319 1616 hoc
1341 1588 1388 1616 est
1409 1585 1593 1625 exemplum
1614 1583 1846 1624 discipulorum

1068 1639 1197 1671 ‚loannis
1213 1639 1436 1678 Evangelistae,
1461 1638 1499 1669 de
1524 1638 1642 1678 quibus
1664 1637 1698 1667 in
1717 1638 1787 1676 ejus
1800 1636 1847 1668 le-

1069 1693 1174 1733 genda
1187 1693 1312 1729 dicitur,
1337 1692 1422 1732 quod
1445 1692 1619 1723 vendentes
1638 1691 1758 1728 omnia,
1773 1699 1848 1730 quae

1069 1747 1189 1777 habere
1205 1748 1388 1786 potuerunt,
1413 1746 1569 1776 dedeiunt
1588 1744 1713 1784 egenis3
1730 1746 1761 1775 et
1779 1745 1849 1783 post

1070 1800 1229 1837 subditur,
1252 1799 1338 1839 quod
1354 1799 1464 1829 tentati
1480 1801 1565 1836 suut,
1582 1797 1665 1838 quod
1686 1806 1720 1828 se
1734 1797 1769 1827 in
1783 1806 1848 1828 uno

1069 1855 1164 1895 pallio
1188 1854 1331 1884 viderent
1353 1855 1495 1892 egentes,
1517 1861 1627 1883 servos
1649 1852 1757 1882 autem
1774 1858 1849 1882 suos

1069 1909 1195 1945 divites,
1211 1910 1305 1947 alque
1320 1906 1492 1945 fulgentes

1110 1964 1189 1991 Item
1212 1959 1396 1999 exemplum
1412 1958 1640 1998 discipulorum
1658 1957 1766 1995 Pauli;
1784 1966 1846 1988 un-

1070 2015 1107 2046 de
1121 2015 1377 2054 Clu‘ysesttuiius,
1390 2012 1427 2043 de
1439 2012 1589 2043 tatalibus
1599 2011 1692 2042 Paula·
1703 2014 1712 2029 ⁹
1723 2020 1733 2041 :
1746 2022 1760 2039 «
1771 2010 1847 2041 Pau-

1071 2068 1120 2098 lus
1143 2067 1295 2107 pevuuias
1317 2075 1381 2095 nou
1406 2065 1552 2105 possedit,
1571 2073 1645 2094 uam
1662 2066 1693 2095 et
1706 2065 1772 2104 ipse
1788 2064 1848 2095 hoc

1070 2121 1257 2152 numni-¹⁰:
1282 2119 1381 2159 Usque
1398 2119 1440 2150 (ul
1455 2118 1552 2155 hunc,
1578 2118 1698 2157 inquit,
1725 2118 1847 2155 horam,

1071 2179 1099 2206 ct
1114 2175 1282 2208 esurium,
1298 2177 1327 2204 et
1344 2173 1487 2209 sitimus,
1505 2171 1588 2203 ⁷21chaess
1603 2179 1725 2209 sumus,
1754 2174 1782 2203 et
1803 2178 1849 2203 co-

1072 2228 1179 2268 laphis
1194 2227 1358 2264 causum»,
1375 2230 1402 2258 et
1418 2226 1583 2257 instabiles
1592 2233 1712 2256 sumus.
1726 2224 1763 2255 Et
1773 2224 1849 2264 quid

1072 2283 1141 2314 dico
1165 2281 1354 2321 pecuniam?
1378 2290 1417 2310 cu
1434 2291 1450 2309 n
1476 2281 1527 2310 ille
1551 2279 1681 2319 quidem
1711 2287 1850 2309 necessa-

1072 2337 1157 2367 rium
1174 2344 1256 2374 scope
1273 2343 1337 2364 nou
1353 2334 1483 2363 haberet
1500 2334 1618 2371 cibum,
1632 2342 1688 2363 nec
1699 2332 1782 2372 quod
1792 2331 1850 2362 eir-

1073 2389 1235 2420 cuniam-et
1253 2388 1513 2418 indumentum.»
1527 2386 1563 2416 Et
1578 2386 1741 2425 sequitur:
1759 2396 1773 2413 «
1785 2384 1849 2414 Dis-

1073 2443 1255 2483 cipuli-rum
1274 2440 1504 2480 quamplurimi
1520 2448 1684 2479 pauperes,
1696 2437 1848 2477 imperiti,

1074 2506 1110 2528 ac
1137 2496 1234 2526 totius
1260 2494 1448 2525 eruditionis
1469 2492 1633 2530 extranei,
1660 2491 1692 2521 in
1714 2491 1797 2522 fame
1818 2493 1850 2521 et

1074 2552 1213 2590 egestate
1229 2548 1382 2586 viventes,
1400 2546 1568 2586 ignobiles,
1586 2555 1599 2573 ι)
1615 2547 1673 2576 etc.
1688 2544 1775 2584 Ergo
1785 2545 1849 2575 dis-

1075 2603 1171 2645 cipuli
1188 2602 1277 2633 Pauli
1291 2602 1418 2631 t'ueruut
1434 2598 1581 2630 meudiCi.

1076 2685 1150 2716 epist.
1171 2690 1203 2713 tv,
1217 2682 1266 2705 col.
1280 2688 1314 2704 m.
1329 2683 1367 2705 40.
1381 2694 1410 2698 —
1426 2680 1435 2696 ⁸
1449 2679 1533 2707 Helm,
1548 2684 1583 2709 51,
1600 2679 1638 2702 37.
1651 2691 1679 2695 —
1695 2680 1704 2693 ἱ·
1720 2678 1849 2710 Chrysost.

1078 2734 1105 2738 —
1124 2721 1141 2736 ¹⁰
1157 2720 1164 2742 l
1183 2721 1251 2748 cmx,
1267 2722 1301 2745 ιν,
1320 2719 1356 2740 12.
1372 2729 1401 2733 —
1417 2716 1449 2746 (a)
1468 2715 1524 2746 Lcy.
1541 2714 1652 2738 laudem.
