2029 3052
509 221 574 260 QUI
597 220 731 253 ORDINI
753 219 947 253 FRATRUM
967 219 1053 252 MIN.
1077 220 1385 254 ADVERSANTUR.

147 292 278 334 cognita
291 291 437 330 veritate,
453 290 656 331 contingeret
672 288 797 330 aliquos
811 289 921 330 postea

146 347 185 378 de
199 346 275 378 locis
285 346 352 378 suis
366 346 445 377 forte
459 354 533 377 cum
545 343 740 377 verecundia
749 343 921 375 removeri.

147 400 186 432 Et
199 401 259 432 ista
278 400 470 441 perplexitas
484 400 633 440 frequens
646 399 729 430 esset
744 397 828 429 inter
841 406 899 429 nos
912 421 921 436 ,

147 455 219 496 quis
233 454 395 486 videretur
411 453 509 485 altero
530 452 687 494 superior,
705 453 833 493 propter
857 451 922 483 fre-

147 509 280 549 quentes
302 507 506 546 mutationes,
521 509 552 538 et
575 516 633 547 pro
657 506 798 547 appetitu
820 514 924 546 praee-

147 562 312 593 minentiae
341 570 426 602 saepe
454 561 654 593 conscientiae
681 559 924 591 macularentur

147 611 392 647 multorum.'Et
410 616 516 656 majus
530 624 571 646 ex
591 614 642 646 his
656 614 807 646 omnibus
827 612 924 644 detri-

148 671 295 701 mentum
310 671 392 701 esset
408 669 443 700 in
465 669 588 708 ordine,
603 678 701 710 quam
721 668 841 700 utilitas
861 668 926 699 hu-

144 724 288 766 Jusmodi
301 723 512 756 observantiae
527 723 565 755 de
587 723 761 764 prioritatis
778 723 902 754 honore
915 746 926 761 ,

149 787 223 810 cum
252 778 429 810 secundum
464 777 705 809 multitudinem
737 777 927 808 meritorum

148 832 266 872 magis,
282 841 380 872 quam
403 840 562 863 annorum
576 855 584 870 ,
607 831 680 872 quis
701 831 743 862 sit
767 830 928 871 acceptior

148 885 233 926 apud
257 885 368 925 Deum,
382 886 477 926 juxta
499 885 578 916 illud
603 884 775 925 Sapientiae
788 887 797 904 ¹
814 895 821 916 z
840 884 926 917 Gon-

148 942 327 973 summatus
340 940 378 972 in
392 940 490 979 brevi,
504 939 646 980 explevit
660 941 801 979 tempora
810 939 926 975 multa:

146 995 280 1036 placita,
298 997 358 1027 etc.

346 1086 462 1119 Quaestio
481 1086 612 1121 viqesima
631 1086 736 1121 prima.

190 1153 270 1184 Cum
284 1153 391 1184 deceat
413 1153 513 1184 bonos
532 1162 734 1194 promovere,
751 1155 782 1185 et
796 1153 875 1185 alios
889 1154 928 1186 ad

148 1208 270 1239 bonum
293 1216 351 1248 pro
366 1216 469 1248 posse,
485 1207 625 1238 multum
640 1207 795 1239 videmini
814 1209 854 1240 ab
870 1208 929 1240 hac

149 1262 252 1293 forma
269 1261 439 1299 declinare,
454 1261 510 1302 qui
526 1261 642 1302 scripta
654 1263 760 1293 vestra
774 1262 808 1293 in
826 1262 928 1303 libris,

149 1317 181 1347 et
196 1315 372 1356 quaternis,
389 1317 454 1346 tam
470 1315 638 1346 difficulter
656 1315 726 1346 aliis
747 1317 929 1356 praestando

149 1369 401 1408 communicatis,
417 1369 529 1410 quiex
544 1369 589 1400 eis
611 1373 739 1410 possent
760 1371 928 1411 proficere,

150 1425 181 1455 et
195 1423 265 1455 aliis
277 1423 436 1464 prodesse,
454 1425 485 1455 et
499 1425 555 1454 aut
570 1423 608 1455 de
624 1424 768 1464 profectu
788 1425 929 1457 aliorum

150 1477 274 1509 moveri
297 1487 337 1509 ex
359 1477 480 1509 invidia
501 1478 673 1517 videmini,
696 1480 751 1509 aut
773 1488 813 1510 ex
840 1479 928 1511 inani

152 1531 267 1572 gloria,
283 1533 319 1563 ut
332 1531 507 1564 videamini
520 1532 600 1563 scire
612 1541 685 1573 quae
698 1533 846 1564 nesciunt
860 1533 928 1574 alii,

151 1587 207 1617 aut
217 1585 280 1617 alia
290 1585 467 1617 intentione
482 1587 644 1626 corrupta.

463 1682 619 1716 Responsio.

194 1749 273 1788 Quae
287 1750 421 1790 possunt
435 1748 532 1780 etiam
546 1749 631 1780 bona
644 1749 821 1781 intentione
833 1751 864 1781 et
879 1750 930 1781 in-

153 1803 354 1844 culpabiliter
373 1803 455 1841 fieri,
467 1802 638 1843 aliquando
659 1804 869 1835 temerarium
885 1806 933 1836 est

154 1858 241 1889 eain
264 1857 456 1888 deteriorem
477 1858 601 1896 partem
625 1857 839 1897 interpretari,
856 1868 930 1890 cum

155 1912 258 1944 cordis
272 1911 395 1943 occulta
414 1911 616 1950 ignoremuS,
633 1912 664 1942 et
688 1920 725 1942 ea
750 1921 824 1952 quae
844 1912 879 1942 in
900 1922 933 1944 se

155 1966 369 1998 indifferentia
391 1967 479 2004 sunt,
502 1967 636 2005 possunt
659 1974 743 2006 saepe
764 1975 822 2006 pro
847 1966 932 1998 bono

155 2022 243 2060 fieri,
266 2024 297 2052 et
323 2021 423 2059 licite,
444 2022 475 2051 et
502 2020 595 2051 bene.
617 2020 739 2061 Scripta
765 2021 852 2052 enim
874 2031 933 2053 sua

156 2085 222 2108 non
241 2076 479 2107 communicare
505 2074 574 2105 aliis
589 2099 597 2113 ,
622 2075 704 2106 sicut
733 2077 835 2115 potest
860 2076 933 2107 fieri

156 2129 461 2171 reprehensibiliter,
482 2129 524 2159 ita
543 2129 645 2168 potest
666 2128 763 2160 etiam
789 2129 860 2160 fieri
883 2129 933 2161 in-

157 2184 401 2224 inculpabilIter,
417 2184 448 2214 et
470 2183 564 2221 licite,
582 2185 612 2214 et
636 2183 821 2223 prudenter.
848 2184 934 2215 Pru-

158 2238 278 2277 denter,
296 2238 423 2278 quando
438 2237 592 2278 scriptum
614 2239 758 2268 nondum
782 2240 829 2269 est
854 2239 935 2270 bene

159 2293 339 2323 correctum
363 2291 414 2323 vel
437 2291 640 2329 ordinatum,
666 2292 710 2322 ita
736 2292 821 2332 quod
854 2292 935 2324 alius

159 2346 232 2377 inde
255 2355 289 2377 se
312 2346 449 2376 nesciret
471 2345 640 2386 expedire,
663 2347 694 2376 et
722 2347 802 2377 forte
829 2347 936 2386 magis

160 2402 242 2432 esset
271 2400 405 2431 materia
426 2400 575 2438 scandali,
592 2400 643 2431 vel
665 2401 792 2439 erroris,
807 2401 878 2432 aliis
896 2402 935 2443 (a)

160 2454 357 2492 rescribenti,
367 2453 420 2485 vel
434 2453 566 2493 legenti.
580 2453 658 2484 Item
671 2455 757 2494 quod
775 2464 840 2486 non
855 2465 939 2487 com-

161 2508 239 2549 petit
255 2507 299 2538 illi
314 2507 369 2547 qui
384 2507 549 2546 desiderat,
564 2508 733 2548 magisque
746 2509 824 2540 foret
839 2510 867 2540 ei
884 2519 940 2541 no-

162 2562 282 2599 civum,
304 2570 403 2601 quam
427 2561 517 2599 utile,
538 2561 601 2592 tale
625 2562 790 2602 scriptum.
808 2563 886 2594 Item
912 2564 939 2595 si

164 2616 216 2647 ille
230 2616 381 2647 continuo
397 2617 427 2646 et
441 2615 624 2656 frequenter
641 2616 763 2656 indiget
786 2627 845 2649 suo
860 2618 938 2649 scri-

164 2672 229 2711 pto,
253 2672 289 2701 ut
315 2670 340 2700 si
363 2670 454 2701 alteri
473 2670 669 2710 concederet,
688 2671 755 2712 ipse
778 2672 859 2704 foret
882 2682 940 2705 ne-

197 2732 206 2748 4
221 2732 290 2764 Sap„
306 2738 341 2764 JV,
359 2734 398 2757 13.

1699 223 1758 254 539

980 288 1116 329 glectus,
1136 298 1211 321 cum
1234 298 1329 321 nemo
1354 290 1514 329 teneatur,
1530 298 1564 321 se
1585 289 1733 330 neglecto
1746 313 1754 327 ,

978 342 1057 374 alios
1072 343 1105 374 in
1119 343 1226 375 minus
1238 344 1424 376 necessariis
1439 352 1640 385 promovere.
1653 343 1757 375 Incul-

979 397 1137 438 pabifiter,
1159 398 1287 438 quando
1309 398 1437 439 saepius,
1455 399 1486 429 et
1507 398 1532 429 si
1557 407 1621 429 non
1635 397 1754 436 statim,

979 451 1105 490 indiget
1129 461 1187 483 suo
1213 452 1341 493 scripto,
1366 454 1397 484 et
1422 461 1459 483 eo
1480 451 1535 483 diu
1557 460 1666 482 carere
1693 460 1760 482 non

980 507 1094 546 potest.
1121 505 1199 537 Item
1227 508 1302 537 sunt
1332 507 1364 538 in
1391 506 1526 547 petendo
1547 505 1640 537 multi
1667 505 1761 537 valde

980 558 1168 599 importuni,
1183 560 1237 591 sed
1252 560 1284 591 in
1300 560 1459 592 reddendo
1478 560 1571 598 tardi,
1589 560 1675 601 quod
1697 568 1760 591 sae-

981 613 1053 653 pius
1081 613 1217 654 pulsati,
1242 614 1298 646 vix
1323 615 1450 646 tandem
1480 623 1554 646 cum
1590 623 1763 646 murmure

982 676 1129 699 concessa
1143 668 1291 707 reddunt,
1306 670 1337 699 et
1360 677 1418 709 pro
1440 668 1595 700 beneficio
1620 667 1761 708 ingrati-

983 721 1102 753 tudinis
1126 722 1225 753 verba
1251 721 1453 762 impendunt.
1479 721 1558 753 Item
1588 731 1674 763 saepe
1704 731 1761 763 per

982 776 1151 816 scriptores
1187 775 1376 816 polluuntur
1417 776 1566 816 quaterni
1602 778 1633 807 et
1659 776 1734 807 libri
1753 799 1761 816 ,

983 833 1014 862 et
1040 830 1223 862 lacerantur
1238 854 1248 869 ,
1278 830 1331 862 vel
1363 830 1455 862 aliter
1496 829 1578 861 male
1620 832 1760 862 tractan-

983 886 1036 916 tur
1064 885 1108 915 sic
1134 884 1284 916 concessi.
1315 884 1393 916 Item
1423 893 1507 916 unus
1535 884 1679 916 concedit
1710 884 1761 916 ul-

983 939 1083 970 terius
1106 939 1177 977 atii,
1201 939 1384 979 irrequisito
1407 948 1445 970 eo
1466 938 1523 979 qui
1551 938 1580 969 ei
1604 938 1759 979 scriptum

983 992 1145 1030 concessit,
1161 994 1192 1024 et
1210 992 1262 1024 ille
1282 993 1415 1024 forsitan
1439 993 1557 1024 iterum
1576 992 1642 1032 alii,
1659 993 1761 1024 donec

983 1047 1115 1078 tandem
1136 1046 1188 1077 ille
1203 1046 1302 1077 nescit
1317 1056 1336 1077 a
1354 1055 1418 1086 quo
1437 1054 1603 1086 reposcere
1623 1046 1736 1078 debeat
1751 1059 1760 1086 ;

984 1103 1016 1133 et
1033 1102 1077 1132 sic
1094 1101 1267 1141 elongatur
1284 1100 1324 1131 ab
1344 1109 1393 1139 eo,
1407 1100 1492 1141 quod
1513 1100 1622 1131 nullus
1646 1101 1763 1133 directe

984 1156 1012 1187 ei
1034 1155 1107 1186 inde
1130 1154 1309 1195 respondet.
1327 1154 1406 1185 Item
1430 1154 1526 1185 etiam
1548 1163 1634 1195 saepe
1655 1155 1761 1196 perdi-

984 1212 1048 1249 tur,
1063 1209 1149 1250 quod
1173 1209 1217 1240 ita
1237 1208 1433 1247 conceditur,
1449 1209 1526 1249 quia
1550 1209 1631 1240 forte
1655 1210 1764 1250 negli-

985 1266 1098 1304 genter
1119 1263 1265 1294 relictum
1289 1262 1387 1301 alius,
1404 1263 1497 1303 quasi
1519 1262 1601 1294 nulli
1618 1263 1761 1304 attineat,

985 1318 1044 1349 sibi
1058 1317 1135 1349 illud
1150 1316 1295 1348 similiter
1307 1318 1457 1348 reservat.
1473 1316 1655 1357 Aliquando
1669 1318 1765 1348 etiam

985 1372 1049 1412 ille,
1065 1372 1117 1404 vel
1131 1372 1199 1410 iste,
1217 1371 1255 1402 de
1269 1370 1338 1402 Ioco
1353 1372 1509 1409 mutatur,
1529 1372 1559 1402 et
1579 1372 1646 1401 tam
1663 1371 1762 1411 longe

986 1436 1070 1458 unus
1084 1426 1124 1457 ab
1138 1426 1237 1457 altero
1252 1425 1462 1465 disjungitur,
1479 1425 1563 1465 quod
1578 1434 1643 1456 non
1658 1426 1766 1465 potest

987 1489 1173 1513 concessum
1198 1489 1254 1520 per
1276 1480 1406 1510 nuntios
1427 1481 1581 1520 repetere,
1599 1478 1651 1511 vel
1677 1479 1768 1510 timet

987 1535 1021 1566 in
1044 1535 1096 1567 via
1117 1534 1249 1573 destrui,
1263 1533 1315 1565 vel
1334 1533 1437 1564 amitti
1456 1542 1512 1573 per
1530 1533 1694 1572 nuntium,
1705 1535 1761 1564 aut

986 1589 1154 1629 pedonem,
1175 1589 1232 1618 aut
1246 1596 1376 1628 aquam.
1394 1587 1442 1618 Illi
1456 1589 1564 1618 autem
1579 1588 1697 1628 quibus
1714 1590 1761 1619 ta-

987 1640 1030 1671 lia
1060 1639 1256 1671 restituenda
1282 1639 1544 1678 committuntur,
1570 1640 1763 1680 quandoque

988 1695 1102 1728 volunt
1115 1694 1174 1725 sibi
1188 1694 1371 1733 rescribere,
1387 1694 1578 1735 priusquam
1601 1695 1647 1725 illi
1671 1695 1768 1726 resti-

987 1751 1099 1787 tuant;
1122 1749 1174 1781 vel
1188 1748 1392 1780 commodant
1406 1749 1495 1788 aliis;
1514 1749 1563 1780 vel
1578 1749 1694 1780 alicubi
1715 1758 1766 1780 re-

988 1803 1149 1844 linquunt,
1166 1802 1266 1833 donec
1280 1802 1433 1834 oblivioni
1448 1802 1590 1841 tradunt,
1606 1806 1637 1834 et
1656 1805 1768 1843 postea

990 1845 1182 1896 neganssihi
1202 1856 1299 1887 fuisse
1314 1856 1495 1896 commissa,
1511 1859 1542 1888 et
1557 1857 1601 1887 sic
1623 1857 1767 1897 plurima

990 1911 1168 1952 perduntur
1193 1910 1263 1941 aliis
1289 1910 1499 1941 commodata.
1512 1910 1693 1951 Aliquando
1719 1914 1767 1943 est

990 1965 1129 2004 ligatum
1148 1964 1182 1995 in
1197 1964 1360 1995 volumine
1374 1973 1448 1995 cum
1469 1964 1538 1995 aliis
1553 1965 1719 2005 operibus,
1737 1967 1767 1997 et

991 2020 1017 2050 si
1042 2019 1122 2050 illud
1146 2019 1243 2049 frater
1263 2018 1357 2049 alicui
1386 2018 1581 2057 concederet,
1605 2021 1766 2059 oporteret

991 2083 1066 2105 eum
1092 2075 1196 2104 totum
1218 2072 1339 2103 librum
1363 2072 1548 2111 dissolvere,
1574 2082 1650 2104 cum
1675 2074 1772 2113 gravi

991 2128 1108 2159 damno
1123 2135 1348 2167 expensarum,
1364 2128 1395 2157 et
1410 2126 1559 2158 laborum
1580 2127 1613 2157 in
1634 2127 1766 2166 ligando

992 2182 1160 2213 factorum.
1173 2180 1264 2220 Saepe
1287 2180 1398 2218 etiam,
1421 2189 1495 2211 cum
1512 2181 1570 2211 uni
1591 2181 1773 2212 rescriben-

992 2237 1071 2268 dum
1085 2236 1280 2274 conceditur,
1297 2235 1361 2273 alii,
1374 2234 1435 2265 nisi
1446 2236 1476 2265 et
1492 2235 1550 2265 sibi
1564 2235 1769 2274 concedatur,

993 2291 1215 2330 indignantur,
1232 2291 1262 2320 et
1284 2298 1339 2329 per
1359 2288 1419 2320 hoc
1434 2290 1490 2319 aut
1504 2288 1558 2320 diu
1576 2289 1705 2328 cogitur
1720 2288 1773 2319 ille

994 2345 1110 2385 scripto
1133 2354 1191 2375 suo
1219 2353 1336 2382 carere,
1355 2346 1409 2374 aut
1436 2353 1492 2384 per
1519 2344 1627 2384 plures
1656 2353 1770 2374 manus

993 2400 1149 2431 transiens
1164 2399 1355 2437 sordidatur,
1368 2400 1399 2429 et
1419 2398 1572 2438 perditur.
1590 2397 1670 2428 Cum
1689 2407 1768 2437 ergo

994 2456 1040 2485 tot
1067 2463 1170 2485 causee
1200 2454 1264 2484 sint
1294 2452 1588 2493 irreprehensibiles
1605 2476 1614 2490 ,
1640 2454 1770 2492 propter

995 2516 1076 2549 quas
1090 2507 1249 2547 contingit
1261 2516 1356 2547 saepe,
1368 2509 1403 2537 ut
1418 2506 1532 2546 aliquis
1547 2514 1613 2537 non
1630 2514 1771 2537 commu-

996 2563 1080 2594 nicet
1093 2562 1162 2593 aliis
1176 2561 1367 2601 scripturam
1385 2569 1490 2598 suam,
1506 2569 1570 2591 non
1595 2562 1720 2600 oportet
1735 2562 1771 2591 ut

993 2617 1177 2658 Judicentur
1191 2625 1254 2646 non
1269 2615 1387 2646 habere
1403 2614 1591 2645 charitatem
1606 2614 1645 2645 ad
1662 2614 1775 2654 proxi-·

997 2680 1100 2709 mum,
1118 2670 1169 2702 vel
1193 2679 1233 2701 ex
1256 2668 1387 2708 invidia,
1404 2670 1461 2700 aut
1485 2677 1570 2700 vana
1591 2668 1705 2709 gloria,
1723 2668 1775 2700 vel

1031 2735 1063 2766 (α)
1080 2734 1153 2759 Forte
1168 2733 1216 2765 leq.
1233 2732 1283 2757 alii.
