2029 3052
136 759 141 764 ι
148 729 176 749 Β.
185 728 230 763 Itin-

123 765 162 780 rie
184 764 229 779 vir-

123 791 214 818 ginnas.

235 233 296 264 244

235 298 411 336 crapulosus
420 297 534 334 fuisset,
549 299 578 327 ct
587 297 612 327 si
628 299 729 327 uterus
737 297 790 328 ille
799 305 884 328 mero
897 299 1018 328 oestuas-

235 347 289 382 set,
304 346 395 374 cum¹
414 354 430 372 a
443 346 548 374 Venter
570 351 654 374 mero
677 346 804 374 aestuans
825 345 883 374 cito
907 345 1020 383 despu-

236 393 298 421 mat
317 387 350 420 in
363 391 530 421 libidinem.
547 401 561 418 »
578 392 681 420 Uterus
701 399 772 428 ergo
795 391 864 428 ille,
886 391 938 429 qui
961 393 1020 421 Deo

238 439 392 468 incarnato
419 437 591 474 gravidatus
619 439 678 473 est,
705 446 863 475 nunquam
891 439 922 466 in
951 439 1020 467 cibo

238 488 266 514 et
286 487 360 522 potu
374 485 571 520 intemperato
595 486 736 520 gravatus
753 487 806 514 est.
830 485 912 514 Unde
933 487 1022 514 loan-

240 540 294 560 nes
329 531 556 568 Chrysostomus
579 530 620 560 ait
639 532 675 560 ⁸:
711 541 726 558 a
746 532 945 561 Comessatrix
974 534 1026 560 aut

239 578 392 606 vinolenta
411 577 502 606 Maria
524 585 681 614 nunquam
702 578 768 607 fuit.
795 589 808 606 n
833 580 910 614 Heu,
932 586 1025 616 quam

242 625 333 661 longe
347 632 366 652 a
380 617 476 660 gratia
489 623 585 652 Mariae
603 626 682 661 sunt,
697 625 750 662 qui
769 625 800 654 in
819 625 888 654 cibo
909 627 938 653 et
951 627 1025 662 potu

243 672 330 700 toties
343 671 503 700 excedunt!

281 718 412 754 Septimo
426 717 506 753 vide,
522 717 703 753 charissime,
719 719 804 755 quod
820 719 910 748 Maria
924 719 1026 748 castis-

245 765 321 794 sima
344 765 398 794 fuit
418 773 472 802 per
491 765 700 802 virginitatem.
721 767 787 802 ipsa
806 768 850 794 est
869 765 969 801 Maria,
989 766 1027 795 de

247 820 308 848 qua
325 812 432 840 dicitur
448 813 459 830 ³
482 821 489 840 :
514 813 617 841 Nomen
637 814 757 848 viminis
783 814 885 841 Maria.
909 813 1028 842 Eximiae

247 859 385 888 castitatis
399 860 494 888 Mariae
510 861 611 888 testem
626 859 855 896 Evangelistam,
871 862 970 888 testem
985 861 1029 897 ip-

247 915 312 936 sam
325 907 457 942 Mariam,
469 909 572 936 testem
585 907 731 936 habemus
746 908 913 944 angelicam
928 916 1030 945 perso-

248 961 328 982 nam.
355 955 440 982 casta
467 954 546 982 enim
566 953 618 982 t'uit
641 954 671 982 in
698 954 833 990 virginea
857 962 963 990 carne,
989 955 1029 983 si-

249 1002 297 1029 cut
321 1000 517 1036 Evangelium
538 1003 668 1036 testatur,
685 1000 786 1029 dicens
801 1011 807 1028 :
824 1002 926 1031 Nomen
941 1003 1029 1036 vii-qi-

249 1050 293 1076 nis
307 1049 410 1075 Maria.
427 1048 539 1076 Castior
551 1047 606 1076 ruit
619 1048 709 1076 Maria
723 1049 753 1076 in
768 1049 903 1084 virginea
921 1051 1030 1084 mente,

249 1094 324 1122 sieut
335 1094 462 1130 ipsamet
483 1097 618 1130 testatum
640 1095 704 1131 ipsa
726 1095 805 1123 enim
829 1098 882 1130 cst,
906 1095 943 1123 de
970 1103 1031 1131 qua

250 1140 397 1169 dicitur⁴2
417 1143 495 1170 Dixit
517 1144 606 1169 autem
629 1143 721 1170 Maria
741 1142 778 1169 ad
792 1142 917 1177 angelum
934 1151 941 1169 :
963 1142 1032 1176 Quo-

248 1189 326 1217 modo
339 1191 385 1224 fiet
400 1189 488 1224 istud,
503 1190 632 1224 quoniam
654 1190 744 1217 uirum
763 1197 815 1217 uon
833 1191 978 1224 coqnosco?
999 1189 1031 1217 id

249 1240 302 1271 est,
317 1245 380 1265 non
402 1244 579 1272 cognoscere
603 1244 751 1273 propono.
774 1236 941 1265 castissima
960 1244 1031 1265 vcro

249 1282 304 1312 ruit
317 1284 407 1312 Maria
421 1285 451 1312 in
463 1284 597 1320 virginea
609 1283 705 1320 prole,
720 1284 794 1312 sieut
807 1284 936 1319 Angelus
950 1285 1032 1312 testa-

250 1332 307 1365 tur,
323 1331 375 1367 qui
391 1331 427 1358 dc
437 1330 488 1359 illa
502 1331 588 1358 Maria
602 1330 676 1358 dixit
686 1330 716 1358 in
732 1331 862 1358 Matthoeo
876 1332 886 1347 ⁶
901 1339 912 1358 .·
923 1331 1031 1367 Ioseph,

250 1378 293 1412 fili
306 1377 406 1411 David,
421 1378 478 1404 uolt*
494 1379 598 1412 timei-e,
621 1379 675 1405 etc.
693 1379 733 1405 Ex
749 1385 810 1414 quo
832 1377 920 1405 Maria
944 1378 1032 1413 Virgo

253 1423 290 1452 dc
306 1424 414 1460 Spiritu
429 1426 530 1452 sancto
553 1423 656 1452 divina
677 1426 719 1452 est
742 1423 826 1460 prole
851 1424 1031 1460 swcundata,

252 1478 445 1507 nequaquam
460 1470 612 1506 virginitas
628 1471 691 1506 ejus
705 1470 755 1499 tali
770 1473 813 1499 cst
827 1471 911 1507 prole
922 1471 1033 1506 vitiata,

252 1517 306 1545 sed
330 1517 504 1545 mirabiliter
525 1519 568 1545 est
594 1517 625 1545 in
647 1520 726 1546 tanta
753 1517 837 1553 prole
859 1518 1031 1554 glorificata.

252 1565 325 1592 Nam
338 1563 368 1591 in
388 1564 472 1600 prole
490 1564 667 1600 approbata,
694 1564 723 1592 in
745 1564 828 1600 prole
854 1567 1035 1600 consecrata,
1070 1559 1074 1563 ⁴

253 1611 283 1638 in
298 1610 382 1646 prolc
398 1610 565 1645 nobilitata,
589 1611 618 1638 in
642 1611 727 1647 prole
751 1612 853 1646 ditata,
875 1614 903 1640 et
922 1612 1034 1647 dotata,

253 1657 425 1693 consignata
443 1660 470 1685 et
489 1658 664 1686 confirmata
692 1660 732 1686 esi
757 1660 806 1686 tua
832 1658 995 1694 virginitas,
1017 1666 1034 1686 ο

255 1704 352 1732 Maria.
368 1706 488 1740 Propter
499 1704 583 1740 quod
597 1705 673 1732 benc
689 1705 728 1732 ait
743 1706 921 1740 Augustinus
936 1714 942 1732 z
957 1716 970 1730 ιι
981 1706 1036 1733 Ma-

254 1750 329 1778 riam
358 1750 504 1786 virginem
525 1751 667 1779 veraciter
692 1751 906 1787 praedicamus,
923 1754 951 1779 ct
976 1760 1036 1779 ina-

255 1799 329 1825 trem
348 1807 354 1825 :
372 1798 456 1833 eujus
472 1797 671 1833 virginitatem
693 1798 868 1833 glorificavit
894 1806 964 1826 vera
986 1798 1036 1825 sw—

254 1845 400 1879 cunditas,
415 1847 441 1872 ct
457 1846 540 1880 cujus
562 1853 664 1873 veram
685 1845 906 1873 foecunditatem
922 1846 1035 1881 gloriti-

255 1891 331 1920 eavit
359 1891 533 1919 intemerata
553 1891 716 1927 virginitas.
740 1903 752 1918 n
783 1894 886 1920 Beatus
915 1901 1036 1929 quoque

257 1939 422 1967 Bernartius
439 1939 479 1966 ait
496 1940 505 1955 ⁰
523 1948 528 1966 :
549 1950 562 1964 ιι
585 1940 683 1974 Longe
699 1939 858 1974 gloriosior
873 1940 926 1967 suit
947 1940 1037 1976 virgi-

257 1987 332 2013 nitas
347 1994 382 2013 ex
398 1986 596 2019 foecunditate,
618 1988 645 2013 et
666 1986 839 2014 sti-cunditas
855 1995 889 2014 cx
915 1987 1037 2021 virgini-

259 2034 325 2060 tate.
348 2043 362 2058 ι)
385 2034 455 2066 lieu,
478 2041 569 2068 quani
587 2033 675 2067 longe
698 2042 715 2060 a
734 2034 828 2068 gratia
855 2033 949 2061 Maria.-
972 2037 1039 2062 sunt

258 2079 438 2115 quicumque
456 2080 637 2107 continentes
653 2088 714 2107 non
735 2082 811 2114 sunt,
829 2080 880 2115 qui
901 2081 1038 2108 castitatis

260 2126 370 2154 inimici
394 2129 472 2154 sunt!
501 2128 573 2155 Cum
596 2135 666 2161 ergo
697 2126 901 2154 dulcissimum
929 2136 1039 2155 nomen

260 2173 354 2200 Mariae
371 2174 462 2207 tanta,
478 2176 609 2209 utsupra
624 2173 735 2200 dictum
747 2173 843 2207 musii
854 2174 957 2209 gratia,
970 2174 1038 2202 ideo

260 2220 364 2246 merito
380 2220 436 2247 hoc
457 2228 566 2247 nomen
594 2220 768 2247 invocamus
790 2222 919 2253 orantes,
938 2228 1040 2248 seeun-

260 2266 332 2293 dum
348 2267 431 2301 qnod
447 2266 550 2293 beatus
561 2266 726 2293 Bernartius
738 2274 836 2300 ornus,
853 2267 891 2294 ait
907 2267 932 2294 ⁷:
948 2278 960 2292 (ι
974 2267 1040 2295 Dul—

260 2313 410 2341 cissimum
435 2314 528 2341 Mariae
553 2322 662 2341 nomen
684 2314 893 2342 invocantibus
917 2316 1040 2343 servulis

260 2368 313 2396 per
337 2362 375 2394 te,
397 2360 508 2394 Regina
533 2360 679 2395 clemens,
707 2362 807 2397 gratim
828 2370 887 2389 suus
917 2370 1042 2390 munera

261 2407 402 2442 largiatur
423 2408 505 2434 iesus
526 2407 669 2441 Christus,
696 2408 784 2435 Filius
800 2411 877 2442 tuus,
902 2410 952 2445 qui
973 2418 1041 2437 cum

263 2455 342 2481 Patre
355 2455 383 2481 et
399 2453 507 2489 Spiritu
522 2456 623 2481 sancto
643 2455 711 2482 vivit
727 2458 753 2482 et
772 2458 875 2490 regnat
890 2457 973 2490 ilem,
990 2464 1042 2492 per

262 2500 364 2528 omnia
378 2500 485 2528 saecula
499 2500 684 2528 saeculorum.
701 2504 801 2529 Amen.
811 2513 823 2527 ι»

296 2586 301 2601 ¹
324 2585 427 2610 Hieron.
449 2599 479 2603 -
501 2585 509 2599 ²
529 2585 671 2617 Clir)·sost.,
692 2588 716 2609 ιἰι
738 2587 838 2615 Mami..
864 2588 909 2619 01¹·
929 2589 1043 2620 impet-sl,

264 2621 333 2644 hom.
357 2628 372 2645 ι.
391 2634 420 2638 -·
438 2621 448 2637 ³
463 2622 530 2651 Luc„
548 2627 571 2650 i,
589 2623 629 2645 27.
646 2635 670 2638 —-
692 2623 698 2635 ⁴
716 2622 789 2651 liniti..
813 2625 851 2647 3⁴.
867 2637 897 2641 —
916 2624 923 2638 ⁵
940 2624 1042 2655 Mami„

265 2663 283 2686 1,
297 2658 334 2680 20.
349 2670 378 2674 —
391 2657 400 2671 θ
416 2658 501 2687 Rern„
515 2656 544 2680 de
562 2657 589 2681 B.
611 2657 689 2687 shy..
708 2666 794 2684 st‘i'tn..
811 2666 841 2682 <ix
858 2659 942 2683 vorbis
959 2660 1043 2690 Apoe,

266 2698 315 2722 ¹xii,
338 2696 344 2714 t
375 2705 404 2708 —-
427 2692 433 2706 ⁷
457 2693 502 2718 til..
524 2694 546 2715 in
569 2693 693 2723 Axxiempt.
715 2694 740 2717 R.
766 2695 841 2723 ,itm-i,
865 2703 942 2718 serui.
963 2702 997 2721 iv,
1019 2696 1042 2719 iu

674 210 885 264 SPnCULUM
905 229 1052 264 BEATAE
1072 230 1214 265 MARIAE
1234 231 1422 266 VIRGINIS.

1367 351 1507 383 LECTIO
1525 352 1565 382 V.

1079 419 1158 454 Quod
1183 421 1276 456 qratia
1300 421 1392 450 Beaeae
1419 421 1519 448 Mariae
1550 421 1588 448 sit
1613 428 1691 456 vara,
1713 421 1859 458 immensa,

1254 463 1418 498 multiplex,
1440 465 1467 492 et
1489 464 1572 491 utilis
1591 463 1682 491 vnde.

1114 534 1183 569 Ave,
1197 534 1302 569 Maria,
1317 535 1413 570 qratia
1425 535 1515 570 plena.
1533 535 1690 564 ostensum
1703 535 1746 563 est
1759 541 1862 571 supra,

1080 579 1238 617 quomodo
1252 579 1342 608 Maria
1351 581 1476 617 propter
1489 580 1680 618 purissimam
1692 580 1762 610 vitoe
1775 580 1862 610 inno-

1080 626 1208 655 centiam
1221 626 1327 656 merito
1338 634 1394 664 per
1407 627 1467 656 Ave
1477 627 1633 656 salutatur.
1641 627 1864 657 ostendendum

1081 675 1180 703 autem
1208 675 1252 702 est
1274 681 1355 702 nunc
1364 695 1374 709 ‚
1399 673 1555 710 quomodo
1577 681 1632 711 por
1657 673 1865 711 plenissimam

1082 723 1183 759 gratiae
1197 722 1381 752 affluentiam
1392 723 1498 751 merito
1511 724 1605 758 qratia
1617 723 1701 759 plena
1711 723 1776 752 t'orc
1783 730 1866 752 com-

1082 771 1274 798 memoratur.
1291 770 1349 798 Ave
1363 777 1446 806 ergo,
1469 772 1562 805 qratia
1583 771 1676 806 plena.
1692 769 1867 799 Considere-

1082 824 1160 851 mus,
1174 816 1351 850 charissimi,
1365 817 1491 852 gratiam
1504 816 1601 852 istam,
1620 817 1746 853 gratiam
1759 816 1866 852 Maria,

1083 863 1209 899 gratiam
1224 863 1444 892 admirandam.
1466 864 1707 898 Consideremus,
1731 863 1866 901 inquam,

1083 910 1184 946 gratiae
1203 910 1299 938 Mariae
1319 911 1484 946 veritatem,
1504 911 1748 946 immensitatem,
1765 909 1868 938 multi-

1084 956 1258 993 plicitatem,
1273 958 1301 985 et
1314 957 1478 986 utilitatem.
1499 958 1597 986 Gratia
1617 965 1749 994 namque
1773 957 1869 986 Mariae

1084 1005 1179 1041 gratia
1202 1004 1366 1040 verissima,
1395 1005 1490 1041 gratia
1513 1005 1752 1040 immensissima‚
1775 1005 1870 1042 gratia

1085 1051 1343 1088 multiplicissima‚
1358 1053 1387 1080 et
1401 1052 1497 1088 gratia
1511 1051 1668 1080 utilissima
1683 1053 1733 1080 est.

1122 1098 1220 1126 Primo
1238 1098 1461 1127 consideremus
1474 1098 1575 1134 gratiae
1589 1098 1685 1127 Mariae
1704 1098 1866 1128 veritatem.

1088 1239 1139 1275 qui
1166 1239 1273 1267 veritas
1298 1241 1348 1267 est.
1372 1239 1457 1275 Apud
1486 1241 1570 1267 Deum
1593 1239 1680 1274 dicit,
1702 1247 1763 1268 non
1788 1239 1870 1277 apud

1088 1285 1254 1314 diabolum.
1278 1285 1420 1314 Diabolus
1441 1286 1520 1314 enim
1539 1286 1665 1322 gratiam
1689 1286 1775 1315 malae
1796 1294 1869 1323 pro-

1087 1333 1233 1368 speritatis
1252 1332 1352 1366 ossert,
1382 1334 1414 1360 ut
1438 1340 1473 1361 co
1504 1332 1626 1361 liberius
1648 1335 1759 1369 peccet.
1788 1333 1870 1362 Unde

1090 1379 1272 1414 HoloferneS,
1287 1379 1339 1416 qui
1349 1379 1506 1408 diabolum
1517 1379 1623 1415 signat,
1633 1380 1673 1408 ait
1681 1381 1692 1398 ⁰
1703 1389 1710 1408 :
1724 1380 1790 1408 Bibe
1800 1381 1871 1408 nunc

1089 1429 1115 1454 et
1129 1426 1252 1454 accumbe
1266 1428 1295 1453 in
1311 1426 1499 1461 jucunditate,
1514 1428 1644 1461 quoniam
1658 1428 1791 1455 invenisti
1807 1435 1870 1462 qra-

1091 1475 1158 1500 ti'am
1173 1481 1262 1500 coram
1272 1481 1321 1500 me.
1340 1474 1420 1507 item,
1437 1473 1518 1508 Apud
1531 1475 1613 1501 Deum
1625 1472 1704 1506 dicit,
1717 1481 1779 1502 non
1789 1473 1871 1510 apud

1090 1519 1248 1554 mundum,
1272 1519 1344 1556 quia
1367 1519 1450 1555 apud
1475 1520 1638 1555 mundum,
1658 1519 1690 1548 id
1715 1522 1768 1556 cst,
1789 1520 1871 1557 apud

1091 1566 1226 1594 homines
1251 1565 1422 1594 mundanos
1449 1574 1526 1602 saepc
1550 1566 1638 1594 valde
1661 1566 1736 1595 salsa
1766 1566 1871 1603 gratia,

1091 1613 1165 1641 salsa
1178 1613 1314 1641 contritio
1330 1613 1486 1641 invenitur.
1497 1613 1578 1642 Unde
1592 1614 1623 1641 in
1633 1615 1822 1642 Ecclesiastico
1830 1613 1873 1642 di-

1092 1660 1166 1687 citur
1183 1660 1202 1676 ¹⁰
1219 1669 1225 1687 ε
1248 1661 1309 1686 Non
1330 1662 1403 1687 omni
1427 1661 1530 1687 homini
1545 1661 1701 1692 manifestes
1720 1668 1765 1688 cor
1785 1662 1871 1691 tuum,

1092 1715 1124 1733 ne
1139 1709 1210 1740 forte
1226 1708 1327 1740 inserat
1345 1708 1395 1733 tibi
1416 1708 1536 1740 qratiam
1551 1708 1651 1740 falsam
1669 1710 1695 1735 et
1710 1709 1874 1735 convitietur

1093 1755 1153 1782 tibi.
1172 1756 1251 1788 item,
1262 1754 1342 1789 Apud
1358 1755 1441 1781 Deum
1455 1753 1536 1788 dicit,
1548 1761 1609 1782 non
1624 1754 1706 1790 apud
1718 1754 1871 1782 homines:

1093 1801 1161 1829 ideo
1172 1801 1277 1828 beatus
1288 1800 1453 1828 Bernardus
1465 1801 1485 1819 ¹¹
1502 1809 1508 1828 :
1525 1811 1538 1825 «
1552 1801 1723 1834 Quoeramus
1735 1801 1872 1837 gratiam,

1093 1847 1145 1876 scd
1159 1848 1284 1883 gratiam
1301 1847 1382 1883 apud
1398 1848 1489 1875 Deum
1511 1856 1517 1874 :
1541 1855 1612 1875 nam
1635 1847 1717 1884 apud
1740 1848 1876 1876 homines

1094 1897 1137 1922 est
1151 1895 1245 1930 gratia
1262 1894 1363 1923 fallax.
1378 1904 1390 1919 n
1415 1895 1497 1928 Item,
1509 1895 1590 1929 Apud
1605 1895 1689 1922 Deum
1709 1894 1790 1930 dicit,
1814 1902 1876 1924 non

1095 1941 1177 1978 apud
1190 1949 1327 1976 carnem3
1344 1949 1415 1969 nam
1435 1941 1529 1976 gratia
1543 1942 1639 1969 carnis
1660 1940 1734 1970 falsa
1755 1944 1808 1976 est,
1831 1943 1875 1969 ut-

1095 1992 1163 2023 pote
1189 1988 1285 2015 earnis
1308 1988 1517 2024 pulchritudo,
1543 1990 1571 2016 et
1591 1988 1773 2024 hujusmodi.
1796 1988 1876 2016 Unde

1095 2035 1235 2063 Salomon
1254 2034 1270 2050 ¹¹
1290 2044 1296 2062 :
1318 2036 1416 2062 Fallax
1441 2037 1543 2069 qratia,
1567 2038 1592 2062 et
1607 2044 1676 2062 uana
1697 2039 1736 2062 est
1758 2036 1877 2071 pulchri-

1097 2084 1172 2117 tudo,
1193 2083 1262 2118 quia
1283 2083 1448 2117 gratissima
1468 2082 1550 2117 virgo
1571 2082 1659 2109 Maria
1677 2082 1781 2110 falsam
1808 2089 1876 2117 gra-

1097 2130 1164 2157 tiam
1193 2129 1323 2163 diaboli,
1349 2129 1454 2157 salsam
1477 2129 1603 2164 gratiam
1623 2129 1746 2163 mundi,
1772 2128 1876 2156 salsam

1097 2176 1221 2212 gratiam
1249 2176 1345 2203 carnis
1366 2176 1554 2211 contempsit.
1581 2176 1649 2204 ideo
1670 2176 1776 2204 merito
1795 2175 1876 2211 apud

1098 2225 1188 2251 licum
1213 2224 1337 2258 gratiam
1362 2223 1489 2257 invenit,
1518 2231 1620 2250 veram
1644 2223 1744 2258 itaque
1767 2224 1795 2250 et
1821 2229 1877 2258 pu-

1097 2279 1178 2306 ram,
1204 2271 1286 2298 nulla
1319 2270 1485 2298 adulterina
1514 2270 1643 2298 mixtura
1669 2271 1822 2303 vitiatam,
1846 2271 1878 2296 ut

1098 2326 1166 2345 vere
1195 2318 1291 2345 dicere
1322 2317 1413 2353 possit
1442 2317 1471 2344 in
1498 2318 1685 2345 Ecclesiastico
1703 2318 1722 2334 '³
1750 2325 1757 2344 ε
1792 2316 1878 2349 Quasi

1099 2365 1246 2392 balsamum
1278 2374 1328 2391 nou
1362 2367 1475 2391 murrum
1505 2364 1570 2391 odor
1597 2371 1679 2391 meus.
1710 2363 1877 2391 Bais-auium

1099 2411 1193 2439 Mariae
1221 2414 1263 2438 e>t
1292 2411 1390 2438 unctio
1420 2410 1539 2446 gratim,
1568 2418 1628 2446 qua
1655 2409 1745 2438 Maria
1776 2409 1878 2445 copio-

1099 2458 1210 2486 sissime
1228 2459 1323 2486 intusa
1338 2460 1389 2485 est.
1411 2457 1490 2485 Unde
1515 2456 1679 2484 Bernardus
1698 2456 1824 2492 loquens
1839 2455 1876 2484 de

1099 2505 1151 2532 illo
1181 2505 1286 2540 verbo,
1314 2506 1437 2539 Spiritus
1458 2506 1564 2531 sanctus
1587 2505 1754 2538 superveniet
1780 2505 1809 2530 in
1835 2506 1876 2538 te,

1100 2591 1159 2613 tino.
1174 2604 1200 2607 —
1218 2594 1225 2603 ⁶
1240 2591 1390 2621 L11c.,i‚3i.
1406 2604 1430 2608 —-
1447 2591 1458 2606 ⁹
1471 2589 1571 2618 ludim,
1589 2595 1635 2620 ΧΗ,
1655 2590 1690 2614 Π.
1705 2603 1733 2607 -
1750 2590 1770 2606 ¹⁰
1784 2588 1875 2620 Eccli„

1101 2632 1156 2656 viii,
1172 2628 1210 2650 22.
1226 2639 1257 2644 —
1272 2628 1289 2643 ¹¹
1306 2628 1392 2656 Rern„
1408 2627 1433 2649 ιίι
1449 2625 1533 2649 Nam».
1550 2626 1577 2650 Β.
1596 2626 1644 2657 Μ.,
1663 2625 1694 2649 de
1711 2624 1874 2657 Aquoeduclu,

1100 2668 1191 2689 scrin,
1218 2670 1242 2686 n.
1265 2666 1289 2688 ⁸.
1312 2675 1341 2680 —
1365 2663 1385 2678 ¹²
1402 2662 1488 2691 Ρι·ου.,
1513 2667 1590 2692 xxm,
1615 2663 1654 2687 31.
1679 2675 1704 2679 -
1735 2661 1755 2678 ¹⁸
1780 2661 1876 2688 Eccli..

1102 2704 1172 2728 nix,
1190 2700 1227 2722 21.

1909 1112 1935 1133 B.
1944 1111 1992 1132 Μι-

1087 1146 1125 1173 De
1139 1145 1196 1173 hac
1210 1144 1328 1173 Gabriel
1342 1145 1383 1174 ait
1393 1145 1404 1162 ⁸
1415 1155 1422 1172 t
1435 1146 1568 1174 Invenisti
1581 1146 1712 1181 qratiam,
1727 1147 1783 1174 etc.
1800 1146 1870 1174 Gra·
1883 1141 1922 1179 ’ξ’
1939 1147 1989 1179 ΒΨ·

1087 1192 1127 1220 tia
1141 1192 1243 1229 utique
1258 1200 1327 1220 vera
1340 1194 1394 1227 est,
1410 1200 1477 1229 quae
1491 1193 1574 1229 apud
1597 1193 1691 1221 Deum
1708 1192 1869 1228 invenitur,
1883 1176 1994 1226 2¹,me

2011 2683 2029 2778 i
