2060 3052
36 395 107 424 ptum.

662 247 713 280 DE
734 247 813 280 UNo
835 246 1037 280 MARTYRE.
1062 248 1196 282 SERMO
1221 249 1274 282 111.
1407 237 1415 240 “
1738 254 1772 284 41

79 335 81 339 ⁴
104 327 106 329 >
157 316 283 353 gnitudo
299 316 508 354 praemiorum,
533 323 596 346 non
621 316 767 346 deterreat
787 317 938 345 certamen

62 365 139 386 Exam—
156 363 306 393 laborum.
335 374 351 392 n
379 365 482 392 Nonne
502 363 636 400 gaudens
663 363 783 392 laborat
805 363 938 400 agricola

157 411 213 440 sub
227 419 280 448 spe
293 410 464 440 fructuum?
482 412 629 448 quantum
650 410 791 439 laborant
808 411 938 439 fossores

156 458 356 493 metallorum,
376 459 537 495 antequam
561 457 676 494 possint
696 458 798 486 venire
819 458 858 486 ad
881 466 936 486 au-

155 506 244 534 rum?
269 506 416 541 quantum
443 505 583 533 mulieres
610 513 641 533 se
669 505 831 534 exercitant
859 505 937 534 circa

154 551 261 587 linum,
281 553 442 589 antequam
462 552 593 580 habeant
613 553 767 588 pannum?
790 555 844 581 etc.
867 553 937 587 Quis

103 601 451 635 „nunquam-mercator
462 599 547 627 dives
561 607 624 627 esse
638 599 754 636 poterit,
772 599 868 628 sinon
881 599 936 628 ali-

61 763 106 786 υ.

155 634 460 683 (ῙιιαῐιᾶᾶῚαδοηνῇῩ
475 648 563 675 Poeta
579 656 586 674 :

170 724 273 756 Absque
286 723 374 748 labore
386 723 459 756 gravi
472 723 514 748 vix
525 731 634 749 munera
646 731 741 756 magna
752 725 882 750 dabuntur
895 733 902 749 ι

200 760 293 784 Gratus
305 759 374 784 enim
389 759 480 791 plenus
494 760 601 784 utilitate
617 759 703 785 labor.

187 837 219 864 Et
240 837 398 873 propterea
424 836 598 873 Apostolus,
627 845 697 865 cum
717 845 749 865 se
773 837 853 866 dicat
873 846 935 874 prae

150 883 261 912 caeteris
274 883 416 920 apostolis
428 884 591 920 laborasse,
607 884 769 919 concludit,
785 885 887 913 dicens
899 887 907 903 ¹
925 895 932 914 :

153 939 167 956 ι(
182 932 221 959 De
241 930 358 967 reliquo
373 931 503 967 reposita
525 933 569 959 est
589 931 663 959 mihi
677 940 789 960 corona
806 933 934 968 justitia,

150 985 241 1014 quam
256 977 362 1006 reddet
380 978 453 1006 mihi
478 978 619 1006 Dominus
642 979 674 1006 in
693 979 746 1007 illa
771 979 819 1007 die
838 979 934 1015 justus

146 1024 250 1060 judex.
267 1035 281 1052 »
298 1026 331 1052 Et
343 1024 413 1053 dicit
427 1033 525 1053 corona
535 1026 655 1061 justitiae
671 1026 791 1061 (scilicet
800 1026 859 1062 Dei,
869 1034 933 1054 non

149 1072 224 1108 sua),
241 1072 312 1108 quia
327 1080 362 1100 ex
374 1073 486 1108 justitia
502 1075 545 1101 est
559 1073 680 1101 certanti
695 1081 714 1101 a
729 1075 786 1101 Deo
804 1073 932 1110 promis-

149 1127 192 1154 sa,
209 1121 237 1147 et
251 1119 322 1155 quia
337 1128 372 1147 ex
386 1120 472 1156 justis
485 1120 640 1148 laboribus
655 1121 809 1156 acquisita.

184 1167 293 1200 Quarto
316 1167 471 1195 coronavit
493 1167 634 1195 Dominus
654 1167 734 1195 hunc
757 1169 931 1204 Martyrem,

147 1213 247 1250 ipsum
271 1213 394 1241 feliciter
414 1214 673 1249 consummando,
695 1216 724 1242 et
746 1215 777 1242 in
805 1215 933 1250 gloriam

147 1269 234 1289 suam
247 1261 438 1289 assumendo.
460 1263 551 1289 Nemo
567 1261 648 1289 enim
661 1261 732 1289 illuc
754 1262 931 1297 ingreditur,

146 1307 204 1335 nisi
225 1307 267 1336 ibi
287 1309 461 1343 coronetur,
481 1310 509 1336 et
529 1308 586 1336 nisi
607 1316 735 1344 regnum
754 1312 932 1345 perpetuum

148 1355 175 1382 ei
186 1355 328 1383 tradatur.
344 1355 426 1383 Unde
438 1355 580 1383 Dominus
594 1356 714 1392 Sponsae
725 1356 756 1384 in
770 1355 890 1384 canticis
901 1355 911 1371 ²
924 1367 930 1385 :

152 1411 166 1427 α
180 1401 252 1429 Veni
262 1402 298 1429 de
313 1402 438 1436 Libano,
453 1410 539 1430 soror
551 1411 620 1431 mea
634 1404 748 1439 Sponsa
764 1413 771 1431 z
788 1404 868 1439 veni,
884 1412 932 1431 co-

149 1448 314 1476 ronaberis.
331 1459 345 1474 ι)
362 1449 415 1476 Ubi
437 1457 507 1485 ergo
530 1452 608 1484 sunt,
631 1450 683 1486 qui
699 1453 835 1486 quaerunt
855 1451 931 1479 dita-

149 1495 197 1523 ri?
216 1495 269 1523 ubi
293 1497 376 1530 sunt,
398 1496 449 1532 qui
473 1499 611 1532 quaerunt
632 1497 748 1524 nobiles
771 1497 854 1525 fieri?
879 1498 931 1525 ubi

148 1544 232 1576 sunt,
256 1542 309 1578 qui
332 1545 468 1578 quaerunt
490 1543 607 1578 pulchri
631 1543 748 1572 videri?
770 1544 823 1572 ubi
848 1547 930 1579 sunt,

148 1589 200 1625 qui
215 1589 319 1617 volunt
332 1597 467 1625 purpura
482 1590 590 1618 indui?
602 1590 654 1618 ubi
667 1593 744 1625 sunt,
762 1592 812 1627 qui
827 1592 931 1620 volunt

146 1644 232 1672 reges
245 1636 330 1664 fieri?
349 1637 474 1664 Veniant
489 1637 528 1664 ad
548 1637 712 1672 Christum,
735 1640 763 1666 et
786 1639 932 1674 accipiant

146 1690 283 1718 regnum,
305 1685 333 1711 et
347 1683 488 1711 diadema
501 1686 689 1720 perpetuum.
714 1686 787 1712 Nam
808 1693 862 1721 per
877 1694 930 1713 co-

146 1738 264 1765 ronam,
279 1739 348 1758 cum
363 1730 400 1759 sit
419 1731 517 1766 figura
531 1731 689 1767 sphaerica,
706 1732 803 1767 gloria
821 1734 930 1762 aeterna

147 1777 376 1806 demonstratur.
399 1778 457 1806 Sed
474 1786 572 1814 quaere
592 1778 629 1806 de
639 1779 702 1808 ,1100
717 1779 804 1807 latius
819 1780 850 1807 in
865 1788 929 1808 ser-

149 1832 236 1852 mone
257 1825 400 1861 sequenti.
420 1827 567 1860 Rogemus
588 1834 658 1861 ergo
676 1827 851 1862 Dominum,
874 1830 928 1857 ete.

439 1905 566 1934 SERMO
589 1905 639 1934 Ill.

185 1964 246 1992 Non
264 1964 444 1999 coronabitur,
466 1967 523 1992 nisi
543 1967 592 2000 qui
610 1967 730 2000 legitime
750 1971 893 1996 certaverit
907 1970 927 1997 ³.

148 2012 240 2039 Nemo
260 2019 399 2046 pugnans
427 2012 566 2040 coronari
590 2013 698 2048 dignus
727 2017 785 2049 est,
808 2015 832 2042 si
865 2017 927 2044 vic-

148 2057 254 2086 toriam
280 2058 444 2094 pugnando
474 2067 536 2087 non
562 2060 703 2088 obtineat.
739 2063 930 2091 Currentibus

149 2103 228 2131 enim
249 2112 310 2132 non
331 2105 418 2133 datur
443 2105 599 2141 bravium,
626 2107 681 2134 nisi
706 2111 773 2144 post
798 2118 926 2138 cursum.

148 2152 368 2179 consueverunt
383 2152 533 2180 domicelli
547 2161 642 2189 usque
658 2154 698 2182 ad
713 2155 865 2190 cingulum
881 2165 928 2185 su-

147 2197 267 2225 blimari
281 2198 406 2233 militiae,
426 2200 477 2235 qui
500 2200 581 2236 prius
602 2201 714 2229 sortiter
737 2204 878 2230 steterunt
899 2203 929 2231 in

148 2244 209 2271 acie
234 2253 240 2271 ε
264 2252 318 2271 nec
340 2245 425 2272 militi
450 2254 512 2274 non
533 2248 679 2283 pugnanti
702 2248 790 2276 datur
811 2249 928 2278 donati—

146 2298 227 2317 vum.
244 2292 317 2318 Nam
333 2291 415 2325 olim,
434 2301 501 2320 cum
519 2294 645 2322 Romani
662 2295 777 2323 mundo
794 2296 929 2324 domina-

145 2338 265 2372 bantur,
275 2338 382 2366 milites
389 2340 531 2374 veterani,
540 2341 592 2376 qui
602 2341 652 2369 diu
661 2348 867 2378 pugnaverant
878 2345 928 2380 (a),

145 2385 339 2421 tradebantur
354 2386 455 2421 quieti,
473 2389 499 2414 et
518 2388 700 2416 reddebatur
715 2390 756 2417 eis
770 2391 928 2426 praemium

144 2440 198 2468 pro
213 2432 328 2460 labore.
351 2434 411 2460 Hoc
431 2441 502 2468 ergo
522 2434 677 2462 attendens
694 2437 850 2472 Apostolus
874 2439 929 2466 ob-

144 2479 255 2507 servari
274 2479 305 2507 in
326 2479 431 2507 militia
452 2480 594 2516 spirituali
605 2503 614 2515 ,
631 2481 701 2510 dicit
718 2493 723 2510 :
740 2485 801 2512 Νοη
816 2493 928 2512 corona-

144 2527 228 2561 bitur,
244 2528 300 2554 nisi
311 2528 359 2562 qui
369 2528 489 2562 legitime
503 2530 656 2556 certat-erit.
670 2531 716 2558 Est
726 2539 797 2566 ergo
813 2540 929 2568 sensuS,

145 2573 310 2601 secundum
324 2573 517 2602 intentionem
531 2575 663 2610 Apostoli
681 2586 686 2604 :
704 2577 754 2605 llle
768 2579 819 2613 qui
836 2582 928 2607 certa-

179 2649 183 2660 “
209 2648 228 2670 11
250 2648 323 2679 Tim„
344 2654 380 2678 iv,
401 2650 423 2673 8.
443 2661 472 2666 —
492 2650 501 2665 2
521 2649 605 2678 Cant„
628 2656 665 2680 Ιν,
687 2653 710 2675 8.
733 2665 761 2670 —-
780 2653 790 2669 ³
815 2654 831 2677 ΙΙ
856 2655 928 2684 Tim„

147 2689 174 2712 11,
191 2685 213 2707 5.
232 2697 261 2701 -—
275 2684 283 2698 ⁴
304 2684 312 2708 1
333 2685 414 2714 loom,
434 2686 569 2715 11‚15.—
584 2686 594 2703 ⁵
608 2687 724 2718 J‹1c.,iv‚
746 2690 767 2712 4.
785 2702 814 2706 ——
829 2690 839 2706 6
855 2690 927 2721 Sap„

145 2725 171 2750 x,
189 2720 225 2745 12.

992 316 1082 353 verit,
1103 318 1305 347 coronabitur.
1331 319 1363 348 Et
1380 319 1548 347 secundum
1565 319 1644 348 hanc
1666 319 1778 348 intelli-

992 364 1143 400 gentiam,
1170 365 1210 394 ad
1233 365 1527 394 commendationem
1548 365 1638 402 hujus
1663 367 1777 402 Sancti,

993 410 1054 439 duo
1078 414 1204 447 possunt
1230 413 1279 441 hic
1305 413 1402 442 notari
1427 422 1434 441 :
1458 413 1591 450 primum
1618 415 1662 442 est
1685 415 1779 442 status

992 466 1116 494 pugnae;
1133 460 1300 488 secundum
1320 462 1364 489 est
1380 462 1472 489 status
1486 461 1626 490 victoriae.
1643 463 1716 490 Nam
1731 470 1779 490 os-

992 506 1123 534 tenditur
1137 507 1235 543 primo
1254 516 1367 544 pugna,
1390 516 1450 545 qua
1471 509 1609 546 apparuit
1628 509 1778 538 virtuosus

991 552 1022 580 in
1037 553 1142 582 merito
1150 563 1160 589 3
1181 555 1330 590 secundo,
1351 558 1533 584 monstratur
1553 556 1694 591 victoria,
1717 565 1779 593 qua

991 608 1071 628 nunc
1085 602 1128 629 est
1142 601 1340 638 triumphator
1354 602 1385 630 in
1400 603 1538 639 praemio.
1561 604 1683 632 Notatur
1705 611 1776 640 ergo

990 655 1104 683 pugna,
1126 656 1187 685 qua
1201 649 1320 683 meruit,
1336 657 1406 677 cum
1422 649 1462 678 ait
1477 659 1484 677 :
1502 651 1556 684 Qui
1576 652 1696 686 legitime
1720 659 1777 678 cer-

992 697 1102 723 taverit.
1120 697 1241 724 Notatur
1254 696 1389 730 victoria,
1405 705 1466 733 qua
1481 699 1640 726 coronatus
1655 698 1777 733 incedit,

991 750 1060 770 cum
1075 742 1179 771 addit:
1196 744 1258 772 Non
1273 745 1456 772 coronabitur.
1481 745 1529 772 Est
1551 752 1622 780 ergo
1643 745 1775 781 primum

991 788 1029 817 de
1044 797 1146 825 pugna
1161 790 1264 818 videre
1284 791 1417 827 aliquid,
1438 799 1505 827 quae
1527 794 1569 819 est
1589 792 1776 828 praeambula

990 836 1030 863 ad
1045 836 1212 865 victoriam.
1236 838 1407 866 Notandum
1429 846 1518 874 ergo,
1541 839 1643 875 quod,
1665 839 1775 875 primo,

989 883 1118 919 legitime
1133 887 1255 920 certare,
1271 887 1314 914 est
1328 886 1477 914 mundum
1491 886 1620 922 perfecte
1640 889 1777 915 contem-

989 938 1076 966 nere;
1093 932 1236 966 secundo,
1257 933 1389 968 legitime
1407 941 1560 969 pugnare,
1586 935 1629 962 est
1652 934 1776 962 diabolo

988 977 1116 1014 perfecte
1131 979 1283 1013 resistere;
1307 980 1403 1014 tertio,
1418 980 1551 1016 legitime
1565 989 1710 1017 pugnare,
1733 983 1777 1009 est

989 1026 1120 1062 seipsum
1134 1026 1261 1063 perfecte
1282 1027 1418 1062 domare,
1434 1030 1462 1055 et
1475 1036 1597 1056 carnem
1616 1036 1732 1063 cogere,
1748 1030 1777 1056 et

989 1073 1103 1108 spiritui
1114 1073 1271 1109 subjicere.
1288 1076 1361 1102 Nam
1376 1074 1407 1102 in
1422 1074 1520 1110 primo
1537 1075 1696 1103 certamine
1710 1075 1776 1102 vin-

989 1119 1064 1147 citur
1082 1120 1216 1156 avaritia,
1241 1129 1296 1157 per
1316 1129 1452 1149 amorem
1473 1121 1622 1150 altissimae
1644 1130 1775 1158 pauper-

989 1167 1054 1195 tatis
1062 1177 1071 1202 3
1087 1168 1118 1195 in
1139 1168 1272 1196 secundo
1293 1169 1453 1196 certamine
1474 1169 1651 1204 subjugatur
1674 1177 1776 1205 super-

988 1214 1050 1249 bia,
1070 1223 1123 1250 per
1147 1215 1311 1251 appetitum
1329 1216 1458 1252 propriae
1482 1216 1617 1251 vilitatis,
1639 1216 1670 1244 in
1690 1216 1775 1244 tertio

989 1262 1149 1289 certamine
1173 1262 1351 1298 subjugatur
1372 1263 1509 1295 lascivia,
1533 1271 1588 1299 per
1612 1264 1776 1300 appetitum

989 1309 1138 1336 castitatis.

1024 1355 1094 1383 Dico
1108 1355 1219 1391 primo,
1231 1356 1316 1392 quod
1327 1356 1458 1392 legitime
1469 1359 1592 1391 certare,
1607 1359 1650 1385 est
1660 1357 1775 1386 mundo

987 1402 1114 1438 perfecte
1138 1403 1362 1438 abrenuntiare,
1385 1405 1413 1432 et
1433 1404 1508 1432 1111111
1531 1405 1562 1432 111
1584 1405 1699 1433 mundo
1721 1414 1775 1433 va-

988 1457 1060 1477 num
1076 1457 1187 1477 amare.
1204 1450 1285 1478 L'nde
1300 1451 1471 1487 praecipitur
1484 1451 1516 1478 in
1528 1453 1630 1479 ιῙοαηηεῑ
1644 1452 1653 1468 ¹·
1668 1461 1674 1479 :
1692 1462 1706 1478 ιι
1720 1453 1778 1480 No-

988 1496 1037 1523 lite
1055 1496 1177 1532 diligere
1193 1497 1353 1531 mundum,
1369 1505 1463 1533 neque
1478 1506 1523 1533 ea,
1540 1506 1606 1534 quae
1620 1499 1651 1526 in
1660 1499 1775 1528 mundo

988 1545 1064 1570 sunt.
1076 1553 1089 1568 »
1108 1544 1203 1577 Quare
1219 1543 1298 1571 hoc?
1311 1544 1385 1577 Quia
1395 1544 1436 1571 sic
1453 1544 1560 1572 dicitur
1573 1546 1602 1572 5:
1625 1556 1636 1570 a
1649 1546 1702 1579 Qui
1713 1546 1776 1575 vult

988 1591 1102 1618 amicus
1117 1599 1180 1619 esse
1195 1591 1284 1626 hujus
1305 1592 1414 1626 saeculi,
1436 1592 1573 1620 inimicus
1594 1593 1644 1621 Dei
1665 1594 1774 1622 consti-

987 1639 1088 1666 tuitur.
1103 1639 1240 1666 Amicitia
1256 1639 1336 1666 enim
1356 1640 1445 1675 hujus
1465 1640 1570 1668 mundi
1589 1641 1710 1670 inimica
1733 1644 1776 1670 est

988 1687 1057 1713 Deo.
1076 1696 1088 1711 »
1106 1687 1221 1713 Revera
1236 1694 1380 1722 magnum
1395 1689 1556 1722 certamen,
1573 1690 1601 1715 et
1612 1687 1698 1724 forte,
1712 1698 1775 1718 om-

987 1733 1037 1760 nia
1053 1741 1120 1768 quae
1141 1733 1290 1766 videmus,
1307 1736 1334 1761 et
1355 1733 1466 1770 quibus
1488 1734 1658 1770 indigemus
1674 1736 1714 1764 ad
1729 1737 1774 1765 vi-

985 1781 1068 1813 tam,
1084 1781 1285 1807 contemnere.
1313 1780 1370 1808 Sed
1391 1780 1460 1808 ideo
1482 1783 1524 1808 est
1547 1781 1605 1809 hoc
1625 1785 1775 1811 certamen

986 1826 1075 1854 nobis
1090 1835 1108 1854 a
1125 1828 1182 1854 Deo
1199 1827 1314 1861 datum,
1330 1829 1363 1854 ut
1376 1828 1541 1863 pugnando
1558 1828 1726 1865 vincamus,
1747 1833 1775 1858 et

986 1873 1136 1901 vincendo
1171 1881 1360 1901 coronemur.
1391 1874 1525 1902 Gaudent
1553 1875 1632 1902 enim
1656 1878 1775 1912 patres,

988 1919 1072 1956 quod
1092 1919 1204 1947 fortiter
1226 1922 1361 1956 pugnant
1382 1920 1446 1955 filii,
1470 1923 1502 1949 ut
1524 1921 1560 1949 de
1582 1922 1639 1950 hoc
1662 1923 1776 1958 possint

987 1967 1052 1994 fieri
1066 1966 1222 1995 nominati.
1237 1967 1318 1995 Unde
1333 1970 1360 1995 et
1373 1967 1410 1995 de
1427 1968 1561 2004 quodam
1575 1970 1687 1997 Caesare
1702 1970 1774 1998 dici-

986 2017 1052 2049 tur,
1081 2015 1165 2051 quod
1192 2023 1310 2051 semper
1339 2023 1420 2043 nova
1446 2015 1527 2043 bella
1557 2016 1712 2052 cupiebat,
1742 2020 1775 2045 ut

988 2064 1115 2097 quantus
1129 2064 1213 2096 esset,
1229 2062 1341 2090 cunctis
1350 2064 1521 2098 patesceret.
1538 2064 1614 2098 Ergo
1626 2063 1650 2090 si
1658 2064 1774 2092 bellan-

988 2109 1061 2136 dum
1077 2116 1140 2136 esse
1153 2108 1331 2143 judicabant
1345 2111 1468 2145 propter
1482 2117 1592 2137 vanam
1605 2110 1732 2145 gloriam
1747 2114 1775 2140 et

988 2163 1133 2183 coronam
1149 2155 1205 2183 cito
1219 2156 1425 2190 transituram,
1448 2156 1522 2191 quid
1538 2158 1580 2184 est
1603 2157 1774 2186 faciendum

988 2202 1096 2229 sanctis
1111 2210 1166 2237 pro
1180 2210 1250 2229 vera
1266 2202 1370 2236 gloria,
1388 2205 1415 2230 et
1432 2211 1543 2231 corona
1559 2207 1704 2240 perpetuo
1719 2205 1773 2233 du-

989 2249 1112 2276 ratura?
1128 2250 1208 2276 Certe
1231 2248 1409 2276 bellandum
1424 2252 1466 2277 est
1490 2253 1592 2278 contra
1613 2252 1774 2287 mundum,

991 2298 1018 2323 et
1033 2295 1138 2323 vitium
1152 2295 1283 2323 avaritiae
1300 2296 1534 2332 subjugandum,
1551 2300 1577 2325 et
1591 2299 1773 2334 paupertatis

992 2342 1140 2370 altissimae
1156 2342 1270 2370 donum
1292 2343 1537 2378 amplexandum.
1558 2345 1640 2372 [nde
1664 2345 1700 2373 de
1715 2346 1773 2373 hoc

991 2389 1151 2417 certamine
1176 2391 1273 2425 potest
1294 2390 1388 2426 accipi
1417 2390 1493 2418 illud
1515 2390 1525 2406 ¹³
1546 2400 1552 2418 ι
1583 2402 1595 2416 «
1620 2394 1773 2420 Certamen

988 2437 1062 2464 forte
1083 2436 1165 2463 dedit
1185 2436 1242 2470 illi,
1265 2439 1296 2463 ut
1317 2437 1456 2464 vinceret.
1481 2448 1493 2462 n
1521 2438 1589 2471 Quis
1612 2438 1712 2466 dedit?
1734 2447 1773 2467 an

988 2483 1130 2510 Dominus
1152 2483 1234 2510 dedit
1255 2484 1372 2519 Martyri
1393 2484 1472 2517 huic,
1493 2493 1583 2520 quem
1602 2486 1700 2513 statuit
1724 2486 1772 2513 hic

986 2530 1150 2558 honorari?
1165 2531 1237 2557 Nam
1261 2530 1312 2557 etsi
1335 2530 1408 2558 forte
1431 2534 1579 2558 certamen
1601 2532 1645 2565 sit,
1672 2535 1770 2560 tamen

986 2577 1071 2605 facile
1082 2578 1246 2612 superatur.
1262 2577 1319 2604 Sed
1335 2577 1591 2614 quid-'philosophi
1601 2578 1723 2607 fecerint
1733 2588 1770 2607 ex
1806 2610 1809 2612 ,

987 2624 1069 2660 puris
1082 2624 1280 2658 naturalibus,
1302 2624 1492 2652 advertamus
1509 2633 1516 2652 :
1540 2625 1591 2661 qui
1606 2626 1638 2653 in
1657 2629 1770 2655 tantum

1022 2724 1055 2756 (a)
1073 2724 1134 2749 Coee.
1153 2724 1213 2748 edit.
1231 2726 1419 2755 pugnaverunt.
