2060 3052
99 1567 178 1587 Exem-

71 1597 141 1624 plum.

582 173 630 206 DE
652 172 848 206 PLURIBUS
871 173 927 206 SS.
952 173 1218 207 MARTYRIBUS.
1240 174 1373 208 SERMO
1396 175 1421 207 I.

191 248 294 270 casum
310 241 479 270 teneatur.»
496 241 606 271 Mundo
621 240 663 269 sic
677 242 858 278 contempto,
876 243 904 270 et
917 241 972 270 hu-

190 288 539 318 militatis'fundamento
560 288 601 317 sic
624 290 757 325 accepto,
780 297 881 317 secure
898 297 971 318 con·-

190 336 345 372 gredimur
359 345 428 365 cum
441 336 525 365 hoste
544 335 690 371 maligno.
714 335 795 364 Unde
806 336 972 364 secundum

191 383 443 420 Hieronymum¹:
464 384 552 412 «Non
573 384 616 411 est
628 383 777 411 timendus
791 382 894 418 hostis,
920 383 972 419 qui

191 439 253 460 non
266 432 364 468 potest
376 430 503 466 dejicere
518 430 575 458 nisi
587 429 748 458 volentem.
765 441 779 456 v>
795 429 877 458 Unde
890 430 921 458 in
936 429 972 457 fi-

191 486 266 514 gura
279 478 411 514 Martyris
426 477 529 510 nostri,
545 477 653 505 dicitur
667 477 698 504 in
713 477 877 512 Sapientia²
894 486 902 503 τ
915 478 974 505 «Et
1006 476 1009 478 ’

189 524 272 553 fortis
283 525 316 553 in
330 524 411 553 bello
427 533 434 552 :
451 535 465 551 »
482 524 603 553 humilis
623 524 703 552 enim
723 523 906 560 expugnavit
925 524 971 552 in-

190 574 344 608 surgentes
369 572 477 600 hostes.
504 571 573 606 Quis
596 580 677 600 nunc
701 572 817 600 hostem
839 579 973 608 unquam

189 619 302 654 timeat,
317 619 341 647 si
355 627 459 648 veram
473 619 671 648 humilitatem
684 620 801 648 teneat?
816 621 890 647 Nam
905 627 973 647 cum

190 665 295 694 beatus
309 666 452 695 Antonius
469 675 573 695 omnes
592 666 704 695 inimici
718 667 843 703 laqueos
859 666 974 694 videret

191 721 293 742 coram
308 722 338 742 se
353 714 384 742 in
394 715 471 742 terra
485 721 645 750 expansos,
661 713 737 741 dixit
747 713 787 742 ad
796 713 972 742 Dominum:

193 769 207 787 «
221 760 357 795 Domine,
377 761 444 797 quis
457 762 554 797 potest
568 761 696 789 evadere
710 762 781 789 istos
793 761 919 797 laqueos
930 762 944 788 ἰ)
957 771 972 788 »

189 808 223 836 Et
236 807 313 836 facta
327 809 370 836 est
384 815 444 836 vox
461 807 501 836 ad
516 816 585 836 eum
600 807 718 836 dicens:
734 817 747 834 «
762 807 895 836 Humilis.
911 818 923 835 »
942 810 974 836 Et

189 855 266 884 ratio
282 856 334 890 est,
350 855 425 883 sicut
445 855 625 890 Augustinus
646 855 732 884 docet
745 855 771 889 ²³,
788 855 859 891 quia
879 855 975 883 humi-

191 903 257 930 titas
270 902 424 930 hominem
440 904 499 930 Deo
513 902 642 938 perfecte
661 902 789 938 subjicit,
808 903 898 930 Deum
918 902 975 930 sibi

191 949 400 978 auxiliatorem
423 949 502 985 facit,
527 957 587 985 quo
608 949 700 977 hostis
721 949 811 985 ignea
825 949 885 978 tela
905 957 976 977 con—

191 996 303 1025 temnit.
319 999 392 1025 Nam
412 999 439 1025 et
450 996 498 1025 leo
514 997 639 1032 gallum,
657 998 684 1025 et
699 997 829 1025 maxime
848 996 872 1024 si
887 996 923 1024 sit
933 997 975 1024 al-

190 1043 257 1079 bus,
269 1044 447 1080 expavescit,
458 1046 486 1072 et
493 1044 678 1080 fugitvirtute
687 1044 844 1080 cujusdam
853 1044 974 1080 lapidis,

191 1099 281 1127 quem
295 1091 326 1118 in
341 1099 370 1119 se
384 1091 475 1119 habet
494 1091 599 1126 gallus.
617 1091 694 1124 Quid
715 1099 769 1127 per
790 1091 910 1119 leonem
931 1091 976 1119 in-

190 1137 351 1173 telligimus
369 1138 547 1174 rugientem,
564 1139 592 1166 et
603 1138 739 1166 homines
764 1138 909 1166 devorare
924 1147 975 1166 vo-

190 1184 310 1220 lentem,
332 1185 389 1213 nisi
411 1186 600 1213 daemonem?
624 1185 702 1219 Quid
726 1193 779 1222 per
805 1185 920 1221 gallum
945 1194 975 1213 se

190 1232 244 1259 alis
257 1232 387 1268 propriis
407 1233 632 1265 verberantem,
658 1235 685 1260 et
703 1241 779 1269 saepe
795 1234 973 1268 cantantem,

190 1279 247 1307 nisi
261 1279 407 1307 humilem
424 1279 589 1314 hominem,
605 1288 634 1307 se
649 1280 825 1308 verberibus
840 1279 975 1315 affligen—

190 1328 260 1361 tem,
283 1327 312 1354 et
328 1328 419 1354 Deum
441 1327 580 1354 continue
599 1326 782 1361 laudantem,
801 1328 828 1354 et
849 1326 926 1354 intra
944 1335 975 1354 se

190 1373 291 1401 vivum
314 1373 447 1410 lapidem
473 1373 695 1402 continentem?
723 1375 804 1401 Hunc
830 1373 976 1401 humilem

191 1420 344 1449 hominem
370 1421 509 1450 diabolus
527 1422 674 1458 superbus
695 1421 736 1449 sic
751 1421 843 1456 timet,
866 1424 898 1449 ut
920 1429 976 1449 nec

193 1468 219 1495 ei
234 1468 444 1504 approximare
467 1468 586 1502 audeat,
607 1468 680 1496 dum
704 1477 757 1504 per
778 1468 976 1496 humilitatem

193 1514 337 1550 Virginis,
361 1517 389 1543 et
410 1523 463 1551 per
488 1515 687 1543 humilitatem
715 1524 774 1543 suae
798 1515 976 1544 beatissimae

191 1561 284 1597 prolis
299 1562 382 1590 novit
396 1570 427 1589 se
443 1562 602 1597 dejectum.
620 1563 741 1598 Semper
757 1563 836 1590 enim
851 1571 924 1598 puer
940 1562 976 1590 ti-

191 1610 252 1637 met
261 1609 424 1645 flagellum,
438 1611 465 1637 et
475 1609 555 1637 canis
566 1610 721 1645 baculum,
734 1618 794 1646 quo
810 1610 975 1646 aliquando

191 1664 222 1685 se
233 1657 368 1685 meminit
382 1657 583 1685 verberatum.

227 1704 332 1739 Tertio,
347 1705 453 1733 beatus
467 1704 515 1732 hic
531 1706 639 1741 Martyr
658 1713 720 1732 non
735 1705 834 1733 solum
849 1705 904 1733 fuit
918 1705 977 1733 for-

190 1752 227 1779 tis
242 1753 345 1780 contra
367 1752 527 1786 mundum,
553 1755 603 1780 aut
621 1752 726 1780 fortIor
747 1754 849 1780 contra
868 1753 976 1780 diabo-

191 1799 265 1834 lum,
282 1799 335 1826 sed
348 1799 403 1827 fuit
420 1799 596 1827 fortissimus
612 1801 715 1827 contra
734 1799 875 1836 seipsum.
895 1800 976 1827 Militi

193 1846 273 1874 enim
288 1846 420 1874 existenti
439 1846 470 1874 in
485 1845 552 1874 forti
569 1848 676 1881 castro,
701 1846 788 1874 facile
810 1849 853 1875 est
867 1847 976 1874 extrin-

193 1901 294 1921 secum
314 1893 431 1921 hostem
451 1893 599 1929 abjicere3
622 1894 676 1921 sed
690 1894 779 1922 valde
796 1894 917 1922 difficile
934 1897 977 1922 est

193 1940 260 1974 sibi,
276 1940 446 1969 interiorem
464 1941 581 1968 hostem
595 1949 746 1976 superare.
763 1941 844 1968 Unde
858 1941 977 1968 Boetius

194 1987 265 2014 dicit
279 1987 299 2022 4,
317 1988 400 2023 quod
415 1987 499 2016 nulla
515 1987 550 2015 sit
563 1988 649 2024 pejor
664 1988 762 2024 pestis,
785 1996 876 2024 quam
890 1988 976 2016 sami-

192 2034 273 2062 liaris
287 2035 434 2063 inimicus.
450 2037 524 2064 Nam
545 2038 572 2064 et
586 2037 721 2070 Samson,
743 2035 795 2071 qui
817 2035 975 2071 mundum,

194 2083 225 2109 ut
239 2090 381 2110 nazareus
396 2083 417 2118 ⁵,
435 2083 622 2119 contempsit,
633 2085 771 2111 etomnes
785 2082 885 2110 hostes
899 2082 976 2118 deje-

194 2128 243 2163 cit,
269 2129 365 2157 carnis
391 2130 445 2157 t'uit
466 2130 604 2166 passione
628 2132 792 2166 superatus.
810 2130 882 2157 Dicit
897 2130 976 2157 enim

194 2176 390 2212 Philosophus
405 2177 489 2213 quod
506 2177 717 2205 difficillimum
727 2180 768 2205 est
777 2177 854 2204 hanc
864 2177 977 2213 passio-

194 2231 263 2251 nem
284 2223 417 2259 vincere,
438 2226 670 2252 consentaneam
689 2226 812 2252 naturae.
836 2224 917 2252 Unde
940 2225 977 2253 de

194 2271 259 2298 viro
276 2273 377 2298 sancto
394 2271 534 2299 dicitur⁶:
551 2282 563 2298 a<
574 2271 701 2299 Accincit
715 2271 887 2299 fortitudine
899 2271 977 2299 lum-

195 2317 251 2345 bos
263 2326 342 2345 suos.
360 2328 372 2343 n
398 2318 479 2346 Unde
499 2319 658 2354 Gregorius
675 2320 684 2336 ⁷
703 2328 709 2346 ;
734 2329 747 2344 (ι
762 2319 891 2347 Lumbos
906 2328 978 2355 pree-

196 2364 326 2400 cingere,
352 2367 394 2392 est
407 2365 503 2393 carnis
526 2365 674 2393 luxuriam
690 2374 743 2402 per
768 2366 864 2393 carnis
884 2366 978 2394 conti-

196 2412 327 2439 nentiam
343 2414 503 2440 coarctare.
521 2422 534 2438 ³)
555 2413 634 2440 Unde
650 2413 757 2440 dicitur
770 2413 800 2440 in
814 2413 911 2448 figura
923 2413 977 2440 viri

197 2459 289 2487 sancti
300 2460 309 2476 ⁸
326 2469 332 2487 2
351 2470 364 2485 ι(
374 2460 529 2492 Lectuluni
542 2459 708 2488 Salomonis
721 2459 873 2495 sexaginta
888 2460 978 2488 sortes

231 2545 238 2561 ¹
256 2545 360 2568 Hieron.
375 2558 405 2562 -
420 2546 427 2558 ²
440 2546 511 2576 Sap„
528 2550 585 2574 vm,
605 2546 640 2568 15.
656 2558 681 2561 -
699 2544 709 2560 ³
722 2546 839 2576 August„
855 2545 885 2569 cle
900 2546 978 2570 Cz‘vz't.

200 2581 255 2611 Dei,
274 2581 317 2604 lib.
337 2581 402 2611 XIV,
425 2588 448 2604 c.
468 2587 530 2610 11111,
547 2580 632 2611 quoad
648 2587 760 2604 sensum.
778 2595 808 2599 —
827 2582 837 2598 ’θ
852 2582 931 2613 3οη,
950 2582 979 2605 [Ie

201 2616 298 2641 Consol.
316 2617 420 2646 Philas„
441 2617 485 2641 lib.
508 2618 537 2640 ΙΙΙ
549 2636 554 2646 ,
576 2624 644 2647 pros.
664 2618 692 2647 5,
708 2617 734 2640 in
750 2618 793 2641 tiu.
809 2632 839 2636 —
858 2619 867 2634 5
887 2619 977 2648 dualia,

202 2657 263 2682 xm,
285 2655 306 2676 5.
327 2666 357 2670 —
378 2653 388 2669 ⁶
408 2654 491 2683 Prov„
512 2660 570 2683 xxi,
595 2653 632 2676 17.
653 2666 682 2669 —
705 2653 715 2668 ⁷
737 2654 855 2684 Gregor„
875 2655 977 2685 Morccl.y

1771 179 1810 208 47

1028 242 1164 271 ambiunt
1188 250 1225 271 ex
1244 242 1412 272 fortissimis
1435 243 1539 280 lsrael,
1559 250 1666 272 omnes
1680 245 1811 272 tenentes

1029 289 1157 325 gladios,
1174 292 1201 318 et
1215 290 1255 318 ad
1269 290 1351 319 bella
1364 290 1558 319 doctissimi.»
1573 292 1606 319 Et
1620 291 1689 319 licet
1704 290 1740 318 sit
1755 289 1812 318 dif-

1028 336 1105 365 ficile
1127 337 1410 372 continere,.fortius
1425 339 1524 366 tamen
1545 340 1587 366 est
1601 338 1700 366 adhuc
1714 346 1811 366 exem-

1028 383 1080 420 plo
1095 385 1229 421 Martyris
1242 393 1298 421 pro
1314 385 1426 413 Christo
1440 385 1572 414 animam
1587 393 1711 422 ponere,
1725 387 1752 413 et
1767 385 1812 413 vi—

1027 431 1088 459 tam
1103 433 1303 467 contemnere,
1324 441 1416 469 quam
1431 432 1529 460 omnis
1547 433 1640 461 homo
1659 440 1714 469 per
1727 434 1815 460 natu-

1028 485 1094 505 ram
1108 479 1220 514 appetit
1234 487 1420 508 conservare.
1436 480 1517 508 Unde
1536 480 1643 508 iterum
1659 480 1766 508 dicitur
1778 480 1788 497 ⁹
1805 489 1812 507 :

1032 526 1149 554 «Fortis
1171 528 1214 554 est
1233 528 1266 555 ut
1280 535 1362 556 mors
1383 527 1514 556 dilectio.
1533 539 1546 555 »
1572 529 1634 556 Imo
1656 529 1699 556 est
1719 530 1814 556 morte

1027 571 1142 608 fortior,
1159 573 1234 601 dum
1248 575 1376 602 mortem
1398 578 1518 612 superat
1533 575 1764 604 contemnendo.
1781 577 1814 603 Et

1028 618 1098 648 licet
1111 619 1169 648 hoc
1192 620 1229 648 sit
1252 629 1327 657 opus
1348 621 1516 658 fortissimi,
1542 623 1633 651 hahet
1655 625 1756 651 tamen
1783 623 1815 650 in

1029 667 1142 695 naturis
1157 668 1340 705 exemplum.
1354 670 1428 697 Nam
1447 670 1591 705 Diogenes
1605 670 1815 706 philosophus,

1030 714 1104 742 dum
1128 722 1159 742 se
1178 715 1257 743 mori
1279 716 1405 751 videret,
1426 717 1457 744 in
1475 717 1559 745 nullo
1580 717 1699 752 dolens,
1721 717 1814 752 dixit,

1029 762 1161 798 seipsum
1184 762 1268 790 febre
1289 763 1387 799 ipsam
1410 765 1541 791 mortem
1565 772 1716 800 superare.
1741 767 1817 800 Apes

1029 810 1108 837 mori
1122 811 1265 846 appetunt
1277 818 1332 846 pro
1346 818 1400 839 suo
1413 818 1494 846 rege.
1506 813 1588 846 Nam,
1601 814 1721 840 mortuo
1734 820 1815 847 rege,

1030 856 1167 884 nolentes
1177 865 1208 885 se
1221 857 1353 893 separari
1365 857 1403 886 ab
1414 866 1461 893 eo,
1474 860 1551 886 stant
1559 858 1719 887 morientes
1727 858 1814 886 same.

1032 905 1109 939 Ergo
1129 903 1153 931 si
1173 904 1214 931 sic
1236 904 1348 933 faciunt
1366 913 1421 941 pro
1443 913 1512 941 rege
1535 913 1616 941 apeS,
1640 913 1658 933 a
1681 913 1741 941 quo
1761 913 1816 933 nec

1032 959 1094 979 esse
1111 951 1268 987 accipiunt,
1294 960 1348 980 nec
1369 961 1423 989 per
1446 962 1515 981 eum
1535 953 1650 989 vivunt,
1671 962 1726 981 nec
1750 961 1815 982 sen-

1031 998 1116 1033 tiunt,
1137 999 1212 1035 quid
1229 999 1402 1028 hominibus
1417 999 1589 1028 faciendum
1605 1003 1647 1028 est
1667 1009 1722 1037 pro
1734 1009 1816 1028 sum-

1030 1053 1081 1073 mo
1096 1047 1185 1082 Rege,
1206 1054 1223 1074 a
1240 1055 1300 1082 quo
1315 1048 1383 1075 sunt
1401 1047 1479 1082 facti,
1500 1055 1554 1083 per
1577 1056 1668 1084 quem
1690 1050 1758 1076 sunt
1771 1056 1816 1076 re-

1031 1093 1161 1129 dempti,
1193 1096 1220 1122 et
1242 1102 1297 1130 pro
1327 1094 1368 1122 eis
1395 1094 1562 1123 liberandis
1593 1095 1623 1123 in
1642 1097 1770 1123 mortem
1786 1104 1816 1123 se

1032 1141 1135 1169 dedit?

1067 1188 1122 1222 Qui
1138 1197 1209 1224 ergo
1231 1189 1272 1217 sic
1288 1190 1371 1218 l'ortis
1396 1190 1450 1218 erit
1462 1191 1632 1227 superando
1647 1191 1795 1219 mundum
1808 1213 1816 1226 ‚

1030 1235 1173 1264 vincendo
1190 1236 1355 1271 diabolum,
1371 1237 1563 1273 subjugando
1579 1238 1720 1274 seipsum,
1737 1239 1814 1266 acci—

1031 1283 1090 1318 piet
1104 1291 1231 1318 regnum
1247 1284 1374 1319 decoris,
1391 1286 1419 1312 et
1435 1285 1576 1313 diadema
1591 1286 1677 1321 regni
1696 1286 1733 1313 de
1756 1294 1815 1314 ma-

1030 1337 1072 1357 nu
1093 1330 1228 1365 Domini,
1256 1333 1284 1358 et
1306 1331 1347 1359 sic
1373 1331 1483 1360 ridebit
1507 1335 1538 1360 in
1558 1333 1605 1360 die
1630 1333 1813 1366 novissimo,

1032 1377 1155 1412 quando
1172 1385 1240 1405 cum
1256 1378 1381 1405 Domino
1397 1378 1451 1406 erit
1465 1379 1496 1406 in
1510 1379 1661 1415 paradiso.
1679 1380 1755 1413 Quid
1774 1382 1817 1408 est

1033 1423 1115 1451 aliud
1130 1424 1298 1460 paradisus,
1317 1433 1409 1461 quam
1430 1426 1517 1454 hians
1531 1426 1607 1454 risus
1617 1428 1630 1454 ἰ)
1646 1427 1728 1454 Unde
1744 1426 1817 1454 dici-

1031 1472 1078 1498 tur
1093 1470 1113 1488 ¹⁰
1133 1480 1140 1498 :
1161 1482 1173 1497 a
1188 1472 1266 1499 Beati
1282 1473 1333 1508 qui
1348 1481 1429 1501 nunc
1448 1473 1533 1508 ssetis,
1556 1474 1627 1510 quia
1641 1474 1785 1502 ridebitis.
1801 1485 1813 1500 n

1032 1519 1064 1545 Et
1079 1526 1093 1545 e
1121 1526 1264 1546 converso
1285 1528 1291 1546 :
1313 1530 1325 1545 «
1342 1521 1387 1547 Vae
1409 1520 1507 1556 vobis,
1530 1521 1581 1557 qui
1601 1529 1681 1548 nunc
1703 1521 1816 1555 ridetis,

1032 1565 1104 1601 quia
1127 1565 1294 1601 plorabitis.
1313 1577 1326 1592 η
1347 1568 1411 1594 Non
1432 1569 1474 1595 est
1489 1568 1631 1603 possibile
1646 1568 1743 1596 ridere
1758 1568 1816 1602 hic,

1032 1614 1061 1639 et
1079 1612 1109 1639 in
1135 1612 1254 1640 futuro:
1279 1615 1307 1641 et
1327 1614 1396 1641 idco
1418 1616 1461 1642 est
1481 1622 1600 1642 necesse
1618 1617 1649 1642 ut
1668 1615 1714 1642 hic
1737 1615 1814 1649 sseat,

1033 1659 1085 1694 qui
1109 1659 1173 1687 vult
1194 1668 1263 1687 cum
1285 1660 1411 1689 Domino
1433 1661 1541 1689 ridere.
1557 1662 1601 1689 Ad
1622 1662 1702 1690 hunc
1723 1662 1816 1690 risum

1031 1706 1176 1742 perducat
1190 1715 1247 1735 nos
1263 1708 1405 1736 Dominus
1419 1710 1530 1744 noster,
1546 1711 1600 1737 etc.

1108 1806 1157 1842 DE
1182 1806 1368 1843 PLUfflBUS
1393 1808 1446 1843 SS.
1473 1807 1735 1848 MARTYRIBUS.

1256 1884 1384 1914 sEaMo
1408 1884 1554 1914 remus
1569 1885 1601 1914 ¹¹.

1069 1943 1164 1970 Sancti
1185 1952 1235 1978 per
1255 1944 1334 1978 fidem
1359 1946 1482 1971 vicerunt
1506 1953 1600 1980 regma,
1623 1947 1730 1980 operati
1753 1949 1818 1974 suut

1027 1989 1183 2025 justitiam,
1199 1991 1294 2025 adeptt¹
1306 1994 1370 2018 sunt
1383 1993 1606 2026 repromissiones
1616 1991 1644 2019 ¹².
1662 1993 1682 2009 ¹³
1701 1993 1816 2020 «Omne

1034 2036 1138 2064 datum
1161 2037 1320 2073 optimum,
1348 2040 1376 2066 et
1391 2046 1480 2066 omne
1504 2039 1618 2066 donum
1641 2039 1816 2075 perfectum,

1034 2083 1192 2112 desursum
1207 2087 1265 2119 est,
1289 2085 1472 2113 descendens
1491 2094 1508 2113 a
1531 2088 1613 2114 Patre
1628 2086 1811 2114 luminum.»

1034 2131 1122 2166 Cujus
1138 2131 1207 2159 dicti
1226 2132 1301 2160 ratio
1326 2135 1378 2167 est,
1403 2133 1474 2168 quia
1490 2133 1586 2160 omnis
1602 2141 1691 2161 causa
1706 2136 1817 2169 quanto

1033 2178 1101 2214 plus
1125 2181 1230 2214 praeest
1251 2180 1327 2213 aliis,
1355 2181 1435 2207 tanto
1461 2180 1590 2216 amplius
1607 2180 1711 2208 inssuit.
1737 2181 1817 2208 Unde

1034 2225 1172 2253 scribitur
1186 2226 1217 2253 in
1232 2226 1310 2254 libro
1326 2228 1357 2254 de
1378 2227 1489 2261 Caesis,
1506 2228 1590 2263 quod
1613 2228 1710 2255 omnis
1729 2236 1818 2256 causa

1034 2274 1177 2309 primaria
1192 2276 1234 2302 est
1249 2275 1344 2309 magis
1355 2275 1482 2303 influens
1502 2275 1530 2302 in
1548 2278 1709 2311 causatam,
1726 2284 1817 2313 quam

1023 2329 1124 2349 -causa
1139 2321 1280 2349 secunda.
1305 2322 1481 2358 Exemplum
1503 2323 1602 2358 accipe
1624 2323 1654 2350 in
1678 2323 1816 2351 Pontificc

1035 2376 1165 2402 summo,
1176 2368 1207 2396 in
1222 2369 1458 2405 archiepiscopo,
1472 2369 1502 2396 in
1514 2370 1666 2406 episcopo,
1681 2371 1710 2397 in
1723 2370 1817 2397 archi-

1036 2416 1175 2449 diacono,
1202 2415 1232 2443 in
1265 2416 1392 2451 simplici
1423 2417 1608 2452 presbytero.
1643 2416 1817 2452 Exemplum

1036 2462 1118 2490 aliud
1131 2462 1161 2490 in
1183 2463 1258 2491 coelo
1275 2471 1429 2499 empyreo,
1446 2463 1632 2499 crystallino,
1648 2465 1675 2491 et
1689 2463 1815 2491 sidereo.

1035 2548 1079 2572 lib.
1101 2549 1173 2579 XM,
1193 2556 1215 2572 e.
1232 2555 1266 2579 11,
1282 2556 1306 2573 n.
1329 2549 1610 2580 331'12Etcmq.,11‹⁷1111.
1626 2556 1731 2580 Nl11‚n.
1750 2552 1771 2574 1.
1787 2564 1815 2568 —

1036 2584 1046 2600 ⁸
1061 2585 1146 2614 Cant„
1164 2591 1202 2615 111,
1218 2586 1240 2608 7.
1256 2599 1285 2602 —
1301 2586 1310 2601 ‘³
1329 2587 1412 2613 eant„
1428 2592 1486 2615 vm,
1505 2588 1526 2609 6.
1549 2598 1578 2603 —-
1601 2586 1621 2602 Η
1638 2586 1705 2613 Luc„
1727 2593 1761 2615 VI,
1778 2588 1816 2617 521,

1036 2621 1075 2644 25.
1100 2633 1129 2637 —
1156 2622 1176 2637 ¹¹
1205 2622 1278 2644 fiune
1302 2620 1379 2645 habet
1402 2620 1463 2644 edit.
1486 2621 1601 2652 Hageno.
1625 2628 1667 2645 au.
1693 2623 1762 2647 1496.
1787 2635 1817 2639 —

1038 2656 1158 2687 ¹2llel11z,
1175 2663 1212 2688 xl,
1228 2656 1346 2680 33.-13
1360 2658 1422 2686 duan,
1439 2663 1455 2687 1,
1477 2659 1512 2681 Π.
1554 2673 1558 2676 -
1802 2655 1805 2657 ”
