2029 3052
647 201 934 235 RESPONSIONIS
957 203 1092 237 PRlMAE
1115 205 1244 239 CAPUT
1267 206 1320 239 111.

179 273 226 304 est
246 272 396 313 perfectio
416 271 719 313 supererogationis,
740 271 779 302 de
796 279 861 311 qua
876 270 955 302 dici-

179 327 233 358 tur
249 326 283 357 in
295 325 444 358 Matthaeo
456 326 465 344 ¹
479 336 486 358 z
498 326 535 358 Si
546 326 596 359 vis
608 325 764 366 perfectus
773 332 849 364 esse,
858 325 953 364 vade,

180 379 279 413 vende
298 380 407 413 omnia
422 387 492 420 quae
511 379 616 418 habes,
637 380 665 412 et
683 378 728 411 da
747 379 954 419 pauperibus.

180 433 219 466 Et
241 433 280 465 de
299 433 360 465 hac
381 433 455 465 dicit
476 432 690 474 Hieronymus
705 433 716 450 ²
732 443 738 465 :
763 444 779 463 ιι
794 432 956 464 Perfectus

180 495 293 520 servus
308 487 423 519 Christi
437 487 516 519 nihil
533 488 649 528 praeter
664 486 827 519 Christum
840 486 952 524 habet;

180 542 235 573 aut
249 541 275 572 si
289 543 405 582 praeter
418 541 524 583 ipsum
538 541 658 582 aliquid
673 542 780 580 hahet,
800 541 957 582 perfectus

179 600 245 627 non
259 596 317 626 est.
336 605 351 625 n
366 594 471 627 Tertia
484 596 530 626 est
545 595 695 636 perfectio
717 594 874 626 ultimatae
895 594 958 635 ple-

180 648 334 680 nitudinis
346 673 354 689 ‚
374 649 413 680 de
437 658 500 690 qua
521 648 655 690 Sapiens
675 649 709 681 iu
725 649 905 681 Proverbiis
921 651 931 669 ³
949 660 956 680 ι

181 704 344 737 Iustorum
367 705 482 736 semita
504 705 600 744 quasi
623 704 683 736 lux
702 703 873 744 splendens
895 711 960 736 cre-

181 755 254 791 scit,
270 755 300 786 et
316 753 460 794 procedit
483 761 582 793 usque
601 753 645 786 ad
661 754 837 794 perfectam
852 753 957 793 diem,

182 806 215 838 id
229 807 296 846 est,
315 806 432 838 divinae
447 806 582 839 visionis
596 807 755 847 fulgidam
769 807 956 838 claritatem.

182 860 221 893 Et
232 861 270 892 de
277 861 666 902 hacAugustinus‚prim0
679 861 957 902 soliloquiorum:

187 927 202 946 α
216 914 297 947 Vere
319 915 457 956 perfecta
476 915 580 948 virtus
601 916 649 946 est
668 915 749 946 ratio
770 915 961 955 perveniens

183 978 285 1010 usque
300 969 340 1001 ad
354 969 464 1007 finem,
485 977 582 1009 quem
597 969 689 1000 beata
703 969 770 1002 vita
792 969 961 1010 consequi-

183 1025 248 1056 tur.
264 1034 279 1053 »
298 1023 405 1055 Prima
430 1023 533 1064 igitur
556 1025 587 1055 et
609 1024 747 1055 secunda
770 1024 921 1064 perfectio
943 1033 962 1055 a

185 1078 276 1109 tertia
285 1077 451 1116 differunt,
467 1077 547 1109 sicut
562 1078 716 1109 meritum
730 1077 835 1109 differt
847 1087 866 1109 a
876 1086 959 1118 prae-

185 1132 262 1164 mio.
279 1131 381 1163 Media
395 1140 524 1172 quoque
539 1141 558 1162 a
572 1131 675 1172 prima
689 1130 806 1168 differt,
823 1131 904 1162 sicut
916 1131 961 1162 di-

185 1186 362 1226 stinguitur
399 1185 568 1217 consilium
594 1194 614 1216 a
644 1186 815 1225 praecepto.
848 1184 963 1216 Omnia

185 1248 262 1272 vero
270 1241 338 1270 tam
347 1239 486 1278 consilia,
494 1248 590 1279 quam
598 1240 768 1280 praecepta,
780 1239 962 1270 referuntur

185 1294 225 1326 ad
239 1293 401 1325 charitatis
415 1293 634 1334 impletionem
649 1295 680 1324 et
701 1293 936 1325 observantiam
953 1317 962 1333 ,

185 1357 284 1389 quam
292 1347 490 1379 sicdescrtht
497 1347 667 1388 Apostolus
677 1347 717 1378 ad
724 1346 928 1378 Timotheum
935 1347 945 1364 ⁵
954 1356 962 1378 z

189 1402 335 1434 Charitas
359 1404 405 1434 est
426 1402 504 1441 finis
521 1402 683 1441 praecepti,
702 1401 740 1433 de
758 1401 850 1433 corde
868 1409 963 1441 paro,

187 1456 382 1488 conscientia
394 1455 485 1495 bona,
501 1458 531 1487 et
540 1455 605 1494 side
615 1462 680 1487 non
687 1454 763 1494 ficta
774 1465 784 1489 ;
797 1455 965 1486 insinuans

187 1509 343 1550 triplicem
368 1510 474 1540 actum
495 1508 670 1548 eharitatis,
698 1509 844 1540 videlicet
867 1509 962 1540 decli-

188 1574 267 1596 nare
289 1573 309 1595 a
332 1564 434 1602 malo,
458 1563 608 1604 prosequi
632 1564 727 1602 bona,
754 1565 785 1595 et
809 1563 965 1604 patienter

187 1619 271 1650 ferre
285 1618 428 1649 adversa.
452 1617 532 1649 Nam
547 1619 677 1658 propter
691 1618 933 1649 declinationem
948 1628 967 1650 a

189 1672 285 1711 malo,
302 1672 417 1703 dicitur
430 1671 468 1703 de
484 1671 577 1704 corde
590 1679 688 1711 pur03
713 1673 842 1712 propter
857 1681 964 1712 prose-

189 1726 350 1758 cutionem
375 1727 547 1766 bonorum,
570 1726 686 1758 dicitur
709 1726 748 1759 de
771 1728 968 1759 consciencia

190 1781 285 1819 bona3
319 1782 448 1820 propter
481 1789 558 1812 vero
585 1780 787 1811 tolerantiam
815 1781 967 1813 adverso-

189 1844 275 1874 rum,
293 1834 407 1865 dicitur
426 1834 464 1866 de
477 1834 541 1873 side
564 1842 629 1866 non
644 1835 730 1874 ficta,
754 1834 862 1866 Glossa
879 1845 886 1866 ε
911 1835 969 1866 «Id

191 1890 249 1928 est,
266 1897 331 1919 non
349 1888 453 1926 fictili,
485 1888 538 1920 vel
560 1888 678 1928 fragili,
703 1888 757 1919 sed
780 1891 890 1919 contra
910 1889 969 1920 ad-

191 1951 285 1974 versa
299 1941 410 1973 forti.»
430 1942 511 1979 Quia
524 1951 600 1973 vero
615 1942 668 1973 hic
682 1942 798 1983 triplex
809 1942 971 1974 charitatis

192 1997 282 2027 actus
296 1996 421 2027 duobus
436 1996 539 2027 modis
553 1996 593 2027 ab
608 1995 720 2027 habitu
741 1997 867 2028 virtutis
882 2005 971 2036 egre-

192 2050 290 2089 ditur,
302 2050 354 2082 vel
367 2050 544 2081 secundum
555 2050 661 2090 legem
673 2051 834 2091 praecepti,
853 2052 884 2082 et
896 2050 972 2081 obli-

193 2104 331 2144 gationis
357 2104 542 2135 necessariae
566 2106 597 2135 ct
621 2104 823 2143 universalis,
849 2105 898 2136 vel
923 2113 970 2136 se-

195 2158 336 2189 cundum
346 2158 455 2197 legem
470 2157 604 2197 consilii,
621 2159 651 2189 et
664 2158 870 2197 obligationis
880 2168 974 2198 spon-

196 2213 297 2242 taneae
317 2213 348 2243 et
371 2212 527 2252 specialis,
551 2214 582 2243 et
603 2221 740 2252 sequens
754 2212 887 2243 includit
906 2212 972 2252 pri-

196 2275 306 2304 mum,
323 2267 354 2297 et
382 2266 566 2306 superaddit
594 2268 754 2307 quantum
782 2267 974 2307 possibilitas

196 2320 327 2352 viatoris
342 2320 491 2359 admittit,
506 2321 582 2352 hine
607 2323 664 2360 est,
687 2321 774 2361 quod
795 2322 974 2353 secundum

197 2383 271 2405 cum
287 2373 391 2414 primo
403 2373 517 2405 dicitur
531 2375 722 2414 perfectum3
740 2375 883 2415 primum
899 2383 975 2405 vero

198 2428 319 2467 absque
336 2427 485 2465 secundo,
511 2437 696 2468 quanquam
711 2428 751 2459 sit
764 2428 975 2468 quodammo-

199 2481 239 2512 do
252 2481 439 2521 perfectum,
454 2483 599 2521 respectu
622 2483 730 2512 tamen
748 2482 877 2513 secundi
897 2482 975 2513 dici-

199 2535 253 2565 tur
275 2534 508 2574 imperfectum,
534 2535 614 2566 sicut
637 2535 711 2566 dicit
730 2535 919 2566 Ambrosius
944 2537 977 2567 in

233 2633 241 2649 ¹
257 2633 359 2664 Maitlz„
374 2638 429 2663 iiix,
444 2634 482 2656 21.
496 2646 527 2650 —
544 2632 553 2648 ²
569 2632 686 2662 Hieron„
699 2633 732 2657 acl
746 2633 852 2664 HeliorL,
869 2634 942 2665 epist.
959 2641 978 2665 1,

203 2668 252 2692 col.
270 2675 305 2692 m.
322 2669 345 2692 4.
359 2682 390 2686 -
408 2668 418 2684 ³
438 2669 520 2698 From,
541 2674 576 2699 iv,
595 2670 634 2693 18.
655 2682 685 2686 —
705 2668 712 2682 ⁴
727 2669 844 2700 August„
860 2669 979 2701 Solz'loq.,

203 2704 247 2728 lib.
269 2705 292 2735 l,
313 2712 335 2729 c.
360 2710 400 2735 Vi,
420 2707 543 2729 Π.13.-
559 2705 591 2728 ⁵1
614 2705 686 2736 Tim„
704 2711 726 2735 1,
744 2706 767 2728 6.
782 2718 811 2722 -—
827 2705 836 2721 Β
849 2706 978 2736 Ambros.J

1732 212 1791 242 423

1011 272 1094 305 libro
1105 274 1143 307 de
1152 275 1273 315 officiis
1284 278 1306 314 ⁰,
1318 274 1352 306 in
1363 276 1550 308 auctoritate
1560 277 1700 318 capitulo
1711 287 1790 317 prae-

1011 325 1133 357 cedenti
1150 327 1322 368 proposita.
1338 327 1417 359 Cum
1433 328 1534 368 igitur
1546 329 1586 361 de
1599 330 1790 370 perfectione

1011 380 1199 420 evangelica
1211 380 1386 422 loquimur,
1398 383 1575 415 secundum
1585 392 1791 416 communem

1011 434 1225 474 acceptionem
1250 435 1289 466 dc
1315 437 1377 467 hac
1407 437 1542 468 materia
1567 437 1791 478 intelligimus.

1012 487 1050 519 Et
1065 488 1245 520 istiusmodi
1261 491 1465 530 perfectionis
1487 492 1737 524 notificationem
1753 503 1794 525 ex

1012 541 1267 582 praecedentibus
1279 543 1431 584 colligere
1445 554 1629 586 possumuS,
1647 546 1795 579 videlicet

1013 596 1098 637 quod
1122 596 1191 637 ipsa
1209 597 1250 628 sit
1272 598 1477 630 conformitas
1498 600 1631 632 viatoris
1645 601 1685 633 ad
1701 601 1794 632 Chri-

1013 653 1110 690 stum,
1136 659 1192 691 per
1207 650 1298 682 illum
1322 652 1451 684 virtutis
1474 653 1632 694 habitum,
1656 664 1720 696 quo
1743 665 1794 687 su-

1014 705 1238 745 pererogative
1258 705 1457 737 declinantur
1479 707 1580 746 mala,
1610 708 1795 741 efficiuntur

1014 759 1108 798 hona,
1128 760 1160 790 et
1181 759 1316 791 adversa
1338 760 1554 800 perferuntur.
1578 762 1614 793 ln
1635 763 1687 794 his
1701 773 1795 795 nam-

1016 822 1078 854 que
1094 813 1206 852 tribus‚
1221 815 1284 845 tres
1300 815 1404 854 partes
1419 815 1608 856 evangelicae
1628 817 1795 857 perfectio-

1015 867 1066 898 nis
1088 867 1279 899 consistunt.
1301 868 1402 900 Porro
1421 878 1494 900 cum
1522 878 1562 900 ex
1587 871 1796 903 conversione

1016 921 1197 953 inordinata
1220 922 1258 954 ad
1278 923 1394 963 triplex
1412 923 1535 954 bonum
1555 925 1792 964 commutabile,

1017 975 1133 1006 scilicet
1148 977 1302 1016 exterius,
1319 977 1454 1008 interius
1475 980 1506 1009 et
1529 978 1674 1017 inferius,
1699 988 1795 1011 omne

1017 1032 1181 1069 peccatum
1203 1030 1309 1062 trahat
1330 1031 1504 1070 originem,
1521 1033 1698 1064 secundum
1719 1042 1794 1064 con-

1018 1084 1244 1124 cupiscentiam
1271 1086 1458 1125 oculorum,
1491 1087 1676 1127 superbiam
1701 1088 1795 1127 vitae,

1018 1136 1307 1176 concupiscentiam
1328 1138 1449 1177 carnis,
1476 1140 1506 1170 et
1528 1139 1597 1169 haec
1620 1139 1682 1170 tria
1703 1139 1798 1171 vitari

1018 1190 1157 1223 habeant
1176 1200 1241 1222 non
1263 1191 1367 1223 solum
1392 1194 1551 1232 quantum
1572 1192 1612 1224 ad
1634 1194 1741 1224 actum
1766 1195 1798 1224 et

1019 1252 1222 1283 consensum,
1241 1245 1327 1285 quod
1346 1246 1382 1277 fit
1397 1255 1454 1285 per
1467 1246 1604 1278 virtutes
1618 1246 1680 1277 illis
1694 1256 1797 1287 oppo-

1020 1298 1106 1335 sitas,
1124 1299 1337 1330 verumetiam
1351 1302 1508 1340 quantum
1530 1301 1569 1332 ad
1583 1301 1796 1340 occasionem,

1021 1354 1051 1383 et
1066 1352 1125 1383 hoc
1140 1352 1269 1392 quidem
1286 1354 1506 1393 promotivum
1520 1354 1560 1385 sit
1574 1354 1609 1385 in
1625 1355 1749 1393 merito,
1767 1357 1799 1386 et

1021 1406 1191 1447 expediens
1206 1407 1245 1438 ad
1261 1408 1408 1446 salutem,
1428 1408 1630 1448 perfectionis
1645 1409 1800 1449 magister

1021 1460 1174 1499 chrisum,
1195 1461 1235 1492 ad
1249 1462 1385 1501 perfecte
1407 1462 1631 1493 declinandum
1646 1463 1800 1504 concupi-

1021 1515 1175 1546 scentiam
1190 1515 1368 1554 oculorum‚
1385 1517 1533 1554 consulit,
1549 1517 1635 1557 quod
1648 1518 1717 1548 haec
1732 1527 1799 1549 om-

1022 1570 1076 1601 nia
1090 1569 1279 1610 temporalia
1301 1570 1535 1610 relinquantur,
1559 1571 1736 1603 secundum
1758 1571 1798 1602 il—

1022 1623 1097 1654 lud⁷
1116 1634 1122 1654 :
1141 1623 1177 1655 Sc·
1189 1624 1239 1655 vis
1252 1625 1412 1664 perfectas
1429 1632 1505 1664 esse,
1523 1627 1581 1655 etc.
1598 1625 1646 1656 Ad
1665 1626 1802 1665 perfecte

1023 1679 1132 1708 autem
1147 1677 1373 1709 declinandum
1387 1679 1570 1719 superbiam
1585 1679 1673 1718 vitae,
1688 1680 1803 1711 suadet

1023 1732 1109 1772 quod
1125 1732 1274 1763 voluntas
1293 1733 1422 1773 propria
1442 1734 1630 1774 abnegetur,
1650 1735 1745 1774 juxta
1764 1734 1802 1765 il-

1024 1786 1079 1817 lud
1094 1789 1104 1805 ⁸
1122 1796 1130 1817 ε
1151 1787 1211 1822 Oai
1229 1786 1298 1819 vult
1312 1787 1418 1819 venire
1434 1791 1507 1828 post
1522 1797 1583 1827 me,
1602 1788 1733 1829 abneqet
1753 1797 1803 1821 se-

1026 1841 1207 1881 metipsum,
1225 1843 1283 1871 etc.
1301 1842 1350 1872 Ad
1364 1842 1500 1882 perfecte
1514 1844 1623 1873 autem
1639 1843 1802 1874 declinan-

1027 1895 1104 1925 dum
1124 1895 1413 1934 concupiscentiam
1440 1896 1554 1934 carnis,
1581 1896 1690 1927 edocet
1720 1896 1805 1936 quod

1027 1948 1132 1979 onmis
1148 1948 1344 1988 experientia
1358 1949 1534 1980 secundum
1550 1951 1658 1981 actum
1674 1959 1808 1990 genera-

1027 2002 1103 2033 tivae
1127 2002 1277 2042 potentiae
1298 2002 1513 2042 abscindatur,
1537 2003 1581 2034 sic
1604 2004 1753 2044 inquiens
1769 2004 1779 2020 ⁹
1796 2015 1803 2035 :

1031 2055 1111 2088 Sunt
1133 2056 1279 2095 eunuchi,
1303 2057 1361 2096 qui
1381 2065 1414 2088 se
1436 2060 1660 2090 castraverunt
1677 2060 1808 2098 propter

1029 2117 1161 2150 reanum
1174 2110 1331 2142 calorum.
1355 2111 1418 2148 Qui
1430 2114 1534 2151 potest
1549 2120 1666 2152 capere,
1684 2113 1805 2152 capiat.

1031 2164 1067 2194 In
1082 2164 1142 2195 hac
1164 2165 1265 2204 igitur
1288 2165 1403 2204 triplici
1428 2166 1692 2206 supererogativa
1713 2165 1808 2196 decli-

1030 2218 1161 2249 natione
1184 2218 1316 2258 triplicis
1338 2218 1475 2258 originis
1499 2220 1606 2250 omnis
1628 2219 1714 2258 mali,
1743 2219 1810 2259 pri-

1032 2280 1118 2302 mam
1136 2272 1259 2311 partem
1274 2272 1471 2311 evangelicae
1487 2272 1686 2312 perfectionis
1706 2272 1809 2303 consi-

1033 2327 1127 2363 stere,
1156 2327 1186 2355 et
1209 2334 1298 2356 sacra
1321 2324 1486 2366 Scriptura
1513 2326 1665 2364 insinuat,
1691 2329 1721 2356 et
1742 2325 1812 2357 veri

1033 2379 1176 2410 doctores
1198 2381 1358 2418 astruunt,
1382 2382 1413 2410 et
1434 2381 1533 2411 sancti
1554 2380 1661 2412 Patres
1683 2379 1814 2418 religio-

1034 2441 1114 2463 num
1139 2432 1336 2464 institutores
1363 2434 1536 2465 affirmant.
1566 2434 1712 2465 Secunda
1735 2442 1813 2465 vero

1034 2495 1108 2526 pars
1125 2486 1327 2526 perfectionis
1343 2488 1538 2527 evangelicae
1553 2487 1694 2518 consistit
1714 2487 1748 2517 in
1763 2496 1815 2518 su-

1035 2540 1258 2579 pererogativa
1285 2542 1505 2581 prosecutione
1531 2541 1710 2580 bonorum,
1741 2550 1815 2581 quae

1037 2637 1066 2661 de
1091 2637 1171 2669 Offic„
1192 2638 1234 2663 lii).
1260 2640 1283 2669 1,
1309 2646 1331 2663 c.
1357 2645 1399 2669 xx,
1423 2646 1449 2663 n.
1472 2641 1516 2668 36,
1541 2639 1624 2671 quoad
1650 2645 1762 2663 sensum.
1785 2652 1815 2656 —

1037 2673 1047 2690 '¹
1070 2674 1173 2702 Matth„
1190 2681 1250 2705 mx,
1274 2676 1313 2698 21.
1337 2689 1363 2693 —
1391 2676 1399 2689 Β
1421 2675 1496 2706 lbid.‚
1520 2682 1580 2705 xvx,
1602 2677 1641 2700 24.
1657 2689 1686 2693 —
1710 2676 1718 2689 ὓ
1740 2674 1815 2704 lbid.‚

1039 2715 1094 2740 xix,
1113 2711 1150 2733 12.

1830 822 1887 848 Quid
1893 822 1921 843 sit

1810 854 1915 880 perfectio

1817 890 1872 905 evan
1876 890 1913 911 ge-

1810 916 1861 937 lica.
