2029 3052
653 174 938 209 RESPONSIONJS
958 176 1132 215 QUARTAE
1155 178 1284 212 CAPUT
1306 179 1360 212 111.

198 246 345 286 tendunt,
361 253 426 278 non
439 245 516 278 sunt
529 244 594 278 viri
613 243 823 285 sanguinum,
839 244 894 276 sed
915 244 977 276 mi-

197 300 389 340 sericordiae,
403 309 543 342 quorum
553 299 687 341 justitiae
702 299 898 331 oblivionem
913 308 979 331 non

196 356 387 396 acceperunt
403 365 410 387 :
428 354 582 396 quoniam
599 363 639 386 ex
651 353 835 386 abundante
852 353 979 385 miseri-

197 409 304 442 cordia
318 409 506 450 temporalia
526 409 612 441 bona
625 408 733 449 largiti
753 409 830 440 sunt
844 407 884 439 ad
905 416 978 439 sus-

195 464 349 496 tentanda
369 473 503 505 corpora
524 471 721 505 pauperum,
745 464 777 494 et
798 462 978 503 spiritualia

195 518 280 550 hona
295 519 446 550 continue
460 518 647 559 largiuntur
658 517 698 549 ad
711 517 978 549 sustentationem

195 573 380 604 animarum
394 584 401 604 :
419 574 450 605 et
463 573 535 605 ideo
551 572 643 612 digni
657 573 744 610 sunt,
759 573 796 602 ut
813 571 854 602 ab
870 570 979 602 Eccle-

195 628 242 660 sia
253 629 490 666 sustententur,
503 628 580 668 quia
591 635 658 658 non
668 627 818 666 gravant,
835 625 890 657 sed
906 625 980 657 alle-

193 681 283 714 viant
297 681 400 714 multo
415 681 570 723 amplius,
590 689 689 722 quam
714 680 771 719 illi,
798 679 855 720 qui
877 679 979 711 eccle-

194 737 394 770 siasticorum
403 736 588 768 reddituum
598 735 744 767 ubertate
750 734 976 775 pinguescunt,

194 801 276 833 quos
289 801 364 823 cum
378 792 410 823 et
429 783 562 832 plurimi
576 799 690 821 eorum
712 789 833 820 habere
853 788 978 829 potuis-

194 847 275 884 sent,
287 845 390 877 multo
400 845 505 886 magis
514 854 573 886 pro
589 844 712 875 Christo
727 843 789 874 illis
801 852 910 875 carere
924 852 979 875 vo-

193 900 337 932 luerunt.
357 899 398 931 Hi
413 909 506 940 ergo,
527 908 603 931 cum
621 898 842 939 eleemosynas
864 899 979 938 petunt

195 957 226 986 et
241 954 413 995 accipiunt,
431 953 558 985 nullum
577 962 753 994 pauperem
769 952 976 991 defraudant3

194 1009 274 1049 quin
296 1008 403 1048 potius
427 1016 538 1039 causas
556 1016 736 1049 pauperum
759 1008 884 1047 agunt,
903 1015 978 1037 cum

195 1062 263 1094 suis
278 1062 376 1093 sacris
391 1062 549 1103 exemplis
563 1064 594 1093 et
607 1061 737 1093 monitis
747 1061 865 1102 impios
875 1060 980 1092 homi-

196 1125 256 1148 nes
268 1116 308 1148 ad
318 1125 416 1157 opera
424 1116 551 1157 pietatis
566 1116 733 1147 inducunt.
747 1114 832 1147 Nulli
847 1124 979 1156 prorsus

196 1170 406 1211 injuriantur,
432 1171 509 1211 quia
533 1170 595 1201 hoc
615 1171 729 1210 petunt
754 1171 783 1201 et
804 1169 977 1210 accipiunt,

196 1224 284 1266 quod
292 1224 337 1255 eis
347 1224 492 1256 debetur.
505 1224 699 1256 Sustentatio
709 1224 797 1255 enim
805 1223 979 1264 corporalis

196 1278 980 1319 debeturipsislegemiserieordiae,tanquampau-

195 1333 342 1373 peribus;
359 1334 391 1364 et
401 1342 438 1364 eo
453 1333 570 1373 magiS,
582 1341 648 1374 quo
662 1340 818 1373 pauperes
829 1331 978 1363 volunta-

197 1387 237 1418 rii
252 1388 342 1426 sunt,
367 1386 554 1427 Christoque
575 1386 692 1418 devoti.
715 1386 804 1418 Unde
821 1386 977 1426 Hierony-

197 1450 283 1480 mus,
306 1443 417 1474 comra
435 1440 722 1482 Viqilancium¹:«
736 1440 807 1472 Non
818 1449 980 1480 negamus

198 1495 322 1527 cunctis
337 1495 544 1536 pauperibus,
561 1495 587 1526 si
601 1497 688 1526 tanta
703 1495 745 1526 sit
758 1495 902 1535 largitas,
920 1495 980 1526 sti-

197 1559 253 1590 pes
267 1559 336 1581 esse
352 1550 577 1590 porrigendas3
595 1550 650 1580 sed
671 1551 712 1589 (α)
736 1549 907 1590 Apostolus
923 1549 978 1581 do-

198 1605 247 1634 cet
269 1604 280 1620 ²
303 1603 481 1634 faciendam
514 1603 644 1643 quidem
673 1603 911 1644 eleemosynam
936 1603 981 1635 ad

198 1665 316 1696 omnes,
334 1658 475 1689 maxime
491 1656 535 1689 ad
544 1656 731 1690 domesticos
747 1657 839 1696 fidei.
855 1657 899 1688 De
913 1657 981 1697 qui-

198 1711 260 1742 bus
281 1711 429 1743 Salvator
456 1711 491 1742 in
522 1710 699 1751 Evangelio
721 1711 913 1752 loquebatur
940 1712 950 1729 ³
971 1723 977 1742 :

197 1767 309 1798 Facite
335 1765 424 1798 vobis
439 1765 559 1797 amicos
585 1765 624 1797 de
649 1767 762 1806 iniquo
786 1774 978 1805 mammona,

198 1821 256 1860 qui
279 1827 335 1852 vos
360 1820 523 1859 recipiant
554 1820 591 1851 in
618 1823 738 1852 aecernct
762 1820 979 1852 tabernacula.

200 1873 365 1914 Numquid
390 1873 444 1904 isti
463 1882 632 1914 pauperes,
648 1874 731 1904 inter
747 1883 887 1914 quorum
902 1884 981 1915 pan-

200 1937 260 1959 nos
274 1929 306 1959 et
321 1927 465 1959 illuviem
481 1927 622 1967 corporis
640 1927 782 1967 flagrans
803 1928 901 1959 libido
924 1928 980 1959 do-

202 1982 364 2020 minatur,
390 1983 525 2022 possunt
546 1981 665 2012 habere
688 1983 809 2012 aeterna
833 1982 982 2013 taberna-

199 2036 281 2076 cula,
305 2036 361 2077 qui
383 2045 443 2067 nec
464 2036 634 2076 praesentia
658 2037 830 2077 possident,
853 2046 911 2068 nec
930 2038 980 2068 fu-

200 2092 295 2122 tura?
320 2090 389 2122 Non
418 2090 505 2121 enim
528 2090 714 2130 simpliciter
729 2100 902 2131 pauperes,
928 2091 983 2122 sed

202 2154 360 2186 pauperes
386 2144 502 2185 spiritu
524 2144 609 2175 beati
639 2144 674 2185 (b)
705 2145 916 2185 appellantur,
943 2145 982 2177 de

202 2199 320 2240 quibus
335 2198 491 2238 scriptum
507 2200 554 2229 est
567 2199 577 2215 ⁶
595 2209 602 2230 ε
620 2199 740 2231 Beatus
755 2200 812 2239 qui
829 2199 983 2240 intelligit

202 2260 299 2294 super
315 2260 447 2293 egenum
462 2256 490 2285 et
501 2261 685 2293 pauperem.
704 2253 739 2284 ln
754 2253 845 2294 vulgi
861 2264 982 2294 paupe-

202 2308 292 2339 ribus
307 2307 522 2338 sustentandis
535 2317 742 2348 nequaquam
755 2308 980 2348 intelligentia,

203 2362 258 2393 sed
283 2361 486 2402 eleemosyna
516 2371 597 2402 opus
620 2365 684 2401 est3
710 2363 743 2393 in
767 2363 883 2394 sanctis
907 2373 982 2395 vero

203 2415 400 2457 pauperibus
416 2416 579 2447 beatitudo
594 2418 642 2447 est
656 2416 888 2457 intelligentiae,
906 2419 941 2449 ut
955 2418 984 2449 ei

203 2471 368 2502 tribuatur
384 2470 442 2510 qui
457 2470 615 2501 erubescit
631 2471 784 2511 accipere,
800 2474 831 2503 et
847 2481 920 2503 cum
931 2481 983 2503 ac-

205 2525 333 2565 ceperit,
350 2525 434 2556 dolet
453 2527 576 2556 metens
597 2525 746 2564 carnalia,
769 2527 800 2556 et
821 2527 983 2558 seminans

237 2624 246 2641 ¹
261 2625 377 2656 Hieron„
391 2625 448 2650 adv.
468 2624 601 2656 mquam„
615 2625 662 2649 col.
676 2632 710 2650 m.
727 2627 780 2650 165.
795 2638 826 2644 —
838 2626 848 2641 Ξ
863 2626 931 2656 Gal„
947 2633 984 2657 vx,

207 2663 244 2686 10.
264 2675 295 2679 —
317 2661 327 2677 ²³
346 2661 415 2691 Luc„
436 2667 497 2692 xw,
518 2663 541 2685 9.
559 2675 589 2679 —
609 2662 617 2675 ⁴
639 2662 710 2686 Psal.
734 2668 780 2693 XL,
806 2664 829 2686 2.
845 2676 875 2681 -
898 2664 907 2680 ⁵
931 2664 984 2689 lmo

207 2696 326 2721 Gulielm.
339 2704 353 2721 a
367 2698 508 2727 S.Theod.,
522 2705 545 2721 c.
559 2704 617 2728 x111,
628 2704 655 2722 n.
669 2699 708 2729 39,
721 2698 787 2722 inter
799 2699 884 2729 spuria
898 2700 984 2731 Rern„

1760 184 1820 215 5¹9

1037 246 1228 287 spiritualia.
1243 258 1259 277 a
1275 247 1450 290 Hucusque
1470 248 1700 291 Hieronymus.
1717 250 1817 283 Debe-

1035 301 1088 332 tur
1101 301 1198 334 etiam
1219 302 1265 334 eis
1279 302 1682 349 1836]ιι51111ω,1«·1ηᾳ1111111
1701 305 1817 346 praedi-

1035 355 1196 387 catoribus
1213 357 1354 388 veritatis
1371 368 1378 389 :
1395 366 1494 398 quam
1513 358 1644 399 quidem
1655 359 1818 399 Justitiam

1035 409 1166 450 exigere
1180 413 1324 452 possunt,
1347 420 1415 443 non
1434 413 1510 453 jure
1529 412 1601 451 fori,
1626 413 1708 444 sicut
1732 423 1817 454 prae-

1034 462 1102 502 lati,
1128 464 1163 495 in
1190 465 1312 505 quibus
1335 466 1474 506 acceptio
1496 466 1730 508 stipendiorum
1753 477 1818 500 non

1035 519 1083 548 est
1101 519 1299 557 mendicitas,
1325 520 1380 552 sed
1399 522 1554 561 potestas;
1582 521 1636 553 sed
1655 523 1730 562 jure
1754 523 1818 563 poli

1035 580 1107 603 eam
1124 573 1256 613 exigere
1270 575 1405 614 possunt
1417 576 1450 606 et
1468 575 1586 606 debent
1604 584 1662 616 per
1682 577 1818 608 modum

1035 625 1237 667 humilitatis,
1253 628 1372 660 scilicet
1386 637 1444 669 pro
1457 629 1573 661 Christi
1587 639 1698 663 amore
1714 632 1817 672 gratis

1036 681 1191 721 petendo,
1216 683 1253 714 ut
1277 682 1330 714 alii
1350 685 1535 715 mereantur
1559 684 1680 724 dando,
1706 687 1737 717 et
1759 686 1818 727 ipsi

1034 735 1250 768 humilientur
1264 737 1460 778 accipiendo,
1476 739 1566 770 etsie
1582 741 1815 780 sustententur,

1035 791 1072 820 ut
1095 790 1319 831 evangelizent
1327 801 1337 832 ;
1361 801 1427 823 non
1444 793 1679 833 evangelizent,
1704 795 1742 825 ut
1764 804 1817 826 co-

1035 843 1176 876 medant.
1202 844 1292 877 Unde
1320 845 1502 878 Bernartius
1530 847 1540 865 ⁵
1564 847 1608 879 ad
1638 848 1756 887 fratres
1779 848 1818 881 de

1034 902 1140 932 monte
1153 900 1216 932 Dei
1231 908 1242 931 :
1263 911 1278 930 «
1297 900 1377 932 Cum
1395 901 1485 933 dives
1504 903 1597 941 esset,
1620 911 1744 943 pauper
1759 912 1817 943 pro

1034 953 1127 984 nobis
1141 953 1243 985 factus
1258 956 1306 986 est
1320 964 1327 985 :
1344 956 1376 986 et
1395 955 1452 996 qui
1471 955 1661 988 voluntariae
1676 966 1819 998 pauper-

1034 1007 1107 1039 tatis
1122 1008 1208 1040 dedit
1220 1008 1417 1049 exemplum,
1431 1009 1544 1050 ipsein
1555 1011 1726 1051 semetipso
1737 1012 1820 1051 eJus-

1035 1061 1108 1093 dem
1128 1063 1267 1094 sormam
1288 1063 1440 1103 dignatus
1463 1065 1511 1095 est
1533 1064 1763 1097 demonstrare.
1780 1065 1821 1097 Ut

1035 1117 1122 1148 enim
1137 1118 1238 1149 sciant
1253 1118 1433 1158 evangelici
1447 1128 1605 1160 pauperes
1619 1120 1697 1160 quid
1711 1120 1756 1151 eis
1770 1121 1818 1151 fa-

1035 1171 1185 1203 ciendum
1199 1172 1249 1211 sit,
1267 1172 1334 1212 ipse
1348 1173 1446 1204 etiam
1465 1183 1484 1204 a
1498 1173 1645 1205 fidelibus
1660 1174 1746 1214 pasci
1759 1183 1818 1206 vo-

1034 1225 1112 1264 luit3
1128 1235 1366 1267 nonnunquam
1385 1228 1417 1258 et
1433 1227 1474 1258 ab
1498 1227 1692 1266 infidelibus,
1708 1229 1763 1260 sed
1779 1231 1819 1260 ut

1035 1279 1144 1311 fideles
1158 1280 1283 1319 faceret,
1305 1280 1381 1312 vitae
1398 1281 1576 1312 necessaria
1597 1282 1739 1323 accipere
1755 1292 1820 1314 non

1036 1334 1206 1366 recusavit.
1230 1346 1244 1363 >³
1264 1334 1417 1366 Constans
1438 1336 1484 1366 est
1505 1338 1625 1376 autem,
1644 1337 1730 1377 quod
1754 1346 1820 1368 non

1034 1388 1178 1429 loquitur
1191 1389 1242 1420 hic
1257 1389 1295 1420 de
1318 1389 1467 1429 praelatis,
1485 1389 1540 1421 sed
1561 1390 1599 1421 de
1621 1391 1820 1431 pauperihus

1036 1442 1214 1482 religiosis,
1239 1451 1319 1483 quos
1347 1443 1495 1484 exemplo
1523 1443 1638 1475 Christi
1670 1444 1746 1475 dicit
1780 1445 1819 1476 de

1036 1497 1245 1538 eleemosynis
1259 1497 1432 1528 sustentari
1449 1497 1575 1537 debere,
1598 1507 1664 1529 non
1686 1499 1818 1539 quidem

1036 1551 1224 1591 potestative
1245 1551 1419 1592 requisitis,
1447 1552 1501 1583 sed
1524 1551 1575 1592 pie
1597 1554 1628 1583 et
1654 1552 1820 1584 humiliter

1036 1605 1214 1646 postulatis.
1231 1605 1425 1645 Hujusmodi
1446 1607 1555 1637 autem
1569 1616 1727 1647 pauperes
1747 1616 1819 1638 sus-

1036 1662 1158 1691 tentare
1174 1670 1232 1701 pro
1248 1660 1382 1699 Christo,
1398 1670 1466 1691 non
1484 1661 1620 1692 minoris
1638 1663 1685 1692 est
1701 1661 1818 1700 meriti,

1036 1724 1135 1755 quan]
1151 1715 1310 1746 aedificare
1329 1714 1487 1752 basilicas,
1504 1717 1541 1746 ut
1563 1714 1638 1746 dicit
1660 1715 1821 1757 Hierony-

1037 1778 1110 1800 mus
1123 1769 1162 1800 ad
1178 1768 1410 1799 Demetriadem
1426 1772 1436 1788 ⁶
1454 1780 1461 1800 ε
1483 1780 1498 1798 «
1512 1769 1576 1800 Alii
1595 1769 1753 1800 aedificent
1767 1779 1821 1800 ec-

1037 1823 1158 1861 elesias,
1175 1823 1313 1854 vestiant
1328 1823 1464 1862 parietes
1476 1832 1676 1854 marmorum
1693 1824 1819 1862 crustis,

1037 1886 1102 1908 non
1128 1877 1339 1917 reprehendo,
1362 1886 1427 1907 non
1447 1877 1566 1908 abnuo.
1593 1877 1821 1918 Unusquisque

1037 1931 1072 1961 in
1087 1940 1183 1961 sensu
1197 1940 1255 1962 suo
1272 1930 1424 1962 abundet.
1439 1930 1552 1962 Melius
1567 1933 1613 1962 est
1630 1932 1691 1962 hoc
1706 1932 1820 1970 facere,

1037 1995 1135 2026 quam
1164 1986 1310 2026 repositis
1336 1986 1451 2026 opibus
1479 1986 1643 2017 incubare.
1676 1986 1737 2017 Sed
1764 1987 1822 2018 tibi

1036 2040 1116 2071 illud
1140 2040 1340 2080 propositum
1366 2042 1430 2078 est,
1457 2040 1621 2071 Christum
1646 2041 1763 2072 vestire
1787 2042 1821 2072 in

1037 2094 1246 2135 pauperihus,
1267 2094 1399 2126 visitare
1420 2094 1455 2124 in
1475 2094 1723 2134 languentibus,
1748 2105 1819 2136 pas-

1038 2158 1108 2180 cere
1129 2149 1163 2179 in
1188 2148 1422 2186 esurientibus,
1451 2148 1610 2188 suscipere
1636 2149 1670 2179 in
1692 2149 1743 2180 his
1765 2150 1822 2190 qui

1037 2205 1119 2234 tecto
1139 2203 1297 2242 indigent,
1315 2202 1456 2233 maxime
1475 2202 1510 2233 in
1531 2202 1713 2234 domesticis
1733 2204 1818 2241 fidei,

1038 2258 1206 2298 virginum
1227 2257 1312 2288 alere
1336 2257 1545 2295 monasteria,
1571 2266 1741 2289 servorum
1765 2257 1820 2288 Dei

1038 2314 1069 2344 et
1085 2321 1263 2352 pauperum
1278 2312 1391 2352 spiritu
1403 2312 1522 2343 habere
1537 2321 1661 2349 curam,
1679 2312 1733 2352 qui
1749 2312 1816 2344 die-

1038 2367 1098 2397 bus
1113 2375 1150 2397 ac
1164 2366 1311 2397 noctibus
1322 2366 1468 2397 serviunt
1480 2366 1613 2397 Domino
1629 2368 1697 2404 tuo,
1714 2366 1769 2406 qui
1784 2366 1819 2397 in

1038 2422 1123 2451 terra
1137 2420 1229 2461 positi
1244 2420 1411 2451 imitantur
1432 2420 1623 2460 angelorum
1648 2429 1819 2451 conversa-

1038 2475 1171 2514 tionem,
1187 2474 1268 2505 nihil
1283 2474 1458 2515 loquuntur
1473 2474 1536 2505 nisi
1551 2474 1636 2514 quod
1649 2474 1689 2505 ad
1707 2474 1818 2506 laudes

1040 2578 1102 2600 tom.
1122 2576 1157 2606 ll,
1177 2575 1237 2599 edit.
1257 2575 1325 2599 1090.
1344 2587 1373 2591 —
1392 2573 1401 2590 6
1421 2573 1579 2605 Hieronym,
1600 2574 1634 2598 acl
1651 2574 1818 2606 Demetriucl„

1040 2612 1113 2643 epist.
1131 2617 1189 2642 vm,
1205 2610 1254 2635 col.
1273 2618 1307 2634 m.
1333 2611 1370 2634 74.
1759 2623 1762 2625 Α

1049 2701 1058 2725 l
1074 2666 1157 2696 (u)1ta
1169 2664 1236 2696 apud
1247 2665 1346 2689 Hieron.
1362 2663 1423 2688 Coet.
1439 2663 1499 2688 edit.
1516 2663 1582 2689 deest
1597 2664 1651 2688 sed.
1664 2677 1693 2682 —
1711 2664 1741 2695 (b)
1759 2664 1819 2688 Item

1040 2710 1048 2725 s
1058 2703 1105 2725 ees!
1122 2701 1199 2725 besni.
