2029 3052
216 178 277 208 216

254 243 355 272 Deduc
367 251 417 272 me
432 243 464 272 in
478 243 614 273 semitam
626 242 852 272 miserationum
866 243 997 277 tuarum,

217 290 378 320 mulierum
391 290 611 328 pulcherrima:
625 290 698 328 quia
710 290 808 327 ipsam
819 287 914 318 volui.

253 337 366 367 inclina
378 337 512 367 animam
522 345 623 366 meam
640 336 680 366 ad
696 343 896 374 supernorum
910 342 997 364 amo-

217 393 292 421 rem,
309 384 451 414 Domina:
467 387 495 414 et
508 392 570 414 non
585 384 624 413 ad
639 383 866 421 impudicitiam.

254 434 326 461 Ecce
347 432 505 470 concupivi
525 431 732 461 castimoniam
754 432 837 460 tuam
857 439 876 460 a
893 430 998 467 juven-

218 481 278 509 tute
291 487 378 508 mea:
395 479 426 508 in
439 478 644 508 misericordia
658 480 709 507 tua
723 477 870 507 confirma
885 485 943 506 me.

253 528 287 556 Et
300 526 469 556 observabo
488 525 569 554 viam
583 525 821 555 testimoniorum
833 527 954 554 tuorum
967 524 999 553 in

219 574 361 604 saeculum
377 583 385 602 ι
401 576 429 603 et
442 573 598 603 scrutabor
618 573 760 603 mandata
782 573 846 602 Filii
863 573 916 609 tui,
933 581 1000 610 quoe

220 621 321 650 dilexi.
337 621 436 650 Gloria
446 621 533 656 Patri,
547 622 604 650 etc.

255 718 366 746 Memor
380 718 443 746 esto
454 717 538 746 verbi
549 717 600 753 tui,
611 716 803 746 dominarum
814 715 998 744 primiceria:

219 764 251 793 in
265 772 327 801 quo
341 764 415 793 mihi
429 772 514 801 spem
528 764 645 793 dedisti.

256 813 320 840 Haec
334 811 366 840 in
379 813 587 848 tempestatum
600 811 740 840 fluetibus
758 812 894 848 potenter
906 810 1000 839 tenuit

220 867 269 888 me
287 868 294 888 ε
310 858 381 896 quia
397 858 553 895 eloquium
567 860 653 887 tuum
667 857 830 886 vivificabit
844 865 902 886 me.

257 905 524 934 Circumdederunt
548 913 596 934 me
620 905 675 933 viri
699 905 869 938 mendaces,
885 906 913 933 et
931 912 1003 933 con-

219 955 342 991 gregata
362 955 431 982 sunt
443 961 534 990 super
548 961 596 982 me
610 953 729 989 flagella
745 963 751 982 :
772 955 800 982 et
815 961 883 982 ecce
899 961 1005 982 manus

219 1004 270 1031 tua
284 1001 391 1038 cripuit
407 1009 464 1030 me.

257 1048 483 1078 communicavi
505 1049 535 1077 in
552 1049 641 1077 bonis
666 1048 806 1078 omnibus
835 1048 1005 1077 timentibus

223 1099 248 1126 te
265 1106 272 1125 ε
290 1099 318 1125 et
337 1096 572 1125 custodientibus
588 1095 698 1124 obnixe
712 1096 855 1124 mandata
871 1098 930 1124 tua.

257 1143 492 1172 Miserationibus
508 1143 564 1171 tuis
578 1142 669 1180 plena
676 1145 719 1171 est
730 1144 824 1171 terra:
841 1143 910 1171 ideo
925 1143 1006 1171 viam

219 1190 464 1227 justificationum
480 1192 597 1218 tuarum
612 1190 768 1226 exquisivi.
785 1189 895 1226 Gloria,
912 1193 967 1218 etc.

261 1284 423 1313 Bonitatem
437 1284 529 1312 fecisti
545 1291 612 1312 cum
627 1292 713 1312 servo
729 1286 790 1318 tuo,
807 1284 931 1313 Domina
945 1294 951 1312 z
969 1284 1006 1313 de

223 1340 284 1369 qua
297 1332 429 1368 gaudent
443 1331 552 1367 angeli.

261 1379 450 1416 Disciplinam
479 1386 597 1407 morum
627 1381 744 1407 tuorum
780 1381 806 1406 et
837 1380 1006 1416 inquitatem

225 1429 306 1454 tuam
329 1426 404 1454 doce
424 1434 494 1454 me:
518 1426 589 1462 quia
613 1426 711 1454 verbis
736 1426 790 1453 tuis
808 1434 867 1462 prm
896 1426 1008 1454 cunctis

224 1473 348 1502 credidi.

263 1523 375 1550 Bonum
389 1521 473 1555 mihi,
487 1521 558 1557 quia
573 1528 663 1549 onere
685 1523 735 1549 tuo
751 1520 912 1549 humiliasti
935 1529 982 1550 me
1000 1531 1005 1549 :

225 1571 257 1596 ut
271 1576 380 1605 sequar
394 1568 650 1596 conversationem
665 1571 755 1596 tuam.

262 1616 316 1650 Qui
331 1618 432 1644 amant
450 1615 610 1643 servientes
626 1615 688 1650 tibi,
703 1616 939 1650 venerabuntur;
957 1616 1007 1652 qui

227 1665 326 1691 autem
340 1662 529 1691 abominatus
544 1662 629 1690 suerit
651 1671 712 1696 θος,
730 1665 793 1690 ruet
808 1663 838 1690 in
854 1665 1006 1691 aeternum.

263 1709 386 1738 Veniant
404 1709 476 1737 mihi
499 1717 615 1745 semper
634 1709 762 1746 desuper
778 1712 865 1745 guttoe
881 1710 1009 1737 clemen-

229 1758 273 1785 tiae
290 1759 358 1791 tum,
375 1758 402 1784 et
419 1756 534 1784 vivam:
553 1756 624 1792 quia
639 1756 686 1784 lex
703 1758 752 1784 tua
767 1759 867 1785 sancta
884 1757 1008 1785 medita-

230 1804 268 1832 tio
285 1812 351 1832 mea
366 1805 418 1831 est.
433 1803 530 1831 Gloria
547 1804 632 1838 Patri,
650 1807 702 1831 etc.

266 1899 373 1927 Deserit
394 1899 424 1926 in
443 1899 553 1927 semitis
577 1899 632 1927 tuis
655 1899 755 1927 anima
772 1908 847 1934 inea,
867 1900 1008 1928 Domina:

229 1950 255 1975 el
277 1947 331 1975 nisi
355 1947 504 1974 miseratio
526 1946 657 1974 maxima
679 1950 762 1981 esset.
784 1947 934 1982 periissem
958 1948 1009 1974 uti-

230 2002 287 2030 que
304 1994 331 2021 in
347 1994 513 2021 infirmitate
530 2002 606 2021 mea.

267 2041 438 2068 Desecerunt
454 2039 530 2068 oculi
547 2040 603 2067 mei
629 2040 656 2067 in
673 2040 922 2076 contemplatione
939 2044 987 2069 tua
1003 2051 1009 2069 ι

230 2088 310 2115 velut
329 2090 390 2115 uter
406 2088 434 2114 in
451 2087 556 2123 pruina
571 2096 588 2115 a
604 2090 629 2114 te
646 2087 708 2115 visa
723 2090 764 2114 est
780 2088 880 2115 anima
896 2097 971 2115 mea.

265 2134 435 2162 Secundum
457 2135 620 2162 bonitatem
645 2136 724 2162 tuam
747 2134 862 2162 vivifiea
885 2144 930 2163 mc
953 2145 958 2162 :
983 2138 1010 2163 et

228 2189 289 2210 non
305 2182 464 2209 obliviscar
479 2190 629 2210 sermones
650 2184 725 2216 tuos,
741 2182 811 2218 quia
836 2183 886 2210 tibi
910 2183 1009 2211 adilw-

227 2237 290 2257 rere
306 2229 419 2257 bonum
435 2231 485 2257 est.

267 2276 459 2312 Dispositiom·
482 2279 530 2304 tua
555 2280 722 2312 perseverat
742 2277 872 2305 mundus
891 2286 897 2305 z

231 2325 257 2351 et
273 2325 302 2351 tu
316 2331 384 2350 cum
400 2325 457 2350 Deo
478 2323 605 2351 fundasti
620 2324 658 2351 ab
675 2324 768 2351 initio.

266 2372 343 2397 Tuus
359 2371 435 2398 totus
450 2378 505 2405 ego
522 2378 597 2403 sum,
611 2371 743 2403 Domina,
755 2372 871 2398 salvum
885 2379 930 2398 ine
947 2372 990 2399 sao
1003 2381 1008 2399 ι

232 2417 375 2453 quoniam
408 2416 620 2444 desiderabiles
652 2420 735 2445 erant
767 2418 870 2445 laudes
897 2421 950 2446 tua·
982 2419 1010 2446 in

235 2467 366 2499 tempore
380 2464 628 2500 peregrinationis
645 2472 726 2491 metr.

268 2511 365 2538 Gloria
382 2511 467 2544 Patri,
481 2513 535 2539 ete.

919 2286 1009 2313 quein

270 2605 426 2637 Quomodo
456 2605 544 2633 dilexi
569 2606 664 2639 legem
688 2607 778 2633 tuan).
810 2608 952 2634 llouunal
985 2608 1011 2634 in

234 2655 391 2687 conspectu
407 2661 473 2680 nico
487 2661 612 2688 semper.

554 174 810 208 PSALTERlUM
829 172 958 206 MAJUS
978 171 1124 205 BEATAE
1144 173 1286 206 MARIAE
1306 173 1493 207 VIRGINIS.

1085 241 1270 271 suavitatum
1284 243 1403 271 tuarum
1417 241 1571 272 affluentia
1581 251 1635 272 coi·
1647 250 1750 274 meum
1763 245 1834 276 alie-

1050 289 1133 319 navit
1146 297 1224 318 ame
1243 299 1251 318 :
1271 291 1301 319 et
1319 297 1390 319 caro
1407 297 1476 319 mea
1494 289 1671 320 mirabiliter
1691 291 1835 324 exultavit

1049 335 1082 365 in
1094 338 1133 366 te.

1086 384 1183 419 Quam
1204 375 1303 415 dfflcia
1323 384 1528 422 peccatoribus
1553 384 1676 422 eloquia
1693 386 1754 422 tua,
1779 387 1836 416 Do-

1052 430 1150 460 mina!
1178 439 1268 468 super
1295 439 1418 460 omnem
1443 431 1609 462 melodiam
1633 431 1753 462 refectio
1784 434 1836 462 tua

1053 477 1149 507 dulcis
1163 478 1209 508 ori
1223 487 1302 508 meo.

1089 525 1270 554 illuminatio
1289 525 1441 562 gressibus
1457 526 1530 555 meis
1544 525 1673 556 verbum
1688 528 1773 556 tuum
1786 535 1794 556 ι
1807 527 1837 555 et

1052 572 1155 601 lumen
1169 572 1321 601 ineffabile
1335 572 1446 601 semitis
1459 573 1542 601 meis.

1090 619 1210 654 Quoties
1231 622 1482 656 exasperaverunt
1512 627 1562 650 me
1597 622 1768 657 peccatores
1793 620 1838 650 in-

1053 666 1140 703 ferni,
1162 666 1234 704 quia
1255 675 1274 696 a
1297 667 1437 696 charitate
1464 669 1515 696 tua
1549 667 1699 697 declinare
1731 667 1835 698 nolui!

1054 722 1112 751 ego
1126 716 1226 743 autem
1241 715 1359 752 speravi
1374 715 1405 744 in
1421 717 1459 751 te,
1475 714 1611 744 Domina.

1092 761 1191 790 Gloria
1204 761 1292 798 Patri,
1307 764 1363 791 etc.

1094 859 1214 896 iniquos
1233 858 1304 888 odio
1328 859 1420 888 habui
1441 869 1448 888 :

1059 906 1184 935 Domina
1197 906 1336 942 gratiosa.

1095 953 1211 989 Adjuva
1225 961 1283 989 me,
1297 955 1326 982 et
1339 953 1440 982 salvus
1454 961 1518 991 ero,
1531 954 1657 984 Domina
1669 955 1776 984 mundi
1789 965 1796 985 :
1813 958 1842 986 et

1059 1000 1228 1029 meditabor
1251 1001 1509 1031 honorificentiam
1535 1002 1748 1032 mandatorum
1775 1004 1842 1033 tuo-

1061 1055 1139 1076 rum.

1096 1095 1151 1123 Fac
1175 1103 1223 1123 me
1243 1103 1362 1131 semper
1379 1098 1455 1124 stare
1470 1095 1501 1124 in
1523 1096 1630 1126 timore
1649 1099 1701 1126 tuo
1715 1106 1722 1126 :
1738 1099 1768 1127 et
1780 1105 1843 1128 non

1061 1141 1160 1170 tradas
1174 1150 1233 1177 me,
1249 1142 1349 1179 Virgo,
1365 1143 1617 1172 calumniantibus
1631 1152 1689 1173 me.

1099 1190 1278 1218 Vernaculus
1293 1193 1360 1219 tuus
1376 1198 1442 1219 sum
1459 1198 1516 1227 ego
1533 1200 1540 1219 :
1556 1191 1698 1220 minimus
1711 1193 1743 1221 in
1759 1192 1844 1222 fami-

1061 1237 1101 1266 lia
1116 1239 1174 1265 tua.

1099 1285 1219 1313 Custodi
1234 1293 1291 1320 me,
1305 1285 1446 1314 Domina:
1464 1294 1482 1314 a
1498 1285 1716 1322 negligentibus
1731 1287 1845 1323 judicia

1061 1332 1177 1368 Justitioe
1191 1335 1256 1361 tuoe.

1099 1381 1274 1408 Contemnes
1289 1387 1394 1408 omnes
1409 1380 1594 1409 discedentes
1607 1388 1625 1409 a
1639 1381 1759 1410 servitio
1775 1383 1843 1411 tuo:

1064 1427 1135 1463 quia
1148 1427 1255 1462 injusta
1271 1429 1313 1455 est
1327 1428 1512 1456 conversatio
1527 1435 1643 1456 eorum.
1663 1427 1773 1464 Gloria,
1789 1432 1843 1458 etc.

1474 861 1502 889 et
1523 860 1605 889 viam
1629 862 1712 890 tuam
1735 861 1839 898 dilexi,

1101 1522 1244 1551 llirabilia
1256 1524 1307 1551 tua
1321 1523 1498 1557 testimonia,
1515 1524 1603 1552 Mater
1617 1523 1698 1552 alma
1713 1532 1720 1552 :
1743 1525 1771 1553 et
1787 1532 1847 1553 ser-

1065 1570 1206 1598 monibus
1223 1570 1279 1598 tuis
1291 1569 1490 1598 illuminatum
1505 1573 1548 1598 est
1561 1578 1735 1600 cormeum.

1103 1617 1219 1645 vultum
1240 1619 1323 1645 tuum
1346 1617 1586 1654 deprecabuntur
1611 1626 1716 1646 omnes
1741 1618 1847 1647 divites

1066 1664 1160 1700 plebis
1177 1674 1183 1692 z
1202 1664 1269 1692 filim
1284 1672 1388 1700 regum
1403 1664 1575 1693 collaudant
1590 1664 1695 1693 faciem
1712 1667 1802 1694 tuam.

1101 1711 1214 1740 Ardens
1236 1712 1362 1740 verbum
1378 1711 1527 1740 labiorum
1547 1714 1665 1740 tuorum
1689 1712 1847 1742 vehemen-

1066 1762 1108 1787 ter
1125 1769 1130 1786 :
1151 1759 1201 1795 qui
1217 1759 1256 1787 ad
1272 1762 1297 1787 te
1314 1761 1463 1795 properat,
1480 1759 1623 1795 percipiat
1638 1759 1722 1788 illud.

1103 1806 1224 1834 Arundo
1239 1806 1347 1841 agitata
1369 1814 1435 1833 sum
1456 1806 1484 1833 in
1505 1809 1665 1842 conspectu
1685 1809 1735 1835 tuo
1756 1816 1762 1835 :
1782 1809 1847 1836 tene

1067 1861 1126 1886 ine,
1143 1853 1277 1887 Domina,
1291 1853 1428 1888 subjugo
1440 1855 1500 1887 tuo,
1514 1855 1541 1880 et
1556 1861 1617 1880 non
1632 1853 1810 1882 confundar.

1104 1900 1266 1928 Servientes
1291 1900 1342 1927 tibi
1365 1899 1431 1936 plus
1450 1899 1515 1928 aliis
1535 1899 1680 1928 invadunt
1702 1900 1847 1930 dracones

1068 1947 1171 1974 interni
1190 1957 1195 1974 :
1214 1947 1265 1975 sed
1281 1949 1323 1982 tu,
1340 1947 1479 1982 Domina,
1494 1947 1621 1975 defende
1637 1955 1702 1976 nos.

1101 1994 1199 2022 Gloria
1217 1994 1302 2028 Patri,
1318 1997 1373 2022 etc.

1103 2090 1232 2118 Clamavi
1244 2091 1273 2117 in
1285 2092 1345 2118 toto
1359 2089 1448 2118 corde
1465 2097 1531 2118 meo
1543 2089 1581 2118 ad
1598 2092 1634 2124 te,
1649 2090 1774 2119 Domina
1788 2099 1794 2118 :
1809 2091 1846 2119 de

1068 2137 1289 2166 necessitatibus
1305 2137 1378 2165 meis
1392 2136 1550 2165 clementer
1565 2137 1645 2174 eripe
1661 2145 1719 2165 me.

1105 2186 1211 2213 Vocem
1237 2185 1362 2220 gemitus
1387 2184 1445 2212 mei
1467 2183 1586 2219 exaudi,
1612 2185 1737 2213 Domina
1759 2193 1846 2214 mea:

1067 2232 1140 2260 doce
1155 2239 1202 2259 me
1219 2231 1292 2267 quid
1307 2233 1460 2267 acceptum
1475 2231 1510 2259 sit
1526 2231 1607 2266 apud
1627 2233 1652 2260 te
1675 2231 1756 2260 omni
1773 2234 1846 2261 tem-

1068 2287 1149 2315 pore.

1104 2328 1201 2361 Longe
1223 2334 1240 2354 a
1257 2325 1453 2353 nescientibus
1483 2328 1507 2353 te
1535 2325 1614 2354 salus
1634 2335 1640 2353 :
1665 2327 1716 2362 qui
1748 2330 1847 2355 autem

1069 2375 1176 2409 perstat
1197 2373 1233 2408 (a)
1251 2373 1279 2400 in
1299 2372 1444 2408 obsequio
1466 2375 1527 2407 tuo,
1550 2373 1654 2408 procul
1673 2374 1724 2402 liat
1743 2382 1762 2402 a
1783 2381 1847 2409 per-

1068 2419 1188 2447 ditione.

1106 2467 1302 2495 Misericordia
1322 2470 1370 2495 tua
1391 2468 1465 2503 rigat
1489 2467 1660 2495 universum
1679 2475 1685 2494 :
1711 2467 1847 2501 Domina,

1069 2516 1097 2542 in
1113 2515 1231 2543 salutari
1247 2517 1296 2542 tuo
1313 2514 1429 2542 vivifica
1443 2522 1500 2542 me.

1107 2562 1219 2589 initium
1244 2562 1290 2589 clo
1306 2562 1433 2596 mierum
1455 2564 1573 2589 tuorum
1589 2561 1695 2589 veritas
1715 2561 1743 2589 in
1764 2562 1846 2589 aeter-

1114 2667 1139 2677 11.
1156 2658 1216 2679 ‘'a-I.
1232 2655 1290 2679 alet.
1306 2658 1418 2686 pue-stat.
