2029 3052
663 232 948 266 RESPONSIONIS
968 232 1127 266 TERTlAE
1150 235 1280 267 CAPUT
1303 236 1340 268 11.

199 305 254 335 tur
274 303 465 344 discipulum
476 327 485 342 ‚
522 302 577 343 qui
603 303 716 334 contra
749 300 974 341 evangelizan-

200 357 282 388 tium
308 359 339 389 et
361 356 612 389 mendicantium
640 363 819 396 pauperum
848 354 977 386 ordines

200 412 344 444 libellum
366 410 554 452 composuit,
572 419 668 451 quem
684 409 780 440 Sedes
796 408 976 449 Apostolica

199 465 436 498 condemnavit.
453 465 554 502 Quem
567 464 674 502 etiam,
692 471 757 494 non
767 471 868 503 parva
878 464 975 493 teme-

199 519 292 551 ritate
303 543 311 558 ,
327 519 417 551 velut
436 519 637 550 innocentem
650 519 792 555 excusat,
813 517 977 557 ipsiusque

199 573 376 605 doctrinam
393 573 593 604 commendat
608 573 639 603 et
653 571 818 612 approbat,
830 580 896 602 non
909 571 976 602 siue

198 628 318 668 inJuria
333 627 436 658 multa
451 626 540 658 Sedis
548 628 616 667 Jam
632 626 734 664 dictae,
749 634 824 656 cum
835 624 880 655 nil
890 624 977 656 aliud

199 682 239 713 sit
250 683 412 713 auctorem
423 681 565 712 damuati
574 680 672 711 libelli
682 680 884 710 innocentem
896 687 978 710 asse—

199 745 290 775 rere,
308 744 406 776 quam
423 734 605 766 damnantis
620 733 777 774 Judicium
792 733 974 774 reprobare.

200 790 376 829 Insurgens
403 789 504 828 igitur
530 787 741 826 temerarius,
766 787 799 817 in
822 787 902 818 serie
927 787 977 818 sui

198 845 273 876 libri
284 844 415 876 exordio
431 843 583 875 adversus
595 842 756 874 Pastorem
773 841 930 881 Ecclesiae,
940 844 977 873 ut

199 909 378 941 pauperum
400 899 501 947 ipsius
519 907 654 938 gregem
673 898 802 929 invadat
826 898 974 936 atrocius,

198 953 340 994 primum
354 962 387 984 se
401 954 504 984 armat
514 952 767 993 possessionibus
777 951 973 983 Levitarum.

198 1007 278 1039 Nam
293 1007 328 1038 in
341 1007 402 1038 hoc
416 1007 630 1047 persuasionis
645 1015 712 1037 suae
727 1015 856 1037 sumnia
870 1006 976 1037 consi-

199 1061 273 1100 stit,
298 1061 383 1101 quod
402 1070 474 1092 cum
495 1061 599 1092 forma
616 1060 815 1101 perfectionis
834 1069 974 1100 evange-

198 1115 268 1146 licae
279 1115 312 1146 in
329 1115 447 1147 Levitis
461 1115 667 1155 praecesserit,
684 1114 801 1154 quibus
813 1124 831 1145 a
843 1114 976 1146 Domino

199 1169 321 1200 collatae
333 1169 463 1199 fuerunt
476 1168 619 1207 decimae,
636 1168 786 1208 primitiae
803 1168 977 1200 6101111110-

198 1231 255 1252 nes
269 1221 309 1253 ad
323 1221 515 1260 vivendum,
538 1222 682 1252 civitates
697 1222 736 1252 ad
751 1221 973 1260 habitandum,

199 1278 229 1307 et
253 1276 438 1307 suburbana
457 1276 496 1307 ad
520 1276 633 1307 alenda
653 1285 785 1316 pecora,
803 1277 829 1307 si
848 1276 976 1308 Novum

199 1328 437 1360 Testamentum
452 1328 558 1360 Veteri
570 1337 635 1359 non
647 1330 819 1368 repugnat,
833 1329 912 1368 quin
924 1338 977 1369 po-

196 1381 260 1413 tius
274 1384 442 1420 consonat,
459 1382 536 1422 quia
555 1384 624 1413 rota
639 1382 746 1413 eratin
762 1382 868 1413 medio
883 1385 973 1422 rotae,

196 1436 286 1467 nullo
308 1436 403 1467 modo
423 1436 598 1467 secundum
623 1436 684 1467 hoc
699 1437 889 1476 novaelegis
902 1446 974 1477 per-

196 1491 289 1522 fectio
310 1491 451 1522 consistit
474 1491 508 1521 in
534 1491 673 1522 carentia
697 1491 882 1530 hujusmodi
903 1501 976 1532 pos-

197 1544 386 1584 sessionum,
413 1545 467 1576 sed
491 1545 596 1585 potius
618 1544 653 1574 111
677 1544 823 1576 habendo
848 1554 911 1584 eaS‚
941 1547 977 1577 ut

197 1597 331 1629 Domino
355 1598 525 1630 dedicatas
544 1598 580 1629 In
596 1599 656 1629 hac
671 1600 778 1630 autem
795 1600 974 1639 persuasio-

195 1662 253 1691 ne,
277 1661 375 1692 quam
397 1661 454 1692 per
483 1652 600 1683 multas
635 1653 809 1684 verborum
838 1656 976 1685 venatur

196 1706 369 1745 ambages,
386 1715 452 1737 non
470 1706 573 1736 solum
594 1706 737 1745 veritati,
754 1707 808 1737 sed
831 1707 890 1737 sibi
912 1707 974 1747 ipsi

195 1760 380 1791 contradicit
402 1761 522 1800 aperte.
547 1759 582 1790 In
607 1760 797 1800 praecedenti
818 1761 975 1801 siquidem

195 1813 287 1851 libro,
304 1823 377 1844 cum
393 1814 594 1844 abstinentiae
617 1814 841 1854 perfectionem
864 1815 975 1855 impu-

197 1868 332 1906 gnaret,
356 1867 490 1897 asseruit
518 1867 633 1898 vinum
660 1868 756 1898 fuisse
775 1868 975 1908 prohibitum

196 1921 270 1951 filiis
293 1920 401 1952 Aaron
424 1921 660 1960 sacerdotibus,
682 1923 834 1962 tanquam
856 1923 975 1963 imper-

195 1975 303 2013 fectis;
320 1984 406 2005 nunc
422 1977 527 2005 autem
541 1975 610 2006 11105
624 1975 752 2006 eosdem
764 1976 798 2006 in
813 1977 975 2009 affluentia

198 2029 433 2069 possessionum
455 2030 608 2070 perfectos
628 2030 757 2069 asserit,
775 2031 867 2070 quasi
886 2033 976 2063 verbi

198 2083 314 2124 prioris
337 2083 472 2121 011111115,
489 2083 539 2115 vel
557 2084 584 2113 si
607 2083 686 2114 forte
710 2085 899 2116 memoriam
917 2087 975 2117 ha-

199 2137 288 2175 buit,
305 2137 339 2167 in
356 2138 477 2168 tantam
502 2137 631 2168 devenit
653 2138 768 2168 erroris
789 2139 972 2179 caliginem,

199 2193 235 2222 ut
249 2192 392 2231 putaret,
410 2191 494 2231 quod
516 2191 675 2222 abstinere
689 2202 708 2223 a
722 2192 840 2224 deliciis
859 2194 899 2224 sit
914 2195 975 2225 im-

198 2245 373 2285 perfectum
390 2268 398 2281 ,
422 2247 452 2275 et
476 2245 636 2285 possidere
659 2246 787 2277 divitias
811 2248 850 2278 sit
872 2249 973 2288 perfe-

197 2300 296 2330 ctum.
320 2298 468 2338 Insuper,
487 2302 517 2330 et
541 2309 613 2330 cum
636 2301 732 2340 paulo
752 2303 827 2333 ante
857 2302 974 2334 docue-

196 2353 258 2391 rit,
275 2352 361 2392 quod
382 2353 414 2382 in
435 2354 620 2393 contemptu
640 2355 744 2386 omnis
763 2357 972 2396 proprietatis,

196 2407 392 2446 evangelicae
404 2407 604 2447 perfectionis
614 2409 755 2440 consistit
769 2410 929 2450 incoeptio,
945 2414 975 2442 et

196 2461 374 2491 sacerdotes
388 2460 506 2490 levitici
520 2461 647 2500 generis
665 2462 847 2494 habuerunt
858 2474 974 2496 uxores

196 2516 228 2545 et
251 2514 345 2552 filios,
369 2514 408 2545 ad
429 2523 509 2554 quos
530 2514 613 2545 bona
635 2525 703 2554 sua,
728 2518 883 2557 tanquam
899 2528 974 2549 vere

197 2569 340 2608 propria,
368 2569 571 2599 haereditaria
597 2571 793 2602 successione
814 2574 974 2604 transmit-

195 2622 303 2653 tebant
321 2647 329 2661 ,
361 2624 538 2654 necessario
574 2625 719 2664 sequitur
738 2650 746 2663 ,
780 2627 865 2666 quod
900 2637 971 2668 per-

198 2675 289 2706 fectio
315 2676 500 2716 evangelica
524 2677 558 2707 in
584 2677 702 2708 Levitis
728 2687 793 2710 non
815 2680 894 2719 fuit,
921 2682 973 2713 vel

233 2739 237 2753 ¹
254 2737 338 2769 Helm,
359 2742 546 2769 111,11-12.-
566 2741 573 2754 ²
589 2740 661 2771 111111,
678 2747 700 2771 x,
721 2743 741 2764 1.

1757 241 1810 269 471

1034 302 1120 342 quod
1141 303 1298 335 abdicatio
1322 304 1524 344 proprietatis
1546 314 1609 336 non
1625 309 1671 337 est
1686 306 1814 338 initium

1033 355 1235 395 perfectionis
1249 357 1447 398 hujusmodi,
1460 367 1496 389 ac
1509 367 1566 398 per
1576 358 1638 390 hoc
1647 359 1814 392 manifeste

1033 410 1232 442 convincitur
1253 413 1312 442 sibi
1337 413 1397 453 ipsi
1418 421 1485 444 esse
1513 414 1703 446 contrarius.
1728 414 1813 446 Con-

1032 464 1185 496 trariatur
1200 465 1294 496 etiam
1315 466 1373 506 ipsi
1394 467 1541 498 veritati:
1557 467 1583 498 51
1601 468 1688 498 enim
1709 468 1814 500 forma

1033 517 1108 549 vitae
1122 518 1258 550 leviticae
1274 520 1498 559 perfectionem
1513 520 1594 559 legis
1615 522 1812 561 evangelicae

1033 573 1190 604 veraciter
1211 574 1367 612 continet,
1388 584 1463 606 cum
1487 575 1636 616 perfectio
1652 576 1737 607 modi
1761 577 1814 608 vi-

1032 626 1145 665 vendi,
1167 628 1230 657 tam
1253 627 1285 658 in
1308 627 1413 659 Veteri
1435 628 1649 669 Testamento,
1666 639 1764 671 quam
1780 631 1815 662 in

1032 679 1134 719 Novo,
1158 689 1347 721 supremum
1373 683 1477 714 teneat
1498 683 1625 722 locum,
1651 686 1683 715 et
1707 685 1812 725 perfe-

1033 737 1094 768 ctio
1118 737 1201 777 legis
1231 737 1416 778 perfectioni
1450 738 1622 779 Evangelii
1648 743 1812 781 aequatur,

1033 800 1161 822 necesse
1186 792 1233 822 est
1260 800 1425 822 summum
1453 792 1558 832 legis,
1586 795 1617 824 et
1645 804 1812 827 summum

1033 845 1222 885 Evangelii,
1243 846 1310 876 tam
1326 845 1360 876 in
1377 846 1502 884 merito,
1519 856 1617 886 quam
1631 847 1664 878 in
1679 849 1815 888 praemio

1032 901 1116 931 inter
1136 910 1168 931 se
1193 901 1331 941 aequari,
1357 910 1393 931 ac
1417 910 1473 942 per
1497 902 1558 933 hoc
1585 904 1815 935 testamentum

1031 958 1237 997 testamento,
1263 957 1433 997 promissio
1457 958 1679 998 promissioni,
1708 969 1815 991 sacer-

1032 1010 1156 1041 dotium
1171 1011 1345 1042 sacerdotIO
1368 1013 1565 1052 coaequatur.
1595 1012 1628 1044 Si
1648 1013 1748 1053 igitur
1763 1015 1816 1046 lex

1032 1066 1195 1095 neminem
1219 1064 1259 1095 ad
1284 1065 1458 1105 perfectum
1488 1065 1599 1105 duxit,
1626 1076 1684 1098 nee
1707 1068 1816 1100 Evan-

1034 1117 1178 1157 gelium:
1216 1118 1242 1148 si
1269 1128 1335 1149 non
1366 1128 1421 1158 per
1445 1119 1553 1158 legem
1579 1121 1702 1159 ,iustitia
1717 1145 1727 1160 ,
1757 1131 1816 1153 nec

1031 1181 1088 1211 per
1120 1171 1359 1212 Evangelium:
1393 1173 1419 1203 si
1451 1173 1547 1204 etiam
1573 1174 1629 1214 qui
1658 1175 1717 1205 sub
1741 1175 1816 1215 lege

1032 1227 1142 1262 erant,
1169 1226 1227 1256 sub
1253 1226 1419 1257 maledicto
1441 1227 1592 1266 fuerunt,
1615 1230 1645 1259 et
1671 1229 1728 1269 qui
1755 1230 1814 1260 sub

1031 1278 1235 1318 Evangelio:
1270 1280 1388 1311 frustra
1418 1280 1522 1320 igitur
1557 1281 1610 1312 Dei
1643 1281 1742 1313 Filius
1770 1285 1816 1314 est

1031 1332 1215 1364 incarnatus
1247 1336 1278 1364 et
1305 1342 1440 1373 passus,
1470 1334 1587 1366 frustra
1619 1336 1814 1368 translatum

1031 1388 1078 1417 est
1106 1387 1335 1425 sacerdotium,
1358 1387 1476 1428 frustra
1503 1388 1585 1428 legis
1611 1389 1815 1429 observantia

1032 1449 1090 1480 pro
1123 1441 1236 1481 maiori
1267 1442 1356 1481 parte
1388 1441 1505 1473 abolita
1527 1466 1534 1480 ,
1565 1444 1596 1473 et
1625 1444 1815 1484 evangelica

1031 1494 1149 1525 veritas
1180 1495 1369 1526 introducta.
1407 1495 1484 1533 Quae
1510 1497 1618 1527 omnia
1647 1507 1721 1528 cum
1749 1498 1814 1530 sint

1031 1548 1108 1579 falsa
1117 1550 1148 1579 et
1162 1548 1269 1588 impia,
1279 1551 1309 1580 et
1319 1558 1451 1589 prorsus
1464 1550 1641 1590 abjicienda
1654 1553 1811 1591 tanquam

1030 1601 1202 1640 haeretica,
1228 1604 1406 1634 neeessarIO
1428 1604 1648 1644 concluditur,
1676 1607 1707 1636 et
1733 1605 1813 1636 illud

1030 1664 1098 1686 csse
1117 1665 1301 1695 erroneum,
1319 1666 1358 1687 ex
1377 1667 1441 1697 quo
1457 1658 1525 1688 haec
1539 1661 1730 1699 sequuntur,
1748 1660 1809 1690 sei-

1030 1709 1102 1740 licet
1127 1710 1214 1750 quod
1237 1711 1269 1741 in
1292 1711 1394 1742 forma
1409 1712 1484 1743 vitae
1500 1713 1700 1744 sacerdotum
1720 1713 1812 1753 lega-

1030 1763 1127 1803 lium,
1152 1765 1346 1804 evangelicae
1367 1766 1566 1805 perfectionis
1586 1766 1718 1798 altitudo
1734 1777 1811 1799 con-

1031 1817 1131 1848 sistat.
1158 1817 1246 1849 Unde
1270 1819 1441 1858 Apostolus
1468 1819 1507 1850 ad
1537 1819 1689 1852 Hebraeos
1709 1822 1718 1838 ¹
1743 1832 1749 1852 ;
1775 1821 1812 1853 Si

1031 1873 1281 1910 consummatio,
1297 1872 1411 1912 inquit,
1439 1872 1471 1903 id
1496 1875 1564 1911 est,
1590 1874 1740 1914 perfectio
1767 1884 1813 1906 se-

1031 1925 1171 1956 cundum
1200 1926 1360 1965 61055601,
1389 1935 1445 1966 per
1473 1927 1690 1960 sacerdotium
1709 1930 1813 1962 levz'tz'-

1031 1987 1103 2010 cum
1128 1982 1206 2017 erat,
1230 1980 1313 2019 quid
1328 1980 1432 2012 adhue
1446 1982 1665 2014 necessarium
1683 1983 1747 2021 fuit
1761 1992 1810 2015 se-

1031 2033 1171 2065 cundum
1193 2033 1339 2066 ordinem
1364 2035 1606 2074 Melchisedech,
1628 2039 1658 2068 et
1681 2045 1746 2069 non
1763 2046 1812 2070 se-

1031 2087 1172 2119 eundum
1202 2088 1346 2120 ordinem
1379 2088 1489 2120 Aaron
1519 2089 1613 2121 clici?
1643 2090 1812 2124 Translate

1032 2143 1118 2173 enim
1132 2142 1324 2181 sacerdotio,
1337 2151 1460 2175 necesse
1471 2147 1518 2176 est
1530 2148 1565 2176 uc
1576 2147 1605 2176 et
1616 2145 1695 2185 lepis
1706 2149 1812 2178 trans-

1032 2195 1111 2227 lacio
1127 2196 1200 2234 fiat.
1226 2196 1283 2226 Ubi
1302 2196 1412 2227 Glossa
1429 2207 1435 2227 :
1457 2208 1471 2226 α
1486 2196 1543 2227 Hic
1557 2198 1668 2238 incipit
1683 2198 1764 2231 Novi
1781 2202 1811 2230 et

1031 2249 1152 2280 Veteris
1176 2249 1367 2280 Testamenti
1395 2250 1589 2282 differentias
1617 2252 1703 2291 dare,
1734 2254 1811 2293 quia

1030 2303 1108 2334 illud
1136 2304 1370 2343 imperfectum.
1400 2315 1414 2332 1)
1446 2304 1503 2335 Cui
1532 2305 1627 2336 etiam
1657 2309 1810 2338 consonat

1030 2356 1126 2393 illud,
1158 2357 1243 2397 quod
1278 2358 1511 2398 subsequenter
1547 2359 1698 2399 adiungit
1724 2361 1809 2391 idem

1029 2411 1199 2451 Apostolus
1217 2422 1223 2441 :
1247 2411 1404 2450 Umbram,
1415 2412 1518 2452 inquit
1529 2413 1550 2451 ²,
1565 2413 1681 2445 habens
1695 2414 1748 2445 lese
1758 2415 1809 2453 fu-

1030 2469 1174 2498 turorum
1191 2465 1357 2505 bonorum,
1374 2475 1438 2499 non
1452 2468 1558 2507 ipsam
1575 2469 1750 2508 z'moqz'nem
1764 2477 1809 2501 re-

1029 2528 1123 2558 rum,
1152 2529 1321 2560 nimquam
1342 2521 1526 2553 accedentes
1548 2523 1706 2561 perfectos
1724 2524 1809 2562 face-

1030 2577 1077 2606 ret
1101 2574 1153 2614 (a).
1173 2574 1231 2605 Ubi
1249 2574 1356 2605 Glossa
1372 2586 1378 2605 z
1397 2586 1410 2603 (t
1426 2575 1489 2605 Lex
1507 2576 1657 2606 umbram
1669 2576 1805 2615 habens,

1031 2637 1198 2668 nunquam
1207 2630 1307 2668 potest
1314 2628 1416 2659 faeere
1425 2638 1452 2668 pn
1459 2629 1768 2669 711601051111-1111111115,
1776 2633 1808 2662 61

1030 2682 1130 2712 1101105
1155 2682 1331 2722 pontifices.
1348 2692 1363 2710 1)
1384 2681 1454 2713 Νο11
1478 2685 1524 2713 651
1540 2683 1641 2721 igitur
1658 2684 1807 2724 perfectio

1061 2746 1094 2775 (α)
1112 2744 1187 2776 Vulg.
1203 2751 1337 2775 numquam
1351 2746 1430 2774 potest
1447 2746 1526 2769 acced.
1538 2747 1604 2777 perf.
1620 2747 1711 2777 facere.
