2029 3052
0 824 7 880 —.w

1 987 6 994 ⁴
0 892 11 978 .-9-

60 1382 86 1402 B.
94 1383 124 1402 M.
131 1381 168 1402 he-

70 1413 157 1433 nediela

67 1445 158 1470 propter

67 1475 155 1496 miscri-

58 1506 164 1532 cordiam,

80 1543 146 1563 quam

76 1569 151 1589 nobis-

58 1605 107 1620 cum
115 1607 165 1627 cpe-

58 1633 126 1652 ratur.

880 221 1020 257 LECTJO
1043 221 1121 254 XIV.

190 297 261 326 ager
281 289 349 318 ideo
368 288 552 323 benedictus,
575 287 646 324 quia
667 287 840 317 benedictus
859 288 971 318 fructus

189 337 252 373 ejus
273 339 323 366 cst.
343 336 433 366 Maria
450 335 541 371 enim,
559 334 678 369 fratres,
699 335 742 363 est
761 343 832 369 ager
850 336 901 364 ille
918 336 971 365 be-

188 384 332 419 nedictus,
352 383 389 412 de
410 391 472 420 quo
494 382 601 410 dicitur
618 381 649 410 in
670 382 766 411 Genesi
780 384 787 400 ¹
803 392 809 410 :
824 385 889 412 Ecce
905 383 971 411 odor

187 433 243 466 filii
256 433 319 467 mei,
333 432 405 459 siout
416 431 480 458 odor
493 431 554 465 aqri
565 430 652 466 pleni,
667 431 711 457 cui
727 430 865 458 benedioeit
878 432 970 458 Domi-

187 486 248 507 nus.
270 479 308 506 De
330 478 387 506 hoc
402 477 505 506 beatus
522 477 718 512 Hieronymus
732 477 773 505 ait
787 477 828 505 sic
843 479 854 495 2
869 487 878 504 .·
893 479 969 506 Bene

187 534 258 562 ager
278 525 383 563 plenus
408 524 526 560 dicitur,
547 524 618 561 quia
641 524 730 553 Maria
757 524 847 561 plena
875 525 970 561 gratia

186 573 405 609 pronuntiatur,
426 572 462 600 de
487 572 571 608 anus
591 573 676 600 utero
699 571 888 600 credentibus
907 572 968 601 fru-

186 620 249 648 ctus
263 619 327 648 vitae
341 618 492 655 processit.
509 628 523 645 >³
540 620 562 647 O
576 626 645 646 vere
665 626 735 654 ager
755 627 844 655 super
865 627 969 647 omnes

185 674 274 703 agros
288 666 463 695 benedictus
477 667 599 702 propter
618 666 747 694 fructum
761 667 766 693 !
783 667 805 694 Ο
819 674 888 694 vere
904 675 968 694 ma-

185 715 228 742 ter
249 721 337 750 super
352 721 455 741 omnes
474 714 583 741 matres
610 712 769 741 benedicta
786 715 908 749 propter
923 713 968 741 Fi-

183 760 276 788 lium!
295 760 460 788 secundum
476 759 560 795 quod
575 759 664 788 etiam
679 760 849 788 exclamans
863 760 968 788 beatus

182 806 362 842 Augustinus
376 806 416 835 ait
431 807 441 824 ³
457 816 463 834 :
477 816 489 832 «
501 807 523 835 O
533 806 654 834 foemina
666 814 756 842 super
767 806 904 835 t'oeminas
918 807 969 835 be-

183 853 311 889 nedicta,
334 862 401 890 quae
420 853 518 881 virum
541 853 665 881 omnino
688 861 750 881 non
774 853 868 888 novit,
884 856 911 882 et
926 854 969 882 vi-

183 908 252 928 rum
273 908 328 928 suo
349 901 434 928 utero
454 900 666 928 circumdedit!
684 902 756 928 Ecce
786 900 927 936 vidimus,
949 909 967 929 ο

184 946 356 975 dulcissima
370 947 471 982 Maria,
488 947 558 983 quia
577 949 620 982 tu,
634 949 757 984 propter
776 947 968 976 benedictum

183 994 290 1022 Filium
314 995 424 1022 ventris
445 994 497 1029 tui,
523 1002 553 1022 es
575 1002 644 1022 vere
668 995 827 1023 benedicta
842 995 967 1023 benedi-

183 1040 279 1069 ctione
295 1041 408 1077 divina,
422 1041 568 1077 angelica,
585 1043 613 1069 et
627 1042 768 1070 humana.
787 1044 858 1077 Heu,
875 1050 967 1078 quam

182 1088 272 1125 longe
288 1089 326 1117 ab
339 1089 394 1117 ista
403 1088 611 1117 benedictione
627 1089 722 1117 Mariae
737 1091 815 1124 sunt,
831 1090 883 1126 qui
899 1097 967 1126 pro-

181 1137 247 1172 pter
269 1136 462 1164 maledictum
481 1135 608 1164 fructum
633 1136 730 1172 operis
757 1137 813 1172 sui,
839 1137 966 1165 maledi-

182 1182 311 1211 ctionem
325 1183 480 1211 incurrunt
496 1183 641 1218 divinam,
666 1184 833 1219 angelicam
859 1185 887 1212 et
910 1184 966 1212 hu-

182 1238 303 1258 manam
324 1239 330 1258 :
353 1231 426 1258 dum
448 1230 598 1258 maledicti
619 1239 637 1258 a
661 1233 730 1267 Deo,
755 1231 904 1259 maledicti
927 1232 965 1260 ab

181 1277 307 1312 angelis,
327 1277 478 1305 maledicti
494 1277 532 1305 ab
547 1277 721 1306 hominibus
737 1280 823 1306 erunt
836 1278 867 1306 in
881 1280 965 1306 aeter-

181 1324 270 1351 num!

217 1370 311 1398 Tertio
326 1373 459 1406 pensate,
475 1370 649 1404 charissimi,
666 1372 821 1407 quomodo
836 1380 904 1400 vere
916 1373 965 1400 be-

181 1417 298 1446 nedicta
313 1417 349 1444 sit
363 1418 451 1445 Maria
471 1420 592 1453 propter
611 1418 832 1447 multitudinem
851 1420 965 1447 miseri-

181 1464 290 1492 cordioe
305 1473 373 1492 suae.
391 1466 456 1500 Ipsa
473 1472 604 1500 namque
614 1465 761 1501 perillam
777 1466 854 1494 Ruth
867 1466 964 1502 signa-

180 1513 237 1546 tur,
259 1512 296 1539 de
316 1519 377 1548 qua
396 1512 503 1540 dicitur
521 1512 531 1528 ⁴
554 1522 560 1539 1
584 1512 730 1540 Benedicta
751 1521 776 1541 es
795 1522 811 1541 α
833 1515 963 1549 Domino,

178 1559 249 1593 filia,
260 1560 325 1594 quia
335 1560 452 1593 priorem
466 1560 681 1586 misericordiam
693 1562 840 1595 posteriore
851 1568 963 1596 supera-

178 1606 226 1632 sti.
242 1605 324 1633 Prior
339 1605 434 1634 Mariae
453 1605 658 1634 misericordia
675 1606 745 1641 fuit,
767 1615 859 1643 quam
878 1608 963 1636 exhi—

178 1652 253 1686 buit,
269 1652 342 1680 dum
360 1652 458 1680 adhuc
478 1652 589 1680 viveret
609 1653 639 1680 in
659 1653 793 1688 mundo,
817 1655 963 1690 posterior

178 1707 250 1727 vero
265 1700 327 1735 ejus
342 1699 548 1727 misericordia
568 1701 620 1733 est,
644 1708 736 1736 quam
753 1701 815 1736 jam
836 1702 962 1738 amplius

178 1754 270 1782 quam
294 1754 348 1782 per
369 1746 450 1774 mille
480 1746 624 1775 ducentos
646 1755 741 1775 annos
767 1748 901 1776 exhibuit
924 1749 961 1777 de

177 1793 265 1821 coelo.
290 1793 436 1821 Posterior
468 1802 599 1829 namque
634 1794 766 1830 priorem
799 1797 960 1831 superavit,

177 1840 249 1876 quia
267 1840 322 1867 ista
342 1840 425 1867 illam
452 1840 674 1868 multitudinem
696 1842 960 1871 innumerabilium

176 1886 392 1914 beneficiorum
422 1887 554 1914 excessit.
584 1887 653 1920 Quis
689 1889 833 1917 {estimare
868 1891 961 1925 possit

177 1941 269 1969 quam
290 1933 534 1961 inaestimabiliter
549 1934 639 1962 Maria
653 1937 775 1971 propter
791 1936 959 1964 misericor-

177 1980 258 2008 diam
274 1988 359 2008 suam
374 1980 410 2008 sit
421 1980 590 2015 benedicta,
606 1989 675 2009 cum
690 1982 903 2011 inaestimabilis
923 1984 959 2012 sit

175 2027 241 2063 ipsa
256 2028 319 2062 ejus
334 2027 560 2055 misericordia?
576 2029 608 2056 Et
623 2028 689 2064 quis
705 2030 849 2058 aestimare
863 2033 959 2066 potest

175 2082 267 2110 quam
278 2074 493 2102 inaestimahilis
506 2074 542 2102 sit
556 2075 651 2102 Mariae
662 2075 877 2112 misericordia,
889 2086 957 2114 pro-

174 2123 239 2156 pter
253 2129 346 2157 quam
360 2122 424 2157 ipsa
439 2124 500 2149 iam
519 2121 763 2151 inaestimabiliter
777 2125 820 2151 est
835 2124 958 2152 benedi-

175 2168 242 2194 cta?
256 2167 326 2195 Hinc
337 2170 390 2202 est,
400 2168 483 2204 quod
492 2168 597 2196 heatus
609 2170 775 2197 Bernardus
787 2171 956 2200 exclamans

174 2213 287 2241 dicit5:
307 2224 320 2239 «
340 2214 408 2248 Quis
427 2215 638 2243 misericordiae
659 2217 728 2252 tuce,
750 2225 767 2245 o
785 2217 954 2254 benedicta,

173 2260 404 2296 longitudinem,
420 2263 448 2288 et
461 2261 658 2296 latitudincm,
684 2266 710 2291 et
731 2264 954 2300 sublimitatem,

174 2309 202 2334 et
222 2307 455 2343 profunditatem
475 2311 563 2344 queat
587 2310 786 2345 investigare?
801 2322 814 2338 »
833 2313 955 2340 Benedi-

173 2356 219 2382 cta
233 2363 305 2390 ergo
321 2357 363 2382 est
378 2355 468 2383 Maria
488 2363 542 2391 pro
562 2356 717 2392 multiplici
738 2358 953 2394 misericordia,

173 2409 264 2436 quam
287 2409 341 2437 per
362 2410 428 2429 eam
451 2402 543 2430 homo
563 2403 691 2438 reccpit3
718 2404 875 2434 benedicta
899 2407 954 2434 uti-

173 2456 248 2484 que,
277 2448 348 2484 quia
374 2457 428 2484 per
458 2457 524 2477 eam
553 2451 627 2477 Deus
655 2450 768 2478 homini
797 2451 952 2487 placabilis

204 2545 211 2561 ¹
229 2545 301 2576 Gen„
317 2552 404 2576 xxv11,
420 2548 458 2570 27.
477 2560 505 2563 —
522 2547 531 2562 Ξ
547 2547 660 2577 Hieron„
676 2547 705 2571 de
720 2548 845 2579 Asszimpt.
861 2550 890 2573 B.
906 2551 951 2581 M.⁷

173 2587 262 2611 serm„
277 2581 310 2604 al.
330 2582 403 2612 epist.
421 2589 451 2613 x,
468 2585 527 2613 post
541 2583 608 2608 nlcd.
623 2598 652 2602 —-
669 2583 680 2599 ³
700 2584 753 2607 imo
769 2586 867 2615 auctor,
886 2586 952 2616 quis-

172 2616 229 2647 quis
251 2617 292 2641 illc
311 2617 359 2648 sit,
379 2625 456 2642 serm.
475 2619 505 2642 de
527 2619 618 2650 Temp„
639 2626 678 2650 ix,
700 2620 731 2644 al.
751 2627 827 2650 cmx,
843 2628 868 2646 n.
886 2622 909 2652 3,
925 2622 951 2646 in

173 2652 288 2683 Append.
312 2655 375 2677 tom.
393 2655 442 2685 Vl,
465 2655 536 2686 Oper.
561 2656 585 2679 S.
608 2656 671 2686 Aug.
689 2669 716 2672 —
735 2656 742 2670 ⁶
763 2656 835 2686 Ruth,
853 2663 895 2687 ιιι,
911 2660 949 2682 10.

172 2701 202 2705 —
221 2689 231 2705 ὅ
248 2690 336 2720 Bern.,
356 2689 383 2713 z'n
405 2690 532 2722 Assumpt.
555 2692 583 2716 B.
606 2693 657 2720 M„
677 2699 753 2716 serm.
775 2699 808 2723 iv,
833 2700 860 2717 n.
882 2696 904 2718 8.
921 2707 950 2712 —

1751 235 1811 266 ⁶275

1028 290 1086 325 cst,-
1104 289 1261 320 benedicta
1277 300 1398 330 quoque
1413 295 1465 330 est,
1482 295 1553 332 quia
1566 304 1620 332 per
1635 306 1701 327 cam
1716 300 1808 330 homo

1028 337 1086 365 Deo
1117 339 1308 375 acceptabilis
1337 343 1397 377 cst;
1425 342 1582 372 benedicta
1608 344 1730 382 insuper
1755 350 1808 383 est,

1028 383 1099 419 quia
1127 393 1181 420 per
1211 393 1277 414 eam
1308 387 1447 417 diabolus
1484 390 1597 419 homini
1631 394 1809 428 superabilis

1028 431 1079 458 est.
1118 431 1197 466 Dico,
1235 433 1414 471 charissimi,
1449 437 1533 473 quod
1564 439 1653 467 Maria
1685 440 1810 470 benedi-

1027 478 1074 505 cta
1101 480 1153 512 cst,
1183 479 1254 515 quia
1280 489 1334 517 per
1359 490 1425 511 cam
1450 485 1525 512 Deus
1541 484 1656 514 homini
1676 487 1810 523 placabi-

1026 524 1062 552 lis
1082 527 1135 560 est,
1157 526 1231 555 sicut
1250 528 1400 564 signatum
1419 534 1462 560 est
1483 532 1514 560 in
1537 533 1666 569 Abigail,
1690 535 1727 564 de
1750 544 1810 572 qua

1025 571 1143 608 legitur,
1161 574 1245 610 quod
1261 583 1329 604 cum
1344 578 1437 606 David
1452 579 1582 608 offensus
1598 581 1734 611 occidere
1748 583 1811 612 vel-

1025 618 1066 647 let
1089 619 1184 648 Nabal
1207 622 1341 658 stultum,
1367 624 1484 660 Abigail
1504 634 1662 657 occurrens
1683 630 1809 667 offenso,

1025 665 1156 701 placavit
1174 676 1254 697 eum.
1277 671 1331 704 Qui
1346 671 1481 707 placatus
1501 674 1574 703 dixit
1588 676 1598 692 ⁰
1615 685 1621 703 :
1638 678 1811 706 Benedictum

1026 715 1159 750 eloquium
1174 719 1260 752 tuum,
1273 720 1297 745 ei
1309 719 1449 748 benedicta
1460 722 1497 754 iu,
1511 729 1570 756 quoe
1578 724 1749 758 prohibuisti
1757 734 1808 761 me,

1025 767 1058 787 ne
1069 761 1137 788 irem
1151 761 1230 789 hodie
1246 763 1283 790 ad
1296 766 1464 800 sanquinem,
1477 768 1502 793 ec
1516 768 1659 796 ulciscerer
1672 778 1713 797 me
1727 779 1811 798 manu

1025 814 1094 834 mea.
1115 808 1209 836 Nabal
1229 809 1333 838 stultus
1356 811 1452 847 signat
1481 816 1679 849 peccatorem.
1710 817 1810 845 Omnis

1025 853 1105 881 enim
1119 857 1258 890 peccator
1273 857 1377 886 stultus
1391 861 1442 887 est.
1455 860 1524 895 Sed,
1537 861 1609 890 heu!
1620 863 1694 891 sicut
1704 864 1812 893 dicitur

1025 900 1055 928 in
1075 902 1234 931 Ecclesiaste
1248 905 1258 921 ⁷
1273 913 1281 931 :
1298 905 1449 933 Stultorum
1470 909 1598 942 infinitus
1617 912 1655 938 est
1673 919 1809 940 numerus.

1025 947 1142 983 Abigail
1162 950 1282 978 Mariam
1305 951 1412 988 signat,
1432 954 1641 992 interpretatur
1660 958 1740 986 cnim
1759 961 1810 987 Pa-

1026 996 1076 1022 tris
1092 998 1240 1025 eaeultatio.
1256 999 1278 1026 Ο
1294 1002 1405 1035 quanta
1421 1002 1511 1030 Pati-Is
1526 1004 1651 1032 coelestis
1664 1005 1696 1033 in
1709 1007 1809 1042 Maria,

1024 1044 1052 1069 et
1073 1043 1169 1071 Mariae
1190 1044 1221 1072 in
1241 1046 1323 1073 Patre
1349 1047 1460 1076 coelesti
1485 1050 1539 1078 fuit
1558 1051 1710 1087 exultatio,
1740 1062 1809 1082 cum

1023 1089 1088 1125 ipsa
1108 1090 1182 1118 dixit
1197 1092 1207 1108 Β
1225 1100 1231 1119 :
1248 1094 1394 1122 Eoeuliavic
1414 1097 1530 1130 spiritus
1552 1107 1624 1127 meus
1645 1102 1674 1127 in
1692 1101 1744 1128 Deo
1762 1110 1808 1130 sa-

1024 1137 1110 1165 lutari
1133 1141 1206 1166 meo!
1219 1139 1297 1168 Sicut
1316 1143 1415 1169 autem
1438 1143 1554 1179 Abigail
1574 1147 1731 1176 Dominam
1751 1157 1807 1177 no-

1024 1185 1125 1219 stram,
1143 1186 1184 1213 sic
1200 1187 1293 1214 David
1310 1189 1468 1218 Dominum
1480 1194 1615 1222 nostrum
1631 1194 1738 1231 signat.
1755 1198 1808 1225 Da—

1022 1231 1074 1258 vid
1084 1233 1184 1260 autem
1195 1233 1325 1262 offensus
1337 1237 1378 1263 est
1390 1237 1478 1266 stulto
1494 1240 1598 1275 Nabal,
1609 1243 1733 1278 quando
1749 1245 1805 1273 Do-

1022 1278 1120 1306 minus
1140 1280 1270 1309 offensus
1290 1284 1333 1310 est
1354 1283 1469 1312 homini
1484 1286 1589 1323 impio.
1607 1290 1698 1318 David
1713 1292 1806 1320 Nabal

1022 1325 1110 1354 stulto
1134 1335 1188 1362 per
1213 1328 1330 1364 Abigail
1349 1331 1495 1368 placatur,
1517 1335 1640 1370 quando
1665 1338 1806 1367 Dominus

1022 1372 1115 1409 impio
1127 1382 1180 1410 pcr
1190 1376 1310 1404 Mariam
1322 1380 1540 1409 reconciliatur.
1551 1383 1667 1419 Abigail
1678 1385 1807 1421 placavit

1022 1420 1115 1447 David
1130 1422 1228 1450 verbis
1243 1426 1270 1451 et
1285 1426 1477 1462 muneribus,
1493 1429 1583 1457 Maria
1598 1431 1696 1466 placat
1707 1434 1806 1461 Domi-

1020 1474 1093 1494 num
1108 1468 1247 1503 precibus
1263 1472 1290 1498 et
1305 1472 1425 1500 meritis.
1440 1475 1557 1510 Abigail
1572 1477 1717 1506 ultionem
1733 1481 1806 1508 tem-

1020 1514 1165 1550 poralem,
1180 1517 1269 1545 Maria
1287 1527 1358 1546 vcro
1370 1522 1540 1550 aeternalem
1556 1527 1714 1561 convertit,
1733 1527 1805 1555 dum

1019 1560 1071 1588 illa
1085 1562 1263 1598 humanum,
1279 1565 1333 1594 ista
1347 1575 1419 1595 vero
1433 1568 1569 1598 divinum
1581 1571 1717 1606 gladium
1731 1582 1803 1602 con-

1019 1608 1113 1636 vertit.
1126 1611 1247 1645 Propter
1261 1612 1318 1639 hoc
1333 1613 1410 1642 hene
1422 1615 1461 1642 ait
1476 1617 1641 1646 Bernardus
1651 1620 1677 1647 ⁹:
1691 1631 1703 1645 «
1715 1622 1804 1650 Nemo

1019 1656 1079 1682 tam
1094 1655 1235 1692 idoneus,
1252 1659 1389 1695 Domina,
1414 1662 1466 1697 qui
1489 1663 1590 1698 gladio
1612 1667 1728 1694 Domini
1747 1676 1803 1704 pro

1017 1702 1105 1729 nobis
1121 1712 1246 1732 manum
1262 1705 1394 1741 objiciat,
1417 1710 1450 1736 ut
1471 1711 1501 1737 tu
1523 1711 1573 1738 Dei
1589 1714 1802 1750 amantissima,

1017 1757 1070 1784 per
1094 1758 1186 1786 quam
1206 1752 1339 1787 primum
1362 1756 1546 1791 suscepimus
1567 1758 1803 1790 misericordiam

1017 1796 1054 1823 dc
1069 1805 1161 1825 manu
1176 1800 1291 1827 Domini
1308 1801 1356 1828 Dci
1373 1803 1473 1831 nostri.
1491 1814 1504 1829 »
1524 1806 1605 1839 item,
1624 1807 1800 1845 charissimi,

1016 1844 1105 1871 Maria
1124 1852 1186 1872 non
1206 1846 1304 1874 solum
1325 1848 1484 1878 benedicta
1503 1854 1554 1887 est,
1572 1853 1643 1888 quia
1666 1863 1720 1890 per
1734 1864 1801 1884 eam

1016 1890 1090 1917 Deus
1104 1891 1220 1920 homini
1237 1893 1468 1931 placabilis.est,·
1486 1899 1538 1926 sed
1554 1900 1642 1927 etiam
1657 1901 1725 1929 ideo
1745 1903 1799 1931 he-

1014 1937 1132 1965 nedicta
1148 1940 1200 1974 est,
1218 1940 1288 1975 quia
1302 1950 1355 1976 per
1371 1951 1437 1971 eam
1452 1944 1544 1973 homo
1560 1948 1618 1974 Deo
1632 1950 1798 1985 acceptabi-

1013 1983 1049 2010 lis
1065 1986 1116 2018 est,
1138 1993 1173 2013 eo
1195 1987 1278 2022 quod
1299 1996 1353 2023 per
1375 1989 1471 2026 ipsam
1497 1992 1685 2022 benedictam
1706 1996 1798 2026 homo

1012 2029 1186 2060 benedictus
1208 2036 1258 2061 cst.
1284 2035 1364 2063 Unde
1389 2037 1466 2065 bene
1489 2038 1519 2066 in
1547 2041 1622 2068 Isaia
1642 2042 1748 2071 dicitur
1767 2045 1798 2078 ¹⁰,

1013 2078 1096 2113 quod
1113 2082 1165 2106 erit
1181 2081 1266 2109 Israel
1281 2082 1430 2112 benedictio
1446 2087 1475 2112 in
1488 2087 1575 2114 medio
1592 2091 1679 2124 teme,
1697 2093 1742 2118 cui
1756 2092 1798 2120 be-

1012 2126 1120 2153 nediaez'c
1144 2128 1276 2156 Dominus
1293 2133 1470 2167 emercz'tuum,
1497 2134 1588 2162 dicens
1609 2145 1617 2162 .·
1636 2138 1797 2167 Benedictus

1009 2174 1127 2207 populns
1142 2182 1223 2209 niens,
1240 2178 1294 2203 etc.
1318 2177 1443 2205 Mcdium
1464 2181 1547 2207 terrae
1572 2182 1619 2209 cui
1643 2183 1797 2213 benedixit

1012 2219 1163 2254 Dominus,
1186 2221 1244 2248 dici
1259 2224 1355 2258 potest
1369 2224 1455 2253 beata
1474 2227 1570 2263 Virgo,
1589 2229 1621 2256 in
1636 2238 1696 2266 quo
1713 2233 1795 2260 terrae

1010 2266 1111 2294 medio
1134 2267 1272 2296 inchoata
1294 2273 1335 2298 est
1362 2272 1462 2299 salutis
1487 2277 1593 2303 nostrfe
1612 2277 1793 2314 benedictio,

1007 2313 1092 2347 Juxta
1106 2314 1181 2342 illud
1197 2316 1303 2343 Psalmi
1317 2318 1335 2334 ¹¹
1350 2327 1356 2345 :
1370 2320 1440 2347 Deus
1455 2324 1544 2349 autem
1559 2324 1616 2351 Reoe
1632 2329 1721 2353 noster
1732 2330 1795 2354 ante

1009 2362 1107 2388 soeculu
1122 2365 1247 2396 operatus
1263 2367 1300 2391 est
1316 2366 1429 2393 salutem
1443 2369 1472 2395 in
1487 2370 1575 2397 medio
1589 2374 1675 2399 terroe.
1689 2374 1726 2399 Dc
1737 2373 1794 2400 hoc

1008 2410 1092 2435 terrae
1109 2409 1209 2436 medio
1225 2411 1252 2436 B.
1266 2412 1431 2441 Bcrnardus
1447 2415 1487 2442 sic
1503 2416 1543 2443 ait
1554 2417 1575 2433 ¹²
1590 2427 1596 2444 ;
1614 2419 1727 2446 «Maria
1741 2421 1796 2446 mi-

1008 2455 1095 2482 rabili
1111 2456 1289 2491 proprietate
1306 2460 1390 2487 terrae
1404 2461 1538 2490 medium
1554 2465 1740 2502 appellatur,
1756 2468 1795 2495 ad

1009 2501 1090 2528 illam
1107 2502 1197 2537 enim,
1221 2503 1295 2532 sicut
1314 2506 1353 2534 ad
1376 2508 1520 2545 medium,
1541 2511 1614 2539 sicut
1636 2512 1675 2540 ad
1694 2521 1794 2542 arcam

1010 2588 1017 2600 Ε
1036 2588 1041 2610 l
1061 2588 1108 2617 neq
1123 2607 1128 2615 ,
1154 2595 1212 2620 xxv,
1229 2591 1267 2615 32¹.
1283 2605 1312 2609 —
1339 2593 1452 2624 ¹‘Ecrle.,
1468 2601 1489 2626 1,
1512 2597 1549 2620 iij.
1564 2611 1594 2615 —
1613 2600 1620 2611 '³
1634 2600 1701 2630 Lice„
1719 2607 1735 2631 l,
1755 2604 1792 2627 47.

1008 2635 1034 2639 —
1051 2624 1059 2636 ²*
1075 2624 1119 2647 Vel
1137 2624 1250 2656 Ecbert.,
1268 2628 1368 2659 Deprec.
1385 2632 1408 2653 ei
1427 2631 1494 2654 lccml.
1516 2633 1550 2655 ad
1570 2634 1598 2657 B.
1625 2635 1651 2658 V.
1672 2637 1719 2666 M.‚
1740 2637 1793 2661 fere

1007 2665 1033 2688 in
1050 2659 1131 2689 princ,
1149 2674 1178 2678 —
1196 2662 1213 2677 ¹⁰
1226 2662 1285 2692 lm„
1302 2671 1356 2695 xix,
1373 2667 1412 2689 24.
1428 2679 1458 2684 —
1475 2668 1491 2683 ¹¹
1514 2669 1580 2693 Psal.
1600 2674 1793 2703 Lxx111‚12.—

1009 2696 1029 2713 ¹²
1048 2697 1136 2727 Deru„
1151 2696 1181 2719 <lc
1199 2700 1279 2729 vent„
1296 2707 1374 2725 scrin.
1395 2708 1423 2732 ιι,
1439 2710 1464 2726 n.
1482 2705 1503 2733 4,
1521 2705 1563 2728 ubi
1580 2714 1636 2738 sup.
