2029 3052
263 211 324 241 190

604 209 861 245 PSALTERlUM
883 212 1008 247 MINUS
1028 214 1174 249 BEATAE
1196 217 1337 253 MARIAE
1358 221 1550 256 VlRGlNlS.

388 278 470 306 Bona
483 277 558 306 mihi
572 277 772 307 tribuentem:

388 325 489 360 Serva,
504 324 605 360 Virgo,
619 332 668 353 me
684 326 850 355 canentem.
897 355 900 359 ,

424 372 496 406 Ave,
510 371 600 408 Virgo
615 373 675 400 Deo
693 372 793 409 chara,

386 417 525 453 Pulchra,
539 417 650 454 suavis,
659 418 804 457 prudens,
820 421 902 450 clara
918 431 925 450 z

386 463 456 493 Sola
470 464 519 492 Dei
534 463 663 493 salutare

384 510 477 546 Digna
492 510 608 540 mundo
623 519 776 548 generare.

421 559 492 592 Ave,
507 557 607 594 Virgo,
622 558 716 588 virtus
729 568 808 598 mea,

383 605 491 633 Natum
504 605 598 634 Deum
611 613 702 642 posce
717 607 785 644 dea,

383 652 417 680 Ut
431 651 462 680 in
476 659 544 680 arce
558 652 628 682 Sion
643 653 730 683 clai-ee

382 701 440 728 Nos
459 701 605 730 concedat
618 701 762 732 habitare.

416 749 488 783 Ave,
503 747 602 785 Virgo,
617 748 716 778 forma
730 757 861 786 morum,

381 796 434 824 Cui
448 796 580 825 Christus
594 799 655 826 Rex
670 798 826 834 coelorum,

381 843 481 872 Mundi
497 845 575 872 curis
589 844 746 881 expeditne,

380 891 469 919 Notas
483 890 552 919 feeit
566 891 630 920 vias
644 892 721 920 vitae.

413 939 486 972 Ave,
501 938 589 974 Virgo
605 939 691 975 cujus
706 940 763 975 ori,

378 984 458 1020 Voci,
474 985 573 1014 verbis
588 988 617 1014 et
631 986 768 1021 clamori,

379 1031 428 1059 Dei
446 1039 534 1061 aures
549 1033 697 1062 inclinatae

376 1079 457 1114 Sunt,
473 1080 631 1116 praestandi
646 1080 792 1117 largitate.

410 1127 481 1160 Ave,
497 1127 584 1162 Virgo
600 1127 765 1163 diligenda,

375 1172 475 1201 Laude
490 1174 604 1202 cunctis
616 1174 813 1211 praeferenda,

376 1219 469 1248 Radix
485 1223 596 1256 saneta,
611 1230 715 1250 semen
731 1230 844 1259 verum,

375 1265 440 1294 Flos
455 1269 483 1294 et
498 1275 618 1303 gemma
635 1269 808 1305 mulierum,

409 1315 479 1349 Ave,
496 1315 579 1350 cujus
594 1318 774 1352 provocatus

374 1361 480 1390 Forma
490 1363 565 1389 Deus
579 1363 638 1391 Deo
652 1365 749 1398 natus,

373 1408 556 1443 Pugnaturus
572 1417 632 1437 non
648 1410 778 1446 expavit,

373 1454 429 1482 Sed
444 1457 476 1483 ut
491 1456 576 1492 gigas
591 1457 741 1485 exultavit.

407 1504 479 1537 Ave,
494 1502 580 1531 Scala
592 1503 702 1532 cii-lum
717 1506 851 1540 tangens,

371 1548 415 1576 Ad
432 1551 468 1584 te,
484 1549 583 1586 Virgo,
595 1550 692 1579 clamo
707 1551 863 1588 plangens,

373 1596 405 1624 Ut
418 1603 436 1624 a
450 1596 542 1632 malo,
559 1597 649 1626 Stella
663 1599 764 1634 maris,

372 1644 408 1671 De
424 1644 494 1672 Sion
508 1652 555 1672 me
571 1646 687 1673 tuearis.

406 1693 476 1726 Ave,
493 1693 570 1720 Jesse
585 1693 672 1729 stirps
683 1693 780 1730 beata,

372 1737 459 1773 Virgo
477 1741 548 1767 voto
565 1747 625 1767 uon
646 1740 783 1769 fraudata

370 1785 420 1813 Tui
436 1786 546 1820 cordis,
558 1788 585 1814 et
601 1789 718 1816 tuorum

370 1832 523 1861 Voluntate
539 1834 699 1862 labiorum.

405 1882 475 1915 Ave,
491 1881 576 1916 cujus
591 1890 658 1918 quae
673 1886 808 1912 nascetur

369 1926 537 1956 claritatem
551 1936 624 1964 gens
639 1929 788 1966 loquetur,

369 1974 459 2008 CuJ‘ur
473 1974 570 2003 honor
586 1983 647 2004 non
663 1976 815 2012 decrescit,

368 2022 400 2049 Et
416 2022 544 2057 potestas
558 2022 649 2051 tinem
664 2024 763 2052 nescit.

400 2070 472 2103 Ave,
488 2068 580 2104 digna
594 2071 675 2097 omni
690 2070 795 2106 laude,

368 2117 452 2144 Casta
468 2116 515 2144 Dei
532 2118 629 2150 Mater,
643 2119 752 2154 gaude,

367 2164 399 2189 Et
413 2163 535 2192 admitte
551 2166 621 2193 vota
635 2173 768 2201 precum,

368 2211 399 2237 [t
409 2210 458 2245 sis,
473 2211 572 2248 Virgo,
587 2220 704 2249 semper
719 2221 846 2242 meeum.

401 2260 471 2293 Ave,
488 2259 586 2294 Yirgo,
603 2260 686 2295 eujus
701 2269 807 2289 manus

365 2304 428 2332 Non
444 2304 565 2333 feudavit
580 2309 661 2335 actus
676 2315 779 2342 vanus,

364 2351 420 2379 Sed
436 2352 474 2380 ab
491 2353 572 2380 omni
588 2355 730 2389 pravitate

365 2399 535 2427 lunoeentes
550 2402 615 2428 sunt
631 2403 760 2429 servati-1¹.

401 2449 472 2481 Ave,
488 2446 576 2482 Virgo
588 2448 734 2483 speciosa,

364 2493 462 2529 Cujus,
479 2494 562 2530 quasi
578 2502 680 2522 recens
692 2503 768 2530 rosa,

363 2540 457 2576 Spirat
472 2548 553 2576 caro,
569 2550 620 2570 cor
635 2542 758 2577 laetatur,

364 2589 441 2615 Mens
455 2588 485 2616 iu
500 2589 588 2617 bonis
604 2589 785 2618 demoratur.

397 2638 466 2670 Ave,
484 2636 584 2671 Virgo,
599 2644 665 2673 quae
676 2637 738 2672 jam
754 2638 838 2665 audis

361 2684 466 2710 (loram
484 2683 590 2712 throno
607 2691 710 2712 vocem
727 2684 834 2712 laudis.

1227 287 1304 317 Jube
1317 288 1407 318 simul
1418 297 1475 320 nos
1486 291 1594 328 astare,

1226 335 1277 364 Dei
1291 335 1397 365 laudes
1410 345 1559 368 enarrare.

1262 384 1335 417 Ave,
1351 384 1450 420 virgo,
1465 393 1572 423 rumpe
1586 394 1699 424 moraS,

1227 429 1260 457 Et
1273 429 1313 458 ad
1323 437 1429 460 omnes
1442 440 1562 470 semper
1574 434 1676 471 horas,

1225 475 1293 504 Mihi
1306 479 1404 506 custos
1418 480 1448 507 et
1459 479 1589 516 adjutrix

1226 523 1303 556 Esto,
1320 523 1411 560 digna
1425 525 1476 554 Dei
1489 527 1601 558 nutrix.

1262 571 1333 606 Ave,
1348 571 1437 608 Virgo
1451 580 1580 604 vernans
1594 575 1679 612 flore,

1225 617 1315 646 Gustu
1329 618 1414 654 cujus
1428 621 1457 648 et
1471 619 1566 650 odore

1225 664 1353 693 Rursum
1366 665 1459 695 homo
1476 667 1651 704 Juvenescit.

1223 711 1257 738 Et
1270 711 1311 739 ad
1327 711 1419 742 vitam
1435 715 1596 745 revirescit.

1261 759 1331 792 Ave,
1346 759 1446 796 Virgo,
1459 763 1488 790 et
1501 770 1625 800 appare,

1223 804 1299 833 Jube
1315 807 1411 835 tecum
1425 815 1481 837 nos
1496 817 1632 846 regnare,

1224 851 1257 879 Et
1269 851 1308 880 ad
1321 852 1477 891 Christum,
1494 864 1555 893 quo
1567 857 1666 893 abisti,

1223 898 1290 926 Post
1303 900 1331 927 te
1347 900 1442 936 trahe,
1457 903 1546 932 Mater
1560 904 1674 933 Christi.

1259 948 1331 981 Ave,
1347 947 1446 983 Virgo,
1461 949 1546 978 savus
1562 951 1668 987 mellis,

1221 992 1304 1020 Cedit
1318 1001 1385 1022 ecce
1400 995 1450 1024 Sol
1465 1004 1535 1025 cum
1549 997 1641 1026 stellis

1219 1039 1271 1067 Tui
1287 1040 1386 1069 vultus
1400 1041 1536 1078 claritati,

1219 1086 1260 1114 Tu
1276 1086 1393 1116 decoris
1405 1092 1618 1122 consummati.

1255 1135 1326 1169 Ave,
1342 1134 1442 1171 Virgo,
1457 1136 1525 1165 finis
1538 1137 1600 1173 irae,

1219 1180 1315 1216 Purga
1330 1181 1446 1219 culpas,
1462 1186 1490 1212 et
1505 1183 1613 1221 largire

1219 1228 1287 1262 Nos,
1304 1231 1424 1264 peracto
1440 1238 1527 1260 cursu
1542 1233 1660 1266 mundi,

1218 1276 1272 1304 Pro
1286 1267 1414 1312 peccatis
1429 1287 1490 1307 non
1504 1281 1657 1309 confundi.

1253 1326 1323 1359 Ave,
1343 1325 1431 1362 Virgo
1446 1327 1571 1363 pulchra
1585 1328 1661 1363 visu,

1217 1371 1362 1406 Deprecor
1375 1374 1401 1401 te
1414 1375 1476 1402 toto
1491 1374 1569 1410 nisu,

1216 1418 1258 1445 Me
1279 1417 1458 1448 clamantem
1474 1422 1620 1458 quotidie,

1214 1463 1350 1493 Clemens
1365 1467 1463 1502 Mater,
1475 1468 1546 1496 audi
1561 1469 1621 1505 pie.

1249 1514 1319 1546 Ave,
1335 1514 1434 1549 Mater,
1451 1515 1537 1551 Virgo
1553 1518 1663 1551 tamen,

1215 1559 1303 1587 t‘osee
1318 1567 1437 1597 semper
1451 1570 1568 1591 sacrum
1583 1564 1692 1592 flamen

1213 1605 1256 1633 Ad
1270 1607 1425 1636 munimen
1441 1610 1528 1638 nobis
1543 1610 1619 1646 dari,

1213 1654 1245 1680 Et
1259 1660 1276 1681 a
1293 1654 1386 1682 Verbo
1402 1663 1456 1684 nos
1472 1657 1594 1686 firmari.

1247 1702 1318 1736 Ave,
1335 1701 1422 1738 Virgo
1435 1711 1509 1740 ruga
1522 1713 1636 1740 carens,

1213 1748 1262 1781 Da,
1279 1747 1386 1777 intaeta
1402 1750 1450 1778 Dei
1466 1759 1584 1787 parenS,

1212 1795 1244 1822 Ut
1258 1793 1322 1822 laus
1338 1797 1387 1824 tua
1403 1804 1471 1825 cum
1485 1798 1607 1828 dulcore

1212 1841 1273 1870 Meo
1283 1850 1401 1879 semper
1416 1844 1453 1872 sit
1467 1845 1497 1872 in
1513 1853 1575 1874 ore.

1246 1892 1315 1925 Ave,
1332 1891 1420 1920 Mater
1435 1901 1538 1929 expers
1554 1894 1620 1930 viri,

1211 1937 1265 1964 Fae
1274 1945 1323 1966 me
1339 1937 1463 1974 dignum
1479 1940 1616 1976 inveniri,

1208 1984 1301 2017 Quem
1317 1985 1447 2021 digneris
1463 1987 1621 2023 adjuvare;

1208 2031 1284 2065 Noli,
1298 2032 1396 2068 Virgo,
1409 2033 1472 2068 jam
1485 2035 1612 2063 tardare.

1243 2081 1313 2113 Ave,
1330 2079 1427 2115 Virgo,
1443 2088 1519 2109 vena
1535 2082 1658 2117 munda,

1207 2126 1259 2152 Per
1274 2127 1300 2153 te
1315 2125 1375 2154 vivi
1390 2127 1478 2155 sontis
1492 2128 1574 2157 unda

1207 2172 1272 2201 Mihi
1289 2181 1407 2210 semper
1421 2175 1573 2211 irroretur,

1209 2224 1272 2253 Quo
1286 2228 1337 2249 cor
1352 2230 1452 2250 meum
1468 2223 1607 2252 ebrietur.

1242 2270 1311 2302 Ave,
1328 2269 1427 2305 Virgo,
1445 2270 1511 2298 vitae
1526 2270 1585 2306 via,

1205 2314 1300 2350 Salve,
1314 2316 1419 2344 mundi
1436 2325 1502 2353 spes
1518 2317 1618 2352 Maria,

1202 2362 1291 2396 Cujus
1307 2362 1406 2398 legem
1423 2371 1474 2392 cor
1491 2364 1625 2398 rimatur,

1204 2412 1240 2436 os
1255 2409 1391 2445 sophiam
1405 2410 1573 2440 meditatur.

1239 2460 1309 2493 Ave,
1328 2458 1427 2494 Virgo,
1444 2459 1548 2487 mundi
1563 2459 1660 2488 decusv

1203 2505 1264 2532 Tibi
1283 2506 1392 2534 cedens
1406 2508 1498 2536 ludex
1512 2516 1625 2544 aequus,

1203 2553 1248 2580 Est
1259 2553 1369 2581 oblitus
1383 2554 1433 2582 irae
1447 2563 1516 2590 suae,

1199 2600 1229 2626 ln
1245 2603 1365 2636 aspectu
1380 2600 1483 2630 formae
1499 2603 1562 2629 tuoe.

1234 2650 1303 2680 Ave,
1319 2648 1421 2684 Virgo,
1437 2648 1539 2676 mundi
1557 2649 1637 2683 ratis,

1199 2695 1248 2728 Da,
1265 2697 1295 2722 ut
1311 2695 1387 2729 ignis
1403 2695 1550 2724 eharitatis
