2029 3052
601 209 641 242 ΙΝ
663 205 855 240 REGULAM
876 204 1067 237 FRATRUM
1090 203 1288 237 MlNORUM.

138 278 173 310 in
185 277 311 315 Christi,
327 278 358 308 et
373 277 553 318 Apostolica
566 277 632 309 vita
651 276 758 308 locum
780 282 845 305 non
856 273 917 304 ha-

137 332 224 364 hent.
241 342 255 360 n
274 330 350 363 Haec
364 331 591 372 Hieronymus.
820 328 825 336 “

179 385 216 418 In
228 385 341 417 intima
354 387 443 426 parte
456 384 563 416 subdit
576 393 584 416 :
599 384 640 417 Ει
654 382 789 424 diliqere
799 388 848 414 eos
860 382 919 422 qui

138 447 196 472 nos
215 441 454 480 persequuntur
482 439 564 470 facto
574 463 582 478 ,
619 441 648 470 et
681 435 919 477 reprehendunt

137 492 396 525 irrationabiliter
407 517 416 532 ,
446 495 476 525 et
502 494 646 533 arquunc
673 489 916 522 rationabiliter.

139 547 226 586 Quia
241 546 324 580 dicit
337 547 492 580 Dominus
508 557 518 576 ι
533 545 671 587 Diliqz‘te
687 544 838 578 inimicos
852 550 918 576 ves-

138 602 214 639 tros,
225 602 345 641 quanto
361 601 466 640 magis
480 599 611 632 amicos.
628 600 670 632 Et
682 600 770 632 orate
778 605 837 638 pro
851 604 919 638 per-

136 654 341 694 sequentibus
354 654 387 685 in
401 654 494 692 facto,
511 656 542 687 et
557 652 833 686 calumniantibus
849 658 917 689 vos,

136 707 170 739 in
181 707 251 739 falsi
260 707 403 739 criminis
418 707 633 748 impositione.
646 707 745 747 Cujus
760 705 918 737 rationem

137 761 254 802 subdit,
275 761 383 793 dicens
397 772 405 793 ι
421 762 515 794 Beati
528 761 587 802 qui
599 761 850 802 persecutionem
862 766 920 799 pa-

137 815 265 848 ciuntur
273 817 404 856 propter
410 813 592 854 justitiam,
604 814 760 855 quoniam
774 814 919 854 ipsorum

137 870 184 902 est
198 877 331 909 reanum
345 868 505 901 coelorum.
531 869 596 906 Qui
614 870 721 900 autem
734 874 917 908 persevera-

138 924 222 956 verit
236 931 335 963 usque
349 923 387 955 in
401 922 510 962 finem,
526 922 577 954 hic
592 921 702 954 salvus
717 921 787 954 eric.

384 1040 560 1074 CAPUT
597 1039 666 1073 XI.

193 1122 270 1156 Quod
291 1123 394 1156 fratres
414 1129 468 1150 non
488 1121 682 1156 ingrediantur
702 1121 869 1148 monasteria

429 1167 629 1195 monacharum.

179 1245 334 1286 Praecipio
348 1245 484 1277 firmiter
506 1245 658 1277 fratribus
682 1244 852 1282 universis,
879 1252 919 1274 ne

137 1300 278 1332 habeant
292 1301 439 1340 suspecta
453 1299 621 1337 consortia,
638 1298 690 1330 vel
705 1297 838 1329 consilia
852 1307 920 1328 mu-

137 1354 266 1386 lierum.
283 1353 321 1385 Et
339 1363 381 1384 ne
394 1353 620 1393 ingrediantur
639 1352 835 1383 monasteria
850 1360 919 1382 mo-

137 1407 328 1445 nacharum,
348 1409 465 1447 praeter
478 1407 559 1445 illos,
577 1407 695 1447 quibus
709 1415 728 1436 a
742 1405 822 1436 Sede
836 1406 918 1445 Apo-

140 1460 251 1492 stolica
276 1468 425 1491 concessa
451 1462 497 1491 est
517 1459 646 1491 licentia
670 1459 823 1500 specialis.
855 1458 920 1489 Nec

139 1515 220 1546 fiant
233 1516 410 1555 compatres
428 1514 586 1553 virorum,
603 1513 655 1545 vel
677 1513 862 1551 mulierum,
880 1522 920 1544 ne

139 1569 201 1600 hac
226 1568 388 1600 occasione
417 1568 500 1598 inter
528 1568 659 1605 fratres,
680 1567 733 1599 vel
752 1567 790 1598 de
814 1567 921 1598 fratri-

140 1623 201 1654 bus
216 1622 401 1654 scandalum
418 1621 552 1652 oriatur.

414 1716 650 1744 EXPOSITIO.

186 1785 343 1824 Prcecipz'o
360 1783 507 1822 firmiter.
525 1783 582 1814 Hic
596 1783 687 1814 docet
701 1784 812 1815 fratres
827 1784 922 1815 famae

143 1839 356 1870 sinceritatem
372 1837 542 1868 observare
554 1846 574 1867 a
593 1837 664 1868 labe
686 1838 844 1877 praecipue
859 1841 924 1869 tur-

143 1892 309 1934 pitudinis.
335 1891 374 1922 Et
397 1890 467 1921 haec
491 1900 564 1930 pars
588 1891 741 1921 dividitur
766 1891 798 1921 in
821 1893 886 1921 tres
912 1902 920 1922 ι

143 1946 250 1987 primo
265 1945 386 1976 inhibet
407 1944 601 1983 generaliter
625 1946 770 1984 suspecta
795 1945 924 1976 consilia

144 2000 290 2032 omnium
306 1998 496 2037 mulierum3
513 1997 653 2029 secundo
665 1997 823 2029 cautelam
838 1998 925 2028 adhi-

144 2055 198 2086 bet
209 2055 291 2085 circa
302 2053 459 2085 consortia
471 2052 676 2090 monialium3
694 2052 788 2083 tertio
802 2052 925 2083 inhibet

145 2109 344 2141 occasionem
359 2107 576 2148 spiritualium
592 2107 836 2146 cognationum.

187 2163 266 2194 Dicit
272 2171 351 2202 ergo
359 2171 416 2202 pro
422 2161 527 2201 primo
536 2161 707 2201 :Proecz'pio
718 2161 855 2199 firmiter
860 2161 926 2200 sra-

147 2216 250 2249 tribus
261 2216 434 2253 universis,
449 2223 487 2247 ne
497 2214 634 2246 habeant
644 2217 793 2254 suspecta
802 2222 926 2246 consor-

148 2272 196 2302 tia
204 2270 253 2302 vel
263 2269 401 2301 consilia
411 2268 594 2300 mulierum.
603 2268 792 2308 Suspectum
803 2277 927 2299 consor-

148 2325 229 2354 tium
249 2325 307 2361 est,
320 2332 386 2353 non
399 2322 504 2352 solum
520 2321 664 2352 mulieris
681 2324 847 2362 suspectae,
862 2322 927 2353 imo

149 2386 223 2408 cum
236 2376 325 2407 omui
335 2375 480 2413 muliere,
491 2375 547 2405 ubi
556 2374 656 2412 loeus,
669 2376 700 2405 et
710 2376 847 2415 tempus,
860 2384 928 2415 ges-

148 2432 211 2468 tus,
226 2431 256 2460 et
269 2430 423 2469 aspectus,
436 2430 467 2458 et
477 2427 538 2458 alia
551 2427 724 2458 laudabilia
734 2428 849 2459 indicia
864 2438 929 2459 sus-

150 2483 308 2524 picionem
322 2482 522 2513 laudabiliter
546 2491 611 2512 non
627 2482 823 2518 excludunt,
848 2486 883 2513 ut
903 2483 928 2513 si

151 2537 238 2568 locus
259 2538 425 2576 quaeratur
440 2545 498 2575 pro
518 2535 692 2566 mulierum
709 2535 867 2576 colloquio
882 2546 930 2567 so-

151 2590 288 2628 litarius,
313 2592 370 2621 aut
392 2589 564 2627 obscuruS,
592 2593 623 2619 et
646 2591 774 2628 tempus
799 2593 928 2621 noctur-

152 2652 243 2682 num,
266 2643 317 2674 vel
341 2643 418 2674 alias
440 2645 668 2682 opportunum.
698 2643 730 2673 Si
757 2646 866 2682 gestus
891 2647 931 2676 sit

154 2696 337 2734 dissolutus,
352 2698 463 2736 utpote
478 2706 519 2727 ex
540 2697 639 2727 nimia
655 2697 801 2728 mulieris
815 2708 932 2738 appro-

1693 209 1751 238 597

973 272 1151 313 pinquitate
1163 297 1172 312 ,
1195 272 1248 304 vel
1262 272 1352 304 faciei
1371 272 1412 303 ad
1426 281 1498 303 eam
1519 274 1748 314 conversione,

973 326 1047 357 fixis
1062 326 1172 365 oculis,
1188 326 1339 358 manibus
1349 325 1481 366 junctis,
1493 335 1589 358 omne
1603 327 1665 359 tale
1679 337 1752 360 con-

972 380 1106 411 sortium
1125 382 1172 412 est
1187 381 1382 421 suspectum.
1403 378 1493 411 Unde
1508 383 1654 421 suspecta
1673 384 1750 414 sunt

973 434 1133 466 consortia
1146 435 1178 466 et
1192 434 1350 474 colloquia
1365 433 1524 474 praedictis
1537 434 1748 468 circumstan-

973 488 1025 519 tiis
1050 489 1324 520 concurrentibus.
1353 488 1431 520 Item
1452 488 1479 519 si
1503 487 1643 520 solitaria
1666 490 1750 528 sint,

972 542 1102 574 excluso
1117 542 1253 574 aliorum
1273 542 1400 581 auditu,
1420 541 1493 574 licet
1517 551 1581 574 non
1602 543 1688 583 visu,
1712 553 1753 576 ex

973 596 1163 635 intentione,
1190 598 1257 627 sine
1275 605 1371 627 causa
1393 596 1455 636 pia,
1481 597 1622 629 maxime
1642 598 1670 628 si
1689 599 1754 630 sint

973 649 1110 681 solitarie
1123 649 1324 691 prolongata,
1336 651 1392 681 aut
1402 658 1477 681 cum
1492 649 1602 682 eadem
1617 659 1754 691 persona

974 703 1041 735 sine
1063 703 1186 735 ratione
1204 703 1344 735 evidenti
1365 703 1581 744 frequentata,
1607 705 1754 744 suspecta

974 759 1048 789 sunt
1062 757 1229 798 colloquia.
1251 757 1300 788 Ad
1314 757 1528 798 suspicionem
1551 759 1661 789 autem
1682 767 1754 790 mu-

974 812 1090 843 lierum
1112 812 1185 843 facit
1211 814 1288 843 aetas
1315 814 1346 843 et
1369 812 1507 843 conditio
1531 811 1750 853 colloquentis.

975 865 1066 897 Illam
1081 868 1189 897 autem
1212 866 1427 906 suspicionem
1440 866 1588 897 existimo
1603 866 1654 897 hic
1678 876 1751 906 pro-

974 919 1090 958 hiberi,
1102 928 1175 960 quae
1190 920 1279 951 fratri
1290 919 1406 950 excitat
1421 919 1561 951 enormis
1571 920 1754 952 tentationis

974 973 1154 1012 stimulum,
1177 973 1227 1004 vel
1241 982 1314 1014 quae
1333 973 1459 1004 crimini
1482 975 1613 1014 praestat
1635 974 1755 1006 fomen-

974 1029 1054 1066 tum,
1073 1027 1125 1059 vel
1138 1037 1211 1068 quae
1235 1030 1336 1068 potest
1355 1028 1441 1068 apud
1460 1028 1548 1067 alios,
1566 1028 1618 1060 vel
1641 1029 1753 1067 alium,

974 1081 1161 1112 scandalum
1185 1090 1351 1121 generare.
1375 1081 1414 1112 Et
1437 1081 1490 1112 hic
1511 1082 1636 1113 aestimo
1658 1091 1755 1114 omne

974 1137 1157 1175 suspectum
1174 1134 1337 1175 prohiberi
1353 1135 1560 1175 colloquium,
1576 1137 1662 1176 quod
1675 1137 1756 1168 ordi-

974 1191 1070 1220 natur
1085 1189 1124 1220 ad
1137 1189 1242 1220 carnis
1255 1189 1492 1220 immunditiam
1504 1199 1754 1231 quamcumque,

974 1242 1025 1274 vel
1049 1242 1134 1283 quod
1158 1244 1261 1283 potest
1282 1242 1382 1283 hujus
1403 1243 1449 1274 rei
1475 1243 1676 1282 scandalum,
1706 1245 1756 1275 vel

975 1297 1189 1337 suspicionem
1204 1297 1410 1337 probabiliter
1426 1298 1564 1329 excitare
1577 1308 1585 1329 ε
1601 1300 1682 1331 sicut
1695 1299 1757 1330 Do-

976 1351 1084 1382 minus
1099 1351 1297 1391 prohibendo
1316 1351 1498 1390 moechiam,
1521 1353 1669 1393 prohibet
1692 1363 1758 1385 non

976 1404 1082 1436 solum
1104 1405 1262 1436 minorem
1287 1405 1413 1445 lapsum
1434 1406 1491 1446 qui
1511 1408 1559 1437 est
1580 1407 1756 1446 fornicatio,

976 1459 1029 1490 sed
1044 1461 1075 1490 et
1090 1468 1221 1489 omnem
1244 1459 1399 1498 majorem
1422 1459 1665 1499 turpitudinem,
1693 1469 1758 1501 qua

976 1522 1090 1554 corpus
1104 1512 1300 1544 seminaliter
1310 1512 1507 1552 inquinatur.

1018 1567 1169 1607 Sequitur
1184 1576 1241 1607 pro
1255 1567 1393 1598 secunda
1409 1569 1497 1607 parte
1513 1576 1520 1598 :
1536 1568 1566 1598 E
1569 1570 1580 1599 ι
1594 1575 1633 1599 ne
1648 1572 1757 1608 myre-

977 1622 1112 1654 diantur
1139 1622 1337 1653 monasteria
1358 1622 1608 1660 monacharum,
1643 1626 1759 1662 prceter

976 1676 1048 1708 illos
1061 1675 1176 1716 quibus
1198 1684 1218 1707 α
1242 1675 1321 1707 Sede
1338 1675 1522 1715 Apostolica
1544 1684 1694 1710 concessa
1714 1679 1759 1708 esc

977 1730 1109 1762 licentia
1123 1728 1285 1769 specialis.
1303 1729 1376 1760 Haec
1392 1729 1538 1760 inhibitio
1553 1730 1592 1760 de
1607 1730 1758 1761 omnibns

979 1784 1168 1815 monialium
1193 1783 1342 1814 domibus
1355 1783 1558 1822 intelligitur.
1585 1783 1643 1815 Ubi
1672 1784 1760 1815 enim

979 1841 1025 1869 est
1045 1837 1223 1878 periculum
1245 1837 1406 1876 colloquii,
1428 1837 1470 1866 ibi
1497 1837 1686 1876 prudentius
1702 1838 1758 1868 ob-

979 1893 1095 1923 vietur.
1114 1890 1179 1921 lllee
1195 1892 1304 1921 autem
1321 1890 1473 1921 moniales
1486 1889 1517 1921 S.
1534 1890 1677 1921 Damiaui
1693 1900 1760 1931 prae

980 1946 1101 1976 ‹faaeteris
1117 1945 1304 1975 mulieribus
1314 1944 1353 1974 ab
1365 1944 1516 1975 humanis
1531 1945 1698 1976 consortiis
1710 1955 1761 1976 ex-

981 2000 1171 2036 cluduntur3
1188 1999 1258 2029 licet
1282 2007 1362 2038 ergo
1382 1999 1416 2029 in
1440 1999 1693 2038 frequentatione
1710 2009 1760 2030 ea-

981 2063 1055 2084 rum
1072 2054 1175 2093 posset
1191 2052 1269 2083 oriri
1293 2052 1471 2091 pericnlum
1496 2054 1624 2092 propter
1647 2062 1761 2092 quam-

981 2107 1055 2138 dam
1080 2106 1329 2137 familiaritatem
1359 2107 1495 2137 fratrum
1525 2106 1701 2145 Miuorum,
1732 2109 1763 2138 et

982 2163 1111 2201 propter
1134 2161 1194 2191 hoc
1216 2160 1256 2190 sit
1278 2160 1405 2190 licentia
1426 2160 1564 2191 adeundi
1590 2161 1663 2191 talia
1694 2160 1764 2191 loca

983 2214 1056 2245 Sedi
1073 2214 1262 2254 Apostolicae
1276 2216 1451 2251 reservata;
1465 2216 1584 2252 tamen,
1601 2214 1677 2254 quia
1691 2214 1762 2245 aliae

985 2267 1140 2299 moniales
1158 2276 1191 2298 se
1206 2267 1342 2307 amplius
1357 2269 1524 2306 exponunt
1540 2267 1689 2298 humanis
1705 2267 1764 2298 col-

983 2322 1098 2362 loquiis
1112 2330 1208 2361 quain
1225 2320 1300 2358 illae,
1320 2329 1446 2351 necesse
1466 2323 1524 2358 est,
1542 2320 1619 2351 illud
1637 2321 1763 2351 manda-

985 2379 1053 2407 tum
1067 2376 1106 2406 ad
1115 2384 1226 2405 omnes
1236 2374 1407 2404 monachas
1418 2374 1574 2404 referatur
1585 2374 1761 2405 secundum

985 2430 1218 2470 expositionem
1232 2428 1357 2459 Domini
1373 2429 1531 2467 Gregorii,
1548 2431 1579 2458 et
1594 2429 1762 2468 indulgen-

985 2484 1061 2514 tiam
1085 2483 1123 2514 de
1146 2482 1260 2512 talibus
1284 2482 1460 2512 visitandis.
1487 2481 1525 2511 Et
1544 2482 1626 2512 sicut
1649 2491 1760 2512 mona-

987 2537 1036 2567 chi
1068 2538 1142 2567 sunt
1180 2545 1244 2567 nou
1277 2536 1380 2566 solum
1420 2535 1581 2574 collegiati
1599 2560 1607 2574 ‚
1647 2544 1761 2566 verum

987 2591 1084 2621 etiam
1096 2589 1244 2621 solitarii:
1263 2589 1307 2619 sic
1322 2592 1352 2619 et
1372 2589 1537 2619 monachae
1558 2592 1589 2620 et
1611 2589 1764 2620 moniales
1796 2614 1799 2617 .

987 2644 1204 2684 intelligendae
1221 2646 1296 2674 suut
1312 2651 1375 2672 11011
1392 2642 1496 2673 solum
1510 2643 1699 2683 collegiatae,
1714 2652 1766 2674 ve-

990 2708 1063 2730 rum
1078 2700 1109 2729 et
1124 2707 1197 2738 quae
1214 2698 1345 2728 inclusae
1360 2697 1525 2736 dicuntur,
1543 2705 1573 2728 et
1593 2698 1766 2728 solitariam
