2029 3052
893 182 1022 215 CAPUT
1044 182 1080 215 V.

180 250 354 292 praeclarus
372 251 534 284 confessor
546 251 705 284 Antonius
719 250 758 282 de
771 251 863 282 titulo
879 250 958 282 Cru-

179 305 235 343 cis,
246 305 262 337 J
265 314 338 337 esus
348 304 529 337 Nazarenus
542 305 610 338 Rex
621 305 637 337 J
640 305 821 342 udaeorum,
835 304 869 336 in
883 305 960 336 Are-

179 359 290 391 latensi
301 359 444 400 Capitnlo
456 359 608 391 fratribus
618 359 815 400 praedicaret,
826 359 958 399 quidam

179 412 277 445 frater
297 413 438 454 probatae
461 413 591 445 virtutis
603 437 611 452 ,
632 413 798 444 Monaldus
813 413 956 452 nomine,

180 466 219 498 ad
249 466 367 498 ostium
402 466 538 507 Capituli
570 467 680 500 divina
711 466 958 498 commonitione

179 520 350 560 respiciens
361 545 369 559 ,
394 520 475 553 vidit
506 521 665 561 corporeis
700 520 800 552 oculis
829 520 957 551 beatum

179 572 384 605 Franciscum
408 573 443 604 in
471 583 544 605 aere
571 574 795 614 sublevatum,
820 573 959 605 extensis

180 627 268 659 velut
290 627 324 658 in
345 636 440 659 cruce
462 627 621 666 manibus,
644 627 881 659 benedicentem
894 628 958 659 sra-

178 682 252 712 tres.
265 679 366 712 Tanta
376 689 454 713 vero
465 682 496 712 et
507 682 574 712 tam
585 681 712 713 insolita
721 681 835 712 fratres
846 690 960 713 omnes

177 733 393 766 consolatione
406 734 536 775 spiritus
551 735 687 775 repletos
699 744 733 766 se
743 735 840 766 fuisse
855 744 959 766 sense-

177 789 264 826 runt,
282 789 318 818 ut
333 787 466 820 devera
481 789 580 819 sancti
596 789 694 829 patris
709 789 880 829 praesentia
895 798 959 820 cer-

177 842 245 872 tum
258 841 303 872 eis
318 841 402 873 intra
415 851 449 874 se
464 841 600 883 Spiritus
612 843 834 874 testimonium
850 843 957 883 perhi-

176 895 265 926 beret
283 906 289 927 :
305 895 379 927 licet
400 896 610 936 postmodum
634 897 666 928 id
690 906 756 928 non
775 897 881 928 solum
903 907 959 938 per

176 949 336 981 evidentia
359 950 476 990 signa,
499 951 714 983 verumetiam
736 960 794 992 per
815 952 959 991 eiusdem

177 1004 275 1035 sancti
299 1004 401 1036 Patris
423 1005 522 1037 verba
546 1005 697 1036 exteriori
716 1005 812 1036 fuerit
827 1007 957 1037 attesta-

176 1058 263 1089 tione
295 1061 507 1099 compertum-
535 1059 737 1090 Credendum
767 1069 843 1091 sane
872 1060 958 1100 quod

177 1112 405 1152 omnipotentis
425 1112 480 1144 Dei
507 1113 623 1152 virtus,
651 1122 724 1154 quae
749 1113 957 1145 Ambrosium

176 1165 267 1205 pium
278 1175 408 1197 sacrum
418 1166 594 1198 antistitem
604 1167 810 1198 tumulationi
826 1167 959 1207 gloriosi

177 1219 331 1250 concessit
352 1219 505 1251 interesse
526 1220 674 1259 Martini,
690 1222 726 1252 ut
742 1221 833 1261 pium
856 1221 960 1252 Ponti-

176 1272 270 1304 ficem
280 1273 332 1314 pio
350 1275 560 1305 veneraretur
579 1274 695 1311 officio,
713 1274 811 1305 etiam
827 1283 958 1306 servum

177 1335 275 1358 suum
289 1327 313 1358 F
315 1328 496 1359 ranciscum
512 1328 729 1369 praedicationi
750 1329 958 1368 praesentavit

176 1382 299 1413 veracis
317 1383 367 1414 sui
381 1382 539 1423 praeconis
554 1382 697 1421 Antonii,
714 1384 750 1413 ut
766 1383 958 1423 approbaret

176 1435 320 1467 veritatis
347 1436 494 1476 eloquia,
520 1436 681 1477 praecipue
704 1436 807 1467 crucis
829 1436 955 1475 Christi,

176 1489 226 1529 cuj
234 1498 270 1520 us
291 1490 359 1520 erat
373 1490 501 1530 bajulus
516 1492 547 1520 et
563 1490 717 1520 minister.
744 1489 823 1520 Cum
847 1492 956 1521 autem

176 1541 307 1573 dilatato
327 1544 408 1582 Jam‚
425 1543 559 1582 Ordine,
589 1543 717 1574 vivendi
741 1543 878 1574 formam
901 1553 957 1584 per

124 1607 126 1609 ·
176 1595 344 1627 dominum
355 1595 577 1627 Innocentium
588 1597 798 1636 approbatam
814 1597 958 1637 dispone-

176 1651 225 1679 ret
240 1659 297 1689 per
311 1658 529 1681 successorem
543 1650 643 1690 ipsius
655 1650 834 1681 Honorium
846 1651 879 1682 in
889 1660 958 1691 per-

176 1704 310 1742 petuum
334 1703 437 1734 facere
458 1703 620 1742 roborari,
648 1704 836 1744 hujusmodi
859 1704 918 1735 fuit
938 1714 957 1735 a

177 1755 240 1787 Deo
255 1756 450 1788 revelatione
465 1757 691 1788 commonitus.
702 1757 877 1789 Videbatur
887 1759 958 1798 qui-

176 1810 250 1841 dem
272 1810 331 1841 sibi
355 1810 393 1841 de
415 1812 500 1841 terra
523 1812 621 1842 micas
644 1821 766 1852 panum
786 1812 956 1843 subtilissi-

177 1872 246 1894 mas
265 1863 449 1903 collegisse,
474 1864 649 1905 multisque
670 1865 822 1896 famelicis
848 1866 954 1897 fratri-

176 1917 238 1948 bus
258 1917 366 1957 ipsum
397 1917 677 1949 circumstantibus
701 1919 816 1950 debere
835 1920 955 1951 tribue-

176 1980 222 2002 re.
246 1970 391 2011 Cumque
417 1971 517 2002 micas
541 1973 608 2003 tam
632 1974 743 2004 tenues
767 1973 956 2005 distribuere

176 2025 374 2063 formidaret,
390 2034 430 2056 ne
445 2025 526 2056 forte
536 2025 619 2056 inter
632 2035 748 2057 manus
760 2027 954 2066 exciderent,

176 2087 242 2110 vox
257 2078 285 2109 ei
300 2078 435 2118 desuper
448 2078 493 2109 ait
513 2089 518 2108 ε
538 2077 715 2119 Francisce,
733 2090 832 2111 unam
846 2081 884 2112 de
900 2083 957 2112 mi-

177 2131 221 2162 cis
241 2132 391 2162 omnibus
412 2132 550 2163 hostiam
574 2133 684 2172 facito,
705 2136 736 2165 et
761 2135 956 2167 manducare

178 2185 359 2217 volentibus
383 2186 498 2217 tribue.
527 2186 597 2224 Quo
613 2187 642 2218 id
662 2190 789 2227 agente,
807 2189 956 2229 quicum-

178 2248 241 2279 que
261 2239 339 2270 illud
362 2248 427 2270 non
454 2239 567 2271 devote
580 2241 786 2281 recipiebant,
804 2245 860 2273 aut
874 2252 957 2274 rece-

179 2294 271 2332 ptum
291 2293 537 2323 contemnebant
557 2293 689 2332 donum,
707 2304 783 2326 mox
796 2295 884 2336 lepra
903 2297 956 2327 ln-

178 2345 262 2384 fecti,
280 2345 433 2377 notabiles
447 2346 652 2386 apparebant.
668 2347 787 2379 Recitat
798 2359 892 2380 mane
907 2350 957 2381 vir

179 2401 307 2430 sanctus
325 2400 394 2430 haec
407 2399 516 2430 omnia
526 2399 628 2437 sociis,
643 2401 752 2432 dolens
765 2411 798 2433 se
811 2412 875 2434 non
887 2413 956 2444 per-

179 2452 282 2492 cipere
308 2453 499 2493 mysterium
528 2453 669 2484 visionis.
696 2455 847 2495 Sequenti
880 2466 956 2489 vero

179 2505 240 2545 die,
259 2515 333 2537 cum
348 2506 431 2545 vigil
441 2506 475 2536 in
487 2506 630 2537 oratione
641 2508 830 2548 persisteret,
845 2510 958 2550 huius-

180 2560 265 2591 modi
295 2570 408 2592 vocem
436 2561 474 2592 de
509 2560 588 2592 coelo
622 2561 922 2602 delapsan1.andivit
947 2574 954 2594 2

180 2612 345 2645 Francisce
366 2638 374 2652 ,
401 2615 491 2645 micae
525 2615 695 2654 praeteritae
728 2616 828 2646 noctis
859 2617 957 2648 verba

180 2666 367 2706 evangelica
381 2669 456 2699 sunt
466 2678 474 2705 ;
491 2667 605 2707 hostia,
622 2668 756 2708 regula;
774 2669 871 2709 lepra,
891 2670 956 2701 ini-

1737 191 1796 222 307

1016 251 1133 292 quitas.
1155 251 1271 284 Volens
1293 253 1394 294 igitur
1417 255 1669 288 confirmandam
1694 256 1798 298 Regu-

1015 303 1080 335 lam
1105 313 1144 336 ex
1171 306 1343 338 verborum
1369 307 1537 348 Evangelii
1561 310 1797 350 aggregatione

1015 359 1178 399 profusius
1194 360 1343 392 traditam
1358 361 1398 393 ad
1412 363 1720 403 compendiosiorem
1735 365 1798 396 for-

1016 421 1116 451 mam,
1135 414 1233 454 Juxta
1254 415 1340 455 quod
1356 415 1494 448 dictabat
1508 417 1590 449 visio
1605 420 1793 458 monstrata,

1016 466 1176 507 redigere,
1192 468 1226 498 in
1242 471 1385 501 montem
1397 471 1572 511 quemdam
1583 480 1658 503 cum
1671 472 1797 504 duobus

1016 520 1128 559 sociis,
1151 521 1269 562 Spiritu
1292 525 1401 554 sancto
1422 524 1575 564 ducente,
1599 525 1791 566 conscendit,

1016 573 1073 606 ubi
1099 584 1180 615 pane
1203 577 1327 607 tantum
1346 579 1512 610 contentus
1536 581 1567 611 et
1588 589 1690 621 aqua,
1710 581 1798 622 ,ieju-

1015 636 1113 668 nanS,
1131 629 1287 660 conscribi
1310 639 1382 662 eam
1403 631 1495 671 fecit,
1512 628 1691 665 secundum
1711 635 1796 675 quod

1016 682 1120 713 oranti
1158 683 1218 714 sibi
1249 683 1378 715 divinus
1411 685 1550 725 Spiritus
1584 688 1793 728 suggerebat.

1017 735 1121 773 Quam
1146 746 1231 777 cum,
1249 738 1288 768 de
1310 740 1418 770 monte
1441 739 1644 779 descendens,
1667 751 1798 774 servan-

1016 789 1090 821 dam
1113 800 1172 822 suo
1196 791 1317 823 vicario
1332 794 1554 833 commisisset,
1571 797 1602 826 et
1620 795 1672 827 ille
1687 796 1798 836 paucis

1017 843 1131 884 elapsis
1153 845 1266 877 diebus
1281 849 1438 878 assereret
1452 857 1509 888 per
1521 848 1679 880 incuriam
1694 850 1799 890 perdi-

1016 898 1094 937 tam,
1110 898 1224 931 iterato
1249 902 1378 932 sanctus
1400 901 1451 932 vir
1472 902 1511 933 ad
1527 902 1634 934 locum
1649 904 1798 935 solitudi-

1015 951 1066 982 nis
1091 953 1204 992 rediit,
1219 962 1356 995 eamque
1377 955 1476 986 instar
1498 957 1632 997 prloris,
1658 967 1695 990 ac
1716 958 1742 989 si
1758 968 1797 990 ex

1016 1014 1071 1036 ore
1086 1006 1141 1038 Dei
1157 1008 1255 1039 verba
1270 1008 1455 1049 susciperet,
1473 1010 1557 1042 illico
1578 1013 1749 1052 reparavit,
1768 1016 1799 1045 et

1016 1068 1072 1100 per
1101 1062 1321 1101 supradictum
1350 1063 1517 1095 dominum
1544 1065 1664 1106 Papam
1693 1067 1798 1100 Hono-

1016 1114 1103 1145 rium
1116 1139 1124 1153 ,
1142 1117 1254 1147 octavo
1276 1118 1479 1157 pontificatus
1502 1119 1588 1150 illius
1603 1129 1699 1159 anno,
1716 1122 1799 1154 sicut

1016 1167 1198 1205 optaverat,
1233 1168 1372 1200 obtinuit
1405 1171 1600 1202 confirmari.
1633 1173 1682 1204 Ad
1706 1175 1798 1214 quus

1015 1219 1253 1252 observantiam
1291 1222 1403 1254 fratres
1431 1224 1593 1256 ferventer
1629 1225 1795 1266 inducens,

1015 1274 1136 1306 dicebat
1159 1284 1191 1306 se
1210 1276 1292 1306 nihil
1314 1277 1356 1308 ibi
1382 1279 1525 1317 posuisse
1549 1280 1727 1312 secundum
1744 1282 1796 1313 in-

1015 1328 1170 1360 dustriam
1194 1331 1373 1371 propriam,
1391 1332 1446 1363 sed
1460 1333 1570 1364 onmia
1585 1334 1629 1365 sic
1647 1335 1741 1366 scribi
1755 1336 1799 1367 se-

1015 1381 1113 1420 cisse,
1139 1383 1221 1415 sicut
1246 1385 1306 1415 sibi
1330 1386 1458 1417 fuerant
1476 1386 1630 1419 divinitus
1645 1389 1794 1421 revelata.

1015 1435 1105 1473 Quod
1129 1439 1165 1467 ut
1189 1438 1306 1469 certius
1331 1441 1491 1471 constaret
1518 1441 1699 1474 testimonio
1729 1443 1796 1482 Dei,

1013 1490 1124 1528 paucis
1148 1491 1323 1522 admodum
1349 1494 1486 1524 evolutis
1501 1495 1799 1537 diebus‚impressa

1013 1546 1088 1575 sunt
1104 1544 1132 1575 ei
1151 1545 1303 1585 stigmata
1322 1547 1448 1578 Domini
1468 1548 1543 1580 JESU
1563 1550 1667 1589 digito
1682 1550 1737 1582 Dei
1753 1551 1799 1583 vi-

1012 1597 1056 1635 vi,
1073 1599 1228 1639 tanquam
1244 1600 1333 1631 bulla
1349 1602 1470 1632 summi
1488 1602 1649 1634 Pontificis
1670 1603 1798 1643 Christi,

1012 1651 1052 1681 ad
1070 1653 1347 1685 confirmationem
1367 1656 1588 1687 omnimodam
1604 1657 1750 1698 Regnlae,
1768 1661 1800 1691 et

1011 1707 1323 1739 commendationem
1350 1709 1517 1749 Auctoris,
1534 1711 1625 1751 sicut,
1642 1714 1711 1752 post
1725 1722 1797 1744 sua-

1010 1767 1085 1790 rum
1111 1761 1346 1794 enarrationem
1376 1763 1547 1804 virtutum,
1566 1765 1799 1798 suolocoinfe-

1010 1813 1078 1845 rius
1090 1815 1300 1847 describetur.

1279 1930 1455 1965 CAPUT
1487 1932 1530 1966 V.

1061 2012 1099 2039 De
1123 2014 1286 2040 austeritate
1315 2015 1399 2048 vz'tae,
1425 2016 1450 2042 et
1473 2017 1602 2050 quomodo
1627 2021 1755 2047 creaturae

1224 2059 1383 2092 praebebant
1403 2061 1428 2087 ez¹
1446 2061 1583 2089 solatium.

1051 2136 1130 2168 Cum
1157 2138 1260 2177 igitur
1289 2142 1434 2171 cerneret
1461 2141 1509 2172 vir
1531 2141 1586 2173 Dei
1609 2142 1797 2176 Franciscns

1011 2199 1069 2221 suo
1084 2192 1235 2232 exemplo
1253 2193 1292 2223 ad
1311 2202 1438 2224 crucem
1463 2194 1576 2226 Christi
1590 2196 1795 2237 bajulandam

1010 2244 1146 2275 ferventi
1164 2245 1284 2284 spiritu
1299 2246 1455 2286 plurimos
1474 2249 1622 2288 animari,
1636 2251 1797 2283 animaba-

1011 2299 1063 2328 tur
1078 2298 1212 2338 etipse,
1239 2302 1396 2340 tanquam
1419 2301 1522 2332 bonus
1546 2303 1612 2334 dux
1638 2306 1796 2337 exercitus

1011 2350 1142 2389 Christi,
1157 2352 1195 2382 ad
1212 2352 1355 2392 palmam
1372 2354 1515 2386 vietoriae
1530 2365 1587 2396 per
1600 2357 1729 2388 culmen
1745 2359 1794 2389 in-

1011 2404 1103 2435 victae
1111 2405 1284 2444 pervenire
1296 2406 1435 2438 virtutis.
1444 2408 1617 2440 Attendens
1625 2411 1710 2441 enim
1719 2412 1795 2444 illud

1012 2457 1155 2497 Apostoli
1172 2460 1308 2490 verbnm
1325 2460 1333 2476 ¹
1356 2471 1362 2491 z
1381 2461 1442 2496 Qui
1456 2466 1559 2495 autem
1574 2467 1650 2496 sunt
1661 2465 1793 2505 Christi,

1013 2519 1140 2544 carnem
1172 2521 1265 2545 suam
1296 2515 1529 2554 crucifioeei·zml
1552 2525 1624 2549 cum
1647 2520 1743 2552 viciis
1768 2524 1796 2553 et

1013 2567 1306 2607 concupiscentiis;
1327 2570 1363 2599 ut
1387 2569 1488 2600 crucis
1509 2574 1708 2604 armaturam
1736 2562 1795 2605 suo

1012 2619 1109 2649 ferret
1124 2619 1156 2649 in
1173 2630 1316 2661 corpore,
1335 2623 1422 2652 tanta
1440 2623 1614 2664 disciplinae
1631 2626 1795 2666 rigiditate

1044 2683 1051 2698 ¹
1065 2682 1134 2712 Gal„
1152 2690 1175 2714 v,
1190 2685 1230 2708 24.
