<?xml version="1.0" encoding="UTF-8"?>
<!DOCTYPE html PUBLIC "-//W3C//DTD XHTML 1.0 Transitional//EN"
    "http://www.w3.org/TR/xhtml1/DTD/xhtml1-transitional.dtd">
<html xmlns="http://www.w3.org/1999/xhtml" xml:lang="en" lang="en">
 <head>
  <title>
</title>
<meta http-equiv="Content-Type" content="text/html;charset=utf-8" />
  <meta name='ocr-system' content='tesseract 3.04.00' />
  <meta name='ocr-capabilities' content='ocr_page ocr_carea ocr_par ocr_line ocrx_word'/>
</head>
<body>
  <div class='ocr_page' id='page_1' title='image "./operaomniasixtiv14bonauoft/operaomniasixtiv14bonauoft_0365.png"; bbox 0 0 2029 3052; ppageno 0'>
   <div class='ocr_carea' id='block_1_1' title="bbox 883 185 1787 225">
    <p class='ocr_par' dir='ltr' id='par_1_1' title="bbox 883 185 1787 225">
     <span class='ocr_line' id='line_1_1' title="bbox 883 185 1787 225; baseline 0.008 -7"><span class='ocrx_word' id='word_1_1' title='bbox 883 185 1014 219; x_wconf 86' lang='lat' dir='ltr'>CAPUT</span> <span class='ocrx_word' id='word_1_2' title='bbox 1036 188 1073 221; x_wconf 88' lang='lat' dir='ltr'>X.</span> <span class='ocrx_word' id='word_1_3' title='bbox 1730 195 1787 225; x_wconf 76' lang='lat'>327</span> 
     </span>
    </p>
   </div>
   <div class='ocr_carea' id='block_1_2' title="bbox 173 253 973 2719">
    <p class='ocr_par' dir='ltr' id='par_1_2' title="bbox 173 253 973 2719">
     <span class='ocr_line' id='line_1_2' title="bbox 175 253 949 294; baseline -0.004 -6"><span class='ocrx_word' id='word_1_4' title='bbox 175 258 259 289; x_wconf 86' lang='lat' dir='ltr'>totus</span> <span class='ocrx_word' id='word_1_5' title='bbox 283 257 366 288; x_wconf 88' lang='lat' dir='ltr'>esset</span> <span class='ocrx_word' id='word_1_6' title='bbox 380 255 573 288; x_wconf 88' lang='lat' dir='ltr'>insensibilis</span> <span class='ocrx_word' id='word_1_7' title='bbox 586 255 698 294; x_wconf 84' lang='lat' dir='ltr'>factus,</span> <span class='ocrx_word' id='word_1_8' title='bbox 719 263 761 286; x_wconf 91' lang='lat' dir='ltr'>ne</span> <span class='ocrx_word' id='word_1_9' title='bbox 780 254 862 286; x_wconf 89' lang='lat' dir='ltr'>foret</span> <span class='ocrx_word' id='word_1_10' title='bbox 875 253 949 285; x_wconf 89' lang='lat' dir='ltr'>abs-</span> 
     </span>
     <span class='ocr_line' id='line_1_3' title="bbox 173 308 952 352; baseline -0.005 -9"><span class='ocrx_word' id='word_1_11' title='bbox 173 320 236 352; x_wconf 85' lang='lat' dir='ltr'>que</span> <span class='ocrx_word' id='word_1_12' title='bbox 251 310 464 342; x_wconf 80' lang='lat' dir='ltr'>consolatione</span> <span class='ocrx_word' id='word_1_13' title='bbox 487 309 603 348; x_wconf 88' lang='lat' dir='ltr'>dilecti,</span> <span class='ocrx_word' id='word_1_14' title='bbox 627 309 696 341; x_wconf 89' lang='lat' dir='ltr'>sine</span> <span class='ocrx_word' id='word_1_15' title='bbox 717 308 952 340; x_wconf 83' lang='lat' dir='ltr'>intermissione</span> 
     </span>
     <span class='ocr_line' id='line_1_4' title="bbox 174 362 952 405; baseline -0.005 -8"><span class='ocrx_word' id='word_1_16' title='bbox 174 373 270 397; x_wconf 86' lang='lat' dir='ltr'>orans</span> <span class='ocrx_word' id='word_1_17' title='bbox 295 364 445 405; x_wconf 88' lang='lat' dir='ltr'>spiritum</span> <span class='ocrx_word' id='word_1_18' title='bbox 474 363 537 395; x_wconf 88' lang='lat' dir='ltr'>Deo</span> <span class='ocrx_word' id='word_1_19' title='bbox 565 363 773 396; x_wconf 80' lang='lat' dir='ltr'>contendebat</span> <span class='ocrx_word' id='word_1_20' title='bbox 800 362 952 394; x_wconf 86' lang='lat' dir='ltr'>exhibere</span> 
     </span>
     <span class='ocr_line' id='line_1_5' title="bbox 174 416 952 460; baseline -0.004 -10"><span class='ocrx_word' id='word_1_21' title='bbox 174 419 376 460; x_wconf 81' lang='lat' dir='ltr'>praesentem.</span> <span class='ocrx_word' id='word_1_22' title='bbox 389 418 463 449; x_wconf 89' lang='lat' dir='ltr'><strong>Erat</strong></span> <span class='ocrx_word' id='word_1_23' title='bbox 469 417 599 458; x_wconf 90' lang='lat' dir='ltr'>quidem</span> <span class='ocrx_word' id='word_1_24' title='bbox 609 417 712 449; x_wconf 86' lang='lat' dir='ltr'>oratio</span> <span class='ocrx_word' id='word_1_25' title='bbox 725 416 952 457; x_wconf 80' lang='lat' dir='ltr'>contemplanti</span> 
     </span>
     <span class='ocr_line' id='line_1_6' title="bbox 174 471 953 512; baseline -0.003 -9"><span class='ocrx_word' id='word_1_26' title='bbox 174 471 342 511; x_wconf 87' lang='lat' dir='ltr'>solatium,</span> <span class='ocrx_word' id='word_1_27' title='bbox 364 471 442 503; x_wconf 91' lang='lat' dir='ltr'>dum</span> <span class='ocrx_word' id='word_1_28' title='bbox 465 480 677 512; x_wconf 89' lang='lat' dir='ltr'>supernarum</span> <span class='ocrx_word' id='word_1_29' title='bbox 695 471 833 502; x_wconf 89' lang='lat' dir='ltr'>circuitu</span> <span class='ocrx_word' id='word_1_30' title='bbox 856 479 953 501; x_wconf 90' lang='lat' dir='ltr'>man-</span> 
     </span>
     <span class='ocr_line' id='line_1_7' title="bbox 174 524 952 566; baseline -0.001 -10"><span class='ocrx_word' id='word_1_31' title='bbox 174 525 302 557; x_wconf 91' lang='lat' dir='ltr'>sionum</span> <span class='ocrx_word' id='word_1_32' title='bbox 316 524 508 565; x_wconf 86' lang='lat' dir='ltr'>angelorum</span> <span class='ocrx_word' id='word_1_33' title='bbox 523 525 662 558; x_wconf 88' lang='lat' dir='ltr'>concivis</span> <span class='ocrx_word' id='word_1_34' title='bbox 673 526 742 566; x_wconf 75' lang='lat' dir='ltr'>Jam</span> <span class='ocrx_word' id='word_1_35' title='bbox 759 525 870 563; x_wconf 89' lang='lat' dir='ltr'>factus,</span> <span class='ocrx_word' id='word_1_36' title='bbox 887 525 952 555; x_wconf 84' lang='lat' dir='ltr'>fer-</span> 
     </span>
     <span class='ocr_line' id='line_1_8' title="bbox 175 578 954 620; baseline -0.001 -10"><span class='ocrx_word' id='word_1_37' title='bbox 175 579 262 611; x_wconf 89' lang='lat' dir='ltr'>venti</span> <span class='ocrx_word' id='word_1_38' title='bbox 281 578 436 610; x_wconf 90' lang='lat' dir='ltr'>desiderio</span> <span class='ocrx_word' id='word_1_39' title='bbox 464 579 629 620; x_wconf 85' lang='lat' dir='ltr'>quaerebat</span> <span class='ocrx_word' id='word_1_40' title='bbox 653 579 823 618; x_wconf 89' lang='lat' dir='ltr'>dilectum,</span> <span class='ocrx_word' id='word_1_41' title='bbox 847 587 866 610; x_wconf 89' lang='lat' dir='ltr'>a</span> <span class='ocrx_word' id='word_1_42' title='bbox 888 586 954 618; x_wconf 91' lang='lat' dir='ltr'>quo</span> 
     </span>
     <span class='ocr_line' id='line_1_9' title="bbox 175 632 955 675; baseline -0.004 -9"><span class='ocrx_word' id='word_1_43' title='bbox 175 634 261 666; x_wconf 88' lang='lat' dir='ltr'>solus</span> <span class='ocrx_word' id='word_1_44' title='bbox 275 643 350 665; x_wconf 90' lang='lat' dir='ltr'>eum</span> <span class='ocrx_word' id='word_1_45' title='bbox 366 634 470 665; x_wconf 88' lang='lat' dir='ltr'>carnis</span> <span class='ocrx_word' id='word_1_46' title='bbox 484 633 588 675; x_wconf 87' lang='lat' dir='ltr'>paries</span> <span class='ocrx_word' id='word_1_47' title='bbox 602 632 818 675; x_wconf 86' lang='lat' dir='ltr'>disjungebat.</span> <span class='ocrx_word' id='word_1_48' title='bbox 835 632 910 664; x_wconf 83' lang='lat' dir='ltr'>Erat</span> <span class='ocrx_word' id='word_1_49' title='bbox 923 634 955 663; x_wconf 89' lang='lat' dir='ltr'>et</span> 
     </span>
     <span class='ocr_line' id='line_1_10' title="bbox 175 687 954 729; baseline -0.003 -10"><span class='ocrx_word' id='word_1_50' title='bbox 175 688 319 729; x_wconf 90' lang='lat' dir='ltr'>operanti</span> <span class='ocrx_word' id='word_1_51' title='bbox 335 687 533 728; x_wconf 85' lang='lat' dir='ltr'>praesidium,</span> <span class='ocrx_word' id='word_1_52' title='bbox 555 687 633 718; x_wconf 92' lang='lat' dir='ltr'>dum</span> <span class='ocrx_word' id='word_1_53' title='bbox 649 687 683 718; x_wconf 90' lang='lat' dir='ltr'>in</span> <span class='ocrx_word' id='word_1_54' title='bbox 702 687 864 726; x_wconf 91' lang='lat' dir='ltr'>omnibus,</span> <span class='ocrx_word' id='word_1_55' title='bbox 881 695 954 727; x_wconf 85' lang='lat' dir='ltr'>quae</span> 
     </span>
     <span class='ocr_line' id='line_1_11' title="bbox 175 740 955 781; baseline -0.003 -8"><span class='ocrx_word' id='word_1_56' title='bbox 175 742 302 781; x_wconf 85' lang='lat' dir='ltr'>agebat,</span> <span class='ocrx_word' id='word_1_57' title='bbox 320 742 359 773; x_wconf 91' lang='lat' dir='ltr'>de</span> <span class='ocrx_word' id='word_1_58' title='bbox 374 750 433 773; x_wconf 87' lang='lat' dir='ltr'>sua</span> <span class='ocrx_word' id='word_1_59' title='bbox 449 741 595 773; x_wconf 84' lang='lat' dir='ltr'>diffidens</span> <span class='ocrx_word' id='word_1_60' title='bbox 611 740 778 780; x_wconf 88' lang='lat' dir='ltr'>industria,</span> <span class='ocrx_word' id='word_1_61' title='bbox 795 742 826 772; x_wconf 90' lang='lat' dir='ltr'>et</span> <span class='ocrx_word' id='word_1_62' title='bbox 845 740 884 772; x_wconf 89' lang='lat' dir='ltr'>de</span> <span class='ocrx_word' id='word_1_63' title='bbox 899 749 955 771; x_wconf 90' lang='lat' dir='ltr'>su-</span> 
     </span>
     <span class='ocr_line' id='line_1_12' title="bbox 175 794 952 836; baseline -0.001 -10"><span class='ocrx_word' id='word_1_64' title='bbox 175 803 274 836; x_wconf 86' lang='lat' dir='ltr'>perna</span> <span class='ocrx_word' id='word_1_65' title='bbox 294 795 410 836; x_wconf 87' lang='lat' dir='ltr'>pietate</span> <span class='ocrx_word' id='word_1_66' title='bbox 431 794 606 834; x_wconf 83' lang='lat' dir='ltr'>confidens,</span> <span class='ocrx_word' id='word_1_67' title='bbox 631 804 688 835; x_wconf 88' lang='lat' dir='ltr'>per</span> <span class='ocrx_word' id='word_1_68' title='bbox 709 794 810 835; x_wconf 86' lang='lat' dir='ltr'>ipsius</span> <span class='ocrx_word' id='word_1_69' title='bbox 829 794 952 825; x_wconf 87' lang='lat' dir='ltr'>instan-</span> 
     </span>
     <span class='ocr_line' id='line_1_13' title="bbox 175 848 953 889; baseline -0.003 -8"><span class='ocrx_word' id='word_1_70' title='bbox 175 849 252 881; x_wconf 84' lang='lat' dir='ltr'>tiam</span> <span class='ocrx_word' id='word_1_71' title='bbox 267 850 372 880; x_wconf 90' lang='lat' dir='ltr'>totum</span> <span class='ocrx_word' id='word_1_72' title='bbox 389 849 424 880; x_wconf 90' lang='lat' dir='ltr'>in</span> <span class='ocrx_word' id='word_1_73' title='bbox 449 848 582 880; x_wconf 90' lang='lat' dir='ltr'>Domino</span> <span class='ocrx_word' id='word_1_74' title='bbox 608 849 785 888; x_wconf 84' lang='lat' dir='ltr'>cogitatum</span> <span class='ocrx_word' id='word_1_75' title='bbox 801 848 953 889; x_wconf 86' lang='lat' dir='ltr'>jactabat.</span> 
     </span>
     <span class='ocr_line' id='line_1_14' title="bbox 176 902 956 943; baseline -0.004 -8"><span class='ocrx_word' id='word_1_76' title='bbox 176 903 333 936; x_wconf 85' lang='lat' dir='ltr'>Orationis</span> <span class='ocrx_word' id='word_1_77' title='bbox 351 903 490 943; x_wconf 84' lang='lat' dir='ltr'>gratiam</span> <span class='ocrx_word' id='word_1_78' title='bbox 512 903 582 935; x_wconf 90' lang='lat' dir='ltr'>viro</span> <span class='ocrx_word' id='word_1_79' title='bbox 596 902 748 942; x_wconf 85' lang='lat' dir='ltr'>religioso</span> <span class='ocrx_word' id='word_1_80' title='bbox 772 902 956 933; x_wconf 88' lang='lat' dir='ltr'>desideran-</span> 
     </span>
     <span class='ocr_line' id='line_1_15' title="bbox 177 955 955 998; baseline -0.004 -9"><span class='ocrx_word' id='word_1_81' title='bbox 177 958 250 990; x_wconf 86' lang='lat' dir='ltr'>dam</span> <span class='ocrx_word' id='word_1_82' title='bbox 270 966 367 998; x_wconf 88' lang='lat' dir='ltr'>super</span> <span class='ocrx_word' id='word_1_83' title='bbox 391 957 500 989; x_wconf 88' lang='lat' dir='ltr'>omnia</span> <span class='ocrx_word' id='word_1_84' title='bbox 524 956 660 988; x_wconf 90' lang='lat' dir='ltr'>firmiter</span> <span class='ocrx_word' id='word_1_85' title='bbox 680 955 851 994; x_wconf 82' lang='lat' dir='ltr'>asserebat,</span> <span class='ocrx_word' id='word_1_86' title='bbox 881 955 955 986; x_wconf 92' lang='lat' dir='ltr'>nul-</span> 
     </span>
     <span class='ocr_line' id='line_1_16' title="bbox 177 1008 956 1052; baseline -0.005 -9"><span class='ocrx_word' id='word_1_87' title='bbox 177 1012 310 1052; x_wconf 89' lang='lat' dir='ltr'>lumque</span> <span class='ocrx_word' id='word_1_88' title='bbox 324 1011 456 1042; x_wconf 87' lang='lat' dir='ltr'>credens</span> <span class='ocrx_word' id='word_1_89' title='bbox 468 1010 536 1042; x_wconf 87' lang='lat' dir='ltr'>sine</span> <span class='ocrx_word' id='word_1_90' title='bbox 555 1011 622 1051; x_wconf 89' lang='lat' dir='ltr'>ipsa</span> <span class='ocrx_word' id='word_1_91' title='bbox 645 1010 681 1040; x_wconf 91' lang='lat' dir='ltr'>in</span> <span class='ocrx_word' id='word_1_92' title='bbox 700 1009 754 1040; x_wconf 90' lang='lat' dir='ltr'>Dei</span> <span class='ocrx_word' id='word_1_93' title='bbox 776 1008 956 1050; x_wconf 88' lang='lat' dir='ltr'>prosperari</span> 
     </span>
     <span class='ocr_line' id='line_1_17' title="bbox 177 1063 957 1104; baseline -0.004 -8"><span class='ocrx_word' id='word_1_94' title='bbox 177 1065 318 1104; x_wconf 87' lang='lat' dir='ltr'>servitio,</span> <span class='ocrx_word' id='word_1_95' title='bbox 336 1064 439 1096; x_wconf 90' lang='lat' dir='ltr'>modis</span> <span class='ocrx_word' id='word_1_96' title='bbox 459 1063 576 1104; x_wconf 89' lang='lat' dir='ltr'>quibus</span> <span class='ocrx_word' id='word_1_97' title='bbox 598 1065 721 1104; x_wconf 87' lang='lat' dir='ltr'>poterat</span> <span class='ocrx_word' id='word_1_98' title='bbox 744 1063 857 1094; x_wconf 88' lang='lat' dir='ltr'>fratres</span> <span class='ocrx_word' id='word_1_99' title='bbox 881 1071 957 1094; x_wconf 91' lang='lat' dir='ltr'>suos</span> 
     </span>
     <span class='ocr_line' id='line_1_18' title="bbox 178 1116 958 1159; baseline -0.004 -9"><span class='ocrx_word' id='word_1_100' title='bbox 178 1118 218 1150; x_wconf 90' lang='lat' dir='ltr'>ad</span> <span class='ocrx_word' id='word_1_101' title='bbox 232 1119 303 1159; x_wconf 87' lang='lat' dir='ltr'>ejus</span> <span class='ocrx_word' id='word_1_102' title='bbox 323 1118 466 1149; x_wconf 89' lang='lat' dir='ltr'>studium</span> <span class='ocrx_word' id='word_1_103' title='bbox 488 1117 658 1149; x_wconf 81' lang='lat' dir='ltr'>excitabat.</span> <span class='ocrx_word' id='word_1_104' title='bbox 685 1116 766 1147; x_wconf 88' lang='lat' dir='ltr'>Nam</span> <span class='ocrx_word' id='word_1_105' title='bbox 787 1117 958 1147; x_wconf 84' lang='lat' dir='ltr'>ambulans</span> 
     </span>
     <span class='ocr_line' id='line_1_19' title="bbox 179 1170 956 1211; baseline -0.005 -8"><span class='ocrx_word' id='word_1_106' title='bbox 179 1174 210 1204; x_wconf 89' lang='lat' dir='ltr'>et</span> <span class='ocrx_word' id='word_1_107' title='bbox 225 1172 348 1211; x_wconf 70' lang='lat' dir='ltr'>sedem,</span> <span class='ocrx_word' id='word_1_108' title='bbox 366 1172 453 1203; x_wconf 88' lang='lat' dir='ltr'>intus</span> <span class='ocrx_word' id='word_1_109' title='bbox 466 1173 497 1203; x_wconf 87' lang='lat' dir='ltr'>et</span> <span class='ocrx_word' id='word_1_110' title='bbox 512 1171 598 1210; x_wconf 89' lang='lat' dir='ltr'>foris,</span> <span class='ocrx_word' id='word_1_111' title='bbox 620 1170 769 1201; x_wconf 89' lang='lat' dir='ltr'>laborans</span> <span class='ocrx_word' id='word_1_112' title='bbox 784 1172 815 1201; x_wconf 89' lang='lat' dir='ltr'>et</span> <span class='ocrx_word' id='word_1_113' title='bbox 829 1179 956 1209; x_wconf 83' lang='lat' dir='ltr'>vacans,</span> 
     </span>
     <span class='ocr_line' id='line_1_20' title="bbox 179 1224 959 1263; baseline -0.003 -6"><span class='ocrx_word' id='word_1_114' title='bbox 179 1226 315 1258; x_wconf 84' lang='lat' dir='ltr'>orationi</span> <span class='ocrx_word' id='word_1_115' title='bbox 330 1226 408 1257; x_wconf 88' lang='lat' dir='ltr'>adeo</span> <span class='ocrx_word' id='word_1_116' title='bbox 427 1226 495 1256; x_wconf 88' lang='lat' dir='ltr'>erat</span> <span class='ocrx_word' id='word_1_117' title='bbox 510 1225 663 1263; x_wconf 88' lang='lat' dir='ltr'>intentus,</span> <span class='ocrx_word' id='word_1_118' title='bbox 679 1226 715 1255; x_wconf 92' lang='lat' dir='ltr'>ut</span> <span class='ocrx_word' id='word_1_119' title='bbox 734 1224 780 1255; x_wconf 90' lang='lat' dir='ltr'>illi</span> <span class='ocrx_word' id='word_1_120' title='bbox 795 1224 959 1255; x_wconf 87' lang='lat' dir='ltr'>videretur</span> 
     </span>
     <span class='ocr_line' id='line_1_21' title="bbox 180 1278 959 1320; baseline -0.003 -9"><span class='ocrx_word' id='word_1_121' title='bbox 180 1289 245 1311; x_wconf 94' lang='lat' dir='ltr'>non</span> <span class='ocrx_word' id='word_1_122' title='bbox 259 1279 363 1311; x_wconf 90' lang='lat' dir='ltr'>solum</span> <span class='ocrx_word' id='word_1_123' title='bbox 374 1279 530 1320; x_wconf 90' lang='lat' dir='ltr'>quidquid</span> <span class='ocrx_word' id='word_1_124' title='bbox 544 1280 612 1310; x_wconf 89' lang='lat' dir='ltr'>erat</span> <span class='ocrx_word' id='word_1_125' title='bbox 622 1278 655 1309; x_wconf 93' lang='lat' dir='ltr'>in</span> <span class='ocrx_word' id='word_1_126' title='bbox 666 1287 704 1309; x_wconf 90' lang='lat' dir='ltr'>eo</span> <span class='ocrx_word' id='word_1_127' title='bbox 719 1278 833 1317; x_wconf 82' lang='lat' dir='ltr'>cordiS,</span> <span class='ocrx_word' id='word_1_128' title='bbox 849 1280 880 1309; x_wconf 92' lang='lat' dir='ltr'>et</span> <span class='ocrx_word' id='word_1_129' title='bbox 892 1287 959 1309; x_wconf 89' lang='lat' dir='ltr'>cor-</span> 
     </span>
     <span class='ocr_line' id='line_1_22' title="bbox 181 1331 957 1374; baseline -0.004 -9"><span class='ocrx_word' id='word_1_130' title='bbox 181 1334 278 1374; x_wconf 89' lang='lat' dir='ltr'>poris,</span> <span class='ocrx_word' id='word_1_131' title='bbox 294 1342 410 1365; x_wconf 87' lang='lat' dir='ltr'>verum</span> <span class='ocrx_word' id='word_1_132' title='bbox 425 1332 520 1364; x_wconf 87' lang='lat' dir='ltr'>etiam</span> <span class='ocrx_word' id='word_1_133' title='bbox 535 1332 641 1372; x_wconf 88' lang='lat' dir='ltr'>operis</span> <span class='ocrx_word' id='word_1_134' title='bbox 656 1333 686 1363; x_wconf 87' lang='lat' dir='ltr'>et</span> <span class='ocrx_word' id='word_1_135' title='bbox 698 1331 852 1372; x_wconf 89' lang='lat' dir='ltr'>temporis</span> <span class='ocrx_word' id='word_1_136' title='bbox 866 1331 957 1362; x_wconf 88' lang='lat' dir='ltr'>dedi-</span> 
     </span>
     <span class='ocr_line' id='line_1_23' title="bbox 182 1386 959 1426; baseline -0.004 -7"><span class='ocrx_word' id='word_1_137' title='bbox 182 1397 278 1420; x_wconf 82' lang='lat' dir='ltr'>casse.</span> <span class='ocrx_word' id='word_1_138' title='bbox 297 1387 416 1419; x_wconf 90' lang='lat' dir='ltr'>Solitus</span> <span class='ocrx_word' id='word_1_139' title='bbox 430 1388 498 1418; x_wconf 87' lang='lat' dir='ltr'>erat</span> <span class='ocrx_word' id='word_1_140' title='bbox 515 1387 637 1418; x_wconf 89' lang='lat' dir='ltr'>nullam</span> <span class='ocrx_word' id='word_1_141' title='bbox 657 1386 872 1417; x_wconf 82' lang='lat' dir='ltr'>visitationem</span> <span class='ocrx_word' id='word_1_142' title='bbox 887 1386 959 1426; x_wconf 91' lang='lat' dir='ltr'>Spi-</span> 
     </span>
     <span class='ocr_line' id='line_1_24' title="bbox 184 1440 959 1482; baseline -0.005 -7"><span class='ocrx_word' id='word_1_143' title='bbox 184 1444 267 1475; x_wconf 87' lang='lat' dir='ltr'>ritus</span> <span class='ocrx_word' id='word_1_144' title='bbox 283 1452 356 1474; x_wconf 86' lang='lat' dir='ltr'>cum</span> <span class='ocrx_word' id='word_1_145' title='bbox 368 1441 566 1482; x_wconf 78' lang='lat' dir='ltr'>negligentia</span> <span class='ocrx_word' id='word_1_146' title='bbox 584 1440 759 1481; x_wconf 65' lang='lat' dir='ltr'>praeterire.</span> <span class='ocrx_word' id='word_1_147' title='bbox 782 1440 959 1481; x_wconf 85' lang='lat' dir='ltr'>Siquidem,</span> 
     </span>
     <span class='ocr_line' id='line_1_25' title="bbox 185 1494 960 1535; baseline -0.005 -7"><span class='ocrx_word' id='word_1_148' title='bbox 185 1506 257 1528; x_wconf 90' lang='lat' dir='ltr'>cum</span> <span class='ocrx_word' id='word_1_149' title='bbox 271 1496 475 1534; x_wconf 82' lang='lat' dir='ltr'>offerebatur,</span> <span class='ocrx_word' id='word_1_150' title='bbox 492 1494 685 1535; x_wconf 80' lang='lat' dir='ltr'>sequebatur</span> <span class='ocrx_word' id='word_1_151' title='bbox 699 1503 786 1533; x_wconf 83' lang='lat' dir='ltr'>eam3</span> <span class='ocrx_word' id='word_1_152' title='bbox 803 1496 834 1525; x_wconf 88' lang='lat' dir='ltr'>et</span> <span class='ocrx_word' id='word_1_153' title='bbox 847 1503 960 1534; x_wconf 89' lang='lat' dir='ltr'>quam-</span> 
     </span>
     <span class='ocr_line' id='line_1_26' title="bbox 187 1547 964 1588; baseline -0.005 -6"><span class='ocrx_word' id='word_1_154' title='bbox 187 1551 243 1582; x_wconf 91' lang='lat' dir='ltr'>diu</span> <span class='ocrx_word' id='word_1_155' title='bbox 258 1550 414 1581; x_wconf 89' lang='lat' dir='ltr'>Dominus</span> <span class='ocrx_word' id='word_1_156' title='bbox 425 1547 626 1587; x_wconf 85' lang='lat' dir='ltr'>concedebat,</span> <span class='ocrx_word' id='word_1_157' title='bbox 642 1547 807 1579; x_wconf 83' lang='lat' dir='ltr'>dulcedine</span> <span class='ocrx_word' id='word_1_158' title='bbox 822 1548 964 1588; x_wconf 87' lang='lat' dir='ltr'>perfrue-</span> 
     </span>
     <span class='ocr_line' id='line_1_27' title="bbox 185 1601 961 1639; baseline -0.005 -4"><span class='ocrx_word' id='word_1_159' title='bbox 185 1604 280 1635; x_wconf 86' lang='lat' dir='ltr'>batur</span> <span class='ocrx_word' id='word_1_160' title='bbox 305 1603 420 1634; x_wconf 85' lang='lat' dir='ltr'>oblata.</span> <span class='ocrx_word' id='word_1_161' title='bbox 447 1602 526 1633; x_wconf 91' lang='lat' dir='ltr'>Cum</span> <span class='ocrx_word' id='word_1_162' title='bbox 547 1603 655 1633; x_wconf 90' lang='lat' dir='ltr'>autem</span> <span class='ocrx_word' id='word_1_163' title='bbox 676 1601 818 1632; x_wconf 90' lang='lat' dir='ltr'>intentus</span> <span class='ocrx_word' id='word_1_164' title='bbox 843 1601 961 1639; x_wconf 90' lang='lat' dir='ltr'>itineri,</span> 
     </span>
     <span class='ocr_line' id='line_1_28' title="bbox 182 1654 961 1696; baseline -0.005 -8"><span class='ocrx_word' id='word_1_165' title='bbox 182 1657 285 1688; x_wconf 89' lang='lat' dir='ltr'>divini</span> <span class='ocrx_word' id='word_1_166' title='bbox 300 1656 438 1696; x_wconf 86' lang='lat' dir='ltr'>Spiritus</span> <span class='ocrx_word' id='word_1_167' title='bbox 452 1655 577 1695; x_wconf 88' lang='lat' dir='ltr'>aliquos</span> <span class='ocrx_word' id='word_1_168' title='bbox 598 1655 730 1685; x_wconf 87' lang='lat' dir='ltr'>sentiret</span> <span class='ocrx_word' id='word_1_169' title='bbox 752 1654 891 1693; x_wconf 80' lang='lat' dir='ltr'>afflatus,</span> <span class='ocrx_word' id='word_1_170' title='bbox 908 1663 961 1685; x_wconf 90' lang='lat' dir='ltr'>so-</span> 
     </span>
     <span class='ocr_line' id='line_1_29' title="bbox 184 1708 962 1750; baseline -0.005 -8"><span class='ocrx_word' id='word_1_171' title='bbox 184 1711 241 1742; x_wconf 90' lang='lat' dir='ltr'>ciis</span> <span class='ocrx_word' id='word_1_172' title='bbox 254 1709 507 1750; x_wconf 78' lang='lat' dir='ltr'>praecedentibus</span> <span class='ocrx_word' id='word_1_173' title='bbox 524 1708 663 1748; x_wconf 89' lang='lat' dir='ltr'>gradum</span> <span class='ocrx_word' id='word_1_174' title='bbox 677 1708 810 1747; x_wconf 85' lang='lat' dir='ltr'>figebat,</span> <span class='ocrx_word' id='word_1_175' title='bbox 828 1717 962 1739; x_wconf 83' lang='lat' dir='ltr'>novam-</span> 
     </span>
     <span class='ocr_line' id='line_1_30' title="bbox 182 1762 960 1805; baseline -0.005 -9"><span class='ocrx_word' id='word_1_176' title='bbox 182 1774 245 1805; x_wconf 85' lang='lat' dir='ltr'>que</span> <span class='ocrx_word' id='word_1_177' title='bbox 260 1763 499 1804; x_wconf 86' lang='lat' dir='ltr'>inspirationem</span> <span class='ocrx_word' id='word_1_178' title='bbox 510 1762 550 1793; x_wconf 89' lang='lat' dir='ltr'>ad</span> <span class='ocrx_word' id='word_1_179' title='bbox 560 1762 745 1793; x_wconf 84' lang='lat' dir='ltr'>fruitionem</span> <span class='ocrx_word' id='word_1_180' title='bbox 761 1764 960 1800; x_wconf 87' lang='lat' dir='ltr'>convertens,</span> 
     </span>
     <span class='ocr_line' id='line_1_31' title="bbox 183 1815 961 1858; baseline -0.004 -9"><span class='ocrx_word' id='word_1_181' title='bbox 183 1819 323 1858; x_wconf 84' lang='lat' dir='ltr'>gratiam</span> <span class='ocrx_word' id='word_1_182' title='bbox 347 1826 414 1848; x_wconf 93' lang='lat' dir='ltr'>non</span> <span class='ocrx_word' id='word_1_183' title='bbox 446 1817 620 1857; x_wconf 89' lang='lat' dir='ltr'>recipiebat</span> <span class='ocrx_word' id='word_1_184' title='bbox 643 1817 677 1846; x_wconf 90' lang='lat' dir='ltr'>in</span> <span class='ocrx_word' id='word_1_185' title='bbox 706 1825 858 1847; x_wconf 83' lang='lat' dir='ltr'>vacuum.</span> <span class='ocrx_word' id='word_1_186' title='bbox 885 1815 961 1846; x_wconf 89' lang='lat' dir='ltr'>Sus-</span> 
     </span>
     <span class='ocr_line' id='line_1_32' title="bbox 184 1869 964 1913; baseline -0.004 -10"><span class='ocrx_word' id='word_1_187' title='bbox 184 1872 383 1913; x_wconf 85' lang='lat' dir='ltr'>pendebatur</span> <span class='ocrx_word' id='word_1_188' title='bbox 399 1870 562 1901; x_wconf 86' lang='lat' dir='ltr'>multoties</span> <span class='ocrx_word' id='word_1_189' title='bbox 582 1872 671 1901; x_wconf 87' lang='lat' dir='ltr'>tanto</span> <span class='ocrx_word' id='word_1_190' title='bbox 688 1869 964 1910; x_wconf 88' lang='lat' dir='ltr'>contemplationis</span> 
     </span>
     <span class='ocr_line' id='line_1_33' title="bbox 184 1923 964 1964; baseline -0.005 -7"><span class='ocrx_word' id='word_1_191' title='bbox 184 1935 327 1964; x_wconf 81' lang='lat' dir='ltr'>excessu,</span> <span class='ocrx_word' id='word_1_192' title='bbox 344 1926 380 1956; x_wconf 88' lang='lat' dir='ltr'>ut</span> <span class='ocrx_word' id='word_1_193' title='bbox 395 1933 492 1964; x_wconf 87' lang='lat' dir='ltr'>supra</span> <span class='ocrx_word' id='word_1_194' title='bbox 509 1923 716 1963; x_wconf 87' lang='lat' dir='ltr'>semetipsum</span> <span class='ocrx_word' id='word_1_195' title='bbox 730 1925 854 1963; x_wconf 88' lang='lat' dir='ltr'>raptus,</span> <span class='ocrx_word' id='word_1_196' title='bbox 872 1926 902 1954; x_wconf 88' lang='lat' dir='ltr'>et</span> <span class='ocrx_word' id='word_1_197' title='bbox 917 1923 964 1954; x_wconf 92' lang='lat' dir='ltr'>ul-</span> 
     </span>
     <span class='ocr_line' id='line_1_34' title="bbox 184 1977 964 2018; baseline -0.004 -6"><span class='ocrx_word' id='word_1_198' title='bbox 184 1983 233 2012; x_wconf 90' lang='lat' dir='ltr'>tra</span> <span class='ocrx_word' id='word_1_199' title='bbox 247 1981 429 2012; x_wconf 89' lang='lat' dir='ltr'>humanum</span> <span class='ocrx_word' id='word_1_200' title='bbox 440 1987 570 2010; x_wconf 87' lang='lat' dir='ltr'>sensum</span> <span class='ocrx_word' id='word_1_201' title='bbox 586 1977 706 2018; x_wconf 87' lang='lat' dir='ltr'>aliquid</span> <span class='ocrx_word' id='word_1_202' title='bbox 723 1977 873 2016; x_wconf 87' lang='lat' dir='ltr'>sentiens,</span> <span class='ocrx_word' id='word_1_203' title='bbox 887 1978 964 2018; x_wconf 87' lang='lat' dir='ltr'>quid</span> 
     </span>
     <span class='ocr_line' id='line_1_35' title="bbox 184 2031 962 2075; baseline -0.004 -9"><span class='ocrx_word' id='word_1_204' title='bbox 184 2036 335 2075; x_wconf 84' lang='lat' dir='ltr'>ageretur</span> <span class='ocrx_word' id='word_1_205' title='bbox 349 2033 431 2064; x_wconf 87' lang='lat' dir='ltr'>circa</span> <span class='ocrx_word' id='word_1_206' title='bbox 451 2041 483 2063; x_wconf 90' lang='lat' dir='ltr'>se</span> <span class='ocrx_word' id='word_1_207' title='bbox 499 2032 639 2063; x_wconf 84' lang='lat' dir='ltr'>exterius</span> <span class='ocrx_word' id='word_1_208' title='bbox 655 2031 829 2070; x_wconf 83' lang='lat' dir='ltr'>ignoraret.</span> <span class='ocrx_word' id='word_1_209' title='bbox 847 2031 962 2063; x_wconf 87' lang='lat' dir='ltr'>Trans-</span> 
     </span>
     <span class='ocr_line' id='line_1_36' title="bbox 185 2085 965 2128; baseline -0.005 -8"><span class='ocrx_word' id='word_1_210' title='bbox 185 2089 253 2120; x_wconf 89' lang='lat' dir='ltr'>iens</span> <span class='ocrx_word' id='word_1_211' title='bbox 272 2096 412 2128; x_wconf 87' lang='lat' dir='ltr'>namque</span> <span class='ocrx_word' id='word_1_212' title='bbox 434 2087 531 2118; x_wconf 88' lang='lat' dir='ltr'>semel</span> <span class='ocrx_word' id='word_1_213' title='bbox 552 2095 608 2126; x_wconf 88' lang='lat' dir='ltr'>per</span> <span class='ocrx_word' id='word_1_214' title='bbox 625 2085 770 2125; x_wconf 81' lang='lat' dir='ltr'>Burgum</span> <span class='ocrx_word' id='word_1_215' title='bbox 785 2085 891 2116; x_wconf 86' lang='lat' dir='ltr'>Sancti</span> <span class='ocrx_word' id='word_1_216' title='bbox 906 2086 965 2117; x_wconf 89' lang='lat' dir='ltr'>Se-</span> 
     </span>
     <span class='ocr_line' id='line_1_37' title="bbox 186 2139 966 2182; baseline -0.004 -9"><span class='ocrx_word' id='word_1_217' title='bbox 186 2141 299 2182; x_wconf 90' lang='lat' dir='ltr'>pulcri,</span> <span class='ocrx_word' id='word_1_218' title='bbox 315 2143 456 2172; x_wconf 88' lang='lat' dir='ltr'>castrum</span> <span class='ocrx_word' id='word_1_219' title='bbox 470 2141 583 2180; x_wconf 85' lang='lat' dir='ltr'>utique</span> <span class='ocrx_word' id='word_1_220' title='bbox 603 2139 806 2180; x_wconf 85' lang='lat' dir='ltr'>populosum,</span> <span class='ocrx_word' id='word_1_221' title='bbox 832 2149 891 2180; x_wconf 88' lang='lat' dir='ltr'>pro</span> <span class='ocrx_word' id='word_1_222' title='bbox 910 2140 966 2171; x_wconf 82' lang='lat' dir='ltr'>de-</span> 
     </span>
     <span class='ocr_line' id='line_1_38' title="bbox 187 2192 966 2235; baseline -0.003 -9"><span class='ocrx_word' id='word_1_223' title='bbox 187 2195 307 2226; x_wconf 84' lang='lat' dir='ltr'>bilitate</span> <span class='ocrx_word' id='word_1_224' title='bbox 333 2195 475 2235; x_wconf 87' lang='lat' dir='ltr'>corporis</span> <span class='ocrx_word' id='word_1_225' title='bbox 504 2194 676 2226; x_wconf 84' lang='lat' dir='ltr'>subvectus</span> <span class='ocrx_word' id='word_1_226' title='bbox 705 2192 820 2232; x_wconf 84' lang='lat' dir='ltr'>asello,</span> <span class='ocrx_word' id='word_1_227' title='bbox 855 2193 966 2225; x_wconf 90' lang='lat' dir='ltr'>obvias</span> 
     </span>
     <span class='ocr_line' id='line_1_39' title="bbox 188 2248 967 2287; baseline 0 -7"><span class='ocrx_word' id='word_1_228' title='bbox 188 2249 300 2280; x_wconf 88' lang='lat' dir='ltr'>habuit</span> <span class='ocrx_word' id='word_1_229' title='bbox 345 2249 457 2279; x_wconf 89' lang='lat' dir='ltr'>turbas</span> <span class='ocrx_word' id='word_1_230' title='bbox 499 2249 534 2279; x_wconf 91' lang='lat' dir='ltr'>in</span> <span class='ocrx_word' id='word_1_231' title='bbox 573 2257 648 2279; x_wconf 89' lang='lat' dir='ltr'>eum</span> <span class='ocrx_word' id='word_1_232' title='bbox 693 2256 761 2287; x_wconf 79' lang='lat' dir='ltr'>prae</span> <span class='ocrx_word' id='word_1_233' title='bbox 799 2248 967 2280; x_wconf 89' lang='lat' dir='ltr'>devotione</span> 
     </span>
     <span class='ocr_line' id='line_1_40' title="bbox 188 2301 964 2342; baseline -0.001 -8"><span class='ocrx_word' id='word_1_234' title='bbox 188 2304 328 2334; x_wconf 81' lang='lat' dir='ltr'>ruentes.</span> <span class='ocrx_word' id='word_1_235' title='bbox 345 2301 476 2332; x_wconf 86' lang='lat' dir='ltr'>Tractus</span> <span class='ocrx_word' id='word_1_236' title='bbox 491 2303 610 2338; x_wconf 88' lang='lat' dir='ltr'>autem,</span> <span class='ocrx_word' id='word_1_237' title='bbox 627 2303 658 2332; x_wconf 90' lang='lat' dir='ltr'>et</span> <span class='ocrx_word' id='word_1_238' title='bbox 677 2301 826 2332; x_wconf 86' lang='lat' dir='ltr'>detentus</span> <span class='ocrx_word' id='word_1_239' title='bbox 846 2302 886 2332; x_wconf 87' lang='lat' dir='ltr'>ab</span> <span class='ocrx_word' id='word_1_240' title='bbox 905 2302 964 2342; x_wconf 84' lang='lat' dir='ltr'>eis,</span> 
     </span>
     <span class='ocr_line' id='line_1_41' title="bbox 189 2354 967 2397; baseline -0.003 -9"><span class='ocrx_word' id='word_1_241' title='bbox 189 2365 389 2397; x_wconf 88' lang='lat' dir='ltr'>compressus</span> <span class='ocrx_word' id='word_1_242' title='bbox 404 2365 533 2396; x_wconf 90' lang='lat' dir='ltr'>quoque</span> <span class='ocrx_word' id='word_1_243' title='bbox 555 2364 591 2385; x_wconf 91' lang='lat' dir='ltr'>ac</span> <span class='ocrx_word' id='word_1_244' title='bbox 612 2354 830 2394; x_wconf 88' lang='lat' dir='ltr'>multipliciter</span> <span class='ocrx_word' id='word_1_245' title='bbox 851 2357 967 2387; x_wconf 85' lang='lat' dir='ltr'>attrec-</span> 
     </span>
     <span class='ocr_line' id='line_1_42' title="bbox 189 2408 970 2448; baseline -0.001 -6"><span class='ocrx_word' id='word_1_246' title='bbox 189 2412 285 2448; x_wconf 89' lang='lat' dir='ltr'>tatus,</span> <span class='ocrx_word' id='word_1_247' title='bbox 302 2409 494 2441; x_wconf 86' lang='lat' dir='ltr'>insensibilis</span> <span class='ocrx_word' id='word_1_248' title='bbox 504 2409 672 2440; x_wconf 87' lang='lat' dir='ltr'>videbatur</span> <span class='ocrx_word' id='word_1_249' title='bbox 685 2408 724 2439; x_wconf 90' lang='lat' dir='ltr'>ad</span> <span class='ocrx_word' id='word_1_250' title='bbox 737 2409 855 2447; x_wconf 85' lang='lat' dir='ltr'>omnia,</span> <span class='ocrx_word' id='word_1_251' title='bbox 872 2411 903 2440; x_wconf 90' lang='lat' dir='ltr'>et</span> <span class='ocrx_word' id='word_1_252' title='bbox 914 2419 970 2441; x_wconf 88' lang='lat' dir='ltr'>ve-</span> 
     </span>
     <span class='ocr_line' id='line_1_43' title="bbox 189 2462 970 2504; baseline 0 -9"><span class='ocrx_word' id='word_1_253' title='bbox 189 2465 239 2495; x_wconf 92' lang='lat' dir='ltr'>lut</span> <span class='ocrx_word' id='word_1_254' title='bbox 254 2464 401 2495; x_wconf 82' lang='lat' dir='ltr'>exanime</span> <span class='ocrx_word' id='word_1_255' title='bbox 415 2472 541 2504; x_wconf 87' lang='lat' dir='ltr'>corpus,</span> <span class='ocrx_word' id='word_1_256' title='bbox 553 2463 591 2493; x_wconf 89' lang='lat' dir='ltr'>de</span> <span class='ocrx_word' id='word_1_257' title='bbox 606 2462 666 2501; x_wconf 87' lang='lat' dir='ltr'>his,</span> <span class='ocrx_word' id='word_1_258' title='bbox 677 2471 750 2502; x_wconf 77' lang='lat' dir='ltr'>quae</span> <span class='ocrx_word' id='word_1_259' title='bbox 761 2463 878 2494; x_wconf 88' lang='lat' dir='ltr'>fiebant</span> <span class='ocrx_word' id='word_1_260' title='bbox 888 2464 970 2495; x_wconf 88' lang='lat' dir='ltr'>circa</span> 
     </span>
     <span class='ocr_line' id='line_1_44' title="bbox 191 2516 970 2558; baseline 0 -9"><span class='ocrx_word' id='word_1_261' title='bbox 191 2519 306 2558; x_wconf 83' lang='lat' dir='ltr'>ipsum,</span> <span class='ocrx_word' id='word_1_262' title='bbox 329 2518 410 2548; x_wconf 89' lang='lat' dir='ltr'>nihil</span> <span class='ocrx_word' id='word_1_263' title='bbox 434 2517 559 2557; x_wconf 83' lang='lat' dir='ltr'>penitus</span> <span class='ocrx_word' id='word_1_264' title='bbox 581 2516 776 2548; x_wconf 85' lang='lat' dir='ltr'>advertebat.</span> <span class='ocrx_word' id='word_1_265' title='bbox 793 2516 881 2548; x_wconf 89' lang='lat' dir='ltr'>Unde</span> <span class='ocrx_word' id='word_1_266' title='bbox 895 2527 970 2549; x_wconf 88' lang='lat' dir='ltr'>cum</span> 
     </span>
     <span class='ocr_line' id='line_1_45' title="bbox 189 2570 968 2611; baseline -0.001 -8"><span class='ocrx_word' id='word_1_267' title='bbox 189 2571 315 2611; x_wconf 71' lang='lat' dir='ltr'>Jamdiu</span> <span class='ocrx_word' id='word_1_268' title='bbox 340 2571 474 2602; x_wconf 85' lang='lat' dir='ltr'>transito</span> <span class='ocrx_word' id='word_1_269' title='bbox 501 2572 623 2608; x_wconf 88' lang='lat' dir='ltr'>castro,</span> <span class='ocrx_word' id='word_1_270' title='bbox 651 2570 819 2610; x_wconf 86' lang='lat' dir='ltr'>turbisque</span> <span class='ocrx_word' id='word_1_271' title='bbox 842 2571 968 2611; x_wconf 78' lang='lat' dir='ltr'>relictis,</span> 
     </span>
     <span class='ocr_line' id='line_1_46' title="bbox 194 2623 970 2666; baseline 0.001 -10"><span class='ocrx_word' id='word_1_272' title='bbox 194 2625 393 2664; x_wconf 86' lang='lat' dir='ltr'>pervenisset</span> <span class='ocrx_word' id='word_1_273' title='bbox 407 2625 444 2656; x_wconf 86' lang='lat' dir='ltr'>ad</span> <span class='ocrx_word' id='word_1_274' title='bbox 462 2624 622 2664; x_wconf 85' lang='lat' dir='ltr'>quoddam</span> <span class='ocrx_word' id='word_1_275' title='bbox 646 2623 845 2655; x_wconf 87' lang='lat' dir='ltr'>domicilium</span> <span class='ocrx_word' id='word_1_276' title='bbox 868 2625 970 2666; x_wconf 86' lang='lat' dir='ltr'>lepro-</span> 
     </span>
     <span class='ocr_line' id='line_1_47' title="bbox 198 2677 973 2719; baseline 0.004 -11"><span class='ocrx_word' id='word_1_277' title='bbox 198 2687 319 2716; x_wconf 88' lang='lat' dir='ltr'>sorum,</span> <span class='ocrx_word' id='word_1_278' title='bbox 332 2679 421 2719; x_wconf 87' lang='lat' dir='ltr'>quasi</span> <span class='ocrx_word' id='word_1_279' title='bbox 429 2678 557 2710; x_wconf 87' lang='lat' dir='ltr'>aliunde</span> <span class='ocrx_word' id='word_1_280' title='bbox 571 2677 706 2716; x_wconf 85' lang='lat' dir='ltr'>rediens,</span> <span class='ocrx_word' id='word_1_281' title='bbox 717 2677 893 2710; x_wconf 81' lang='lat' dir='ltr'>coelestium</span> <span class='ocrx_word' id='word_1_282' title='bbox 902 2689 973 2711; x_wconf 87' lang='lat' dir='ltr'>con-</span> 
     </span>
    </p>
   </div>
   <div class='ocr_carea' id='block_1_3' title="bbox 1006 256 1809 2722">
    <p class='ocr_par' dir='ltr' id='par_1_3' title="bbox 1006 256 1809 2722">
     <span class='ocr_line' id='line_1_48' title="bbox 1006 256 1785 300; baseline 0.004 -13"><span class='ocrx_word' id='word_1_283' title='bbox 1006 256 1176 297; x_wconf 83' lang='lat' dir='ltr'>templator</span> <span class='ocrx_word' id='word_1_284' title='bbox 1199 258 1330 290; x_wconf 83' lang='lat' dir='ltr'>sollicite</span> <span class='ocrx_word' id='word_1_285' title='bbox 1357 259 1540 300; x_wconf 86' lang='lat' dir='ltr'>requisivit,</span> <span class='ocrx_word' id='word_1_286' title='bbox 1564 259 1692 300; x_wconf 88' lang='lat' dir='ltr'>quando</span> <span class='ocrx_word' id='word_1_287' title='bbox 1713 268 1785 300; x_wconf 90' lang='lat' dir='ltr'>pro-</span> 
     </span>
     <span class='ocr_line' id='line_1_49' title="bbox 1006 309 1787 354; baseline 0.004 -13"><span class='ocrx_word' id='word_1_288' title='bbox 1006 309 1199 351; x_wconf 87' lang='lat' dir='ltr'>pinquarent</span> <span class='ocrx_word' id='word_1_289' title='bbox 1208 312 1247 344; x_wconf 87' lang='lat' dir='ltr'>ad</span> <span class='ocrx_word' id='word_1_290' title='bbox 1264 311 1424 353; x_wconf 85' lang='lat' dir='ltr'>Burgum.</span> <span class='ocrx_word' id='word_1_291' title='bbox 1436 312 1526 344; x_wconf 92' lang='lat' dir='ltr'>Mens</span> <span class='ocrx_word' id='word_1_292' title='bbox 1533 312 1662 353; x_wconf 88' lang='lat' dir='ltr'>quidem</span> <span class='ocrx_word' id='word_1_293' title='bbox 1675 313 1787 354; x_wconf 88' lang='lat' dir='ltr'>ipsius,</span> 
     </span>
     <span class='ocr_line' id='line_1_50' title="bbox 1006 364 1789 408; baseline 0.005 -13"><span class='ocrx_word' id='word_1_294' title='bbox 1006 364 1041 395; x_wconf 91' lang='lat' dir='ltr'>in</span> <span class='ocrx_word' id='word_1_295' title='bbox 1063 365 1242 397; x_wconf 87' lang='lat' dir='ltr'>coelestibus</span> <span class='ocrx_word' id='word_1_296' title='bbox 1265 367 1331 398; x_wconf 84' lang='lat' dir='ltr'>fixa</span> <span class='ocrx_word' id='word_1_297' title='bbox 1354 367 1589 408; x_wconf 82' lang='lat' dir='ltr'>splendoribus,</span> <span class='ocrx_word' id='word_1_298' title='bbox 1619 367 1789 399; x_wconf 79' lang='lat' dir='ltr'>varietates</span> 
     </span>
     <span class='ocr_line' id='line_1_51' title="bbox 1007 420 1789 462; baseline 0.004 -13"><span class='ocrx_word' id='word_1_299' title='bbox 1007 427 1073 449; x_wconf 89' lang='lat' dir='ltr'>non</span> <span class='ocrx_word' id='word_1_300' title='bbox 1091 422 1232 451; x_wconf 76' lang='lat' dir='ltr'>senserat</span> <span class='ocrx_word' id='word_1_301' title='bbox 1251 420 1409 460; x_wconf 91' lang='lat' dir='ltr'>locorum,</span> <span class='ocrx_word' id='word_1_302' title='bbox 1426 430 1485 453; x_wconf 87' lang='lat' dir='ltr'>nec</span> <span class='ocrx_word' id='word_1_303' title='bbox 1507 423 1704 462; x_wconf 82' lang='lat' dir='ltr'>temporum,</span> <span class='ocrx_word' id='word_1_304' title='bbox 1729 430 1789 452; x_wconf 91' lang='lat' dir='ltr'>nec</span> 
     </span>
     <span class='ocr_line' id='line_1_52' title="bbox 1007 473 1790 514; baseline 0.003 -11"><span class='ocrx_word' id='word_1_305' title='bbox 1007 473 1244 504; x_wconf 88' lang='lat' dir='ltr'>occurrentium</span> <span class='ocrx_word' id='word_1_306' title='bbox 1265 483 1487 514; x_wconf 89' lang='lat' dir='ltr'>personarum.</span> <span class='ocrx_word' id='word_1_307' title='bbox 1511 474 1602 513; x_wconf 84' lang='lat' dir='ltr'>Quod</span> <span class='ocrx_word' id='word_1_308' title='bbox 1627 474 1688 514; x_wconf 90' lang='lat' dir='ltr'>ipsi</span> <span class='ocrx_word' id='word_1_309' title='bbox 1704 474 1790 506; x_wconf 86' lang='lat' dir='ltr'>acci-</span> 
     </span>
     <span class='ocr_line' id='line_1_53' title="bbox 1008 525 1786 569; baseline 0.004 -13"><span class='ocrx_word' id='word_1_310' title='bbox 1008 525 1091 557; x_wconf 89' lang='lat' dir='ltr'>disse</span> <span class='ocrx_word' id='word_1_311' title='bbox 1105 526 1314 567; x_wconf 86' lang='lat' dir='ltr'>frequcntius,</span> <span class='ocrx_word' id='word_1_312' title='bbox 1331 528 1491 560; x_wconf 89' lang='lat' dir='ltr'>sociorum</span> <span class='ocrx_word' id='word_1_313' title='bbox 1503 529 1573 569; x_wconf 85' lang='lat' dir='ltr'>ejus</span> <span class='ocrx_word' id='word_1_314' title='bbox 1587 528 1786 569; x_wconf 83' lang='lat' dir='ltr'>experientia</span> 
     </span>
     <span class='ocr_line' id='line_1_54' title="bbox 1009 580 1789 623; baseline 0.005 -13"><span class='ocrx_word' id='word_1_315' title='bbox 1009 580 1179 621; x_wconf 84' lang='lat' dir='ltr'>multiplex</span> <span class='ocrx_word' id='word_1_316' title='bbox 1193 582 1423 622; x_wconf 86' lang='lat' dir='ltr'>comprobavit.</span> <span class='ocrx_word' id='word_1_317' title='bbox 1441 583 1478 613; x_wconf 90' lang='lat' dir='ltr'>Et</span> <span class='ocrx_word' id='word_1_318' title='bbox 1499 583 1575 623; x_wconf 90' lang='lat' dir='ltr'>quia</span> <span class='ocrx_word' id='word_1_319' title='bbox 1589 583 1622 613; x_wconf 91' lang='lat' dir='ltr'>in</span> <span class='ocrx_word' id='word_1_320' title='bbox 1643 583 1789 614; x_wconf 87' lang='lat' dir='ltr'>oratione</span> 
     </span>
     <span class='ocr_line' id='line_1_55' title="bbox 1008 635 1785 676; baseline 0.004 -11"><span class='ocrx_word' id='word_1_321' title='bbox 1008 636 1192 675; x_wconf 88' lang='lat' dir='ltr'>perceperat</span> <span class='ocrx_word' id='word_1_322' title='bbox 1207 635 1307 666; x_wconf 89' lang='lat' dir='ltr'>sancti</span> <span class='ocrx_word' id='word_1_323' title='bbox 1323 635 1461 676; x_wconf 89' lang='lat' dir='ltr'>Spiritus</span> <span class='ocrx_word' id='word_1_324' title='bbox 1475 635 1686 668; x_wconf 81' lang='lat' dir='ltr'>desideratam</span> <span class='ocrx_word' id='word_1_325' title='bbox 1703 645 1785 676; x_wconf 86' lang='lat' dir='ltr'>prae-</span> 
     </span>
     <span class='ocr_line' id='line_1_56' title="bbox 1010 687 1788 730; baseline 0.005 -13"><span class='ocrx_word' id='word_1_326' title='bbox 1010 687 1144 718; x_wconf 89' lang='lat' dir='ltr'>sentiam</span> <span class='ocrx_word' id='word_1_327' title='bbox 1160 689 1248 719; x_wconf 89' lang='lat' dir='ltr'>tanto</span> <span class='ocrx_word' id='word_1_328' title='bbox 1262 688 1451 720; x_wconf 86' lang='lat' dir='ltr'>familiarius</span> <span class='ocrx_word' id='word_1_329' title='bbox 1470 698 1503 720; x_wconf 89' lang='lat' dir='ltr'>se</span> <span class='ocrx_word' id='word_1_330' title='bbox 1522 689 1639 721; x_wconf 81' lang='lat' dir='ltr'>offerre</span> <span class='ocrx_word' id='word_1_331' title='bbox 1654 698 1788 730; x_wconf 87' lang='lat' dir='ltr'>precan-</span> 
     </span>
     <span class='ocr_line' id='line_1_57' title="bbox 1010 741 1787 784; baseline 0.004 -12"><span class='ocrx_word' id='word_1_332' title='bbox 1010 741 1110 780; x_wconf 85' lang='lat' dir='ltr'>tibus,</span> <span class='ocrx_word' id='word_1_333' title='bbox 1126 744 1246 782; x_wconf 91' lang='lat' dir='ltr'>quanto</span> <span class='ocrx_word' id='word_1_334' title='bbox 1264 742 1336 782; x_wconf 90' lang='lat' dir='ltr'>plus</span> <span class='ocrx_word' id='word_1_335' title='bbox 1352 743 1474 775; x_wconf 88' lang='lat' dir='ltr'>invenit</span> <span class='ocrx_word' id='word_1_336' title='bbox 1490 743 1654 784; x_wconf 83' lang='lat' dir='ltr'>elongatos</span> <span class='ocrx_word' id='word_1_337' title='bbox 1668 753 1687 774; x_wconf 89' lang='lat' dir='ltr'>a</span> <span class='ocrx_word' id='word_1_338' title='bbox 1708 747 1787 775; x_wconf 91' lang='lat' dir='ltr'>stre-</span> 
     </span>
     <span class='ocr_line' id='line_1_58' title="bbox 1010 795 1791 838; baseline 0.005 -13"><span class='ocrx_word' id='word_1_339' title='bbox 1010 795 1079 835; x_wconf 88' lang='lat' dir='ltr'>pitu</span> <span class='ocrx_word' id='word_1_340' title='bbox 1095 796 1346 835; x_wconf 87' lang='lat' dir='ltr'>mundanorum,</span> <span class='ocrx_word' id='word_1_341' title='bbox 1363 797 1434 829; x_wconf 88' lang='lat' dir='ltr'>ideo</span> <span class='ocrx_word' id='word_1_342' title='bbox 1453 797 1523 829; x_wconf 89' lang='lat' dir='ltr'>loca</span> <span class='ocrx_word' id='word_1_343' title='bbox 1543 797 1684 829; x_wconf 88' lang='lat' dir='ltr'>solitaria</span> <span class='ocrx_word' id='word_1_344' title='bbox 1699 806 1791 838; x_wconf 83' lang='lat' dir='ltr'>quae-</span> 
     </span>
     <span class='ocr_line' id='line_1_59' title="bbox 1010 850 1789 889; baseline 0.003 -9"><span class='ocrx_word' id='word_1_345' title='bbox 1010 858 1098 889; x_wconf 88' lang='lat' dir='ltr'>rens,</span> <span class='ocrx_word' id='word_1_346' title='bbox 1127 850 1166 881; x_wconf 91' lang='lat' dir='ltr'>ad</span> <span class='ocrx_word' id='word_1_347' title='bbox 1191 850 1376 882; x_wconf 85' lang='lat' dir='ltr'>solitudines</span> <span class='ocrx_word' id='word_1_348' title='bbox 1397 854 1429 883; x_wconf 84' lang='lat' dir='ltr'>et</span> <span class='ocrx_word' id='word_1_349' title='bbox 1453 851 1600 883; x_wconf 81' lang='lat' dir='ltr'>ecclesias</span> <span class='ocrx_word' id='word_1_350' title='bbox 1623 851 1789 883; x_wconf 88' lang='lat' dir='ltr'>derelictas</span> 
     </span>
     <span class='ocr_line' id='line_1_60' title="bbox 1011 905 1792 945; baseline 0.004 -11"><span class='ocrx_word' id='word_1_351' title='bbox 1011 905 1162 935; x_wconf 85' lang='lat' dir='ltr'>oraturus</span> <span class='ocrx_word' id='word_1_352' title='bbox 1185 906 1277 936; x_wconf 88' lang='lat' dir='ltr'>nocte</span> <span class='ocrx_word' id='word_1_353' title='bbox 1301 906 1454 945; x_wconf 86' lang='lat' dir='ltr'>pergebat</span> <span class='ocrx_word' id='word_1_354' title='bbox 1482 918 1488 937; x_wconf 90' lang='lat'>:</span> <span class='ocrx_word' id='word_1_355' title='bbox 1516 906 1571 937; x_wconf 88' lang='lat' dir='ltr'>ubi</span> <span class='ocrx_word' id='word_1_356' title='bbox 1606 906 1792 937; x_wconf 62' lang='lat' dir='ltr'>daemonum</span> 
     </span>
     <span class='ocr_line' id='line_1_61' title="bbox 1011 958 1793 1000; baseline 0.004 -13"><span class='ocrx_word' id='word_1_357' title='bbox 1011 966 1140 997; x_wconf 84' lang='lat' dir='ltr'>pugnas</span> <span class='ocrx_word' id='word_1_358' title='bbox 1157 958 1326 990; x_wconf 87' lang='lat' dir='ltr'>horribiles</span> <span class='ocrx_word' id='word_1_359' title='bbox 1340 960 1523 1000; x_wconf 85' lang='lat' dir='ltr'>frequenter</span> <span class='ocrx_word' id='word_1_360' title='bbox 1548 960 1719 999; x_wconf 87' lang='lat' dir='ltr'>sustinuit,</span> <span class='ocrx_word' id='word_1_361' title='bbox 1737 959 1793 1000; x_wconf 86' lang='lat' dir='ltr'>qui</span> 
     </span>
     <span class='ocr_line' id='line_1_62' title="bbox 1013 1013 1795 1054; baseline 0.004 -12"><span class='ocrx_word' id='word_1_362' title='bbox 1013 1021 1122 1043; x_wconf 87' lang='lat' dir='ltr'>secum</span> <span class='ocrx_word' id='word_1_363' title='bbox 1144 1013 1336 1045; x_wconf 89' lang='lat' dir='ltr'>sensibiliter</span> <span class='ocrx_word' id='word_1_364' title='bbox 1357 1015 1587 1054; x_wconf 83' lang='lat' dir='ltr'>confligentes,</span> <span class='ocrx_word' id='word_1_365' title='bbox 1610 1014 1795 1045; x_wconf 88' lang='lat' dir='ltr'>nitebantur</span> 
     </span>
     <span class='ocr_line' id='line_1_63' title="bbox 1013 1066 1796 1108; baseline 0.003 -12"><span class='ocrx_word' id='word_1_366' title='bbox 1013 1066 1120 1106; x_wconf 90' lang='lat' dir='ltr'>ipsum</span> <span class='ocrx_word' id='word_1_367' title='bbox 1136 1067 1175 1097; x_wconf 90' lang='lat' dir='ltr'>ab</span> <span class='ocrx_word' id='word_1_368' title='bbox 1195 1067 1347 1098; x_wconf 86' lang='lat' dir='ltr'>orationis</span> <span class='ocrx_word' id='word_1_369' title='bbox 1372 1068 1476 1099; x_wconf 86' lang='lat' dir='ltr'>studiO</span> <span class='ocrx_word' id='word_1_370' title='bbox 1500 1068 1700 1108; x_wconf 88' lang='lat' dir='ltr'>perturbare.</span> <span class='ocrx_word' id='word_1_371' title='bbox 1726 1067 1796 1108; x_wconf 89' lang='lat' dir='ltr'>Ipse</span> 
     </span>
     <span class='ocr_line' id='line_1_64' title="bbox 1014 1120 1794 1161; baseline 0.003 -11"><span class='ocrx_word' id='word_1_372' title='bbox 1014 1129 1091 1151; x_wconf 88' lang='lat' dir='ltr'>vero</span> <span class='ocrx_word' id='word_1_373' title='bbox 1103 1120 1202 1151; x_wconf 87' lang='lat' dir='ltr'>armis</span> <span class='ocrx_word' id='word_1_374' title='bbox 1217 1121 1362 1152; x_wconf 89' lang='lat' dir='ltr'>munitus</span> <span class='ocrx_word' id='word_1_375' title='bbox 1385 1121 1576 1160; x_wconf 81' lang='lat' dir='ltr'>coelestibuS,</span> <span class='ocrx_word' id='word_1_376' title='bbox 1598 1123 1718 1161; x_wconf 87' lang='lat' dir='ltr'>quanto</span> <span class='ocrx_word' id='word_1_377' title='bbox 1738 1130 1794 1152; x_wconf 87' lang='lat' dir='ltr'>ve-</span> 
     </span>
     <span class='ocr_line' id='line_1_65' title="bbox 1013 1174 1796 1214; baseline 0.003 -10"><span class='ocrx_word' id='word_1_378' title='bbox 1013 1174 1197 1205; x_wconf 86' lang='lat' dir='ltr'>hementius</span> <span class='ocrx_word' id='word_1_379' title='bbox 1224 1174 1436 1214; x_wconf 88' lang='lat' dir='ltr'>impetebatur</span> <span class='ocrx_word' id='word_1_380' title='bbox 1462 1175 1501 1205; x_wconf 88' lang='lat' dir='ltr'>ab</span> <span class='ocrx_word' id='word_1_381' title='bbox 1524 1175 1683 1214; x_wconf 83' lang='lat' dir='ltr'>hostibus,</span> <span class='ocrx_word' id='word_1_382' title='bbox 1706 1176 1796 1206; x_wconf 88' lang='lat' dir='ltr'>tanto</span> 
     </span>
     <span class='ocr_line' id='line_1_66' title="bbox 1014 1228 1798 1267; baseline 0 -8"><span class='ocrx_word' id='word_1_383' title='bbox 1014 1228 1125 1259; x_wconf 84' lang='lat' dir='ltr'>fortior</span> <span class='ocrx_word' id='word_1_384' title='bbox 1146 1228 1179 1258; x_wconf 91' lang='lat' dir='ltr'>in</span> <span class='ocrx_word' id='word_1_385' title='bbox 1200 1228 1329 1267; x_wconf 87' lang='lat' dir='ltr'>virtute,</span> <span class='ocrx_word' id='word_1_386' title='bbox 1357 1230 1387 1259; x_wconf 89' lang='lat' dir='ltr'>et</span> <span class='ocrx_word' id='word_1_387' title='bbox 1410 1229 1581 1260; x_wconf 85' lang='lat' dir='ltr'>ferventior</span> <span class='ocrx_word' id='word_1_388' title='bbox 1604 1229 1798 1260; x_wconf 86' lang='lat' dir='ltr'>reddebatur</span> 
     </span>
     <span class='ocr_line' id='line_1_67' title="bbox 1015 1282 1797 1322; baseline 0.003 -10"><span class='ocrx_word' id='word_1_389' title='bbox 1015 1282 1048 1312; x_wconf 89' lang='lat' dir='ltr'>in</span> <span class='ocrx_word' id='word_1_390' title='bbox 1063 1291 1166 1322; x_wconf 88' lang='lat' dir='ltr'>prece,</span> <span class='ocrx_word' id='word_1_391' title='bbox 1185 1282 1317 1313; x_wconf 84' lang='lat' dir='ltr'>tidenter</span> <span class='ocrx_word' id='word_1_392' title='bbox 1327 1282 1433 1313; x_wconf 90' lang='lat' dir='ltr'>dicens</span> <span class='ocrx_word' id='word_1_393' title='bbox 1448 1283 1486 1313; x_wconf 85' lang='lat' dir='ltr'>ad</span> <span class='ocrx_word' id='word_1_394' title='bbox 1502 1283 1662 1314; x_wconf 88' lang='lat' dir='ltr'>Christum</span> <span class='ocrx_word' id='word_1_395' title='bbox 1679 1286 1687 1302; x_wconf 78' lang='lat'><em></em></span> <span class='ocrx_word' id='word_1_396' title='bbox 1707 1293 1714 1314; x_wconf 90' lang='lat'>:</span> <span class='ocrx_word' id='word_1_397' title='bbox 1733 1283 1797 1314; x_wconf 85' lang='lat' dir='ltr'>Sub</span> 
     </span>
     <span class='ocr_line' id='line_1_68' title="bbox 1015 1336 1798 1377; baseline 0.001 -9"><span class='ocrx_word' id='word_1_398' title='bbox 1015 1336 1127 1368; x_wconf 78' lang='lat' dir='ltr'>umbra</span> <span class='ocrx_word' id='word_1_399' title='bbox 1142 1336 1268 1368; x_wconf 83' lang='lat' dir='ltr'>alarum</span> <span class='ocrx_word' id='word_1_400' title='bbox 1283 1340 1415 1369; x_wconf 70' lang='lat' dir='ltr'>[aarum</span> <span class='ocrx_word' id='word_1_401' title='bbox 1436 1340 1567 1377; x_wconf 64' lang='lat' dir='ltr'>protege</span> <span class='ocrx_word' id='word_1_402' title='bbox 1587 1346 1645 1376; x_wconf 82' lang='lat' dir='ltr'>me,</span> <span class='ocrx_word' id='word_1_403' title='bbox 1670 1346 1691 1369; x_wconf 89' lang='grc' dir='ltr'><em></em></span> <span class='ocrx_word' id='word_1_404' title='bbox 1713 1338 1798 1377; x_wconf 76' lang='lat' dir='ltr'>facie</span> 
     </span>
     <span class='ocr_line' id='line_1_69' title="bbox 1016 1391 1797 1430; baseline 0 -8"><span class='ocrx_word' id='word_1_405' title='bbox 1016 1391 1190 1430; x_wconf 73' lang='lat' dir='ltr'>impiorum</span> <span class='ocrx_word' id='word_1_406' title='bbox 1204 1391 1262 1430; x_wconf 76' lang='lat' dir='ltr'>qui</span> <span class='ocrx_word' id='word_1_407' title='bbox 1279 1399 1326 1422; x_wconf 82' lang='lat' dir='ltr'>me</span> <span class='ocrx_word' id='word_1_408' title='bbox 1343 1391 1548 1430; x_wconf 68' lang='lat' dir='ltr'>afflixerunt.</span> <span class='ocrx_word' id='word_1_409' title='bbox 1570 1391 1619 1422; x_wconf 84' lang='lat' dir='ltr'>Ad</span> <span class='ocrx_word' id='word_1_410' title='bbox 1633 1391 1797 1422; x_wconf 84' lang='lat' dir='ltr'>daemones</span> 
     </span>
     <span class='ocr_line' id='line_1_70' title="bbox 1017 1443 1799 1485; baseline 0.001 -10"><span class='ocrx_word' id='word_1_411' title='bbox 1017 1446 1126 1475; x_wconf 89' lang='lat' dir='ltr'>autem</span> <span class='ocrx_word' id='word_1_412' title='bbox 1144 1454 1150 1473; x_wconf 82' lang='lat' dir='ltr'>z</span> <span class='ocrx_word' id='word_1_413' title='bbox 1167 1443 1272 1475; x_wconf 79' lang='lat' dir='ltr'>Facite</span> <span class='ocrx_word' id='word_1_414' title='bbox 1287 1444 1443 1485; x_wconf 86' lang='lat' dir='ltr'>quidquid</span> <span class='ocrx_word' id='word_1_415' title='bbox 1458 1444 1492 1474; x_wconf 92' lang='lat' dir='ltr'>in</span> <span class='ocrx_word' id='word_1_416' title='bbox 1514 1454 1565 1476; x_wconf 89' lang='lat' dir='ltr'>me</span> <span class='ocrx_word' id='word_1_417' title='bbox 1586 1445 1710 1484; x_wconf 78' lang='lat' dir='ltr'>valetis,</span> <span class='ocrx_word' id='word_1_418' title='bbox 1731 1454 1799 1476; x_wconf 88' lang='lat' dir='ltr'>ma-</span> 
     </span>
     <span class='ocr_line' id='line_1_71' title="bbox 1018 1497 1797 1539; baseline 0.003 -11"><span class='ocrx_word' id='word_1_419' title='bbox 1018 1497 1100 1537; x_wconf 85' lang='lat' dir='ltr'>ligni</span> <span class='ocrx_word' id='word_1_420' title='bbox 1113 1497 1243 1538; x_wconf 88' lang='lat' dir='ltr'>spiritus</span> <span class='ocrx_word' id='word_1_421' title='bbox 1258 1499 1289 1528; x_wconf 89' lang='lat' dir='ltr'>et</span> <span class='ocrx_word' id='word_1_422' title='bbox 1305 1498 1439 1529; x_wconf 84' lang='lat' dir='ltr'>fallaces.</span> <span class='ocrx_word' id='word_1_423' title='bbox 1462 1497 1532 1529; x_wconf 90' lang='lat' dir='ltr'>Non</span> <span class='ocrx_word' id='word_1_424' title='bbox 1548 1499 1635 1529; x_wconf 89' lang='lat' dir='ltr'>enim</span> <span class='ocrx_word' id='word_1_425' title='bbox 1656 1499 1797 1539; x_wconf 88' lang='lat' dir='ltr'>potestis,</span> 
     </span>
     <span class='ocr_line' id='line_1_72' title="bbox 1017 1552 1799 1593; baseline 0.003 -11"><span class='ocrx_word' id='word_1_426' title='bbox 1017 1552 1078 1582; x_wconf 89' lang='lat' dir='ltr'>nisi</span> <span class='ocrx_word' id='word_1_427' title='bbox 1102 1554 1258 1592; x_wconf 88' lang='lat' dir='ltr'>quantum</span> <span class='ocrx_word' id='word_1_428' title='bbox 1282 1561 1339 1583; x_wconf 92' lang='lat' dir='ltr'>vos</span> <span class='ocrx_word' id='word_1_429' title='bbox 1361 1561 1476 1583; x_wconf 87' lang='lat' dir='ltr'>manus</span> <span class='ocrx_word' id='word_1_430' title='bbox 1499 1561 1639 1593; x_wconf 89' lang='lat' dir='ltr'>superna</span> <span class='ocrx_word' id='word_1_431' title='bbox 1660 1553 1799 1593; x_wconf 80' lang='lat' dir='ltr'>relaxat3</span> 
     </span>
     <span class='ocr_line' id='line_1_73' title="bbox 1018 1605 1802 1647; baseline 0.001 -10"><span class='ocrx_word' id='word_1_432' title='bbox 1018 1608 1049 1637; x_wconf 92' lang='lat' dir='ltr'>et</span> <span class='ocrx_word' id='word_1_433' title='bbox 1066 1615 1127 1645; x_wconf 90' lang='lat' dir='ltr'>ego</span> <span class='ocrx_word' id='word_1_434' title='bbox 1147 1606 1185 1637; x_wconf 89' lang='lat' dir='ltr'>ad</span> <span class='ocrx_word' id='word_1_435' title='bbox 1204 1605 1428 1646; x_wconf 86' lang='lat' dir='ltr'>perferendum</span> <span class='ocrx_word' id='word_1_436' title='bbox 1444 1606 1563 1644; x_wconf 84' lang='lat' dir='ltr'>omnia,</span> <span class='ocrx_word' id='word_1_437' title='bbox 1581 1616 1653 1647; x_wconf 84' lang='lat' dir='ltr'>quae</span> <span class='ocrx_word' id='word_1_438' title='bbox 1677 1607 1729 1638; x_wconf 86' lang='lat' dir='ltr'>illa</span> <span class='ocrx_word' id='word_1_439' title='bbox 1751 1607 1802 1638; x_wconf 89' lang='lat' dir='ltr'>in-</span> 
     </span>
     <span class='ocr_line' id='line_1_74' title="bbox 1019 1660 1798 1701; baseline 0.001 -10"><span class='ocrx_word' id='word_1_440' title='bbox 1019 1660 1160 1700; x_wconf 85' lang='lat' dir='ltr'>fligenda</span> <span class='ocrx_word' id='word_1_441' title='bbox 1180 1660 1365 1699; x_wconf 86' lang='lat' dir='ltr'>decreverit,</span> <span class='ocrx_word' id='word_1_442' title='bbox 1392 1670 1466 1691; x_wconf 90' lang='lat' dir='ltr'>cum</span> <span class='ocrx_word' id='word_1_443' title='bbox 1488 1661 1576 1692; x_wconf 91' lang='lat' dir='ltr'>omni</span> <span class='ocrx_word' id='word_1_444' title='bbox 1596 1661 1798 1701; x_wconf 81' lang='lat' dir='ltr'>jucunditate</span> 
     </span>
     <span class='ocr_line' id='line_1_75' title="bbox 1020 1714 1801 1755; baseline 0.001 -10"><span class='ocrx_word' id='word_1_445' title='bbox 1020 1716 1150 1755; x_wconf 88' lang='lat' dir='ltr'>paratus</span> <span class='ocrx_word' id='word_1_446' title='bbox 1172 1714 1295 1745; x_wconf 87' lang='lat' dir='ltr'>assisto.</span> <span class='ocrx_word' id='word_1_447' title='bbox 1323 1714 1426 1752; x_wconf 83' lang='lat' dir='ltr'>Quam</span> <span class='ocrx_word' id='word_1_448' title='bbox 1451 1715 1566 1745; x_wconf 87' lang='lat' dir='ltr'>mentis</span> <span class='ocrx_word' id='word_1_449' title='bbox 1589 1715 1801 1746; x_wconf 87' lang='lat' dir='ltr'>constantiam</span> 
     </span>
     <span class='ocr_line' id='line_1_76' title="bbox 1020 1768 1802 1809; baseline 0 -10"><span class='ocrx_word' id='word_1_450' title='bbox 1020 1769 1147 1809; x_wconf 88' lang='lat' dir='ltr'>superbi</span> <span class='ocrx_word' id='word_1_451' title='bbox 1165 1768 1326 1799; x_wconf 82' lang='lat' dir='ltr'>daemones</span> <span class='ocrx_word' id='word_1_452' title='bbox 1342 1777 1406 1799; x_wconf 88' lang='lat' dir='ltr'>non</span> <span class='ocrx_word' id='word_1_453' title='bbox 1421 1769 1567 1807; x_wconf 74' lang='lat' dir='ltr'>ferentes,</span> <span class='ocrx_word' id='word_1_454' title='bbox 1590 1768 1802 1799; x_wconf 88' lang='lat' dir='ltr'>abscedebant</span> 
     </span>
     <span class='ocr_line' id='line_1_77' title="bbox 1020 1821 1803 1860; baseline -0.001 -7"><span class='ocrx_word' id='word_1_455' title='bbox 1020 1822 1155 1853; x_wconf 87' lang='lat' dir='ltr'>confusi.</span> <span class='ocrx_word' id='word_1_456' title='bbox 1172 1821 1227 1853; x_wconf 88' lang='lat' dir='ltr'>Vir</span> <span class='ocrx_word' id='word_1_457' title='bbox 1242 1824 1351 1853; x_wconf 89' lang='lat' dir='ltr'>autem</span> <span class='ocrx_word' id='word_1_458' title='bbox 1372 1821 1438 1860; x_wconf 87' lang='lat' dir='ltr'>Dei,</span> <span class='ocrx_word' id='word_1_459' title='bbox 1456 1822 1617 1853; x_wconf 82' lang='lat' dir='ltr'>solitarius</span> <span class='ocrx_word' id='word_1_460' title='bbox 1633 1830 1803 1852; x_wconf 89' lang='lat' dir='ltr'>remanens</span> 
     </span>
     <span class='ocr_line' id='line_1_78' title="bbox 1021 1875 1804 1916; baseline 0 -10"><span class='ocrx_word' id='word_1_461' title='bbox 1021 1879 1051 1907; x_wconf 88' lang='lat' dir='ltr'>et</span> <span class='ocrx_word' id='word_1_462' title='bbox 1067 1878 1208 1916; x_wconf 87' lang='lat' dir='ltr'>pacatus,</span> <span class='ocrx_word' id='word_1_463' title='bbox 1230 1885 1364 1906; x_wconf 88' lang='lat' dir='ltr'>nemora</span> <span class='ocrx_word' id='word_1_464' title='bbox 1376 1875 1517 1915; x_wconf 84' lang='lat' dir='ltr'>replebat</span> <span class='ocrx_word' id='word_1_465' title='bbox 1533 1875 1720 1914; x_wconf 83' lang='lat' dir='ltr'>gemitibus,</span> <span class='ocrx_word' id='word_1_466' title='bbox 1735 1875 1804 1906; x_wconf 89' lang='lat' dir='ltr'>loca</span> 
     </span>
     <span class='ocr_line' id='line_1_79' title="bbox 1021 1928 1800 1970; baseline -0.001 -10"><span class='ocrx_word' id='word_1_467' title='bbox 1021 1930 1192 1970; x_wconf 85' lang='lat' dir='ltr'>spargebat</span> <span class='ocrx_word' id='word_1_468' title='bbox 1204 1929 1365 1969; x_wconf 81' lang='lat' dir='ltr'>lacrymis,</span> <span class='ocrx_word' id='word_1_469' title='bbox 1383 1930 1510 1969; x_wconf 89' lang='lat' dir='ltr'>pectora</span> <span class='ocrx_word' id='word_1_470' title='bbox 1521 1938 1620 1959; x_wconf 88' lang='lat' dir='ltr'>manu</span> <span class='ocrx_word' id='word_1_471' title='bbox 1635 1928 1800 1967; x_wconf 88' lang='lat' dir='ltr'>tundebat,</span> 
     </span>
     <span class='ocr_line' id='line_1_80' title="bbox 1021 1982 1802 2023; baseline -0.001 -10"><span class='ocrx_word' id='word_1_472' title='bbox 1021 1985 1052 2013; x_wconf 88' lang='lat' dir='ltr'>et</span> <span class='ocrx_word' id='word_1_473' title='bbox 1071 1982 1162 2023; x_wconf 89' lang='lat' dir='ltr'>quasi</span> <span class='ocrx_word' id='word_1_474' title='bbox 1185 1982 1341 2013; x_wconf 89' lang='lat' dir='ltr'>occultius</span> <span class='ocrx_word' id='word_1_475' title='bbox 1363 1982 1570 2013; x_wconf 84' lang='lat' dir='ltr'>secretarium</span> <span class='ocrx_word' id='word_1_476' title='bbox 1586 1984 1708 2020; x_wconf 80' lang='lat' dir='ltr'>nactus,</span> <span class='ocrx_word' id='word_1_477' title='bbox 1727 1990 1802 2012; x_wconf 87' lang='lat' dir='ltr'>con-</span> 
     </span>
     <span class='ocr_line' id='line_1_81' title="bbox 1023 2035 1805 2076; baseline -0.003 -8"><span class='ocrx_word' id='word_1_478' title='bbox 1023 2037 1222 2068; x_wconf 82' lang='lat' dir='ltr'>fabulabatur</span> <span class='ocrx_word' id='word_1_479' title='bbox 1238 2045 1312 2067; x_wconf 90' lang='lat' dir='ltr'>cum</span> <span class='ocrx_word' id='word_1_480' title='bbox 1328 2036 1462 2067; x_wconf 91' lang='lat' dir='ltr'>Domino</span> <span class='ocrx_word' id='word_1_481' title='bbox 1478 2045 1547 2067; x_wconf 87' lang='lat' dir='ltr'>suo.</span> <span class='ocrx_word' id='word_1_482' title='bbox 1568 2035 1613 2066; x_wconf 88' lang='lat' dir='ltr'>lbi</span> <span class='ocrx_word' id='word_1_483' title='bbox 1632 2035 1805 2076; x_wconf 86' lang='lat' dir='ltr'>responde-</span> 
     </span>
     <span class='ocr_line' id='line_1_82' title="bbox 1023 2089 1805 2130; baseline 0 -10"><span class='ocrx_word' id='word_1_484' title='bbox 1023 2090 1076 2120; x_wconf 86' lang='lat' dir='ltr'>bat</span> <span class='ocrx_word' id='word_1_485' title='bbox 1097 2090 1215 2130; x_wconf 88' lang='lat' dir='ltr'>judici,</span> <span class='ocrx_word' id='word_1_486' title='bbox 1238 2091 1282 2121; x_wconf 90' lang='lat' dir='ltr'>ibi</span> <span class='ocrx_word' id='word_1_487' title='bbox 1303 2090 1499 2130; x_wconf 86' lang='lat' dir='ltr'>supplicabat</span> <span class='ocrx_word' id='word_1_488' title='bbox 1525 2090 1618 2130; x_wconf 82' lang='lat' dir='ltr'>patri,</span> <span class='ocrx_word' id='word_1_489' title='bbox 1643 2090 1687 2121; x_wconf 90' lang='lat' dir='ltr'>ibi</span> <span class='ocrx_word' id='word_1_490' title='bbox 1709 2089 1805 2120; x_wconf 91' lang='lat' dir='ltr'>collo-</span> 
     </span>
     <span class='ocr_line' id='line_1_83' title="bbox 1023 2143 1804 2184; baseline 0 -10"><span class='ocrx_word' id='word_1_491' title='bbox 1023 2144 1183 2183; x_wconf 87' lang='lat' dir='ltr'>quebatur</span> <span class='ocrx_word' id='word_1_492' title='bbox 1198 2144 1312 2181; x_wconf 86' lang='lat' dir='ltr'>amico,</span> <span class='ocrx_word' id='word_1_493' title='bbox 1336 2144 1381 2174; x_wconf 80' lang='lat' dir='ltr'>ibi</span> <span class='ocrx_word' id='word_1_494' title='bbox 1402 2153 1531 2184; x_wconf 86' lang='lat' dir='ltr'>quoque</span> <span class='ocrx_word' id='word_1_495' title='bbox 1546 2153 1565 2174; x_wconf 90' lang='lat' dir='ltr'>a</span> <span class='ocrx_word' id='word_1_496' title='bbox 1588 2144 1740 2174; x_wconf 86' lang='lat' dir='ltr'>fratribus</span> <span class='ocrx_word' id='word_1_497' title='bbox 1756 2143 1804 2184; x_wconf 87' lang='lat' dir='ltr'>ip-</span> 
     </span>
     <span class='ocr_line' id='line_1_84' title="bbox 1024 2197 1806 2238; baseline 0.001 -11"><span class='ocrx_word' id='word_1_498' title='bbox 1024 2206 1096 2228; x_wconf 88' lang='lat' dir='ltr'>sum</span> <span class='ocrx_word' id='word_1_499' title='bbox 1118 2198 1168 2238; x_wconf 86' lang='lat' dir='ltr'>pie</span> <span class='ocrx_word' id='word_1_500' title='bbox 1193 2197 1437 2229; x_wconf 85' lang='lat' dir='ltr'>observantibus</span> <span class='ocrx_word' id='word_1_501' title='bbox 1460 2197 1651 2238; x_wconf 88' lang='lat' dir='ltr'>aliquotiens</span> <span class='ocrx_word' id='word_1_502' title='bbox 1676 2197 1806 2228; x_wconf 88' lang='lat' dir='ltr'>auditus</span> 
     </span>
     <span class='ocr_line' id='line_1_85' title="bbox 1025 2250 1806 2291; baseline 0.001 -11"><span class='ocrx_word' id='word_1_503' title='bbox 1025 2252 1072 2281; x_wconf 89' lang='lat' dir='ltr'>est</span> <span class='ocrx_word' id='word_1_504' title='bbox 1087 2250 1270 2281; x_wconf 87' lang='lat' dir='ltr'>clamorosis</span> <span class='ocrx_word' id='word_1_505' title='bbox 1294 2251 1468 2290; x_wconf 80' lang='lat' dir='ltr'>gemitibus</span> <span class='ocrx_word' id='word_1_506' title='bbox 1489 2251 1574 2291; x_wconf 89' lang='lat' dir='ltr'>apud</span> <span class='ocrx_word' id='word_1_507' title='bbox 1589 2251 1732 2282; x_wconf 89' lang='lat' dir='ltr'>divinam</span> <span class='ocrx_word' id='word_1_508' title='bbox 1748 2259 1806 2290; x_wconf 91' lang='lat' dir='ltr'>pro</span> 
     </span>
     <span class='ocr_line' id='line_1_86' title="bbox 1026 2304 1807 2344; baseline 0.001 -10"><span class='ocrx_word' id='word_1_509' title='bbox 1026 2304 1241 2344; x_wconf 85' lang='lat' dir='ltr'>peccatoribus</span> <span class='ocrx_word' id='word_1_510' title='bbox 1252 2304 1453 2344; x_wconf 85' lang='lat' dir='ltr'>interpellare</span> <span class='ocrx_word' id='word_1_511' title='bbox 1469 2304 1683 2343; x_wconf 87' lang='lat' dir='ltr'>clementiam,</span> <span class='ocrx_word' id='word_1_512' title='bbox 1700 2304 1807 2344; x_wconf 88' lang='lat' dir='ltr'>deplo-</span> 
     </span>
     <span class='ocr_line' id='line_1_87' title="bbox 1026 2358 1805 2399; baseline -0.001 -9"><span class='ocrx_word' id='word_1_513' title='bbox 1026 2368 1097 2390; x_wconf 87' lang='lat' dir='ltr'>rare</span> <span class='ocrx_word' id='word_1_514' title='bbox 1107 2358 1203 2390; x_wconf 86' lang='lat' dir='ltr'>etiam</span> <span class='ocrx_word' id='word_1_515' title='bbox 1214 2359 1275 2389; x_wconf 81' lang='lat' dir='ltr'>alta</span> <span class='ocrx_word' id='word_1_516' title='bbox 1292 2368 1381 2397; x_wconf 88' lang='lat' dir='ltr'>voce,</span> <span class='ocrx_word' id='word_1_517' title='bbox 1391 2359 1482 2399; x_wconf 86' lang='lat' dir='ltr'>quasi</span> <span class='ocrx_word' id='word_1_518' title='bbox 1494 2368 1602 2390; x_wconf 86' lang='lat' dir='ltr'>coram</span> <span class='ocrx_word' id='word_1_519' title='bbox 1614 2368 1646 2389; x_wconf 90' lang='lat' dir='ltr'>se</span> <span class='ocrx_word' id='word_1_520' title='bbox 1658 2359 1805 2398; x_wconf 87' lang='lat' dir='ltr'>positam,</span> 
     </span>
     <span class='ocr_line' id='line_1_88' title="bbox 1027 2412 1809 2453; baseline -0.003 -9"><span class='ocrx_word' id='word_1_521' title='bbox 1027 2412 1220 2444; x_wconf 88' lang='lat' dir='ltr'>dominicam</span> <span class='ocrx_word' id='word_1_522' title='bbox 1244 2413 1434 2453; x_wconf 85' lang='lat' dir='ltr'>passionem.</span> <span class='ocrx_word' id='word_1_523' title='bbox 1463 2412 1508 2443; x_wconf 87' lang='lat' dir='ltr'>lbi</span> <span class='ocrx_word' id='word_1_524' title='bbox 1534 2413 1623 2444; x_wconf 87' lang='lat' dir='ltr'>visus</span> <span class='ocrx_word' id='word_1_525' title='bbox 1648 2414 1695 2442; x_wconf 89' lang='lat' dir='ltr'>est</span> <span class='ocrx_word' id='word_1_526' title='bbox 1716 2413 1809 2442; x_wconf 86' lang='lat' dir='ltr'>nocte</span> 
     </span>
     <span class='ocr_line' id='line_1_89' title="bbox 1028 2466 1806 2506; baseline -0.001 -9"><span class='ocrx_word' id='word_1_527' title='bbox 1028 2476 1122 2498; x_wconf 88' lang='lat' dir='ltr'>orans</span> <span class='ocrx_word' id='word_1_528' title='bbox 1137 2467 1285 2498; x_wconf 85' lang='lat' dir='ltr'>manibus</span> <span class='ocrx_word' id='word_1_529' title='bbox 1306 2468 1345 2498; x_wconf 85' lang='lat' dir='ltr'>ad</span> <span class='ocrx_word' id='word_1_530' title='bbox 1367 2468 1499 2498; x_wconf 87' lang='lat' dir='ltr'>modum</span> <span class='ocrx_word' id='word_1_531' title='bbox 1518 2467 1621 2498; x_wconf 89' lang='lat' dir='ltr'>crucis</span> <span class='ocrx_word' id='word_1_532' title='bbox 1637 2466 1806 2506; x_wconf 89' lang='lat' dir='ltr'>protensis,</span> 
     </span>
     <span class='ocr_line' id='line_1_90' title="bbox 1028 2520 1808 2561; baseline 0 -10"><span class='ocrx_word' id='word_1_533' title='bbox 1028 2523 1093 2551; x_wconf 85' lang='lat' dir='ltr'>toto</span> <span class='ocrx_word' id='word_1_534' title='bbox 1107 2529 1238 2561; x_wconf 86' lang='lat' dir='ltr'>corpore</span> <span class='ocrx_word' id='word_1_535' title='bbox 1254 2521 1438 2553; x_wconf 85' lang='lat' dir='ltr'>sublevatus</span> <span class='ocrx_word' id='word_1_536' title='bbox 1453 2530 1472 2551; x_wconf 92' lang='lat' dir='ltr'>a</span> <span class='ocrx_word' id='word_1_537' title='bbox 1483 2522 1578 2559; x_wconf 78' lang='lat' dir='ltr'>terra,</span> <span class='ocrx_word' id='word_1_538' title='bbox 1597 2523 1628 2551; x_wconf 88' lang='lat' dir='ltr'>et</span> <span class='ocrx_word' id='word_1_539' title='bbox 1648 2520 1808 2552; x_wconf 84' lang='lat' dir='ltr'>nubecula</span> 
     </span>
     <span class='ocr_line' id='line_1_91' title="bbox 1029 2573 1804 2614; baseline -0.001 -9"><span class='ocrx_word' id='word_1_540' title='bbox 1029 2574 1167 2614; x_wconf 88' lang='lat' dir='ltr'>quadam</span> <span class='ocrx_word' id='word_1_541' title='bbox 1189 2575 1332 2614; x_wconf 82' lang='lat' dir='ltr'>fulgente</span> <span class='ocrx_word' id='word_1_542' title='bbox 1355 2576 1581 2613; x_wconf 86' lang='lat' dir='ltr'>circumlatus,</span> <span class='ocrx_word' id='word_1_543' title='bbox 1605 2577 1640 2605; x_wconf 84' lang='lat' dir='ltr'>ut</span> <span class='ocrx_word' id='word_1_544' title='bbox 1664 2573 1804 2605; x_wconf 85' lang='lat' dir='ltr'>illustra-</span> 
     </span>
     <span class='ocr_line' id='line_1_92' title="bbox 1030 2628 1809 2660; baseline 0 -2"><span class='ocrx_word' id='word_1_545' title='bbox 1030 2628 1124 2659; x_wconf 88' lang='lat' dir='ltr'>tionis</span> <span class='ocrx_word' id='word_1_546' title='bbox 1140 2629 1295 2660; x_wconf 85' lang='lat' dir='ltr'>mirabilis</span> <span class='ocrx_word' id='word_1_547' title='bbox 1308 2630 1391 2660; x_wconf 90' lang='lat' dir='ltr'>intra</span> <span class='ocrx_word' id='word_1_548' title='bbox 1404 2631 1542 2660; x_wconf 88' lang='lat' dir='ltr'>mentem</span> <span class='ocrx_word' id='word_1_549' title='bbox 1553 2629 1634 2659; x_wconf 91' lang='lat' dir='ltr'>mira</span> <span class='ocrx_word' id='word_1_550' title='bbox 1649 2629 1730 2659; x_wconf 82' lang='lat' dir='ltr'>circa</span> <span class='ocrx_word' id='word_1_551' title='bbox 1741 2636 1809 2659; x_wconf 88' lang='lat' dir='ltr'>cor-</span> 
     </span>
     <span class='ocr_line' id='line_1_93' title="bbox 1065 2690 1265 2722; baseline 0.005 -8"><span class='ocrx_word' id='word_1_552' title='bbox 1065 2691 1073 2706; x_wconf 76' lang='lat'><em>1</em></span> <span class='ocrx_word' id='word_1_553' title='bbox 1089 2690 1227 2722; x_wconf 69' lang='lat' dir='ltr'>Psal.xv1</span> <span class='ocrx_word' id='word_1_554' title='bbox 1243 2693 1265 2715; x_wconf 76' lang='lat'>8.</span> 
     </span>
    </p>
   </div>
  </div>
 </body>
</html>
