2029 3052
872 204 1011 238 LEGTIO
1034 205 1072 238 11.

155 273 289 308 nitatem,
302 273 424 310 propter
434 272 642 301 omnimodam
657 271 724 301 vitae
737 271 940 301 innocentiam

155 322 183 349 et
205 320 374 357 puritatem,
397 320 503 349 merito
525 320 556 348 in
578 319 727 357 principio
754 319 939 348 salutationis

55 375 124 396 Beata
156 368 214 396 Ave
229 367 352 405 dicitur;
367 368 427 396 Ave
436 367 549 404 utique,
562 369 589 396 et
600 367 715 404 absque
730 375 785 396 vae.
800 367 941 396 Conside-

34 407 142 461 iggffiis
156 417 286 446 randum
300 417 400 446 autem
415 417 467 452 est,
485 415 571 452 quod
589 415 696 452 triplex
715 417 757 444 est
775 423 830 450 vce,
845 424 863 444 a
878 424 939 452 quo

33 470 96 492 suita
106 471 142 493 tri·
156 463 375 493 immunissima
388 463 442 492 fuit
456 462 520 498 ista,
537 463 584 491 cui
600 462 712 491 dictum
728 464 771 491 est
787 472 793 491 :
810 463 877 491 Ave.
894 464 941 491 Est

33 503 85 531 ΡΜ
99 510 141 526 '⁸³‘
156 512 254 540 autem
272 519 317 539 vae
338 510 444 546 culpae,
468 518 512 538 vae
531 509 669 545 miseriae,
686 511 714 538 et
727 518 770 538 vae
786 509 938 546 gehennae.

1680 214 1685 220 “
1720 209 1780 239 235

995 274 1089 302 turin
1104 275 1181 303 Isaia
1193 273 1227 302 ⁷:
1245 275 1293 303 Vae
1311 275 1360 310 qui
1384 274 1479 302 dicitis
1503 274 1605 302 malum
1625 275 1731 310 bonum,
1755 277 1780 304 et

997 320 1093 348 bonum
1106 322 1216 350 malum.
1233 323 1280 350 Vae
1293 321 1349 356 his,
1362 329 1407 350 vce
1421 321 1562 350 omnibus
1577 321 1630 358 qui
1645 330 1696 350 ore
1710 330 1780 359 pec-

996 369 1074 403 cant,
1090 368 1164 397 sieut
1183 368 1214 396 in
1238 368 1354 397 Psalmo
1376 368 1484 396 dicitur
1498 369 1509 386 ⁸
1525 377 1532 396 :
1552 370 1690 397 Venenum
1707 371 1782 406 aspi-

996 415 1060 446 dum
1079 416 1127 442 sub
1142 416 1223 443 labiis
1248 423 1348 443 eorum.
1366 417 1388 444 O
1403 423 1495 452 quam
1510 415 1599 451 longe
1615 416 1653 444 ab
1669 415 1725 445 isto
1736 425 1781 445 vae

995 461 1049 490 fuit
1066 462 1283 491 sanctissimum
1303 471 1336 491 os
1357 464 1469 492 Mariae!
1493 464 1574 492 Unde
1593 463 1697 492 beatus
1712 466 1781 492 Am-

996 509 1114 537 brosius
1128 509 1199 537 dicit
1212 510 1222 527 ⁹
1239 519 1246 538 :
1271 520 1284 536 «
1305 510 1382 539 Nihil
1397 513 1515 539 torvum
1526 511 1557 539 in
1570 511 1664 540 oculis
1675 511 1782 547 Mariae,

51 1133 119 1153 Beata

51 1165 122 1186 Maria

32 1196 139 1217 immunis

45 1227 88 1248 suit
98 1227 125 1248 ab

57 1259 118 1279 omni

42 1291 132 1318 peccato

46 1322 127 1348 cordis,

44 1354 98 1380 oris,
109 1355 131 1375 et

34 1385 116 1412 operis.

156 560 203 587 Est
218 559 318 587 autem
331 566 374 587 vae
389 557 485 594 culpae
499 557 632 592 actualis,
648 565 693 585 voe
705 557 831 586 miseriae
848 557 940 593 origi-

156 605 242 641 nalis,
264 607 293 633 et
306 613 350 634 vae
365 612 461 642 poenae
477 604 659 640 gehennalis.
675 606 712 633 De
727 604 773 633 his
787 604 882 632 trihus
896 612 941 633 vce

156 662 220 683 non
234 654 399 689 incongrue
412 653 609 689 intelligimus
624 653 707 690 quod
727 653 758 681 in
773 654 942 689 Apocalypsi

155 702 283 737 legimus
298 702 307 718 ¹
325 709 331 729 :
348 701 467 735 Audivi,
486 700 582 736 inquit
604 701 743 736 Joannes,
758 709 846 728 vocem
859 702 942 728 unius

155 751 256 785 aquilae
269 750 387 777 volantis
401 757 448 784 per
457 748 576 776 medium
589 748 681 775 caelum
692 747 742 783 (a),
755 747 872 775 dicentis
881 755 942 776 voce

154 805 275 833 maana:
296 797 354 831 Vm,
367 804 418 830 voe,
434 804 484 831 vae,
501 796 692 824 habitantibus
717 797 746 823 in
772 797 856 823 terra.
882 796 941 824 Sed

154 851 222 872 ecce
237 843 396 880 quodlibet
409 843 534 871 istorum
556 843 646 871 trium
660 851 700 870 voe
712 842 939 879 multiplicatur,

153 891 227 919 heu!
245 898 298 927 per
312 890 368 919 tria
387 899 436 925 vce,
457 891 489 918 ut
506 890 547 918 sic
566 889 657 917 simul
679 889 736 918 sint
754 897 866 917 novem
889 898 941 925 voe,

154 940 257 967 contra
272 946 338 975 quae
352 938 448 967 Mariae
462 939 540 966 recte
555 937 663 966 dicitur
679 947 686 965 ε
706 937 775 965 Ave.
797 939 871 966 Nam
887 937 942 965 tria

154 985 264 1022 culpae,
281 985 337 1013 tria
352 985 489 1021 miseriae,
502 985 557 1013 tria
568 985 712 1021 gehennae
730 986 798 1012 sunt
814 993 868 1020 vae,
886 992 941 1020 pro

157 1040 288 1069 quorum
319 1032 466 1068 carentia,
492 1032 557 1068 ipsa
587 1032 694 1060 merito
720 1032 863 1060 salutatur
888 1040 942 1068 per

155 1081 223 1108 Ave.

187 1127 286 1154 Primo
301 1127 403 1162 igitur,
423 1126 600 1161 charissimi,
627 1126 883 1155 considerandum
900 1129 943 1155 est

155 1174 239 1210 quod
253 1173 360 1210 triplex
384 1175 426 1202 est
445 1182 487 1202 vae
507 1173 612 1210 culpae,
633 1174 772 1202 videlicet
787 1182 832 1202 vae
847 1174 942 1211 culpae

155 1220 264 1255 cordis,
279 1229 323 1249 vae
338 1221 433 1257 culpae
449 1221 520 1256 oris,
540 1223 568 1250 et
591 1229 634 1249 vae
656 1221 752 1258 eulpae
775 1222 884 1258 operis.
902 1223 941 1250 De

155 1268 200 1296 his
214 1268 310 1297 tribus
324 1277 369 1297 vae
383 1268 472 1297 etiam
487 1269 546 1297 dici
561 1270 657 1305 potest
673 1278 679 1296 :
699 1270 757 1304 Vae,
773 1278 824 1304 vae,
839 1278 878 1297 vce
892 1270 942 1297 ha-

157 1315 309 1344 bitantibus
329 1318 359 1343 in
381 1318 465 1344 terra.
491 1317 538 1344 Vae
560 1324 631 1351 ergo
654 1316 863 1352 peccatoribus
886 1325 942 1352 pro

157 1363 246 1399 culpa
268 1363 378 1397 cordis,
395 1363 469 1391 sieut
493 1363 601 1391 dicitur
621 1363 652 1390 in
675 1363 750 1391 {saia
764 1364 774 1379 ‘²
792 1373 798 1391 :
819 1365 877 1398 Vce,
894 1366 944 1399 qui

156 1410 290 1445 profundi
305 1411 369 1438 estis
384 1410 472 1444 corde,
487 1412 518 1437 ut
533 1419 550 1437 a
564 1411 676 1437 Domino
692 1411 866 1438 abscondatis
884 1419 943 1439 con-

157 1457 261 1492 silium,
278 1458 332 1484 etc.
344 1458 392 1485 Vae
402 1459 479 1484 certe
493 1457 651 1493 profundis
662 1457 752 1485 corde
765 1457 804 1485 ad
815 1458 942 1492 malum,

158 1503 227 1540 quia
242 1503 394 1540 profunda
415 1504 507 1532 corda
527 1504 677 1532 malorum
699 1506 768 1532 sunt
784 1505 944 1541 profundae

156 1551 277 1579 sentinae
292 1551 495 1586 diabolorum,
506 1553 533 1580 et
543 1552 696 1588 profunda
706 1552 842 1588 sepulcra
854 1553 943 1588 plena

156 1597 311 1626 foetorihus
325 1599 476 1627 vitiorum.
503 1599 551 1625 Vae
572 1607 645 1634 ergo
666 1599 718 1634 eis,
739 1601 772 1627 ut
791 1599 898 1628 dicitur
913 1601 944 1628 in

155 1646 285 1674 Matthaeo
301 1647 311 1663 ³
328 1655 336 1673 :
353 1647 401 1674 Voe
415 1646 500 1681 vobis,
517 1645 618 1674 Scriboe
629 1648 654 1674 et
670 1647 806 1674 Pharisoei
820 1648 945 1682 hypocri-

157 1695 200 1728 toe,
217 1694 265 1728 qui
281 1694 384 1720 similes
403 1695 467 1720 estis
484 1694 614 1728 sepulcris
636 1693 781 1728 dealbatis,
798 1702 856 1729 quoe
874 1696 944 1728 foris

156 1742 290 1776 apparent
312 1741 464 1768 hominibus
490 1742 621 1776 speciosa,
646 1742 721 1768 intus
752 1743 841 1768 autem
862 1742 944 1776 plena

156 1790 219 1814 sunl
243 1787 348 1815 ossibus
376 1789 556 1823 mortuorum,
582 1790 607 1815 et
641 1790 715 1815 omui
747 1789 893 1823 spurcitia.
922 1790 943 1817 O

156 1842 249 1870 quam
263 1834 354 1869 longe
366 1833 404 1862 ab
416 1834 471 1861 isto
483 1843 528 1862 vae
539 1834 593 1862 fuit
604 1835 881 1863 innocentissimum
893 1843 944 1863 eor

155 1881 260 1915 Mariae,
278 1883 347 1908 teste
363 1881 515 1909 Bernardo
531 1882 582 1917 qui
598 1881 638 1909 ait
652 1882 662 1898 ²
678 1891 684 1909 ε
701 1882 880 1918 «Proprium
895 1883 944 1910 de-

155 1927 259 1955 lictum
279 1927 369 1956 Maria
386 1935 447 1956 non
466 1928 581 1963 habuit,
603 1931 630 1956 et
645 1928 683 1956 ab
703 1929 944 1957 innocentissimo

155 1974 246 2002 corde
271 1974 334 2010 ejus
357 1974 447 2002 etiam
461 1975 634 2011 poenitentia
649 1975 739 2011 longe
754 1975 816 2003 fuit.
831 1986 843 2002 »
864 1976 944 2004 Unde

156 2029 227 2057 ergo
242 2030 293 2049 cor
308 2022 403 2050 Mariae
418 2022 563 2058 poenitere
576 2022 690 2057 debuit,
705 2031 772 2050 cum
788 2031 944 2059 nunquam

157 2068 284 2104 dignum
312 2069 429 2105 aliquid
459 2069 631 2105 poenitentia
651 2070 792 2098 admisit?
813 2070 944 2107 Ideoque

158 2115 390 2144 mundissimum
406 2124 457 2144 cor
472 2117 536 2152 ejus
550 2125 612 2144 non
625 2117 678 2145 11111
688 2117 803 2145 sentina
817 2117 942 2153 diaboli,

157 2171 219 2191 non
234 2163 289 2191 fuit
304 2164 475 2200 sepulcrum
490 2165 563 2199 vitii,
580 2165 641 2193 imo
657 2166 711 2194 i'uit
724 2166 828 2194 hortus
845 2168 872 2194 61
890 2175 944 2203 pa-

157 2209 274 2237 radisus
287 2210 411 2246 Spiritus
426 2211 529 2246 sancti,
542 2212 628 2247 juxta
643 2212 717 2240 illud
728 2214 900 2241 Canticorum
912 2214 921 2230 ⁵
936 2224 942 2241 z

158 2258 261 2284 Hortus
281 2259 418 2285 conclusus
433 2266 509 2285 soror
521 2267 580 2286 mea
595 2267 702 2294 sponsa.
721 2270 735 2286 1(
750 2262 866 2295 Hortus,
877 2270 891 2287 >v
914 2263 945 2289 ut

158 2303 198 2331 ait
213 2303 411 2339 Hieronymus
425 2305 445 2339 θ,
465 2314 478 2331 11
488 2305 591 2333 hortus
620 2306 806 2341 deliciarum,
830 2307 861 2335 in
883 2316 943 2344 quo

158 2351 272 2380 consita
286 2353 353 2379 sunt
367 2352 508 2380 universa
524 2352 631 2381 florum
647 2362 768 2389 genera,
791 2357 818 2383 et
835 2355 944 2384 odora-

158 2401 258 2427 menta
274 2399 426 2428 virtutum.
443 2410 456 2425 »
477 2400 551 2433 Quia
570 2408 642 2436 ergo
662 2402 751 2430 Maria
773 2404 835 2431 tam
854 2403 944 2438 longe

157 2445 213 2474 fuit
227 2437 265 2474 ab
281 2446 337 2474 isto
350 2454 405 2481 vae,
422 2446 492 2475 ideo
504 2447 609 2475 merito
625 2448 738 2477 dictum
753 2451 795 2477 est
810 2450 837 2477 ei
850 2459 856 2477 :
873 2450 942 2478 Ave.

159 2494 230 2521 Item
245 2501 289 2521 vae
302 2493 509 2529 peccatoribus
522 2502 577 2530 pro
593 2494 682 2530 culpa
697 2496 767 2530 oris,
782 2496 855 2524 sicut
871 2496 943 2524 dici-

192 2578 301 2609 ¹Apoc.,
318 2584 380 2608 v111,
398 2581 436 2603 13.
452 2592 480 2596 —
500 2579 510 2595 '²
526 2579 586 2609 lea..
604 2586 681 2610 xxix,
703 2581 739 2604 15.
761 2594 790 2598 —-
809 2581 819 2598 ³
840 2582 947 2613 Malla„

162 2619 244 2642 xxm,
260 2615 300 2638 27.
317 2628 347 2632 —
365 2615 373 2629 ⁴
390 2616 477 2646 Bern„
493 2616 518 2639 in
534 2616 661 2647 Assumpl.
679 2616 699 2639 B
722 2617 799 2647 Mar„
818 2624 896 2642 serm.
915 2624 943 2648 11,

161 2656 186 2672 n.
212 2650 234 2673 8.
255 2662 285 2667 —
305 2651 314 2665 ⁵
334 2650 423 2682 Cant„
450 2657 489 2682 iv,
515 2653 554 2676 12.
580 2665 609 2669 --
634 2653 642 2666 ⁶
663 2652 783 2683 Hieron,
810 2653 861 2677 loc.
891 2653 944 2683 jam

163 2684 205 2708 cit.
224 2698 253 2702 —
272 2685 282 2701 ⁷
298 2686 356 2717 Isca,
377 2693 399 2717 v,
415 2689 453 2711 20.
472 2700 501 2705 -
517 2688 525 2702 ⁵
543 2688 608 2711 anl.
625 2694 686 2719 xm,
703 2691 726 2713 3.
742 2702 773 2706 —
789 2689 799 2705 9
812 2689 943 2719 Anibros„

996 556 1070 584 nihil
1085 556 1116 584 in
1130 556 1231 584 verbis
1245 565 1370 593 procax,
1389 557 1463 586 nihil
1480 558 1512 586 in
1530 559 1597 586 actu
1610 558 1783 587 inverecun-

997 604 1069 632 dum
1084 614 1098 631 >2
1115 603 1178 632 fuit.
1194 605 1225 632 In
1241 612 1291 632 ore
1311 604 1401 640 igitur
1424 605 1519 633 Mariae
1541 613 1602 634 non
1617 605 1672 634 fuit
1693 606 1733 634 fel
1756 609 1784 635 et

996 659 1144 679 venenum
1161 651 1285 687 diaboli,
1302 652 1356 679 sed
1370 652 1430 680 mel
1445 654 1472 680 et
1484 653 1529 681 lac
1545 653 1667 689 Spiritus
1678 654 1782 689 sancti,

995 699 1080 734 juxta
1094 699 1170 727 illud
1192 699 1367 728 Cautieorum
1382 701 1403 720 10
1419 709 1426 728 2
1442 701 1533 728 Favus
1548 701 1689 728 distillans
1711 701 1785 729 labia

997 748 1057 782 tua,
1072 754 1169 782 sponsa
1186 756 1193 774 :
1209 748 1260 774 mel
1276 749 1301 774 et
1316 748 1357 774 lac
1372 747 1421 774 sub
1434 748 1529 782 linqua
1545 749 1601 775 tua.
1612 749 1714 776 Nonne
1729 749 1785 777 Ma-

996 793 1041 822 ria
1051 793 1284 822 mundissimum
1294 794 1340 822 lac
1350 793 1456 822 habuit
1465 794 1520 822 sub
1531 794 1645 830 lingua,
1660 795 1784 831 quando

996 840 1193 868 castissimum
1211 841 1288 869 illud
1315 841 1443 869 verbum
1463 841 1503 870 ait
1521 842 1539 858 ¹¹
1557 851 1563 870 z
1581 842 1716 876 Quomodo
1739 845 1786 877 fiet

996 888 1073 915 istud
1081 890 1095 914 ?
1108 889 1211 916 Nonne
1227 888 1316 916 etiam
1331 889 1420 917 Maria
1437 889 1644 917 dulcissimum
1658 889 1719 917 mel
1729 889 1785 918 sub

997 934 1099 970 lingua
1114 934 1230 970 habuit,
1244 936 1366 971 quando
1375 935 1452 964 illud
1467 936 1645 964 mellifluum
1657 937 1787 965 verbum

999 981 1073 1009 dixit
1089 981 1109 999 ¹²
1120 991 1126 1009 :
1138 983 1204 1010 Ecce
1220 984 1323 1010 ancilla
1339 984 1471 1011 Domini?
1487 983 1561 1018 Quia
1576 992 1648 1020 ergo
1665 992 1682 1012 a
1696 984 1787 1013 Maria

998 1030 1058 1057 tam
1078 1029 1168 1065 longe
1184 1030 1239 1058 fuit
1257 1030 1317 1058 or1s
1331 1039 1387 1065 vae,
1409 1031 1478 1059 ideo
1496 1031 1600 1059 merito
1618 1031 1730 1060 dictum
1745 1033 1787 1060 est

998 1076 1025 1104 ei
1039 1085 1045 1104 :
1058 1077 1127 1105 Ave.
1144 1078 1215 1105 Item
1230 1086 1274 1105 vae
1289 1078 1498 1113 peccatoribus
1508 1086 1563 1114 pro
1575 1078 1664 1115 culpa
1677 1079 1786 1115 operiS,

998 1124 1072 1152 sicut
1087 1124 1194 1152 dicitur
1209 1124 1239 1152 in
1254 1126 1441 1153 Ecclesiastico
1457 1127 1478 1143 ¹²
1493 1135 1500 1152 .-
1518 1127 1564 1154 Vae
1575 1126 1683 1162 duplici
1696 1127 1784 1162 corde,

998 1173 1024 1199 et
1038 1171 1119 1198 labiis
1132 1172 1260 1206 scelestis,
1276 1174 1300 1199 el
1314 1173 1437 1200 manibus
1461 1174 1531 1200 male
1544 1174 1720 1207 facientibus.
1740 1175 1787 1202 Vae

999 1219 1105 1254 duplici
1115 1219 1203 1253 corde,
1213 1226 1269 1254 pro
1281 1219 1369 1255 culpa
1381 1220 1496 1255 cordis3
1513 1229 1553 1248 voe
1564 1221 1645 1248 labiis
1656 1222 1785 1256 scelestis,

998 1273 1054 1301 pro
1070 1265 1159 1302 culpa
1170 1265 1247 1301 oris,
1264 1275 1304 1293 vae
1319 1267 1443 1295 manibus
1458 1268 1527 1295 male
1540 1268 1719 1303 facientibus,
1730 1276 1786 1304 pro

1000 1312 1088 1348 culpa
1104 1312 1212 1348 operis.
1230 1314 1251 1341 Ο
1267 1321 1360 1350 quam
1371 1314 1459 1350 longe
1475 1322 1492 1342 a
1506 1315 1558 1342 tali
1572 1323 1615 1343 vae
1630 1315 1685 1343 fuit
1698 1323 1786 1343 omne

1000 1367 1086 1395 opus,
1103 1361 1131 1387 et
1146 1360 1243 1387 omnis
1261 1361 1321 1388 vita
1343 1361 1454 1389 Mariae!
1472 1363 1593 1398 Propter
1617 1362 1700 1399 quod
1721 1364 1787 1390 Ber-

999 1407 1111 1435 nardus
1121 1407 1161 1434 ait
1177 1408 1196 1424 ¹²*
1213 1417 1219 1435 :
1242 1418 1255 1432 «
1271 1408 1371 1436 Decuit
1392 1409 1533 1444 Reginam
1548 1409 1711 1445 virginum,
1726 1409 1787 1437 sin-

1000 1454 1096 1489 gulari
1115 1454 1273 1491 privilegio
1293 1456 1463 1490 sanctitatis,
1479 1456 1594 1493 absque
1617 1457 1699 1485 omni
1720 1465 1789 1493 pec-

1001 1503 1066 1529 cato
1078 1501 1187 1529 ducere
1203 1502 1304 1537 vitam,
1317 1505 1348 1531 ut
1366 1503 1439 1531 dum
1450 1504 1563 1540 peccati
1578 1504 1741 1540 mortisque
1753 1504 1786 1540 (b)

999 1551 1117 1584 pareret
1139 1552 1371 1586 peremptorem,
1396 1559 1505 1578 munus
1524 1551 1591 1579 vitae
1620 1553 1648 1579 et
1669 1552 1788 1587 justitiae

1001 1596 1140 1624 omnibus
1156 1597 1312 1625 obtineret.
1326 1607 1338 1623 »
1352 1599 1424 1626 Nota
1438 1608 1444 1624 :
1461 1606 1516 1626 nec
1533 1598 1634 1634 corde,
1651 1606 1706 1626 nec
1725 1607 1787 1633 ore,

1000 1651 1054 1671 nec
1067 1651 1157 1680 opere
1176 1644 1328 1672 maculam
1344 1645 1458 1680 peccati
1473 1645 1588 1680 habuit,
1607 1654 1662 1673 nec
1675 1648 1789 1674 contra-

1000 1690 1051 1725 xit,
1062 1692 1168 1719 uivere
1180 1691 1205 1719 ei
1217 1691 1358 1719 Dominus
1374 1692 1473 1720 dicere
1488 1694 1588 1728 posset
1599 1693 1617 1709 ¹⁵
1631 1702 1637 1720 ε
1652 1694 1719 1721 Tota
1727 1694 1789 1728 pul-

1001 1739 1065 1766 chra
1080 1746 1118 1773 es,
1133 1740 1220 1766 amica
1236 1747 1304 1774 mea,
1321 1741 1346 1766 et
1360 1740 1467 1766 macula
1491 1748 1543 1767 tzou
1570 1742 1608 1767 est
1630 1742 1660 1767 iu
1686 1742 1720 1768 te.
1744 1740 1788 1768 Sic

1001 1793 1073 1821 ergo
1088 1786 1331 1814 innocentissima
1347 1788 1375 1814 et
1391 1787 1577 1815 sanctissima
1593 1787 1682 1815 Maria
1697 1787 1788 1815 eorde

1001 1832 1054 1860 suit
1075 1833 1190 1869 absque
1209 1841 1265 1867 vae,
1285 1841 1336 1861 ore
1353 1833 1467 1870 absque
1486 1842 1540 1869 vae,
1562 1842 1652 1870 opere
1673 1834 1787 1871 absque

1001 1887 1060 1913 vae3
1077 1882 1105 1907 et
1119 1880 1187 1907 ideo
1199 1880 1311 1908 dictum
1325 1882 1367 1908 est
1381 1881 1407 1908 ei
1423 1890 1429 1908 z
1446 1881 1516 1908 Ave.

1037 1927 1186 1961 Secundo,
1194 1927 1369 1961 charissimi,
1379 1928 1633 1956 considerandum
1642 1930 1694 1961 est,
1704 1928 1787 1965 quod

1002 1974 1090 2002 Maria
1104 1975 1246 2002 immunis
1261 1975 1315 2003 fuit
1334 1983 1395 2003 non
1410 1976 1508 2004 solum
1524 1984 1542 2004 a
1556 1976 1663 2012 triplici
1675 1985 1717 2004 vae
1728 1977 1787 2004 cul-

1001 2030 1046 2057 pae
1062 2021 1195 2055 actualis,
1216 2021 1269 2049 sed
1291 2022 1380 2050 etiam
1400 2031 1418 2050 a
1441 2023 1547 2059 triplici
1568 2031 1611 2051 va}
1634 2023 1787 2059 originalis

1002 2069 1128 2097 miseriae
1145 2078 1151 2096 :
1168 2068 1308 2097 videlicet
1323 2077 1340 2097 a
1356 2078 1399 2097 vae
1415 2070 1540 2098 miseriae
1557 2070 1752 2105 nascentium,
1770 2079 1787 2098 a

1002 2124 1046 2144 vae
1068 2116 1193 2144 miseriae
1216 2117 1405 2152 parientium,
1426 2119 1452 2145 et
1475 2126 1492 2145 a
1513 2126 1555 2145 vce
1578 2117 1703 2145 miseriae
1721 2126 1786 2145 mo-

1002 2164 1151 2191 rientium.
1169 2165 1216 2191 Vae
1229 2164 1354 2192 miseriae
1368 2164 1565 2199 nascentium,
1581 2166 1624 2193 est
1638 2173 1682 2193 vae
1697 2165 1786 2193 fomi-

1002 2211 1037 2238 tis
1053 2212 1206 2238 nascentes
1219 2211 1413 2246 infirmantis,
1429 2213 1456 2239 61
1472 2220 1516 2239 vce
1531 2212 1657 2240 miseriae
1670 2212 1788 2249 parien-

1004 2258 1087 2291 tium,
1108 2260 1150 2285 est
1170 2267 1214 2285 vae
1238 2258 1352 2286 doloris
1372 2260 1520 2295 parientes
1544 2260 1716 2295 cruciantis,
1731 2256 1788 2287 'vae

1002 2305 1128 2332 miseriae
1151 2305 1353 2340 morientium,
1377 2310 1420 2334 est
1443 2316 1487 2335 vae
1512 2307 1702 2335 resolutionis
1723 2315 1788 2335 mo-

1002 2352 1108 2380 rientes
1128 2352 1329 2381 incinerantis.
1350 2355 1388 2381 De
1410 2354 1455 2382 his
1476 2354 1572 2382 tribus
1591 2363 1635 2382 vfe
1656 2355 1714 2382 dici
1734 2362 1788 2390 po-

1002 2401 1056 2427 test
1074 2409 1080 2427 :
1100 2401 1158 2433 Vae,
1176 2409 1225 2433 vce,
1241 2409 1290 2436 voe,
1308 2401 1495 2429 habitantibus
1512 2404 1541 2429 in
1557 2404 1639 2429 terra.
1657 2403 1703 2429 Vae
1717 2409 1788 2436 ergo

1002 2447 1128 2474 miseriae
1140 2447 1336 2483 nascentium,
1347 2450 1388 2476 est
1399 2457 1441 2476 vae
1456 2448 1566 2477 fomitis
1582 2448 1669 2477 nobis
1685 2448 1787 2483 innati,

1001 2535 1030 2557 (le
1052 2534 1188 2565 Vis-qima,
1202 2535 1244 2558 lib.
1262 2536 1291 2564 il,
1309 2544 1332 2560 e.
1347 2542 1376 2566 11,
1394 2543 1420 2559 11.
1437 2538 1459 2559 7.
1477 2549 1505 2554 —-
1524 2537 1540 2549 ¹⁰
1557 2536 1642 2567 Cant„
1658 2543 1691 2567 IV,
1706 2539 1744 2561 11.
1761 2550 1786 2553 —

1004 2571 1020 2587 ¹1
1038 2571 1105 2600 Lae,
1122 2576 1147 2599 1,
1163 2571 1200 2594 34.
1217 2584 1245 2588 —
1269 2571 1288 2587 ¹²
1305 2572 1380 2602 ibid„
1401 2573 1439 2595 38.
1456 2585 1486 2589 —
1506 2572 1524 2588 ¹³
1541 2572 1631 2602 Eccli„
1648 2578 1681 2602 11,
1702 2574 1741 2596 14.
1758 2585 1787 2589 --

1003 2607 1023 2623 Ν
1051 2606 1187 2637 Bernard.,
1213 2606 1246 2630 ad
1269 2608 1387 2632 Cauonz'c.
1413 2608 1589 2638 Lmly.‚epist.
1609 2610 1787 2639 CLxx[v,n.-'›'.
1820 2610 1822 2612 ’

1001 2657 1030 2660 -
1048 2644 1066 2658 ¹³
1082 2643 1167 2672 Cant„
1185 2648 1218 2672 iv,
1236 2644 1257 2666 7.

1034 2688 1068 2719 (a)
1086 2688 1160 2719 Vulg.
1178 2688 1243 2713 coeli.
1258 2702 1287 2706 —
1304 2688 1337 2720 (b)
1357 2689 1418 2712 Ccet.
1435 2689 1495 2714 edit.
1512 2689 1609 2713 mortis.

1804 1936 1828 1955 B.
1841 1936 1909 1963 Virgo

1803 1967 1873 1987 Maria
1896 1974 1909 1988 a

1815 1999 1896 2025 triplici

1803 2037 1834 2051 vce
1844 2031 1909 2058 origi-

1803 2062 1860 2082 nalis
1870 2062 1909 2083 mi-

1802 2093 1909 2114 seriaeim-

1803 2125 1884 2145 munis.
