2029 3052
634 202 683 234 DE
706 201 784 234 11Νο
807 201 840 233 S.
865 199 1132 233 CONFESSORE.
1154 199 1287 232 SERMO
1311 182 1362 231 lv'.
1771 202 1805 230 71

187 270 262 299 bens
279 270 309 298 in
323 270 447 299 circuitu
461 270 615 306 sexaginta
629 269 780 305 milliaria,
797 268 969 305 quindecim

187 317 218 346 in
232 317 366 354 qualibet
383 317 489 347 fronte.
510 317 593 352 Muri,
615 316 672 346 fusi
695 316 852 351 bitumine,
875 315 968 344 habe-

186 365 259 394 bant
273 365 489 402 quinquaginta
503 364 618 393 cubitos
631 364 662 392 in
677 357 830 394 altitudine
852 372 859 391 :
876 364 966 399 atque

187 413 266 441 circa
279 420 400 441 murum
410 411 691 448 amplissimafossa,
699 411 729 439 in
741 419 834 448 quam
847 419 901 447 per
911 410 966 438 cir-

187 460 298 489 cuitum
312 459 421 488 fluvius
437 459 615 488 decurrebat
631 468 638 487 :
655 460 684 487 et
699 467 768 487 cum
787 460 867 486 tanta
882 459 966 492 esset,

187 515 247 536 una
260 509 360 535 tamen
374 507 508 535 noctium
523 506 577 535 fuit
592 508 688 543 capta,
704 508 732 534 et
747 514 815 534 cum
830 514 900 541 rege
913 513 967 534 suo

185 553 399 591 superbissimo
413 553 497 582 velut
511 554 637 582 scintilla
652 553 728 589 ignis
743 552 837 589 periit.
856 551 908 580 Ubi
925 554 968 580 est

185 609 311 638 regnum
332 603 500 636 Persarum,
522 601 605 638 quod
625 600 727 629 multis
743 599 828 628 annis
849 601 968 628 eentum

184 648 287 685 viginti
297 650 408 685 septem
420 648 581 685 provinciis
591 648 600 665 ¹
611 647 788 685 imperavit?
803 648 904 675 Nonne
916 647 969 683 Cy-

183 704 245 731 ruS,
267 695 471 724 nobilissimus
491 703 545 723 rex
572 695 645 731 ejuS‚
669 703 687 723 a
708 694 842 731 quadam
864 693 968 730 regina

183 744 413 779 Massagetarum
427 742 567 779 Thomyri
580 744 695 779 captus,
718 743 746 770 et
761 741 792 770 in
812 741 907 778 capite
922 741 967 769 di-

183 790 316 818 minutus
327 790 359 817 ²?
373 791 467 826 Caput
482 789 544 825 ejus
560 789 591 817 in
601 791 699 818 utrem
714 788 867 824 sanguinis
877 788 966 824 misit,

185 837 286 866 dicens
300 837 327 865 ei
350 837 583 873 improperando
601 847 607 863 :
628 845 642 863 «
666 836 744 865 Satia
767 838 792 864 te
811 836 966 872 sanguine,

186 893 276 922 quem
290 884 382 913 sitisti.
398 894 412 912 »
430 884 484 913 Ubi
499 885 542 912 est
555 892 635 912 nunc
649 892 776 920 regnum
788 884 966 918 Graecorum,

186 932 269 969 quod
294 932 377 960 mille
408 932 543 960 ducentis
576 931 662 959 annis
696 930 837 959 duravit?
864 932 967 959 Nonne

186 979 353 1007 Alexander
367 987 420 1007 rex
441 979 514 1014 ejus,
530 979 692 1014 postquam
716 978 855 1005 universa
869 977 968 1013 subje-

186 1026 234 1061 cit,
248 1034 365 1054 veneno
380 1025 488 1054 interiit
498 1026 529 1053 31
544 1025 621 1060 Quid
636 1025 747 1053 factum
762 1026 805 1053 est
819 1025 856 1053 de
869 1025 968 1053 Fride-

185 1073 248 1101 rico
263 1073 440 1111 imperatore
455 1074 672 1107 Romanorum,
687 1072 739 1109 qui
760 1072 835 1100 sicut
854 1072 967 1100 ferrum

185 1119 284 1157 perdit
297 1120 510 1156 quodcumque
525 1119 690 1155 metallum,
707 1119 748 1147 sic
763 1119 893 1156 perdidit
906 1127 968 1146 om-

185 1176 222 1195 ne
243 1175 388 1203 regnum;
410 1169 442 1195 ut
464 1175 525 1195 non
545 1169 621 1195 esset
643 1167 776 1195 invenire
799 1167 830 1194 in
851 1166 966 1194 mundo

184 1214 339 1250 angulum,
360 1214 411 1250 qui
427 1214 491 1250 ejus
512 1222 574 1242 non
598 1214 789 1250 persensisset
813 1213 966 1250 gladium?

183 1263 285 1290 Nonne
300 1261 386 1298 quasi
406 1262 445 1290 ad
461 1261 588 1289 nihilum
604 1263 646 1289 est
668 1261 837 1296 redactum,
861 1263 893 1289 ut
915 1260 967 1289 vix

183 1311 277 1337 Roma
289 1308 329 1336 ad
339 1309 400 1337 duo
410 1308 551 1336 milliaria
561 1309 658 1336 teneat
670 1308 853 1344 imperium?
863 1309 966 1336 Nonne

182 1357 285 1391 Caesar,
302 1355 354 1392 qui
374 1356 538 1384 monarcha
560 1355 640 1383 solus
663 1355 735 1390 fuit,
757 1356 785 1383 et
805 1355 966 1391 imperium

183 1403 285 1438 tenuit,
301 1411 318 1431 a
333 1403 474 1431 Romanis
498 1404 575 1431 totus
597 1402 779 1439 perforatus,
800 1411 966 1439 puerorum

183 1452 275 1488 stylus
287 1452 297 1468 ‘⁴
313 1453 391 1479 erat?
406 1453 439 1480 Et
461 1451 502 1479 sic
522 1459 620 1487 quaere
634 1459 688 1487 per
711 1451 855 1486 singulos,
877 1452 905 1478 et
920 1451 966 1478 in-

184 1498 284 1526 venies
307 1506 411 1526 omnes
442 1498 588 1535 superbos
611 1498 642 1526 in
668 1498 727 1526 fine
753 1498 876 1534 turpiter
901 1506 966 1526 cor-

183 1545 287 1581 ruisse,
303 1553 319 1573 e
335 1547 438 1574 contra
457 1546 537 1574 viros
560 1545 687 1573 humiles
707 1545 850 1573 exaltatos
869 1553 887 1573 a
907 1546 965 1572 Deo

183 1592 281 1620 fuisse.
298 1594 371 1620 Nam
386 1594 460 1620 Deus
475 1592 544 1621 Saul
559 1592 806 1629 superbissimum
818 1592 855 1620 de
871 1600 964 1628 reguo

184 1640 299 1675 dejecit,
318 1641 346 1668 et
361 1639 454 1668 David
475 1639 620 1667 humilem
642 1640 788 1668 exaltavit.
812 1641 844 1667 Et
868 1641 900 1667 ut
923 1639 966 1666 in-

183 1694 308 1715 numera
327 1687 473 1721 omittam,
495 1687 653 1715 considera
674 1686 741 1722 quis
764 1694 899 1722 unquam
919 1694 967 1714 re-

183 1742 265 1770 gum,
277 1734 344 1770 quis
354 1734 568 1770 imperatorum
581 1733 756 1762 sublimium
771 1734 812 1761 sic
823 1742 840 1762 a
850 1734 965 1762 mundo

182 1781 357 1815 honoratur,
376 1783 406 1808 ut
420 1780 548 1816 piscator
563 1782 674 1815 Petrus,
691 1782 719 1808 et
732 1782 859 1809 ioannes
879 1781 965 1808 rusti-

183 1835 244 1863 cus,
261 1830 289 1855 et
311 1827 458 1856 Matthaeus
482 1827 676 1863 telonearius;
702 1827 775 1862 imo,
801 1829 834 1856 ut
860 1836 966 1856 verum

181 1874 284 1910 fatear,
298 1874 477 1902 nobilissimi
493 1883 577 1911 reges
592 1876 709 1903 Petrum
725 1875 862 1910 adorant,
884 1877 967 1903 Jaco-

182 1921 257 1949 bum
270 1921 399 1956 visitant,
415 1923 442 1949 et
461 1922 500 1950 ad
519 1930 623 1950 corum
642 1930 719 1955 ossa,
735 1930 788 1950 seu
811 1922 966 1958 reliquias,

183 1977 213 1996 se
227 1968 379 1996 inclinant.
395 1968 586 1996 Verissimum
601 1977 672 2004 ergo
687 1969 815 1997 verbum
833 1971 887 2004 est,
899 1977 967 1997 cum

183 2015 219 2043 sit
233 2016 352 2051 Reginae
370 2015 532 2051 virginum,
555 2017 616 2043 imo
640 2016 775 2044 omnium
797 2018 968 2044 sanctorum

183 2065 211 2091 et
226 2063 412 2098 angelorum,
431 2071 497 2100 quae
511 2065 630 2100 portare
643 2063 751 2091 meruit
767 2064 815 2091 Dei
826 2064 967 2099 Verbum,

184 2110 307 2139 dicentis
324 2120 330 2138 ι
354 2112 484 2146 Deposuit
504 2113 625 2146 potentes
650 2111 682 2138 de
698 2111 770 2145 sede,
787 2114 812 2139 et
834 2113 968 2140 ewaltavit

184 2159 307 2186 humiles.
335 2159 367 2186 In
391 2166 451 2194 quo
478 2158 572 2186 verbo
596 2159 738 2186 notantur
765 2159 969 2195 principaliter

186 2205 246 2232 duo
261 2214 267 2232 :
284 2204 415 2241 primum
431 2207 473 2233 est
487 2205 640 2242 depressio
656 2213 854 2242 personarum
875 2206 969 2233 subli-

185 2252 290 2288 mium,
312 2261 379 2289 quae
395 2261 449 2289 per
468 2253 640 2289 superbiam
656 2255 829 2282 tumuerunt
836 2264 844 2289 5
866 2262 968 2282 secun-

186 2299 258 2327 dum
274 2301 316 2327 051
330 2300 437 2328 erectio
453 2308 649 2336 personarum
670 2301 840 2334 humilium,
856 2310 922 2337 quae
937 2310 967 2330 se

184 2347 306 2382 propter
321 2348 412 2374 Deum
434 2347 613 2382 dejecerunt.
637 2348 726 2375 Primi
750 2351 817 2376 sunt
838 2348 922 2384 mali,
941 2351 968 2377 et

185 2393 254 2421 ideo
280 2392 433 2429 fugiendi;
452 2394 575 2422 secundi
588 2397 656 2422 sunt
670 2395 755 2430 boni,
776 2397 803 2423 et
818 2395 887 2423 ideo
905 2395 968 2423 imi-

186 2440 278 2468 tandi.
296 2441 334 2468 De
355 2440 458 2476 primis
483 2440 589 2468 dicitur
605 2451 611 2468 :
635 2443 766 2477 Deposuit
782 2445 913 2478 potentes.
930 2444 967 2471 De

186 2487 324 2515 secundis
345 2487 519 2523 adjungitur
538 2497 543 2513 :
560 2489 594 2515 Et
617 2490 750 2516 emanavit
771 2490 894 2518 humiles.
912 2490 968 2518 Sed

219 2573 324 2603 ¹Estlz„
336 2579 393 2604 vni,
406 2575 429 2598 9.
444 2587 472 2592 —
486 2574 494 2587 ²
506 2574 610 2604 Jusun„
633 2574 666 2598 ib.
682 2575 704 2605 13
720 2575 854 2606 Herodnt„
869 2576 913 2599 lib.
933 2576 966 2606 ii;

187 2609 272 2634 Valer.
296 2609 374 2639 Max„
399 2609 443 2633 lib.
470 2610 516 2640 ix,
542 2618 564 2633 c.
589 2616 619 2640 x,
646 2612 746 2634 extem.
772 2617 798 2634 11.
827 2614 853 2642 l,
880 2612 966 2641 Oros,

186 2645 231 2669 lib.
247 2645 281 2675 ii,
297 2652 320 2670 c.
336 2650 381 2669 vxi.
395 2658 425 2663 —
441 2645 450 2662 ³
466 2645 553 2675 Quint.
569 2646 649 2676 Curt.,
664 2645 707 2671 lib.
728 2647 768 2677 lx,
785 2654 806 2671 c.
824 2653 850 2677 x,
867 2647 896 2671 de
913 2647 966 2671 reb.

187 2681 248 2712 qest.
264 2680 335 2706 Alex.
353 2694 379 2697 —
396 2682 404 2695 ⁴
427 2682 508 2706 Locus
527 2683 671 2712 corruptus.
691 2695 717 2699 -—
738 2683 746 2696 ⁵
759 2683 831 2708 Psal.
847 2689 918 2714 xoix,
939 2686 963 2707 3.

1027 267 1099 304 quia
1113 273 1193 295 nunc
1208 266 1296 296 nobis
1311 268 1355 303 est
1377 275 1475 295 sermo
1491 266 1528 295 de
1547 266 1669 302 Sanctis,
1693 266 1810 295 omissis

1024 314 1138 351 primis,
1155 314 1290 343 dicamus
1305 313 1422 351 aliquid
1432 313 1469 342 de
1485 313 1640 350 secundis;
1657 314 1729 351 quia
1740 321 1809 342 cum

1025 361 1063 390 de
1078 370 1138 390 uno
1153 361 1260 398 agitur,
1277 369 1332 398 per
1347 369 1533 398 consequens
1550 361 1587 389 de
1603 361 1740 398 quolibet
1755 360 1810 389 ali-

1025 409 1098 445 quid
1114 410 1253 445 tangitur.
1264 411 1337 438 Cum
1349 408 1428 437 enim
1443 408 1605 443 humilitas,
1617 410 1645 436 et
1655 408 1807 445 superbia,

1025 456 1240 484 contrarientur
1255 456 1322 491 sibi,
1339 455 1412 484 dum
1427 455 1579 484 humilitas
1590 455 1750 484 exaltanda
1764 463 1811 483 os-

1024 503 1164 538 tenditur,
1180 493 1322 540 superbia
1331 502 1506 531 detestanda
1516 502 1705 539 relinquitur.
1721 502 1810 536 Quid-

1024 549 1097 586 quid
1119 550 1198 578 enim
1215 550 1321 578 dicitur
1335 558 1353 578 a
1369 549 1491 578 medicis
1509 549 1540 577 in
1559 549 1681 577 laudem
1701 549 1810 578 sanita-

1024 597 1070 632 tis,
1082 597 1232 625 redundat
1243 598 1274 625 in
1288 597 1468 634 vituperium
1482 597 1676 633 aegritudinis.
1688 598 1808 631 Verum,

1025 645 1096 681 quia
1124 645 1155 673 in
1182 644 1475 673 commendationem
1509 644 1684 674 humilitatis
1716 645 1810 674 multa

1025 693 1104 721 dicta
1118 693 1186 720 sunt
1200 700 1300 729 supra,
1311 692 1380 720 ideo
1390 692 1438 720 hic
1446 692 1602 721 videamus
1615 701 1681 729 quae
1695 695 1763 721 sunt
1772 693 1808 729 (a)

1024 741 1064 770 ad
1077 741 1276 769 humilitatem
1291 740 1463 769 inducentia
1477 750 1483 768 :
1500 749 1567 777 quae
1587 742 1656 769 sunt
1678 741 1809 769 maxIme

1024 788 1079 817 tria
1096 797 1102 816 :
1124 788 1258 824 primum
1277 789 1320 816 est
1334 787 1533 816 consideratio
1551 788 1616 823 Dei3
1643 788 1809 817 seeundum

1024 838 1067 864 est
1094 834 1293 863 consideratio
1317 835 1377 870 sui;
1403 835 1522 863 tertium
1546 837 1588 863 est
1612 835 1808 864 consideratio

1023 882 1154 919 proximi
1171 892 1176 910 ι
1193 884 1225 910 ut
1239 882 1280 910 sic
1296 882 1499 911 consideretur
1511 883 1627 911 honum
1640 890 1740 919 supra,
1755 882 1809 911 bo-

1024 938 1098 958 num
1113 930 1201 965 intra,
1217 932 1245 958 et
1258 930 1375 958 bonum
1390 930 1475 958 infra.

1060 977 1192 1005 Primum
1213 979 1255 1006 est
1279 977 1478 1006 consideratio
1501 977 1562 1013 Dei,
1582 986 1649 1014 quae
1677 978 1731 1006 erit
1753 978 1809 1006 sub

1024 1024 1132 1061 triplici
1147 1024 1261 1052 ratione
1279 1035 1286 1052 :
1302 1025 1412 1061 primo,
1429 1025 1485 1052 sub
1500 1024 1739 1053 consideratione
1754 1026 1809 1053 Fa-

1025 1071 1130 1106 ctoris;
1147 1072 1291 1107 secundo,
1303 1071 1359 1100 sub
1375 1072 1614 1100 consideratione
1630 1072 1810 1108 Redempto-

1024 1118 1080 1154 ris3
1098 1118 1190 1152 tertio,
1207 1119 1263 1147 sub
1279 1119 1517 1148 consideratione
1534 1119 1638 1148 Ultoris
1656 1128 1662 1147 :
1684 1120 1717 1146 ut
1731 1119 1809 1147 scili-

1024 1169 1068 1195 cet
1088 1167 1286 1196 consideratio
1302 1168 1400 1204 prima
1416 1169 1452 1196 sit
1464 1168 1501 1196 de
1517 1168 1565 1196 Dei
1576 1167 1808 1204 omnipotentia;

1024 1216 1223 1243 consideratio
1248 1216 1380 1243 secunda
1402 1215 1437 1243 sit
1460 1216 1496 1243 de
1519 1216 1568 1244 Dei
1584 1215 1808 1251 misericordia3

1024 1262 1222 1291 consideratio
1239 1271 1310 1291 vero
1326 1263 1410 1291 tertia
1426 1263 1462 1290 sit
1477 1263 1513 1290 de
1530 1263 1578 1291 Dei
1591 1263 1711 1299 justitia.
1727 1263 1810 1291 Dica-

1023 1318 1089 1337 mus
1105 1318 1176 1346 ergo
1191 1311 1300 1346 primo,
1318 1311 1401 1346 quod
1420 1310 1444 1338 si
1458 1310 1503 1338 vis
1514 1310 1636 1338 humilis
1650 1310 1725 1346 fieri,
1740 1318 1810 1338 con-

1023 1357 1121 1385 sidera
1133 1357 1181 1385 Dei
1192 1357 1368 1393 potentiam,
1381 1366 1447 1394 quae
1457 1366 1513 1385 nos
1525 1357 1609 1385 fecit⁵
1620 1366 1626 1384 :
1638 1357 1707 1394 quia
1721 1369 1733 1382 «
1746 1357 1810 1393 ipse

1022 1404 1090 1432 fecit
1104 1413 1170 1438 nos,
1188 1407 1215 1432 et
1230 1413 1292 1432 non
1306 1404 1363 1441 ipsi
1384 1413 1451 1440 nos,
1466 1415 1479 1431 11
1506 1407 1538 1432 111
1552 1404 1684 1432 Psalmus
1703 1404 1783 1432 dicit.
1800 1405 1810 1421 θ

1024 1460 1038 1477 (ι
1054 1453 1111 1479 Νο5
1135 1460 1206 1480 oves
1228 1460 1345 1488 pascuae
1373 1452 1446 1487 ejus.
1468 1463 1481 1478 »
1506 1453 1570 1479 Haec
1592 1453 1635 1480 est
1653 1451 1732 1480 enim
1754 1459 1809 1488 pro

1022 1499 1162 1527 omnibus
1170 1499 1257 1527 nobis
1268 1499 1424 1527 confessio.
1437 1500 1550 1534 «Nunc,
1561 1510 1573 1525 11
1587 1499 1684 1536 iuquit
1694 1498 1714 1532 ⁷,
1731 1510 1743 1524 «
1755 1500 1810 1526 Do-

1021 1546 1113 1580 mine,
1134 1548 1217 1582 pater
1235 1548 1336 1574 noster
1351 1555 1382 1574 es
1409 1549 1456 1582 tu,
1474 1554 1529 1574 1105
1553 1554 1625 1574 vero
1648 1546 1753 1574 lutum.
1770 1548 1810 1574 Tu

1021 1593 1115 1622 factor
1125 1594 1162 1630 (ὁ)
1177 1596 1277 1622 noster
1286 1604 1294 1629 3
1312 1602 1367 1622 nos
1383 1602 1476 1630 opera
1486 1601 1632 1622 manuum
1647 1596 1775 1622 tuarum.
1794 1605 1807 1619 11

1022 1641 1131 1669 Omnes
1151 1649 1222 1677 ergo
1243 1649 1309 1676 nos,
1334 1641 1358 1668 si
1385 1641 1482 1668 lutum
1503 1649 1616 1674 sumuS,
1640 1641 1808 1669 necessario

1021 1687 1167 1716 habemus
1182 1696 1237 1716 nos
1252 1688 1419 1722 humiliare,
1436 1687 1507 1724 quia
1521 1688 1595 1715 nihil
1608 1687 1639 1715 in
1654 1688 1742 1716 nobis
1756 1691 1809 1722 est,

1023 1743 1059 1762 ex
1072 1744 1132 1771 quo
1143 1735 1298 1772 superbire
1309 1735 1468 1771 possimus.
1480 1734 1655 1770 Apostolus:
1671 1745 1684 1760 «
1694 1735 1780 1769 Quid,
1794 1746 1807 1761 »

1022 1781 1122 1818 inquit
1135 1783 1155 1817 ⁸,
1175 1792 1188 1808 t(
1204 1782 1297 1810 habes
1312 1782 1396 1818 quod
1411 1790 1472 1810 non
1491 1781 1653 1818 accepisti?
1670 1782 1694 1809 51
1709 1783 1809 1810 autem

1023 1830 1172 1865 accepisti,
1189 1829 1262 1866 quid
1278 1829 1426 1865 gloriaris,
1438 1830 1523 1865 quasi
1538 1836 1600 1856 non
1616 1829 1807 1865 acceperis‘bs

1026 1878 1058 1904 ln
1074 1877 1138 1904 solo
1155 1885 1227 1912 ergo
1244 1878 1302 1904 Deo
1319 1879 1361 1904 est
1375 1884 1436 1912 prae
1448 1876 1589 1904 omnibus
1600 1876 1809 1911 gloriandum

1026 1926 1053 1951 et
1076 1924 1165 1952 nobis
1185 1932 1246 1951 non
1267 1926 1367 1958 restat,
1390 1931 1445 1951 nec
1463 1923 1580 1959 aliquid
1596 1924 1738 1959 superest,
1754 1923 1810 1951 nisi

1025 1971 1109 2007 quod
1124 1971 1217 1998 simus
1231 1971 1370 2006 humiles,
1389 1971 1559 2007 divinaeque
1580 1971 1718 2006 potentiae
1733 1979 1810 1999 sem-

1024 2026 1077 2053 per
1091 2018 1272 2046 laudatores.
1300 2018 1381 2046 Unde
1408 2018 1515 2046 dieitur
1529 2018 1558 2045 ⁹:
1580 2028 1593 2044 1(
1608 2018 1810 2046 Humiliamini

1024 2065 1080 2093 sub
1096 2065 1208 2101 potenti
1229 2073 1321 2093 manu
1340 2065 1399 2093 Dei.
1416 2076 1429 2092 »
1443 2066 1531 2101 Cujus
1547 2065 1693 2093 rationem
1709 2068 1809 2102 Augu-

1025 2112 1118 2139 stinus
1139 2113 1270 2148 assignat
1293 2121 1374 2148 super
1398 2113 1519 2141 Genesim
1534 2112 1635 2140 dicens
1650 2112 1693 2140 ¹⁰:
1718 2122 1731 2138 «
1752 2113 1809 2149 Ipsi

1025 2160 1128 2188 omnia
1142 2160 1225 2188 bona
1240 2162 1341 2188 nostra
1358 2162 1426 2187 sunt
1445 2160 1615 2194 tribuenda,
1636 2161 1688 2196 qui
1709 2163 1808 2196 vocat,

1024 2207 1075 2242 qui
1090 2207 1231 2243 praecipit,
1249 2206 1301 2243 qui
1320 2207 1401 2234 viam
1418 2207 1547 2235 veritatis
1563 2207 1700 2241 ostendit,
1714 2207 1765 2244 qui
1778 2210 1810 2235 ut

1022 2254 1150 2281 velimus
1167 2254 1282 2288 invitat,
1300 2256 1330 2281 et
1342 2254 1419 2282 vires
1434 2254 1579 2290 implendi
1594 2262 1639 2288 ea,
1656 2263 1722 2290 quae
1735 2263 1810 2291 pree-

1023 2301 1103 2336 oipit,
1129 2301 1346 2328 subministrat.
1370 2311 1383 2327 »
1409 2301 1466 2329 Sed
1486 2309 1548 2329 non
1568 2304 1610 2329 est
1630 2301 1732 2336 hodie,
1757 2302 1809 2338 qui

1023 2348 1167 2383 recogitet
1184 2348 1260 2383 ista,
1281 2356 1343 2376 non
1368 2350 1420 2383 est,
1442 2348 1493 2384 qui
1513 2349 1549 2376 de
1570 2349 1657 2376 bonis
1682 2350 1809 2385 acceptis

1024 2394 1127 2422 laudet
1141 2395 1303 2423 donantem
1315 2395 1489 2431 potentiam.
1502 2395 1558 2423 Sed
1570 2398 1637 2423 sunt
1647 2395 1744 2429 multi,
1756 2396 1808 2432 qui

1025 2442 1130 2470 dicunt
1147 2442 1224 2470 illud
1240 2442 1259 2460 ¹¹
1277 2452 1283 2470 ε
1303 2444 1429 2470 «Manus
1444 2445 1548 2471 nostra
1564 2443 1689 2478 excelsa,
1705 2444 1732 2470 et
1746 2450 1808 2470 non

1027 2490 1182 2525 Dominus,
1200 2490 1267 2518 fecit
1281 2490 1343 2518 haec
1360 2490 1470 2519 omnia.
1487 2501 1499 2517 »
1519 2490 1538 2506 ¹²
1555 2491 1633 2524 «Qui
1647 2490 1785 2519 dixerunt
1800 2500 1805 2518 :

1024 2580 1054 2584 -
1069 2567 1077 2580 ‘³
1091 2566 1160 2590 I’sal.
1179 2573 1249 2597 xoiv,
1265 2567 1287 2591 7.
1307 2580 1336 2584 -—
1352 2568 1359 2581 ⁷
1376 2568 1435 2596 Isin,
1455 2573 1524 2596 mm,
1541 2568 1564 2590 S.
1581 2580 1610 2584 —
1629 2567 1639 2583 8
1657 2568 1663 2591 i
1686 2567 1754 2597 Cor„
1772 2573 1805 2598 ιν,

1024 2603 1048 2625 7.
1063 2615 1093 2619 --
1109 2604 1117 2615 ²*
1135 2603 1141 2626 l
1158 2603 1241 2633 Petu,
1258 2609 1282 2633 v,
1298 2604 1321 2627 6,
1339 2616 1367 2620 —
1387 2604 1405 2616 '⁰
1422 2604 1496 2633 Aug„
1512 2602 1541 2626 (le
1557 2603 1643 2627 Genes.
1662 2603 1696 2627 ad
1708 2602 1760 2627 litt.
1776 2617 1807 2621 —

1024 2638 1040 2654 ¹¹
1058 2638 1141 2669 Deut.‚
1157 2644 1247 2669 xxxii,
1263 2640 1302 2662 27.
1318 2652 1348 2656 —
1366 2638 1464 2662 ¹21³sal.
1480 2644 1516 2669 xi,
1531 2640 1555 2663 ti.
1767 2643 1770 2645 '

1056 2683 1091 2713 (a)
1113 2682 1168 2714 Lm.
1186 2683 1244 2708 siut.
1257 2683 1332 2712 -(l1)
1354 2683 1424 2713 Γαίῃ.
1441 2682 1522 2707 fictor.
