2029 3052
631 192 913 227 RESPONSIONIS
936 193 1093 226 TER‘HAE
1115 193 1245 226 CAPUT
1268 194 1291 225 Ι.

154 264 243 298 Unde
258 263 361 296 Beda:
383 274 399 294 α
409 262 511 295 Missis
524 262 564 295 ad
577 262 819 304 praedicandum
834 262 928 294 disei-

152 319 248 360 pulis,
265 328 307 351 ne
321 318 398 360 quid
411 318 557 350 tollerent
569 317 603 348 in
613 317 666 349 via
673 317 834 358 praecepit.
845 327 859 346 n
877 316 930 348 Se-

153 374 296 406 cundum
311 375 419 405 autem
439 381 505 404 non
530 371 625 403 fuisse
641 372 849 412 praeceptum,
875 371 929 401 scd

153 436 357 466 concessum,
384 427 452 458 sive
475 425 678 466 permissum.
705 424 793 456 Unde
822 424 931 455 Glossa

153 490 250 522 super
275 480 353 512 illud
380 479 519 511 Lucae¹:
542 480 581 511 In
611 479 720 512 eadem
746 478 838 510 domo
860 485 929 509 ma-

152 536 236 573 nete,
252 535 311 566 etc.
325 542 334 565 z
349 545 363 563 (t
372 533 433 571 Qui
448 542 574 565 saccum
588 535 620 565 et
633 542 743 574 peram
754 531 930 573 prohibuit,

153 589 301 628 sumptus
316 596 356 619 ex
371 587 595 628 praedicatione
609 587 761 619 concedIt.
780 598 794 615 »
816 586 854 618 Et
870 586 932 617 Ra-

151 642 258 673 banus
271 650 367 681 super
381 640 569 672 Matthaeum
584 651 590 671 :
609 652 623 670 (ι
634 640 736 671 Claret
749 642 858 671 autem
872 639 934 670 hoc

151 695 325 726 Dominum
338 704 405 726 non
417 695 460 726 ita
470 695 660 735 praecepisse
672 696 827 734 tanquam
839 702 933 725 evan-

152 748 276 789 gelistae
300 749 411 781 vivere
434 748 563 779 aliunde
585 757 651 779 non
667 748 812 786 debeant,
834 756 932 787 quam

152 803 197 834 eis
212 802 430 843 praebentibus
443 825 451 840 ‚
475 801 593 841 quibus
616 801 811 832 annuntiant
825 801 931 832 Evan-

152 856 275 896 gelium
305 865 314 886 ε
339 855 482 896 alioquin
506 857 616 886 contra
641 855 700 885 hoc
735 856 932 895 praeceptum

151 910 224 942 fecit
238 908 420 949 ApostoluS,
434 908 491 949 qui
503 908 623 940 victum
634 908 673 939 de
687 917 845 939 manuum
863 917 931 939 sua-

152 973 227 996 rum
248 963 409 994 laboribus
428 962 648 1002 transigebat3
666 962 720 993 sed
746 962 932 1002 potestatem

153 1018 285 1055 dedisse,
309 1017 342 1047 in
365 1026 430 1057 qua
451 1016 568 1048 scirent
591 1016 652 1046 ista
670 1016 732 1046 sibi
756 1016 836 1047 dari.
853 1016 934 1046 Cum

152 1073 261 1103 autem
276 1073 414 1111 potestas
433 1071 539 1109 datur,
561 1070 633 1101 licet
650 1070 767 1110 cuique
787 1079 852 1101 non
874 1070 932 1108 uti,

151 1124 305 1165 tanquam
320 1125 359 1156 de
377 1125 452 1165 jure
473 1133 531 1155 suo
554 1124 706 1155 cedere.»
735 1123 810 1154 Haec
830 1123 933 1154 Raba-

151 1188 226 1211 nus.
243 1179 290 1210 Ex
305 1180 356 1210 his
376 1179 541 1218 colligitur
555 1178 730 1217 manifeste,
746 1178 831 1218 quod
846 1187 934 1218 pree-

152 1233 235 1265 dicta
260 1233 387 1265 Domini
411 1233 521 1269 verba,
543 1233 640 1272 juxta
668 1232 935 1263 considerationes

152 1286 335 1327 praemissas
356 1286 491 1325 intelligi
514 1287 699 1326 possuntet
714 1285 931 1326 spiritualiter,

153 1342 184 1372 et
198 1341 237 1372 ad
251 1341 401 1378 litteram,
417 1344 453 1371 ut
467 1340 623 1379 consulta,
646 1342 677 1370 et
699 1342 735 1371 ut
757 1341 931 1380 praecepta,

154 1397 185 1426 et
200 1395 365 1435 permissa.
382 1394 514 1434 Propter
530 1394 615 1434 quod
631 1393 737 1424 omnis
757 1393 933 1424 contrarie-

154 1449 227 1479 tatis
237 1448 398 1479 calumnia
412 1448 450 1479 de
466 1448 569 1479 medio
586 1447 720 1485 tollitur,
739 1447 764 1478 si
778 1447 935 1478 multifor-

155 1502 215 1533 mIs
233 1502 333 1542 hujiis
347 1501 537 1542 acceptionis
557 1501 768 1540 intelligentia
788 1509 864 1531 sane
880 1509 934 1531 ca—

154 1555 272 1595 piatur.
290 1554 345 1586 His
359 1555 455 1586 etiam
470 1564 535 1586 non
550 1555 673 1585 obsistit
687 1554 765 1585 illud
781 1554 935 1595 Illerony-

154 1609 200 1639 mi
214 1609 251 1639 ad
267 1607 480 1648 Nepotianum
494 1608 516 1646 ²,
534 1608 590 1638 ubi
611 1608 696 1646 dicit,
717 1608 803 1648 quod
823 1608 936 1640 vivens

154 1663 193 1694 de
209 1663 349 1701 decimis,
365 1664 396 1694 et
416 1662 523 1693 altaris
538 1661 697 1693 oblatione
713 1663 908 1693 sustentatus
923 1686 931 1701 ,

154 1717 275 1749 nudam
299 1725 426 1747 crucem
451 1716 558 1747 nudus
585 1716 730 1756 sequitur
741 1740 748 1753 ,
778 1718 934 1756 tanquam

153 1772 300 1811 perfectae
311 1770 505 1811 paupertatis
519 1779 646 1801 summa
661 1770 812 1801 consistat
826 1770 860 1800 in
884 1770 932 1801 vi-

154 1825 259 1856 vendo
274 1825 313 1856 de
331 1824 463 1855 decimis
478 1826 509 1855 et
533 1824 757 1863 oblationibus,
781 1824 861 1855 sicut
883 1833 932 1854 sa-

155 1879 296 1910 cerdotes
306 1880 337 1909 et
346 1878 450 1909 clerici
460 1879 587 1909 vivunt.
601 1878 655 1909 Est
666 1878 752 1909 enim
768 1878 934 1918 multiplex

156 1933 276 1972 gradus
296 1934 327 1964 et
346 1932 526 1963 differentia
538 1932 699 1963 nuditatis.
718 1932 790 1962 Alia
804 1932 934 1971 quidem

158 1989 206 2018 est
221 1987 341 2025 cordis,
362 1986 423 2017 alia
447 1986 549 2017 cordis
572 1987 603 2017 et
624 1986 776 2026 corporis.
801 1985 827 2016 N
833 1985 934 2016 uditas

155 2041 257 2072 cordis
268 2042 314 2071 est
325 2049 382 2080 per
392 2040 638 2080 expoliationem
653 2040 783 2080 spiritus
794 2040 833 2070 ab
842 2039 935 2070 omni

155 2103 304 2135 perverso
327 2094 444 2125 affectu
462 2094 607 2126 avaritiae
630 2096 661 2125 et
679 2094 869 2134 cupidItatis.
899 2094 935 2125 Et

155 2148 268 2179 dehac
282 2148 457 2188 Gregorius
474 2148 508 2179 in
525 2149 657 2179 homilia
672 2149 682 2166 ³
698 2160 705 2179 ε
728 2160 742 2178 ε(
758 2148 841 2180 Nudi
857 2158 932 2179 cum

155 2202 243 2233 nudo
257 2202 370 2233 luctari
385 2202 557 2234 debemus:
574 2204 648 2243 quia
662 2203 688 2234 si
703 2203 835 2235 vestitus
847 2203 933 2242 quis-

156 2265 220 2297 que
242 2265 315 2287 cum
340 2256 426 2287 nudo
454 2256 603 2294 luctatur,
633 2257 726 2288 citius
754 2257 793 2288 ad
816 2258 934 2288 terram

157 2310 323 2351 dejicitur,
345 2311 420 2351 quia
441 2311 537 2341 habet
549 2311 636 2342 unde
650 2313 807 2342 teneatur.
826 2322 840 2340 n
869 2311 935 2342 Hoc

158 2365 286 2405 quidem
301 2364 492 2404 intelligitur
510 2365 703 2404 generaliter
729 2365 849 2396 dictum
865 2374 933 2395 om-

158 2419 253 2449 nibus
268 2419 471 2449 Christianis..
481 2418 506 2449 N
511 2419 612 2450 uditas
627 2421 734 2450 autem
749 2418 890 2458 corporis
905 2420 935 2449 et

159 2473 261 2504 cordis
283 2473 440 2513 triplicem
463 2473 559 2503 habet
582 2473 730 2512 gradum.
747 2473 827 2504 Nam
843 2482 932 2513 quae-

159 2527 232 2557 dam
246 2529 292 2558 est
303 2536 433 2566 magna,
449 2536 521 2567 quae
535 2527 707 2557 attenditur
717 2526 750 2557 in
759 2527 935 2566 abiectione

191 2624 198 2641 ¹
214 2625 281 2654 Luc„
298 2631 338 2655 134,
354 2626 375 2649 4.
393 2638 424 2642 -
442 2625 452 2640 2⁷
467 2624 583 2654 Hieron„
603 2624 636 2648 acl
652 2624 796 2655 Nepotiau.¹
814 2625 885 2655 epist.
904 2631 934 2655 11,

160 2660 207 2684 col.
228 2667 263 2683 m.
281 2662 320 2684 13.
334 2673 364 2678 —
379 2661 387 2675 ³
402 2661 489 2691 Greg,
506 2661 531 2684 in
550 2661 656 2691 Evany„
674 2660 745 2684 hom.
762 2666 845 2689 xxxii,
864 2668 888 2684 u.
911 2662 933 2684 2.

161 2709 187 2713 —
205 2696 214 2713 4
229 2696 344 2726 Hieron„
359 2696 403 2720 ubi
417 2704 474 2727 sup.
489 2704 563 2728 prox,
579 2710 610 2714 —
624 2696 634 2713 ⁵
648 2696 764 2726 Hieron„
779 2696 813 2720 αιί
827 2696 935 2727 ΙΙείι”οι1.,

1709 196 1768 226 463

984 263 1088 294 omnis
1102 261 1344 303 superfluitatis,
1360 262 1392 294 et
1407 261 1628 303 proprietariae
1642 270 1766 303 posses-

984 316 1092 347 sionis.
1109 315 1146 347 Et
1161 316 1231 347 haec
1253 325 1442 357 quanquam
1462 325 1527 347 non
1544 316 1584 347 sit
1603 316 1641 348 de
1658 325 1768 348 neces-

984 370 1086 408 sitate,
1104 372 1150 400 cst
1167 372 1273 400 taincn
1295 370 1334 401 de
1357 371 1571 410 congruentia
1591 371 1692 401 status
1716 380 1767 401 or—

984 423 1066 453 dinis
1088 423 1253 454 clericalis.
1282 423 1320 455 Et
1342 424 1379 455 de
1404 424 1463 455 hac
1486 423 1703 464 Hieronymus
1727 424 1767 454 ad

985 476 1198 517 Nepotianum
1214 477 1224 493 ⁶
1240 488 1247 507 :
1269 489 1284 507 «
1299 476 1330 508 Si
1347 480 1454 509 autem
1470 486 1534 517 ego
1555 486 1627 517 pars
1642 476 1769 508 Domini

985 539 1072 569 sum,
1089 532 1120 561 et
1140 530 1302 562 funiculus
1323 531 1519 562 haereditatis
1539 531 1621 570 ejus,
1641 539 1700 561 nec
1715 539 1767 561 ac-

985 584 1068 624 cipio
1085 586 1208 624 partem
1228 584 1311 615 iuter
1326 587 1455 615 caeteras
1470 584 1583 622 tribus,
1608 584 1663 615 sed
1677 584 1770 624 quasi

985 638 1083 669 levita
1097 640 1128 669 et
1142 638 1288 669 sacerdos
1308 637 1385 669 vivo
1406 638 1445 669 de
1461 637 1604 675 decimis,
1627 639 1659 668 et
1679 636 1771 668 altari

986 691 1180 729 deserviens,
1196 691 1306 722 altaris
1330 691 1491 722 oblatione
1513 693 1694 729 sustentor;
1712 690 1769 721 ha-

987 746 1066 777 bens
1079 746 1203 777 victum
1218 747 1249 777 et
1265 746 1429 784 vestitum,
1451 745 1503 776 his
1518 747 1685 776 contentus
1703 753 1769 783 ero,

987 802 1018 831 et
1032 800 1154 831 nudam
1167 809 1297 830 crucem
1310 799 1416 830 nudus
1427 809 1582 840 sequar.»
1602 799 1656 830 Est
1666 801 1697 830 et
1711 798 1772 829 alia

987 854 1116 885 nuditas
1132 854 1246 893 major,
1263 862 1337 893 quae
1362 862 1427 884 non
1451 853 1557 884 solum
1574 852 1717 884 consistit
1738 852 1771 882 in

987 907 1050 946 hiS,
1077 916 1191 938 verum
1214 907 1310 938 etiam
1334 907 1367 937 iu
1392 907 1590 938 abdicatione
1611 906 1772 946 potestatis

987 960 1168 1001 possidendi
1191 960 1371 1000 proprium,
1401 962 1432 991 ct
1455 960 1669 1000 abnegatione
1693 968 1772 1000 pro-

987 1014 1067 1054 priae
1083 1014 1276 1051 voluntatis3
1296 1018 1328 1044 et
1351 1013 1421 1044 haec
1442 1014 1592 1054 competit
1612 1013 1771 1053 regulari-

988 1067 1050 1098 bus
1073 1070 1103 1098 et
1119 1067 1298 1105 coenobitis,
1316 1067 1354 1098 de
1369 1076 1433 1107 qua
1447 1066 1664 1107 Hieronymus
1679 1067 1722 1098 ait
1735 1067 1745 1084 ⁵
1762 1077 1769 1097 ε

993 1121 1103 1153 «Nolo
1127 1122 1339 1162 pristinarum
1365 1120 1639 1151 necessitudinum
1663 1129 1770 1151 recor-

989 1176 1073 1207 deris
1090 1187 1096 1207 :
1114 1176 1219 1206 nudos
1233 1178 1319 1206 amat
1333 1184 1472 1206 eremus.
1489 1185 1504 1203 »
1521 1174 1630 1206 Nudos
1649 1175 1771 1206 intelli-

989 1230 1037 1269 git
1051 1239 1116 1261 nou
1131 1230 1236 1260 solum
1251 1239 1269 1260 a
1289 1229 1479 1260 facultatum
1497 1229 1770 1270 appropriatione,

990 1292 1105 1315 verum
1126 1283 1222 1313 etiam
1242 1292 1262 1313 a
1278 1283 1405 1323 propria
1429 1283 1603 1322 voluntate,
1618 1284 1715 1323 juxta
1730 1283 1769 1314 il-

988 1338 1045 1369 lud
1060 1337 1212 1368 Bernardi
1225 1337 1234 1353 ‘⁵
1252 1337 1289 1368 de
1305 1337 1463 1377 colloquio
1475 1337 1617 1368 Simonis
1630 1339 1661 1368 et
1674 1337 1768 1368 Jesu:

993 1404 1007 1421 «
1023 1392 1092 1431 Age
1108 1400 1198 1430 ergo,
1216 1393 1246 1421 et
1267 1391 1323 1431 qui
1344 1390 1523 1430 relinquere
1538 1391 1647 1422 omnia
1661 1391 1770 1431 dispo-

989 1445 1049 1483 nis,
1066 1447 1096 1476 tc
1118 1453 1247 1485 quoque
1272 1445 1356 1475 inter
1375 1444 1586 1484 relinquenda
1600 1454 1772 1476 numerare

990 1501 1170 1536 memento3
1196 1498 1262 1529 imo
1279 1507 1355 1530 vero
1373 1498 1514 1528 maxime
1537 1501 1568 1529 et
1589 1498 1771 1539 principali-

988 1555 1036 1583 ter
1059 1552 1186 1591 abnega
1206 1551 1422 1591 temetipsum,
1450 1552 1475 1582 si
1500 1551 1657 1583 deliberas
1681 1552 1772 1592 sequi

989 1606 1120 1646 ipsum,
1147 1606 1203 1646 qui
1229 1605 1407 1636 exinanivit
1433 1608 1563 1646 propter
1590 1608 1621 1636 te
1642 1606 1773 1636 semeti-

989 1670 1096 1701 psum.
1113 1672 1127 1689 ›)
1154 1660 1210 1691 Est
1225 1662 1256 1690 et
1271 1659 1363 1690 tertia
1377 1660 1516 1698 nuditas,
1538 1668 1613 1700 quae
1630 1659 1773 1690 consistit

989 1715 1024 1745 in
1039 1715 1091 1745 his
1109 1724 1181 1755 quae
1203 1714 1355 1754 praedicta
1371 1714 1456 1752 sunt,
1475 1715 1506 1744 et
1521 1713 1653 1753 insuper
1668 1713 1701 1743 in
1716 1713 1772 1743 ab·

989 1768 1145 1799 dicatione
1160 1767 1267 1799 omnis
1290 1767 1483 1797 transitoriae
1506 1766 1675 1805 facultatis,
1697 1775 1772 1797 cum

988 1822 1122 1862 penuria
1143 1824 1174 1852 et
1197 1821 1377 1860 indigentia
1401 1822 1591 1860 opportunae
1611 1822 1770 1851 sustenta-

988 1875 1084 1906 tionis
1097 1885 1104 1912 ·‚
1122 1877 1153 1906 et
1166 1875 1237 1905 haec
1253 1874 1404 1913 competit
1423 1873 1583 1913 Apostolis
1596 1875 1628 1904 et
1641 1876 1771 1913 aposto-

988 1929 1056 1959 licis
1070 1928 1160 1966 viris,
1183 1929 1215 1958 et
1236 1927 1350 1958 dehac
1371 1936 1469 1966 super
1491 1926 1568 1957 illud
1585 1926 1768 1958 Matthae'1⁷:

991 1983 1055 2020 Qui
1079 1984 1188 2021 potum
1211 1981 1338 2012 dederit
1365 1981 1425 2013 zmz‘
1449 1988 1490 2012 ew
1518 1981 1666 2012 minimis
1695 1982 1770 2013 istis

989 2036 1119 2067 calicem
1130 2044 1222 2075 aqzcoe
1231 2034 1365 2075 friqidoe
1374 2037 1502 2067 trintum
1514 2035 1550 2066 in
1561 2036 1690 2066 nomine
1705 2034 1771 2067 dis-

989 2090 1102 2131 cipuli,
1119 2098 1184 2122 ηοη
1196 2089 1309 2129 perdet
1324 2089 1492 2121 mercedem
1504 2097 1615 2126 suam,
1644 2088 1769 2120 Glossa:

991 2157 1005 2174 «
1018 2144 1142 2175 Minimi
1169 2145 1255 2181 sunt,
1277 2143 1333 2183 qui
1352 2143 1433 2173 nihil
1454 2143 1582 2183 penitus
1603 2142 1722 2173 habent
1737 2143 1771 2173 in

989 2199 1050 2229 hoc
1064 2197 1197 2228 mundo.
1215 2197 1305 2227 Tales
1326 2198 1456 2227 suerunt
1477 2196 1631 2236 Apostoli.
1648 2207 1662 2225 1)
1682 2196 1770 2228 Unde

989 2253 1205 2292 Hieronymus
1218 2251 1263 2283 ud
1281 2251 1545 2291 [imperantium
1560 2251 1570 2267 ⁸
1593 2250 1637 2281 ait
1653 2261 1660 2281 :
1682 2261 1697 2279 a
1711 2250 1770 2282 Ne-

990 2316 1043 2337 mo
1058 2305 1218 2346 Apostolis
1242 2304 1412 2345 pauperior
1433 2304 1505 2343 fuit,
1529 2306 1564 2335 et
1585 2313 1680 2335 nemo
1703 2307 1770 2335 tan-

991 2364 1060 2392 tum
1080 2369 1138 2400 pro
1167 2359 1300 2390 Domino
1319 2359 1497 2398 dereliquit.
1526 2358 1627 2389 Vidua
1651 2358 1706 2388 illa
1736 2358 1770 2388 in

990 2414 1165 2454 Evangelio
1180 2413 1385 2453 paupercula,
1402 2422 1475 2453 quae
1491 2413 1554 2443 duo
1568 2412 1692 2442 minuta
1708 2411 1770 2441 mi-

990 2469 1029 2498 sit
1045 2468 1078 2498 in
1093 2467 1374 2507 gazophylacium,
1391 2467 1513 2497 cunctis
1536 2466 1706 2505 praefertur
1721 2464 1768 2495 di-

990 2523 1120 2559 vitibUS,
1148 2521 1223 2561 quia
1248 2523 1350 2552 totum
1374 2520 1460 2560 quod
1478 2520 1607 2558 habuit,
1635 2519 1730 2550 dedit.
1751 2529 1765 2547 ›)

991 2621 1064 2651 epist.
1085 2626 1109 2648 1,
1133 2620 1182 2645 col.
1206 2627 1240 2643 m.
1261 2622 1284 2644 2.
1302 2633 1333 2637 —-
1354 2620 1362 2632 ⁴³
1379 2620 1431 2642 11110
1450 2618 1573 2648 Gaufrid„
1596 2618 1662 2643 inter
1684 2619 1770 2650 spuria

992 2659 1083 2686 Bora,
1101 2657 1172 2687 Oper.
1191 2658 1253 2680 tom,
1281 2657 1316 2685 ll,
1337 2655 1396 2679 edit.
1414 2657 1482 2679 4090.
1498 2668 1528 2672 --
1543 2655 1550 2669 ⁷
1566 2656 1668 2684 Mallh„
1685 2662 1714 2684 x,
1731 2657 1768 2679 42.

992 2708 1022 2712 —
1038 2695 1046 2708 Β
1060 2694 1176 2724 Hieron„
1192 2694 1225 2717 ml
1238 2694 1403 2724 Ezztpestant„
1420 2692 1493 2723 epist.
1510 2698 1588 2721 XXXV,
1601 2692 1651 2716 col.
1665 2699 1701 2716 m.
1714 2693 1769 2716 274.
