2029 3052
663 180 716 212 AD
738 178 976 213 MAGISTRUM
999 178 1294 214 lNNOMlNATUM.

170 248 384 290 Evangelium
408 249 601 290 profitentur
625 251 657 281 et
685 250 835 280 servant?
868 247 949 280 Nam

169 313 245 336 cum
259 303 343 336 dicat
355 302 572 344 Evangelium
589 304 597 321 ¹
614 314 621 335 z
640 303 701 340 Qui
717 302 830 342 fecerit
844 304 874 335 et
897 301 950 335 do-

169 358 284 397 cuerit,
300 357 354 390 hz'c
369 365 507 399 maenus
520 356 687 391 vocabitur
700 357 736 389 in
751 363 848 397 reqno
863 355 950 389 coelo-

170 420 242 445 rum
250 421 264 453 ;
275 411 348 453 quis
358 420 445 444 sanae
460 411 576 444 mentis
590 411 684 450 dicat,
695 412 733 443 ut
747 411 904 451 magister
918 412 951 442 et

170 466 268 498 frater
282 465 463 498 Alexander
479 465 568 498 dives
591 465 737 499 debuerit
761 465 948 506 praedicare,

171 522 202 553 et
216 521 349 552 docere:
367 522 462 554 Beati
481 528 638 562 pauperes
653 521 795 562 spii-itu:
818 522 849 551 et
867 529 952 561 pau-

170 584 228 617 per
242 575 384 614 effectus,
401 574 546 607 debuerit
557 574 707 606 reticere?
722 573 822 612 Certe,
843 574 869 605 si
885 573 950 605 fra-

170 635 235 663 tres
252 631 341 663 decet
361 631 522 663 addiscere
538 633 569 663 et
592 631 774 670 ruminare,
796 632 951 671 tanquam

170 685 293 717 munda
313 685 475 724 animalia,
497 685 597 717 verba
612 685 733 723 divina,
761 686 792 716 et
813 684 952 726 sibiipsis

171 739 333 770 sufficiunt
346 739 380 770 in
401 739 561 778 docendo;
578 739 652 780 quis
670 740 736 770 tam
756 739 874 770 stultus
890 741 949 778 est,

171 794 208 825 ut
229 793 323 832 dicat,
341 793 427 833 quod
447 792 641 832 doctrinam,
663 802 761 834 quam
787 802 841 825 eos
863 794 952 825 decet

170 848 273 880 facere
294 847 326 878 et
342 847 466 884 docere,
488 846 624 878 debeant
638 856 658 877 a
673 855 738 878 non
761 847 952 879 facientibus

171 901 368 933 mendicare?
383 899 566 932 Condemno
581 899 685 940 igitur
707 901 815 931 tecum
831 901 865 931 in
879 910 948 933 ma-

170 955 302 995 gisterio
320 963 484 995 pompam,
507 954 562 985 sed
585 954 776 986 commendo
797 954 949 986 officium.

170 1009 292 1041 Damno
306 1009 437 1040 fratrem
451 1008 606 1040 Minorem
621 1017 826 1049 pomposum,
839 1011 870 1040 et
880 1009 950 1042 dico

170 1073 246 1096 eum
257 1063 447 1104 magisterio
458 1063 585 1104 penitus
596 1063 789 1103 indignum;
802 1064 856 1096 sed
868 1073 951 1095 com-

171 1119 288 1150 mendo
303 1118 494 1157 studiosum,
517 1118 648 1149 credens
667 1118 754 1159 quod
778 1118 859 1150 nulli
881 1128 948 1150 ma-

172 1173 235 1213 gis,
250 1182 349 1213 quam
368 1172 434 1211 tali,
451 1174 609 1212 competat
626 1172 798 1203 auctoritas
817 1172 950 1204 docendi

171 1226 384 1266 Evangelium
398 1226 414 1258 J
416 1234 472 1258 esu
487 1225 612 1257 Christi.

211 1281 318 1312 Restat
329 1280 445 1320 igitur,
465 1282 503 1312 ut
518 1280 556 1312 de
574 1280 877 1321 philosophantibus
892 1281 949 1312 ali-

170 1336 247 1377 quid
275 1335 525 1375 subjungamus.
551 1335 651 1374 Audi,
675 1335 880 1374 charissime,
907 1336 948 1366 si-

170 1391 223 1422 cut
235 1390 268 1420 in
286 1389 422 1427 caeteris,
443 1390 486 1420 sic
501 1391 531 1420 et
556 1389 591 1420 in
611 1390 672 1421 hoc
687 1390 805 1430 pariter
823 1399 952 1422 concor-

170 1445 293 1476 demus.
309 1443 442 1483 Fateor,
464 1443 630 1484 displicent
647 1443 704 1474 tibi
725 1444 924 1476 curiositates
941 1457 948 1477 ε

170 1499 338 1540 displicent
351 1500 383 1530 et
398 1498 490 1537 mihi,
504 1499 535 1529 et
549 1497 716 1539 displicent
730 1498 882 1530 fratribus
898 1499 951 1531 bo-

170 1551 232 1591 nis,
255 1552 287 1582 et
310 1550 476 1591 displicent
502 1550 562 1581 Deo
585 1552 616 1581 et
637 1549 762 1590 angelis
783 1550 860 1582 suis.
889 1551 952 1583 Nec

171 1604 305 1636 defendo
328 1604 411 1635 circa
433 1603 550 1644 scripta
573 1603 709 1644 puerilia
727 1604 948 1645 mussitantes,

171 1659 226 1691 sed
242 1659 381 1690 detestor
395 1667 449 1690 eos
473 1658 591 1699 pariter
605 1660 723 1689 tecum.
747 1657 836 1690 Unde
851 1661 882 1690 et
895 1660 952 1691 tibi

172 1715 203 1745 et
218 1712 298 1744 mihi
314 1713 457 1750 consulo,
474 1713 510 1743 ut
524 1711 700 1742 habeamus
717 1711 821 1743 zelum
837 1722 952 1745 secun-

171 1768 250 1799 dum
274 1767 454 1806 scientiam,
478 1775 519 1797 ne
544 1766 739 1797 detestemur
758 1766 830 1806 plus
854 1777 952 1808 quam

171 1823 305 1862 oportet.
322 1821 476 1852 Fortassis
492 1821 578 1852 enim
591 1821 674 1852 inter
686 1824 813 1861 peccata
829 1823 953 1854 minuta

171 1879 202 1907 et
225 1876 365 1908 venialia
400 1875 654 1916 computandum
685 1877 742 1906 est.
775 1876 835 1907 Vix
865 1877 952 1908 enim

173 1939 277 1970 grana
286 1930 407 1970 absque
420 1929 519 1970 paleis
531 1929 640 1969 colligi
655 1931 800 1969 possunt,
812 1932 842 1961 et
855 1931 954 1962 verba

173 1984 282 2016 diviua
294 1984 363 2015 sine
377 1983 485 2016 verbis
499 1983 662 2014 humanis,
678 1983 754 2015 Haec
768 1986 877 2015 autem
889 1994 955 2016 om-

174 2038 228 2069 nia
243 2039 432 2078 separantur
450 2046 507 2078 per
528 2037 633 2068 zelum
652 2038 907 2078 compunctionis
923 2041 954 2070 et

174 2092 284 2124 fletum
300 2091 488 2129 devotionis,
508 2100 582 2132 quae
601 2091 722 2122 faciunt
741 2092 882 2123 triticum
898 2103 954 2125 ve-

175 2146 276 2177 ritatis
291 2156 310 2177 a
332 2147 508 2178 verborum
529 2145 627 2186 paleis
650 2146 802 2186 separari.
828 2147 866 2178 Et
886 2148 953 2179 for—

175 2203 257 2232 tasse
269 2200 421 2231 videntur
433 2199 531 2240 aliqui
545 2199 671 2239 curiosi,
689 2201 744 2241 qui
757 2201 864 2240 magis
878 2204 954 2233 sunt

175 2254 319 2286 studiosi.
337 2254 370 2285 Si
384 2254 456 2294 quis
471 2254 558 2285 enim
574 2254 714 2285 studeret
729 2254 763 2285 in
778 2255 869 2286 dictis
884 2256 951 2287 hae-

174 2309 359 2346 reticorum,
379 2310 416 2339 ut
434 2317 547 2339 eorum
571 2308 743 2339 sententias
767 2308 954 2341 declinando

175 2363 280 2403 magis
304 2363 498 2402 intelligeret
514 2363 694 2402 veritatem,
717 2372 774 2393 nee
796 2364 952 2404 curiosus,

174 2426 232 2448 nec
260 2416 431 2448 haereticus
442 2441 451 2455 ,
474 2417 528 2448 sed
559 2416 734 2447 catholicus
755 2419 847 2448 esset.
875 2418 953 2449 Cum

175 2471 274 2502 verba
292 2470 558 2511 philosophorum
573 2470 744 2510 aliquando
759 2470 831 2510 plus
846 2471 954 2503 valent

174 2526 213 2557 ad
228 2525 475 2566 intelligentiam
490 2525 645 2564 veritatis,
664 2527 695 2555 et
714 2534 861 2556 errorum
877 2535 951 2557 con-

175 2581 355 2619 futationes,
378 2589 445 2611 non
460 2580 566 2612 deviat
588 2589 607 2610 a
625 2580 763 2620 puritate
783 2579 817 2610 in
832 2580 881 2610 his
896 2581 953 2611 ali-

176 2636 304 2677 quando
328 2635 469 2674 studens,
495 2635 636 2666 maxime
657 2643 731 2665 cum
757 2634 867 2666 multae
891 2635 954 2667 sint

210 2699 216 2714 ¹
233 2698 336 2728 Manli„
353 2704 377 2728 v,
394 2700 429 2722 19.

1727 187 1782 217 63¹

1006 248 1225 281 conclusiones
1246 250 1332 290 fidei,
1358 259 1432 292 quae
1456 251 1527 283 sine
1550 251 1600 284 his
1620 252 1786 285 terminari

1007 311 1071 334 non
1087 306 1230 344 possunt.
1254 303 1343 336 Unde
1364 305 1390 336 si
1410 304 1550 337 velimus
1568 305 1665 338 nimis
1679 307 1788 340 stricte

1003 357 1161 398 judicare,
1186 359 1316 391 fortasse
1337 359 1422 401 ipsos
1445 359 1589 401 Sanctos,
1613 362 1700 402 quod
1721 362 1787 394 im-

1007 411 1097 452 pium
1110 415 1169 452 est,
1181 414 1399 454 judicabimus
1413 415 1566 446 curiosos.
1582 415 1663 447 Nam
1680 417 1788 449 nullus

1008 466 1122 498 melius
1137 469 1285 499 naturam
1298 469 1449 510 temporis
1465 471 1495 500 et
1509 470 1654 502 materiae
1666 471 1788 502 descri-

1008 520 1065 559 bit,
1082 530 1179 561 quam
1199 521 1405 562 Augustinus
1419 523 1613 564 inquirendo
1627 525 1658 556 et
1672 525 1787 566 dispu-

1008 574 1104 606 tando
1119 574 1152 606 in
1166 575 1248 608 libro
1266 576 1518 616 confessionum.
1536 577 1651 610 Nullus
1673 579 1788 611 melius

1007 628 1114 660 exitus
1138 629 1335 670 formarum,
1362 634 1394 663 et
1422 633 1634 673 propaginem
1658 642 1787 670 rerum,

1007 691 1106 723 quam
1122 683 1189 724 ipse
1207 693 1304 726 super
1321 685 1467 718 Genesim
1481 686 1527 718 acl
1541 686 1692 719 litteram.
1709 686 1787 718 Nul-

1006 737 1058 769 lus
1072 737 1188 769 melius
1207 739 1400 779 quaestiones
1418 740 1456 772 de
1476 740 1584 772 anima
1605 742 1636 772 et
1656 741 1694 773 de
1710 741 1786 781 Deo,

1008 801 1106 832 quam
1130 793 1197 833 ipse
1230 793 1264 824 in
1290 794 1381 825 libris
1405 795 1450 826 De
1477 796 1650 829 Trz'm'cate.
1673 795 1788 828 Nullus

1008 846 1123 878 melius
1131 849 1279 879 naturam
1291 849 1460 880 creationis
1470 850 1594 889 mundi,
1608 859 1705 891 quam
1719 851 1787 891 ipse

1007 899 1041 930 in
1056 900 1146 932 libris
1160 903 1204 934 De
1221 901 1361 936 civitate
1377 903 1449 936 Dei.
1466 903 1516 943 Et,
1538 904 1730 936 utbreviter
1745 905 1789 936 di-

1007 963 1092 994 cam,
1118 964 1221 995 pauca
1243 958 1299 988 aut
1322 957 1411 989 nulla
1432 959 1556 998 ponunt
1578 958 1726 999 magistri
1752 958 1787 990 in

1007 1007 1097 1039 libris
1132 1010 1218 1049 suis,
1257 1011 1335 1051 quin
1369 1011 1423 1043 illa
1456 1012 1596 1053 reperias
1628 1013 1663 1044 in
1697 1013 1788 1044 libris

1007 1063 1196 1103 Augustini.
1220 1065 1306 1105 Lege
1323 1066 1546 1106 Augustinum
1566 1066 1605 1099 de
1631 1067 1787 1100 Doctrina

1009 1117 1208 1158 Christiana,
1223 1119 1279 1150 ubi
1301 1119 1438 1151 ostendit
1459 1121 1620 1160 quomodo
1642 1130 1707 1152 non
1728 1130 1786 1162 po-

1006 1173 1251 1213 potestintelligi
1264 1176 1374 1205 sancta
1386 1174 1553 1214 Scriptura
1565 1174 1634 1206 sine
1648 1175 1786 1206 aliarum

1006 1226 1211 1258 scientiarum
1235 1228 1357 1268 peritia.
1386 1228 1527 1260 Ostendit
1554 1228 1669 1267 etiam,
1700 1230 1786 1269 quod

1006 1280 1088 1311 sicut
1101 1281 1158 1311 filii
1174 1281 1270 1312 Israel
1284 1284 1530 1322 asportaverunt
1544 1292 1621 1314 vasa
1641 1283 1785 1324 AEgypti‚

1007 1335 1052 1365 sic
1061 1335 1204 1366 doctores
1214 1336 1358 1376 theologi
1371 1336 1547 1368 doctrinam
1560 1337 1785 1378 philosophiae.

1010 1388 1096 1420 Unde
1111 1390 1224 1429 multa,
1241 1399 1314 1431 quae
1335 1399 1399 1422 non
1414 1391 1585 1422 didicimus
1605 1400 1662 1432 per
1676 1391 1786 1423 Philo-

1007 1444 1123 1483 sophos
1139 1444 1177 1475 de
1199 1444 1290 1475 dictis
1304 1445 1526 1485 philosophiae,
1544 1445 1713 1476 didicimus
1731 1455 1788 1486 per

1008 1496 1151 1529 Sanctos.
1168 1498 1213 1529 Ac
1227 1507 1284 1538 per
1299 1499 1360 1530 hoc
1376 1508 1441 1530 non
1456 1500 1548 1531 debet
1562 1499 1619 1530 tibi
1637 1508 1705 1531 esse
1723 1500 1789 1530 mi-

1007 1561 1093 1590 rum,
1108 1552 1133 1583 si
1149 1553 1258 1584 minus
1272 1553 1396 1584 fundati
1413 1554 1447 1584 in
1462 1553 1592 1585 scientia
1608 1554 1649 1594 (a)
1668 1554 1788 1585 intran-

1007 1608 1065 1644 tes,
1082 1607 1161 1637 flant
1177 1607 1214 1647 (b)
1230 1608 1264 1638 in
1276 1605 1387 1639 ordine
1402 1608 1608 1640 fundatiores.
1625 1608 1685 1640 Sed
1701 1610 1786 1648 esto,

1008 1660 1093 1701 quod
1114 1661 1174 1691 ista
1195 1661 1258 1692 sint
1278 1662 1539 1703 reprehensibilia
1558 1665 1589 1693 et
1604 1663 1786 1703 purganda,

1007 1723 1072 1745 non
1086 1717 1215 1755 propter
1230 1716 1290 1747 hoc
1310 1716 1483 1747 retraharis
1500 1726 1506 1747 :
1531 1716 1607 1756 quia
1621 1715 1730 1748 nullus
1749 1717 1787 1748 ad

1008 1769 1069 1800 hoc
1093 1769 1313 1810 compellitur;
1332 1770 1385 1801 sed
1402 1770 1428 1801 is
1452 1770 1557 1810 magis
1578 1772 1716 1809 amatur,
1733 1770 1788 1811 qui

1009 1824 1115 1864 inagis
1139 1826 1185 1855 est
1208 1825 1321 1855 talium
1351 1827 1549 1865 aspernator.
1576 1824 1639 1856 Nec
1664 1825 1789 1865 praelati
1818 1846 1825 1849 »

1008 1878 1083 1908 talia
1099 1877 1302 1918 praecipiunt,
1324 1879 1377 1909 sed
1402 1879 1602 1919 permittunt.
1627 1877 1690 1910 Nec
1713 1888 1788 1918 pro-

1009 1934 1077 1972 pter
1087 1934 1151 1963 tres
1162 1932 1212 1964 vel
1223 1934 1362 1973 quatuor
1373 1933 1513 1971 vitiOSOS,
1526 1933 1618 1964 debet
1632 1932 1789 1972 magister

1008 1987 1212 2017 contemnere
1231 1986 1425 2018 innocentes
1450 1987 1489 2018 Et
1513 1988 1538 2018 si
1560 1987 1659 2028 aliqui
1685 1988 1789 2019 abun—

1008 2041 1083 2072 dent
1097 2041 1186 2072 libris
1201 2041 1241 2072 ad
1256 2043 1392 2082 tempus,
1411 2041 1481 2072 aliis
1502 2041 1663 2082 plerisque
1687 2042 1789 2073 multo

1008 2095 1080 2136 plus
1097 2095 1318 2135 indigentibus
1339 2098 1490 2136 poterunt
1504 2096 1691 2136 dispensari,
1714 2106 1788 2127 cum

1009 2149 1110 2180 multo
1124 2150 1232 2190 plures
1242 2152 1369 2190 egeant,
1379 2159 1478 2191 quam
1489 2149 1666 2181 abundent.
1682 2149 1745 2182 Nec
1759 2152 1789 2181 te

1009 2207 1150 2243 moveat,
1176 2205 1261 2245 quod
1288 2205 1400 2235 fratres
1421 2205 1551 2235 fuerunt
1573 2204 1607 2235 in
1631 2204 1787 2245 principio

1008 2258 1166 2298 simplices
1181 2261 1211 2289 et
1227 2258 1395 2297 illitterati3
1412 2258 1478 2289 imo
1493 2258 1600 2298 magis
1620 2258 1713 2289 debet
1727 2258 1787 2288 hoc

1008 2312 1043 2342 in
1060 2314 1090 2343 te
1111 2312 1207 2343 fidem
1227 2312 1351 2344 Ordinis
1370 2313 1571 2344 confirmare.
1598 2312 1711 2343 Fateor
1732 2321 1785 2343 co-

1009 2376 1078 2398 ram
1093 2366 1166 2406 Deo,
1184 2367 1270 2407 quod
1293 2367 1354 2398 hoc
1368 2369 1415 2398 est
1435 2367 1519 2408 quod
1534 2376 1585 2398 me
1601 2366 1672 2398 fecit
1686 2367 1785 2398 vitam

1009 2420 1043 2452 B.
1061 2421 1218 2452 Francisci
1240 2422 1370 2462 eligere,
1388 2422 1473 2462 quod
1489 2431 1553 2453 non
1574 2421 1633 2452 fuit
1646 2430 1703 2461 per
1723 2421 1786 2452 ho·-

1010 2475 1134 2506 minum
1155 2476 1357 2516 prudentiam
1380 2476 1520 2514 inventa,
1544 2475 1598 2506 sed
1623 2484 1680 2515 per
1694 2474 1784 2505 Chri-

1008 2531 1093 2560 stum
1111 2540 1118 2560 :
1138 2531 1168 2560 et
1189 2530 1264 2570 quia
1278 2538 1374 2570 opera
1396 2529 1509 2561 Christi
1532 2537 1597 2560 non
1620 2528 1784 2567 deficiunt,

1008 2583 1184 2614 ostenditur
1198 2584 1258 2614 hoc
1272 2592 1353 2623 opus
1368 2583 1463 2614 fuisse
1478 2582 1636 2621 divinum,
1655 2582 1732 2613 dum
1744 2582 1784 2613 ad

1042 2664 1177 2695 (11)Suppl.
1194 2665 1219 2688 in
1237 2664 1363 2688 ordinem.
1382 2677 1410 2681 -
1426 2664 1459 2694 (b)
1476 2664 1536 2688 Caet.
1558 2663 1617 2687 edit.
1633 2662 1730 2687 fundati
1744 2662 1785 2686 inss

1010 2702 1120 2728 nantes,
1145 2700 1205 2724 fiant
1228 2700 1254 2724 in
1278 2700 1393 2724 scientia.
