2029 3052
161 442 241 462 Exem-

131 473 202 501 plum.

252 178 292 209 96
604 173 816 210 SERMONES
838 172 890 205 DE
911 171 1077 205 SANCTIS
1099 171 1141 205 ΙΝ
1160 171 1357 205 COMMUNI.
1380 171 1517 206 xxxin.

252 251 302 280 ne,
318 243 350 272 in
364 243 460 282 eapite
470 245 534 281 ejus
545 251 688 273 eoronam
704 242 742 271 de
750 240 852 278 lapide
861 239 1004 277 pretioso.
1017 250 1032 267 n

253 291 311 320 Sed
327 290 394 328 quis
416 294 459 320 est
477 291 580 326 hodie,
603 291 655 328 qui
675 289 791 326 injuriis
809 287 900 316 etiam
918 286 1035 316 levibus

253 346 315 368 non
329 338 476 375 turbetur,
491 339 544 376 qui
563 345 625 366 non
644 336 743 365 statim
763 334 804 363 ad
824 333 979 363 modicum
997 333 1036 362 si-

255 393 350 422 gnum
372 385 611 414 scandalizetur?
631 383 686 418 Qui
709 390 771 411 non
789 383 888 419 portat
910 380 1034 417 ferrum,

254 441 316 462 non
332 433 464 470 portabit
474 433 575 461 ictum.
586 432 659 460 Sunt
668 429 758 458 etiam
767 429 905 458 homines
913 427 1036 457 hodier-

255 480 286 509 ni
301 480 339 509 de
353 482 460 509 natura
473 479 556 514 oleoe,
572 486 638 515 quae
653 476 736 506 nullo
748 475 842 505 modo
855 475 920 504 vult
931 483 1036 513 percu-

254 528 294 564 ti3
310 527 372 556 imo
387 527 411 555 si
426 535 492 556 eam
507 525 700 564 percusseris,
720 523 838 552 nullum
859 523 987 552 fructum
1004 523 1036 551 in

254 574 484 612 sequentianno
499 572 640 610 portabit.
663 571 791 606 Quidam
814 570 927 599 habent
948 572 1036 598 natu-

254 628 322 650 ram·
331 620 406 656 ursi,
421 621 472 658 qui
488 620 594 649 volunt
606 628 638 648 se
656 619 694 648 de
715 617 856 647 omnihus
870 617 1034 645 vindicare.

256 668 337 697 Unde
353 668 376 696 si
390 670 459 706 post
473 667 606 705 aliquem
622 666 726 701 currit,
747 668 775 694 et
791 665 867 694 alius
882 673 951 693 eum
966 672 1035 701 per-

255 715 387 750 cusserit,
401 715 500 744 statim
518 715 650 752 primum
670 713 800 748 dimittit,
825 715 854 741 et
877 711 970 740 alium
991 711 1037 739 in-

254 763 346 792 vadit.
359 762 487 797 Quidam
502 762 591 791 etiam
606 764 743 790 naturam
754 760 867 788 habent
880 759 955 796 api&
970 767 1037 795 quae

253 818 309 848 pro
325 819 356 839 se
371 810 555 839 vindicanda
577 809 669 838 vitam
691 817 777 837 suam
801 808 933 844 exponit.
956 808 1036 843 Saepe

255 859 353 886 tamen
368 857 521 886 vindicare
544 865 575 885 se
595 856 708 885 volenti
727 855 846 890 accidit,
866 855 940 883 sieut
959 853 1036 889 cani,

255 904 308 941 qui
329 904 462 942 lapidem
482 904 540 933 sibi
560 904 727 941 projectum
750 902 888 931 dentibus
907 901 994 938 rapit,
1010 904 1038 929 et

255 951 329 980 dum
344 951 477 989 lapidem
493 951 600 980 laedere
623 951 741 988 quoerit,
763 950 819 978 sihi
839 949 938 987 potius
963 948 1037 976 den—

255 1002 314 1028 tem
329 999 418 1028 laedit.
441 999 635 1028 proverbium
657 998 739 1035 apud
762 1006 818 1026 nos
839 999 952 1026 certum
970 1000 1012 1025 est
1030 1006 1036 1025 :

255 1047 309 1082 Qui
324 1047 402 1075 male
418 1047 540 1083 inJ'urias
554 1055 623 1074 suas
636 1045 776 1080 vindicat,
789 1045 861 1073 dum
874 1044 1037 1072 vindictam

257 1095 373 1131 quaerit,
389 1094 419 1122 in
441 1094 526 1131 pejus
548 1093 662 1128 incidit,
685 1092 756 1129 quia
777 1092 900 1128 injurias
920 1091 1036 1128 accipit,

260 1150 337 1179 quus
362 1141 485 1178 injurius
502 1141 541 1177 (α)
558 1140 662 1177 primis
684 1139 778 1168 addit.
798 1139 852 1173 Qui
871 1147 943 1174 ergo
967 1138 1038 1166 tales

257 1191 334 1223 sunt,
364 1189 403 1217 ad
432 1196 574 1216 coronam
599 1187 798 1224 pretiosorum
821 1185 956 1223 lapidum
977 1193 1037 1213 non

257 1236 414 1271 attingunt.
431 1235 577 1271 Scriptum
599 1237 641 1262 est
657 1236 663 1251 ¹
683 1244 688 1262 z
709 1247 720 1257 ι·
741 1236 769 1262 ln
786 1233 926 1270 patientia
942 1235 1039 1260 vestra

259 1282 448 1319 possidebitis
469 1282 584 1310 animas
599 1284 719 1310 vestras.
737 1292 750 1307 ιι
767 1282 829 1308 Neu
846 1281 925 1308 enim
942 1282 1040 1316 posset

259 1330 385 1358 triticum
407 1330 437 1357 in
462 1329 602 1357 horreum
627 1329 710 1365 poni,
733 1328 788 1356 nisi
805 1328 886 1364 prius
901 1327 930 1355 iu
946 1326 1040 1363 paleis

259 1377 345 1405 fuerit
359 1376 470 1404 sortiter
486 1376 676 1411 tribulatum;
694 1375 828 1403 similiter
838 1375 931 1402 necin
943 1374 1039 1402 doleis

257 1424 372 1459 vinum,
389 1424 443 1451 nisi
460 1424 489 1452 in
505 1424 565 1460 pila
580 1423 666 1451 suerit
679 1422 790 1450 sortiter
807 1422 1013 1450 conculcatum
1031 1430 1037 1448 ε

258 1479 319 1499 non
335 1471 450 1499 redolet
466 1474 661 1507 unguentum,
679 1471 734 1498 nisi
751 1471 861 1498 sortiter
876 1469 962 1496 tuerit
977 1469 1040 1503 agi-

260 1521 362 1546 tatum.
377 1520 452 1554 Ergo
462 1527 515 1546 nee
530 1521 558 1545 tu
576 1518 699 1545 intrabis
711 1518 873 1553 inregnum
884 1515 1039 1549 cadorum,

261 1567 316 1594 nisi
340 1566 421 1603 prius
445 1566 491 1593 hic
513 1574 631 1602 pressus
656 1565 743 1593 sui—ris
769 1573 821 1601 per
850 1567 1004 1592 tormenta.
1031 1566 1040 1581 ²

263 1627 275 1638 n
301 1615 363 1642 Non
388 1613 591 1647 coronabitur,
622 1612 675 1639 nisi
708 1612 758 1648 qni
789 1612 916 1647 legitime
948 1614 1040 1639 certa-

258 1662 340 1689 verit.
359 1672 371 1686 ι»

295 1710 416 1743 Quarto,
433 1709 574 1736 coronata
588 1707 712 1735 tuithaec
724 1707 810 1742 virgo
825 1709 924 1734 saneta
940 1709 967 1734 et
980 1706 1042 1741 glu-

260 1756 339 1784 riosa
353 1758 476 1792 propter
490 1755 650 1783 castitatem
672 1757 699 1783 et
719 1754 925 1788 humilitatem,
950 1762 1041 1789 quanm

261 1804 290 1831 in
306 1804 354 1831 via
372 1803 509 1839 portavit.
534 1803 659 1838 Dignum
679 1804 720 1829 est
740 1801 830 1836 enim,
855 1804 886 1829 ut
901 1801 951 1838 qui
967 1809 997 1829 se
1013 1801 1042 1828 in

260 1851 309 1878 via
323 1852 444 1887 propter
461 1849 606 1877 Christum
625 1849 772 1884 humiliat,
794 1853 825 1877 ut
842 1849 869 1876 in
887 1849 982 1885 patria
995 1856 1043 1876 eo-

260 1906 364 1926 ronam
387 1897 549 1933 gloriosam
572 1896 707 1933 accipiat,
731 1899 758 1923 et
782 1899 862 1924 tanto
887 1895 1044 1931 gloriosio-

261 1953 335 1978 rem,
352 1947 464 1980 quanto
479 1953 508 1972 se
525 1944 635 1971 habere
657 1943 753 1979 potuit
773 1943 918 1971 viliorem.
938 1944 1045 1970 Secun-

262 1992 333 2019 dum
357 1992 436 2019 enim
461 1999 632 2019 mensuram
660 1989 833 2018 humilitatis
860 1991 888 2017 in
918 1990 1043 2026 mundo,

262 2047 401 2066 mensura
420 2038 535 2074 praemii
555 2037 715 2073 respondet
734 2038 760 2064 in
782 2037 868 2069 mlo„
888 2038 932 2065 vc}
951 2038 978 2065 in
1000 2046 1044 2065 re-

263 2095 332 2122 gno.
354 2098 365 2111 «
381 2086 434 2120 Qui
451 2086 529 2113 enim
546 2089 555 2102 ²⁵
571 2095 600 2113 >e
614 2086 759 2118 humiliat,
777 2085 971 2119 exaltabitur-3
987 2096 999 2110 ι)
1019 2088 1046 2113 et

263 2135 313 2170 qui
331 2134 425 2168 magis
441 2142 470 2161 se
488 2133 634 2167 humiliat,
657 2142 691 2160 νο
708 2132 836 2160 maxime
853 2132 1043 2166 exaltal›itu1·;

265 2184 295 2209 ut
311 2189 400 2216 aqua,
418 2183 604 2216 quaequantu
617 2180 654 2208 ab
671 2180 766 2208 altiori
784 2179 920 2207 monte-in
936 2179 1045 2207 vallem

265 2229 360 2263 magis
382 2227 562 2263 profundam
579 2226 784 2260 descenderit,
811 2229 890 2254 tanto
906 2226 1000 2261 magis
1017 2227 1045 2254 iu

264 2277 395 2302 montem
407 2274 447 2301 illi
463 2273 632 2309 oppositum
649 2282 765 2300 sursum
778 2273 879 2301 tendit.
898 2274 942 2301 Sic
958 2273 1045 2301 etiam

263 2323 365 2350 nullus
379 2330 464 2350 mons
480 2325 532 2355 est,
548 2324 577 2349 ut
595 2324 717 2355 constat,
735 2322 785 2357 qui
797 2322 876 2357 apud
889 2330 919 2349 se
936 2321 1045 2348 vallem

265 2378 324 2398 ιιοιι
344 2369 461 2397 haheat.
479 2369 523 2396 Sic
539 2369 662 2395 omnino
680 2368 878 2395 necessarium
895 2369 998 2397 existit.
1016 2371 1047 2396 ut

262 2418 346 2452 juxta
359 2415 591 2452 profunditatem
609 2414 704 2448 vallis,
719 2414 843 2442 altitudo
859 2415 893 2442 sit
906 2415 950 2442 sui
962 2423 1046 2443 mon—

266 2464 308 2491 tis.
334 2463 556 2491 Contrariorum
581 2461 659 2488 enim
686 2461 832 2489 contraria
861 2465 902 2489 est
930 2465 1044 2490 natura.

265 2512 358 2544 Quare
374 2510 447 2538 sicut
459 2509 576 2545 aliquis,
593 2510 704 2544 quanto
718 2508 784 2543 plus
796 2509 938 2544 ascendit,
955 2511 1046 2543 tanto,

299 2587 304 2601 ¹
324 2586 391 2615 Luta,
413 2590 470 2614 xxi,
494 2585 532 2608 19.
547 2596 577 2600 —
600 2583 607 2597 ²
625 2583 643 2606 tt
664 2583 713 2606 Tim
727 2601 735 2613 ‚
756 2587 782 2611 ιι,
800 2583 821 2606 22.
840 2595 868 2600 —-
885 2583 894 2599 ³
909 2584 977 2614 Luci,
993 2589 1045 2613 xiv,

269 2623 304 2645 11.
323 2636 347 2637 ἡ
371 2621 380 2636 ⁴
395 2621 490 2651 Ama„
512 2625 591 2647 mii,
607 2620 630 2643 7.
654 2632 679 2636 -
700 2619 790 2646 ⁸1sa.‚
807 2624 866 2649 ιιι,
884 2621 890 2642 ι
911 2623 1003 2650 etseq.
1021 2633 1043 2636 -ᾼ

266 2658 275 2673 ⁶
290 2658 363 2685 ltml„
382 2663 450 2686 ιΛιι,
468 2658 491 2679 25.

1091 240 1164 269 dum
1179 240 1269 276 cadit,
1283 240 1462 278 profundius
1477 241 1538 269 ima
1552 240 1644 278 petit;
1663 240 1707 270 sie
1723 249 1740 270 e
1754 243 1872 272 contra-

1090 287 1146 323 rio,
1163 290 1277 325 quanto
1292 288 1360 325 quis
1378 287 1508 325 emplius
1525 287 1689 324 deseendit,
1708 290 1791 319 tento
1809 297 1873 318 am-

1089 334 1169 372 plius
1181 343 1299 364 sursum
1313 335 1418 364 tendit.
1434 335 1480 364 Sic
1494 343 1567 372 ergo
1579 335 1747 364 seeundum
1754 343 1874 366 mensu-

1090 389 1156 410 ram
1170 381 1344 419 temporalis
1355 381 1469 418 gloriae,
1487 385 1531 411 est
1546 390 1686 411 mensura
1699 383 1873 420 temporalis

1090 429 1196 464 ruinae,
1221 429 1298 457 sieut
1317 428 1356 458 de
1378 428 1512 458 Lucifero
1535 429 1654 465 dieitur,
1680 429 1733 467 qui
1759 432 1873 467 quanto

1091 475 1178 504 altius
1201 475 1361 505 ascendere
1381 476 1488 512 voluit,
1517 478 1600 506 tanto
1628 476 1808 514 profundius
1831 479 1875 506 est

1091 522 1254 552 demersus.
1266 523 1311 552 Sic
1321 523 1406 560 juxta
1419 531 1590 552 mensuram
1603 524 1724 553 vilitatis
1731 524 1875 562 poeniten-

1091 570 1149 604 tiae,
1162 572 1206 599 est
1219 578 1360 599 mensura
1373 570 1486 607 gloriae.
1508 571 1686 609 Exemplum
1706 571 1745 600 de
1765 571 1875 601 beatis-

1091 617 1167 646 sima
1185 617 1303 654 Virgine
1322 616 1423 652 Maria,
1443 626 1510 655 quoe
1528 625 1644 647 summe
1658 618 1780 647 humilis
1799 618 1873 652 suit:

1091 664 1161 694 ideo
1177 672 1294 694 summe
1309 665 1432 694 exaltari
1443 665 1619 702 promeruit.
1631 665 1713 694 Unde
1726 665 1850 694 dieitur⁸
1864 675 1873 694 :

1094 713 1267 746 «Quantum
1290 711 1468 748 glorificavit
1482 720 1530 748 se,
1554 714 1583 740 et
1606 712 1636 740 in
1663 712 1777 741 deliciis
1803 712 1874 749 tuit,

1093 761 1205 787 tantum
1220 759 1288 788 date
1303 759 1329 788 ei
1344 761 1525 788 tormentum
1539 761 1568 788 et
1582 759 1705 788 luctum.
1721 769 1736 785 n
1763 761 1839 796 Ergo
1857 768 1876 789 a

1093 806 1242 835 contrario
1257 814 1346 834 sensu
1361 806 1429 834 licet
1448 806 1556 835 inferre
1573 815 1580 835 :
1607 809 1753 843 quantum
1767 815 1799 835 se
1819 807 1875 835 lm-

1093 854 1219 882 mitiavit
1233 853 1292 888 hic,
1308 855 1389 882 tanto
1409 853 1568 889 gloriosior
1585 853 1621 882 sit
1635 862 1747 882 corona
1762 862 1875 884 merce-

1093 902 1149 930 dis.
1166 901 1247 930 Unde
1263 901 1300 930 de
1311 901 1366 930 hae
1378 901 1494 938 Virgine
1506 901 1611 930 humili
1625 901 1767 930 diettur‘:
1787 913 1799 928 α
1810 902 1874 939 Spi-

1093 949 1166 977 ritus
1188 949 1303 977 Domini
1323 957 1413 985 super
1432 957 1496 984 me;
1513 957 1549 978 eo
1571 949 1655 986 quod
1677 949 1795 978 unxerit
1815 957 1874 978 me.

1093 997 1136 1026 Ad
1151 995 1368 1025 annutiandum
1384 996 1546 1025 mansuetis
1559 996 1639 1024 misit
1653 1003 1711 1031 me,
1731 997 1764 1024 ut
1778 995 1877 1024 mede·

1094 1052 1142 1072 rer
1156 1043 1287 1072 contritis
1306 1043 1407 1079 corde,
1427 1045 1455 1072 et
1477 1043 1672 1080 praediearem
1687 1042 1811 1080 captivis
1830 1043 1875 1071 in·

1095 1091 1292 1127 dulgentiam,
1307 1093 1335 1118 et
1348 1090 1456 1118 clausis
1469 1090 1664 1126 apertionem,
1685 1092 1716 1118 ut
1730 1089 1875 1126 proedice-

1093 1147 1157 1167 rem
1173 1146 1285 1166 annum
1303 1137 1483 1174 placabilem
1501 1137 1638 1172 Domino,
1653 1140 1681 1165 et
1695 1137 1776 1166 diem
1791 1137 1877 1166 ultio-

1096 1186 1140 1213 nis
1157 1186 1215 1213 Deo
1231 1187 1332 1213 nostro
1351 1194 1357 1212 :
1375 1188 1405 1213 ut
1419 1184 1590 1213 consolarer
1605 1192 1710 1213 omnes
1724 1184 1874 1220 lugentes:

1095 1235 1126 1260 ut
1151 1241 1292 1269 ponerem
1316 1232 1518 1260 tortitudinem
1542 1232 1713 1267 lugentibus
1731 1232 1822 1266 Sion,
1849 1233 1878 1260 et

1095 1280 1198 1308 darem
1223 1280 1265 1308 eis
1284 1288 1427 1308 coronam
1449 1287 1504 1316 pro
1523 1279 1633 1313 cinere,
1658 1279 1758 1307 oleum
1773 1278 1876 1315 gaudii

1094 1335 1150 1363 pro
1174 1327 1273 1361 luctu,
1300 1326 1425 1363 pallium
1446 1326 1544 1354 laudis
1563 1334 1618 1363 pro
1638 1325 1741 1362 spiritu
1767 1333 1876 1353 moero-

1095 1374 1144 1402 ris.
1157 1384 1170 1399 ι»
1188 1376 1220 1402 Et
1234 1373 1319 1402 addit
1334 1374 1363 1401 in
1388 1374 1522 1410 sequenti
1539 1372 1680 1409 capitulo,
1697 1372 1825 1409 loquens
1839 1373 1877 1401 de

1097 1422 1212 1457 Virgine
1227 1422 1237 1438 ⁶
1254 1430 1260 1449 :
1281 1432 1294 1447 «
1308 1423 1340 1449 Et
1354 1421 1410 1449 eris
1425 1429 1537 1449 corona
1555 1420 1658 1456 glorioe
1672 1420 1702 1448 in
1718 1428 1810 1448 manu
1822 1421 1878 1448 tlo-

1097 1469 1181 1502 miui,
1197 1471 1225 1497 et
1240 1468 1379 1496 diadema
1394 1469 1475 1504 regni
1490 1469 1519 1496 in
1536 1476 1626 1496 manu
1649 1467 1696 1496 Dei
1712 1467 1764 1495 tui.
1785 1478 1798 1494 n
1822 1468 1878 1495 Nec

1098 1516 1217 1550 mirum,
1241 1516 1322 1552 quia,
1338 1518 1369 1543 ut
1384 1515 1506 1550 dicitur,
1522 1516 1584 1552 ipse
1603 1514 1687 1552 ponit
1701 1514 1828 1543 humiles
1848 1514 1878 1543 in

1097 1563 1184 1597 solio,
1200 1566 1227 1591 et
1248 1566 1404 1591 inserentes
1419 1563 1505 1598 erigit
1525 1563 1554 1590 in
1570 1563 1718 1598 sospitate.
1739 1561 1796 1590 Sed
1812 1562 1879 1598 quis

1098 1610 1187 1638 hodie
1202 1611 1280 1638 venit
1299 1610 1337 1638 ad
1352 1618 1495 1638 coronam
1514 1610 1590 1637 tiano
1607 1609 1790 1645 gloriosam?
1818 1609 1879 1638 imo

1097 1658 1163 1693 quis
1188 1665 1247 1685 nou
1273 1657 1407 1693 pervenit
1426 1656 1464 1684 ad
1486 1657 1691 1685 confusionem
1716 1657 1878 1684 aeternam?

1098 1705 1125 1732 Si
1148 1705 1226 1732 enim
1249 1713 1353 1732 omnes
1376 1705 1536 1741 quoerimus
1565 1703 1739 1738 sublimari,
1761 1711 1879 1731 necesse

1099 1752 1244 1780 habemus
1261 1751 1410 1779 humiliari
1428 1761 1434 1779 :
1455 1754 1483 1779 et
1505 1753 1585 1780 tanto
1607 1751 1745 1788 amplius.
1767 1754 1879 1787 quanto

1099 1800 1167 1835 plus
1180 1799 1381 1833 ascendimus,
1395 1800 1480 1834 juxta
1494 1799 1623 1834 regulas,
1636 1807 1710 1835 quas
1721 1806 1811 1835 supra
1825 1806 1880 1835 po-

1100 1847 1224 1875 suimus.
1244 1849 1332 1883 Ergo,
1349 1846 1523 1880 charissimi,
1540 1846 1563 1873 si
1582 1846 1722 1874 volumus
1740 1853 1809 1874 cum
1825 1845 1880 1873 hac

1102 1894 1217 1929 Virgine
1239 1902 1349 1922 corona
1379 1894 1479 1929 gloriae
1507 1893 1680 1928 sublimari,
1710 1893 1882 1921 studeamus

1101 1950 1169 1969 cum
1184 1950 1219 1969 ea
1239 1941 1401 1975 humiliari,
1418 1944 1446 1969 et
1467 1941 1576 1969 vilitate
1591 1940 1768 1977 poenitentiae
1783 1940 1883 1976 oppri-

1102 1990 1152 2017 mi.
1170 1989 1247 2023 Quid
1259 1989 1337 2016 enim
1351 1989 1419 2024 igne
1433 1988 1603 2024 pulchrius?
1618 1987 1673 2016 Sed
1689 1996 1748 2016 non
1761 1989 1884 2024 apparet

1103 2037 1165 2071 ojus
1181 2036 1383 2072 pulchritudo,
1396 2035 1542 2072 quamdiu
1553 2035 1685 2071 operitur
1699 2035 1814 2067 cinei-023
1830 2033 1882 2061 sed

1103 2084 1209 2111 amotis
1224 2083 1382 2117 cineribus,
1401 2082 1497 2109 statim
1513 2082 1600 2109 lucet.
1618 2081 1693 2115 Quid
1710 2089 1783 2111 auro
1798 2080 1885 2117 fulgi-

1103 2130 1189 2158 dius?
1204 2130 1258 2158 Sed
1275 2137 1334 2157 non
1352 2131 1485 2166 apparet,
1504 2128 1649 2165 quamdiu
1663 2129 1692 2156 in
1708 2130 1784 2156 terra
1804 2127 1883 2156 latet.

1103 2177 1179 2211 Quid
1201 2177 1279 2204 enim
1302 2176 1462 2211 margarita
1476 2175 1651 2203 candidius?
1666 2175 1722 2204 Sed
1738 2173 1884 2211 quamdiu

1103 2225 1173 2252 latet
1190 2224 1218 2252 in
1235 2223 1363 2257 occulto,
1381 2232 1440 2251 non
1463 2225 1596 2259 apparet.
1620 2222 1697 2256 Quid
1719 2221 1826 2250 arbore
1841 2221 1884 2249 Ιο-

1103 2271 1160 2306 liis,
1177 2274 1205 2299 et
1230 2271 1354 2299 floribus
1377 2270 1536 2304 adornata,
1559 2272 1587 2298 et
1606 2269 1765 2303 fructibus,
1790 2270 1885 2305 potest

1104 2319 1225 2354 eogitari
1252 2318 1425 2346 venustius?
1445 2318 1499 2345 Sed
1529 2317 1592 2352 ejus
1610 2316 1799 2354 pulchritudo
1823 2323 1883 2343 non

1104 2368 1242 2402 apparet,
1266 2365 1400 2401 quandiu
1421 2365 1450 2392 in
1470 2364 1569 2392 radice
1591 2364 1675 2398 latet,
1691 2363 1771 2391 unde
1787 2363 1884 2390 omnis

1104 2412 1295 2449 pulchritudo
1318 2412 1462 2448 procedit.
1488 2411 1532 2439 Sie
1561 2411 1648 2439 etiam
1673 2417 1733 2438 non
1761 2412 1884 2446 apparet

1104 2461 1277 2487 Sanctorum
1294 2459 1401 2495 gloria,
1423 2458 1567 2495 quamdiu
1588 2457 1643 2485 sub
1667 2457 1765 2484 cinere
1791 2456 1884 2492 po’ni—

1106 2507 1199 2535 tentiae
1213 2506 1303 2534 latent
1320 2506 1351 2534 in
1367 2506 1425 2534 via.
1445 2505 1501 2534 Sed
1515 2513 1583 2532 eum
1592 2503 1685 2531 virtus
1695 2503 1769 2531 Solis
1783 2503 1883 2531 oeterni

1105 2554 1192 2583 ducet
1208 2563 1258 2583 eos
1269 2555 1307 2583 ad
1322 2554 1490 2590 publicum,
1501 2555 1527 2580 et
1538 2551 1690 2580 tradiderit
1700 2551 1742 2579 eis
1756 2558 1883 2586 regnum

1139 2655 1171 2685 (a)
1189 2655 1244 2685 Leq.
1262 2654 1368 2686 injurii&
