2029 3052
251 196 313 226 614

252 263 285 294 et
295 261 454 303 patienter
475 261 595 300 ferunt,
609 260 712 292 donec
723 258 881 301 placuerit
893 258 959 291 Deo
972 258 1031 291 ali*

252 317 302 348 ter
314 315 476 348 ordinare.
493 314 572 353 Quae
589 314 652 347 ista
665 314 759 355 signa
773 313 900 355 plenius
913 312 1035 344 habent

253 369 447 409 Religiones‚
474 369 623 401 meliores
643 369 735 408 sunt3
756 369 789 399 et
808 375 884 408 quae
911 366 1033 405 minus,

255 424 331 455 sunt
344 421 453 454 minus
465 422 575 460 bonae;
591 423 624 453 et
643 429 720 462 quae
731 420 823 459 nihil,
842 419 926 451 nihil
940 421 1033 458 sunt;

255 476 312 518 qui
319 476 416 508 etiam
426 475 633 516 singulariter
642 474 677 507 in
687 483 720 507 se
733 474 843 513 habet,
854 474 960 506 bonus
975 475 1033 512 est,

255 530 380 562 etiamsi
394 529 450 562 alii
461 529 677 562 communiter
689 537 757 560 non
769 527 901 560 habent.

486 647 690 690 QUAESTIO
713 647 806 682 XIX.

260 737 334 772 Quas
347 737 381 765 ob
396 743 490 765 causas
504 737 536 764 in
549 736 609 764 vita
620 735 750 771 reliqiosa
765 733 881 763 ordines
895 732 1036 769 deficiam,

294 784 321 810 et
334 783 365 810 in
376 780 538 818 quibusdam
550 779 781 809 memorantibus
789 780 919 816 proficere
926 777 1038 807 videan-

295 828 350 856 tur.

299 909 380 942 Item
389 908 538 942 videmus
549 908 679 941 ordines
687 916 800 940 omnes
810 907 1040 948 religiosorum

257 964 393 997 deficere
405 963 441 995 in
454 963 522 996 vita
535 962 700 1003 religiosa,
712 962 810 994 etiam
824 962 851 993 si
871 961 906 993 iu
919 963 1041 1002 tempo-

259 1017 392 1057 ralibus,
412 1019 444 1049 et
466 1016 658 1058 quibusdam
686 1015 959 1048 caerimonialibus
988 1015 1040 1046 vi—

260 1072 396 1104 deantur
408 1071 573 1112 proficere.
585 1070 702 1102 Causas
708 1069 809 1110 hujus
821 1068 961 1101 desectus
973 1068 1041 1100 vel-

259 1126 324 1158 lem
339 1126 418 1157 scire
432 1125 627 1166 praecipuas3
643 1126 700 1156 aut
714 1124 799 1156 enim
825 1132 891 1155 non
905 1123 1041 1155 debere-

260 1181 302 1212 tis
315 1180 468 1221 incipere,
484 1179 570 1220 quod
586 1187 651 1210 non
666 1178 795 1219 potestis
810 1177 976 1218 perficere,
987 1179 1043 1209 aut

261 1234 294 1266 in
315 1234 461 1275 incoeptis
474 1243 533 1274 pro
548 1242 640 1274 posse
655 1241 879 1273 perseverare;
898 1231 1043 1272 alioquin

261 1287 524 1329 praevaricatores
536 1287 603 1319 voti
623 1287 738 1318 merito
759 1285 999 1326 reputabimini.

305 1341 490 1382 Respondeo
510 1350 518 1372 :
536 1341 638 1373 Omne
661 1339 747 1381 quod
771 1348 837 1371 non
859 1339 955 1370 hahet
976 1348 1044 1372 esse

264 1405 360 1428 suum
375 1405 394 1427 a
409 1404 455 1434 se,
476 1395 652 1426 deficiendo
677 1394 792 1426 decidit
814 1394 848 1425 in
869 1402 935 1425 non
962 1402 1042 1433 esse,

267 1450 328 1482 nisi
344 1451 540 1481 sustentetur
560 1449 601 1480 ab
623 1458 673 1487 eo,
688 1449 744 1489 qui
769 1448 824 1479 dat
845 1447 873 1479 ei
895 1457 974 1479 esse.
993 1447 1045 1479 Sic

264 1507 296 1537 et
309 1504 417 1536 omnis
427 1503 517 1542 ordo,
534 1504 566 1534 et
576 1502 682 1534 omnis
692 1503 801 1534 homo.
819 1501 907 1534 Unde
921 1511 985 1534 non
997 1511 1044 1533 so-

264 1560 332 1591 lum
348 1558 476 1590 ordines
490 1558 729 1598 religiosorum,
742 1557 797 1588 sed
812 1556 908 1588 etiam
923 1557 1045 1597 episco-

267 1621 395 1653 porum,
413 1614 445 1643 et
460 1611 663 1649 clericorum,
689 1613 720 1642 et
740 1611 908 1649 laicorum,
926 1612 957 1642 ct
971 1611 1045 1642 uni-

268 1667 400 1699 versalis
414 1668 514 1697 status
537 1666 677 1697 multum
699 1665 816 1703 deficit,
833 1666 991 1705 quantum
1007 1665 1046 1696 ad

267 1729 473 1752 communem
488 1722 621 1758 statum,
641 1720 680 1750 ab
693 1729 731 1751 eo
743 1719 829 1759 quod
845 1719 877 1750 in
890 1718 1047 1759 principio

267 1775 339 1814 fuit,
355 1784 430 1806 cum
455 1782 568 1806 omnes
594 1773 703 1805 fideles
729 1775 818 1804 erant
849 1773 989 1813 perfecti,
1017 1776 1049 1804 et

268 1829 381 1868 sancti,
397 1828 509 1869 quales
524 1836 611 1859 nunc
625 1836 699 1858 raro
715 1826 875 1858 videmus.
892 1827 1048 1860 Multitu-

268 1884 361 1916 dinis
375 1883 574 1916 credentium
589 1885 657 1915 erat
680 1889 732 1914 cor
756 1890 868 1917 ummz,
893 1884 922 1913 et
936 1882 1050 1914 anima

269 1947 336 1970 una
346 1941 367 1976 ¹,
380 1940 439 1969 etc.
452 1937 535 1968 Licet
545 1939 653 1968 autem
668 1935 744 1967 olim
760 1936 973 1967 communiter
982 1944 1050 1967 om-

270 2001 327 2023 nes
334 1991 408 2023 boni
419 1993 450 2022 et
464 1991 563 2022 sancti
578 1990 707 2028 suerint,
724 1992 830 2020 tannen
843 1990 937 2020 inodo
950 1989 1051 2020 mullo

270 2046 378 2086 plures
397 2047 473 2076 sunt
489 2045 590 2076 sancti
611 2044 643 2075 in
659 2043 796 2075 Ecclesia
817 2043 882 2074 Dei.
899 2043 958 2074 Sed
975 2044 1051 2084 quia

273 2100 348 2131 mali
364 2099 472 2140 plures
489 2103 576 2137 sunt,
592 2099 662 2129 ideo
679 2107 743 2129 non
765 2100 919 2138 apparent
935 2099 1049 2136 sancti,

271 2156 417 2193 respectu
454 2152 669 2184 multitudinis
707 2152 855 2183 alioruin.
894 2152 1051 2182 Sanctitas

272 2208 368 2239 etiam
398 2216 474 2237 vera
502 2216 566 2237 non
593 2205 735 2237 consistit
765 2206 798 2236 in
822 2206 1051 2237 exercitationev

273 2260 444 2301 corporali,
463 2260 516 2291 scd
534 2260 566 2290 in
582 2260 758 2291 virtutihus
774 2260 899 2291 mentis.
917 2259 955 2291 Et
975 2260 1052 2300 quia

273 2315 342 2346 istae
357 2323 422 2345 non
436 2316 591 2354 apparent
616 2313 768 2352 exterius,
786 2313 843 2344 nisi
864 2314 995 2350 modice,
1011 2324 1050 2345 ex

273 2368 468 2409 quibusdam
493 2367 598 2407 signis
623 2376 756 2407 operum
769 2392 777 2406 ‚
805 2370 835 2399 et
861 2369 960 2399 sancti
987 2378 1050 2399 non

274 2424 426 2463 quaerunt
447 2421 547 2452 videri
563 2421 603 2452 ab
618 2420 803 2452 hominibus
818 2424 853 2453 ut
868 2422 1048 2459 laudentur,

275 2477 326 2508 sed
343 2477 505 2509 occultant
519 2476 614 2514 hona,
627 2484 700 2516 quse
714 2476 832 2507 habent
843 2477 1053 2517 singulariter

275 2540 341 2570 prae
356 2530 489 2568 caeteris,
508 2530 578 2561 ideo
602 2529 694 2569 pauci
709 2530 808 2560 sancti
832 2530 928 2562 niodo
944 2531 975 2561 iu
991 2530 1051 2561 Ec—

274 2583 380 2622 clesia,
397 2584 448 2615 vel
470 2582 641 2615 Ordinibus
664 2591 732 2614 esse
754 2583 914 2614 videntur.
942 2585 1051 2616 Causae

275 2640 383 2668 aulem
398 2647 496 2677 quare
511 2637 724 2668 communitas
744 2636 776 2668 iu
792 2637 958 2678 Religioue
973 2639 1052 2670 deti-

308 2703 313 2717 *
331 2704 397 2730 Act„
415 2709 447 2733 iv,
464 2705 501 2726 23ss
521 2716 545 2719 —
561 2702 596 2732 (a)
612 2702 666 2732 [σῃ.
684 2702 778 2732 prima.

764 164 1065 224 nnrnnmiurio
1085 190 1356 230 ouatsrmnuu

1089 259 1231 299 cinnum
1247 261 1355 302 magis
1367 269 1558 294 communes
1576 261 1662 294 inter
1681 261 1773 294 alias.
1797 260 1869 295 Una

1089 314 1138 346 est
1157 314 1329 348 multitudo
1352 315 1555 356 intrantium,
1577 315 1656 357 quia
1677 315 1775 348 multi
1801 324 1868 349 nnn

1089 371 1225 409 possunt
1247 371 1316 402 tam
1327 369 1418 402 facile
1430 369 1527 409 flecti,
1548 369 1630 402 sieut
1649 369 1767 411 pauci:
1784 369 1868 403 sicut

1089 423 1182 455 navis
1201 432 1323 464 magna
1344 423 1508 456 difficilius
1528 424 1746 465 gubernatur,
1768 432 1870 465 quam

1091 485 1208 518 parva3
1232 481 1265 509 et
1284 478 1340 510 ubi
1355 478 1458 510 multa
1470 477 1586 519 capita,
1600 478 1646 510 ibi
1659 477 1763 510 multa
1781 485 1869 510 oere-

1090 530 1162 570 bra,
1178 539 1252 572 quae
1266 531 1376 563 omnia
1388 540 1454 564 non
1473 533 1611 572 possunt
1621 531 1664 564 ad
1673 539 1780 564 unum
1793 539 1870 564 sen-

1091 593 1166 616 sum
1187 584 1323 617 deflecti.
1349 584 1509 624 Secunda,
1533 594 1610 617 cum
1631 584 1872 618 subtrahuntur

1091 638 1149 679 qui
1163 639 1268 680 primo
1274 641 1451 672 tenuerunt
1458 639 1606 672 ordinem
1617 639 1653 671 in
1666 647 1727 672 suo
1741 638 1870 679 vigore,

1093 692 1145 724 vel
1157 701 1232 725 cum
1244 693 1456 727 debilitantur
1465 694 1501 726 in
1508 703 1654 736 corpore,
1662 703 1729 726 non
1736 698 1873 735 possunt

1089 747 1275 788 junioribus
1287 747 1390 781 ardua
1401 748 1612 789 rigorisdare
1621 748 1781 790 exempla,
1791 747 1875 781 sicut

1093 801 1200 842 prius;
1215 803 1248 834 et
1255 802 1343 843 novi,
1353 802 1411 844 qui
1419 803 1549 844 propria
1556 803 1598 843 (a)
1607 811 1706 844 opera
1712 811 1778 835 non
1787 801 1874 835 vide-

1093 857 1181 895 runt,
1198 856 1365 888 imitantur
1377 865 1433 888 eos
1446 856 1617 889 tantumin
1625 856 1689 896 his,
1699 864 1774 898 quae
1786 865 1874 889 nunc

1094 910 1205 942 vident
1218 910 1253 941 in
1266 911 1324 950 eis,
1340 912 1372 942 et
1386 910 1470 942 fiunt
1484 910 1624 948 remissi,
1638 911 1672 942 et
1685 910 1746 943 suh
1770 909 1875 952 specie

1095 965 1308 1004 discretionis,
1339 974 1382 998 ne
1402 966 1523 1007 seipsos
1549 965 1632 998 sicut
1657 965 1781 1006 antiqui
1808 965 1878 997 des·

1096 1020 1216 1057 truant,
1234 1021 1364 1060 parcent
1373 1019 1510 1060 corpori.
1522 1018 1561 1051 Et
1570 1019 1646 1061 quia
1659 1019 1801 1051 internas
1813 1018 1877 1051 vir-

1097 1074 1192 1111 tutes,
1209 1082 1291 1113 quas
1309 1073 1433 1114 antiqui
1455 1073 1650 1112 habuerunt,
1674 1081 1742 1105 non
1755 1081 1878 1113 agnos-

1097 1128 1186 1165 cunt,
1201 1127 1321 1168 ubique
1345 1127 1485 1168 neglecti
1509 1129 1596 1166 sunt,
1613 1126 1700 1168 quod
1715 1135 1774 1159 nec
1786 1127 1878 1159 exte-

1097 1181 1167 1212 rius
1179 1183 1382 1221 exercentur,
1398 1190 1457 1213 nec
1465 1181 1602 1213 interius
1613 1181 1752 1213 virtutes
1761 1189 1876 1222 appre-

1099 1235 1258 1267 hendunt.
1275 1235 1379 1268 Etiam
1393 1236 1471 1275 quia
1485 1236 1610 1278 antiqui
1627 1235 1724 1268 modo
1738 1244 1804 1268 non
1817 1244 1875 1267 va·

1098 1291 1165 1323 lent
1179 1299 1233 1322 eos
1246 1290 1394 1330 exemplo
1416 1291 1543 1332 praeire,
1569 1291 1684 1322 timent
1704 1290 1801 1322 etiam
1824 1298 1880 1322 eos

1100 1345 1134 1376 in
1148 1345 1247 1377 verbo
1257 1344 1440 1385 corrigere:
1456 1344 1533 1385 quia
1547 1343 1650 1376 solent
1659 1344 1765 1376 dicere
1773 1333 1880 1385 junio-

1100 1407 1172 1431 res:
1190 1398 1294 1430 Verba
1307 1399 1438 1439 quidem
1463 1398 1547 1430 bona
1569 1400 1657 1437 sunt,
1679 1406 1755 1439 quae
1769 1397 1880 1430 dicunt

1101 1453 1203 1492 nobis,
1221 1453 1275 1484 sed
1290 1462 1388 1494 opera
1410 1461 1475 1484 non
1493 1451 1681 1489 ostendum
1704 1451 1795 1484 etsie
1809 1460 1879 1483 ma-

1102 1507 1152 1547 gis
1175 1506 1442 1538 scandalizantur.
1465 1505 1573 1538 Tertia
1593 1514 1690 1537 causa
1711 1507 1778 1537 est:
1795 1505 1881 1546 quod

1102 1560 1235 1601 quilibet
1252 1569 1315 1591 non
1331 1559 1452 1597 didicit,
1466 1559 1565 1590 nescit
1576 1559 1708 1591 docere:
1724 1558 1796 1591 ideo
1807 1567 1882 1591 cum

1102 1614 1252 1654 regimen
1263 1612 1390 1647 Ordinis
1400 1612 1583 1644 devolvitur
1594 1612 1634 1644 ad
1643 1612 1719 1644 istos
1729 1613 1881 1653 juvenes,

1103 1669 1181 1700 tales
1206 1667 1365 1704 nutriunt,
1395 1667 1505 1707 quales
1528 1666 1588 1706 ipsi
1609 1668 1696 1704 sunt,
1724 1666 1768 1698 ita
1795 1666 1882 1707 quod

1100 1724 1169 1763 jam
1186 1721 1276 1753 Prior
1290 1723 1427 1752 fratrum
1443 1721 1475 1751 in
1489 1720 1631 1752 fabulam
1646 1719 1794 1759 vertitur,
1815 1728 1882 1751 non

1104 1776 1244 1807 trahitur
1259 1775 1292 1806 in
1315 1774 1513 1815 exemplum.
1539 1773 1606 1805 lmo
1626 1782 1660 1805 se
1680 1774 1807 1804 tantum
1832 1782 1883 1804 re-

1106 1832 1218 1871 putant
1239 1829 1302 1860 illis
1321 1828 1484 1859 Prioribus
1509 1827 1667 1864 meliores.
1692 1835 1756 1868 quo
1776 1827 1885 1858 minus

1106 1884 1298 1924 agnoscunt,
1317 1890 1391 1922 qnae
1413 1882 1476 1912 sint
1497 1882 1712 1922 perfectorum
1733 1880 1881 1913 virtutes·

1109 1938 1141 1969 Et
1165 1938 1244 1969 (lum
1270 1936 1417 1977 exempla
1443 1935 1594 1976 quaedam
1616 1934 1765 1966 exteriori
1789 1934 1884 1966 disci-

1107 1992 1194 2033 plina
1208 1993 1399 2023 conservant
1413 1990 1445 2020 in
1460 1989 1568 2027 choro,
1585 1988 1637 2020 vel
1659 1987 1886 2028 processionali

1108 2046 1267 2085 ingressu,
1284 2047 1315 2075 et
1330 2043 1500 2080 si111ilibnS‚
1517 2042 1636 2074 audent
1649 2050 1790 2073 asserere
1798 2041 1884 2082 quod

1107 2101 1207 2130 status
1235 2097 1360 2130 Ordinis
1385 2106 1551 2137 nunquam
1580 2096 1675 2127 fuerit
1698 2096 1742 2127 ita
1769 2095 1883 2127 bonus.

1109 2154 1226 2191 Quarta
1242 2160 1336 2183 causa
1356 2153 1413 2189 est,
1431 2150 1515 2191 quod
1533 2149 1689 2190 paulatim
1704 2149 1887 2180 subintrant

1110 2217 1173 2238 non
1202 2208 1294 2238 bonae
1318 2205 1587 2242 consuetudines,
1614 2214 1690 2245 quae
1712 2205 1820 2236 statim
1846 2205 1887 2236 ab

1109 2262 1178 2292 aliis
1193 2262 1365 2292 trahuntur
1383 2261 1415 2291 iu
1431 2259 1627 2299 exemplum.
1645 2259 1681 2290 Et
1691 2259 1717 2290 si
1731 2259 1830 2300 aliqui
1841 2268 1887 2290 ze-

1109 2316 1176 2346 luni
1200 2315 1252 2346 Dei
1268 2315 1420 2346 habentes
1437 2313 1491 2345 illa
1509 2313 1720 2353 redarguunt,
1736 2312 1887 2344 audacter

1109 2369 1284 2400 detondunt
1299 2369 1362 2406 alii,
1384 2377 1484 2409 quare
1505 2367 1565 2398 sibi
1589 2376 1653 2398 non
1675 2366 1777 2405 liceat,
1800 2365 1885 2407 quod

1109 2423 1161 2453 alii
1179 2423 1384 2463 permittitur,
1410 2425 1441 2452 et
1464 2430 1519 2462 pro
1534 2421 1608 2460 lege
1623 2420 1794 2459 tenebitur,
1811 2428 1886 2450 cum

1110 2486 1149 2507 ex
1171 2486 1231 2507 nsu
1249 2478 1319 2516 jzun
1339 2475 1534 2507 conveniens
1553 2474 1711 2512 videatur,
1734 2473 1778 2504 ita
1800 2473 1885 2513 quod

1111 2530 1166 2561 vix
1180 2531 1218 2561 de
1227 2533 1342 2561 Q'etero
1353 2527 1639 2570 poteritextirpari.
1655 2526 1801 2558 Rectores
1807 2535 1886 2566 quo-

1110 2593 1182 2624 que,
1200 2584 1257 2614 etsi
1275 2583 1349 2614 talia
1364 2591 1430 2613 non
1446 2581 1597 2621 diligunt,
1614 2583 1732 2618 tamen,
1757 2588 1797 2610 ne
1813 2588 1885 2611 ma-

1106 2641 1160 2679 jus
1177 2640 1297 2670 inaluui
1309 2641 1472 2678 sequatur,
1484 2635 1696 2673 dissimulant,
1709 2637 1746 2666 ut
1756 2635 1885 2676 pacifice

1110 2703 1184 2724 cuni
1201 2693 1351 2723 fratribus¹
1370 2691 1493 2722 vivant.
1511 2689 1654 2728 Cumque
1669 2697 1735 2720 una
1748 2697 1883 2721 consue-
