2060 3052
228 213 268 242 24

226 277 285 314 tus,
300 279 329 307 et
342 277 380 306 ab
394 285 431 306 eo
444 277 557 306 fortiter
571 277 704 306 astrictus
717 278 805 310 esset,
832 275 904 303 dum
928 274 1001 302 fuis-

228 327 271 353 set
285 333 303 353 a
315 325 449 362 quodam
461 324 553 353 milite
566 325 718 357 liberatus,
724 323 765 350 sio
773 322 816 350 illi
831 323 893 350 toto
909 320 999 349 corde

228 372 360 406 adhaesit,
380 373 412 400 ut
426 372 464 400 ab
480 380 530 407 eo,
545 371 601 399 nisi
615 373 708 398 morte
718 390 727 404 ,
753 368 885 405 separari
899 367 1003 404 nequi-

228 419 311 447 verit.
326 420 383 447 Cur
395 427 466 454 ergo
479 427 542 446 non
554 418 623 446 facit
636 418 729 445 homo
740 415 903 450 rationalis,
916 415 1002 451 quod

229 465 340 494 animal
353 466 475 494 brutum
488 465 556 493 facit
562 474 570 500 3
586 466 615 492 et
629 466 687 491 Deo
703 471 757 491 suo
772 462 903 498 negabit,
919 461 1003 498 quod

230 512 344 541 homini
358 512 476 540 mortali
489 512 537 540 leo
551 510 715 547 impendit?

266 560 374 593 Quarto
398 559 437 586 ad
464 558 651 594 diligendum
673 558 765 585 Deum
784 557 886 584 movet
907 555 1004 590 gloria

230 605 317 633 nobis
332 613 350 633 a
363 607 421 634 Deo
435 605 597 641 promissa,
619 612 685 640 quae
704 605 746 631 est
759 604 853 637 tanta,
869 603 930 629 tam
945 609 1004 629 am-

230 652 295 688 pla,
316 652 403 680 tantis
423 651 510 679 bonis
523 651 613 687 plena
625 671 632 684 ,
658 652 686 678 et
705 648 934 677 innumerabilia
951 656 1005 683 per

232 698 337 727 saecula
347 705 555 734 permansura,
571 699 603 724 ut
618 697 676 724 dici
692 699 780 732 queat
794 695 876 723 nulla
889 695 1003 730 lingua,

231 745 292 773 imo
315 753 369 773 nec
384 744 505 780 cogitari
529 745 662 772 humana
683 744 779 779 potest
802 741 1003 776 intelligentia.

233 791 313 820 Unde
325 791 481 827 Apostolus
497 793 505 809 ¹
523 799 530 818 ε
550 801 563 817 ε(
578 791 664 824 Quod
678 798 731 817 nec
743 788 846 817 oculus
855 788 938 821 vidit,
950 795 1005 814 nec

233 839 313 867 auris
328 838 451 872 audivit,
466 846 521 865 nec
535 837 566 864 in
582 845 633 865 cor
646 836 776 864 hominis
791 834 1006 869 ascendit,quae

233 885 409 922 praeparavit
423 887 497 913 Deus
511 885 557 912 his
566 905 574 919 ,
591 884 641 920 qui
657 883 783 918 diligunt
797 882 892 909 illum.
909 891 922 907 v>
941 883 1006 909 Fer—

233 935 291 967 tur,
307 932 390 968 quod
413 932 529 959 suerunt
551 931 611 958 duo
630 929 686 958 viri
709 929 840 964 religiosi
859 930 961 956 mutuo
977 936 1007 955 se

235 981 366 1008 amantes
376 988 389 1008 .:
406 986 533 1014 cumque
548 985 624 1005 unus
641 977 676 1004 ad
690 978 816 1003 mortem
830 975 952 1009 veniret,
969 975 1007 1002 ab

236 1027 294 1054 alio
307 1026 460 1060 adjuratus
480 1026 536 1058 est,
551 1026 582 1051 ut
602 1023 641 1051 ad
655 1031 723 1050 eum
736 1023 804 1058 post
824 1023 949 1049 mortem
963 1029 1008 1049 re—

237 1073 320 1100 diret.
337 1073 403 1099 Post
417 1073 542 1098 mortem
559 1078 630 1105 ergo
649 1069 691 1097 illi
707 1069 857 1105 apparuit,
877 1070 905 1096 et
920 1068 958 1095 ab
973 1075 1009 1095 eo

235 1118 404 1154 requisitus,
421 1117 575 1153 quomodo
591 1117 648 1144 illic
664 1118 747 1149 esset,
763 1115 820 1143 ait:
837 1126 849 1140 «
865 1115 942 1142 Sicut
956 1122 1010 1142 au-

237 1166 377 1199 divimus,
393 1165 434 1191 sic
454 1164 582 1191 vidimus
611 1163 642 1190 in
660 1162 772 1190 civitate
792 1161 907 1189 Domini
923 1161 1012 1188 virtu-

237 1206 309 1246 tum',
322 1214 349 1239 et
361 1211 469 1238 millies
487 1210 625 1246 amplius.
642 1220 655 1235 »
674 1211 786 1243 Quanta
802 1210 844 1236 est
857 1216 928 1243 ergo
943 1207 1011 1235 stul-

237 1260 298 1288 titia
313 1261 424 1293 nostra,
440 1258 524 1286 illum
546 1265 608 1284 non
632 1264 744 1289 amare,
760 1256 811 1292 qui
833 1257 912 1283 tanta
931 1256 1012 1283 bona

238 1306 299 1334 suis
319 1305 499 1333 amatoribus
520 1303 709 1340 praeparavit!
737 1304 908 1330 Mercatores
933 1302 1012 1329 enim

239 1354 269 1381 in
285 1355 397 1381 tantum
413 1354 513 1379 amant
528 1359 644 1384 aurum,
657 1349 740 1385 quod
751 1351 864 1376 tantum
878 1349 1013 1377 laborem

240 1409 295 1436 pro
316 1408 350 1428 eo
367 1398 548 1434 acquirendo
573 1398 734 1424 assumunt.
763 1396 843 1423 Unde
866 1404 921 1431 pro
948 1396 1013 1431 ipso

240 1446 422 1483 acquirendo
442 1445 527 1480 Alpes
545 1446 705 1477 transeunt,
718 1443 856 1470 fluctibus
871 1443 971 1476 mariS,
988 1444 1015 1470 et

241 1493 335 1521 ventis
345 1492 452 1520 validis
466 1499 496 1518 se
513 1492 679 1526 exponunt,
696 1490 759 1517 vias
773 1489 954 1525 periculosas
971 1497 1016 1516 ar-

241 1540 362 1576 ripiunt,
379 1538 491 1566 calores
503 1540 530 1564 et
540 1537 652 1571 frigora
663 1538 912 1571 nonpavescnnt;
930 1537 956 1562 et
971 1537 1014 1562 ta-

242 1594 310 1614 men
326 1593 402 1621 saepe
422 1593 482 1612 non
498 1583 651 1611 inveniunt
671 1582 755 1618 quod
771 1582 942 1617 inquirunt,
957 1582 1015 1609 imo

243 1633 314 1660 dum
332 1631 438 1659 lucrari
458 1632 580 1666 putant,
596 1638 610 1657 e
627 1630 773 1657 contrario
789 1637 863 1665 saepe
877 1628 1014 1664 perdunt.

243 1681 311 1713 Quae
324 1686 393 1713 ergo
407 1677 545 1710 amentia,
562 1679 593 1703 ut
607 1684 661 1712 pro
678 1676 760 1703 lucro
778 1679 836 1703 tam
852 1678 941 1708 certo,
957 1677 1017 1702 tam

244 1726 400 1758 immenso,
411 1724 500 1751 nullis
514 1723 697 1759 temporibus
710 1721 1017 1758 unquamperdendo,

244 1780 305 1799 non
320 1771 417 1798 solum
428 1771 563 1798 laborare
573 1769 726 1802 nolumus-3
738 1768 800 1802 scd,
813 1768 894 1804 quod
906 1768 1017 1803 absque

243 1819 347 1846 labore
362 1826 530 1854 possumus,
548 1817 663 1844 bonum
683 1824 782 1843 amare
799 1815 907 1843 >cilicet
922 1815 1018 1842 renui-

245 1867 327 1893 mus!
348 1867 410 1892 Non
431 1864 509 1891 enim
534 1863 616 1890 aliud
639 1871 656 1889 a
678 1862 765 1889 nobis
789 1864 862 1889 Deus
886 1861 1017 1897 requirit,

247 1921 337 1948 quam
352 1920 494 1939 amorem.
515 1913 590 1945 Ergo
607 1910 630 1937 si
648 1911 781 1945 jejunare
797 1917 857 1936 non
875 1911 967 1944 potes,
985 1916 1020 1936 ex

247 1962 307 1986 toto
328 1959 418 1986 corde
432 1966 499 1985 ama
513 1959 619 1989 Deum,
640 1960 668 1984 et
691 1956 790 1991 accipe
811 1964 961 1983 summum
977 1963 1020 1982 re-

247 2014 348 2041 gnum.
365 2004 515 2040 Numquid
536 2011 635 2031 amare
654 2011 714 2030 non
736 2004 839 2037 potes?
863 2002 1020 2035 Quomodo

249 2052 348 2087 diligis
363 2059 484 2084 aurum,
501 2052 527 2077 et
542 2057 602 2077 non
623 2052 706 2084 potes
726 2049 850 2083 diligere
871 2057 1021 2076 summum

248 2099 362 2127 bonum
374 2100 386 2125 ’Ζ
401 2097 469 2130 Quis
485 2099 527 2124 est
542 2096 592 2131 qui
609 2098 716 2130 Regem
729 2095 854 2122 Franciae
867 2103 927 2122 non
943 2103 1023 2122 auia-

249 2148 301 2179 ret,
318 2145 341 2171 si
357 2145 394 2171 ab
411 2152 445 2171 eo
463 2151 491 2170 se
508 2143 639 2178 accipere
664 2150 789 2176 regnum
814 2150 900 2168 suum
925 2150 1023 2176 spera-

249 2192 310 2219 ret?
323 2193 396 2225 Ergo
418 2190 456 2217 ad
479 2192 569 2216 Deum
589 2189 750 2216 amandum
774 2188 887 2215 inducit
908 2190 1023 2221 natura,

250 2238 371 2266 mandat
399 2237 560 2272 Scriptura,
589 2235 713 2270 impellit
742 2235 834 2269 gratia
846 2256 853 2269 ,
879 2237 906 2262 et
935 2234 1024 2262 allicit

251 2285 346 2320 gloria
363 2293 368 2309 ε
387 2283 425 2311 ad
440 2291 530 2318 quam
550 2290 604 2309 nos
631 2281 773 2316 perducat
792 2283 874 2308 lesus
896 2281 1024 2309 Christus

251 2331 391 2360 Dominus
406 2332 514 2357 noster.

541 2397 667 2437 stanno
690 2408 739 2436 lx.

290 2473 344 2498 Hoc
358 2473 395 2498 est
408 2471 566 2505 proeceptum
587 2477 689 2502 meum,
706 2471 735 2495 ut
753 2469 878 2502 diligatis
901 2470 1025 2502 invicem,

254 2520 323 2545 sieut
339 2518 425 2544 alitem*
440 2525 484 2543 vos
499 2516 519 2542 ⁸³.
535 2518 664 2549 Quatuor
684 2523 719 2541 ex
735 2514 872 2542 charitate
897 2515 1026 2542 amanda

254 2565 329 2597 sunt,
348 2565 377 2590 ut
392 2563 568 2597 Augustinus
588 2561 675 2588 docet
698 2561 727 2587 in
753 2561 828 2588 libro
850 2561 881 2587 [le
897 2562 1027 2588 Duc-(rina

285 2628 289 2642 1
309 2627 315 2649 1
333 2626 400 2650 Cor„
419 2627 488 2648 11.!¹.
506 2636 534 2640 -—-
551 2625 559 2639 ²
573 2624 655 2651 Jmm„
675 2629 716 2653 w,
735 2624 772 2646 12,
790 2636 818 2639 —
837 2623 846 2638 ὅ
866 2624 983 2653 August„
998 2623 1027 2646 tle

244 2663 336 2693 θυι-[Γ.
355 2661 461 2688 01ιιἰ.ςί,,
478 2661 496 2690 Ι,
512 2665 588 2689 xxiii,
607 2661 646 2682 32.

623 208 832 241 SERMONES
853 207 904 239 DE
926 204 1092 238 SANCTlS
1113 204 1153 236 IN
1175 203 1365 237 COMMUNI.
1388 204 1440 236 IX.

1063 273 1220 300 christiana
1236 272 1257 306 ³,
1272 271 1382 300 scilicet
1394 273 1479 306 Deus,
1494 271 1594 307 nostra
1610 269 1719 304 anima,
1733 269 1834 306 proxi-

1060 327 1143 353 mus,
1157 320 1185 346 et
1200 321 1334 347 nostrum
1358 326 1475 354 corpus.
1502 317 1560 346 Sed
1580 316 1678 353 primo
1700 318 1728 343 et
1745 324 1835 352 super

1059 365 1161 393 omnia
1173 365 1320 393 amandus
1329 367 1371 393 est
1385 367 1459 393 Deus
1467 375 1476 400 3
1486 363 1618 392 secundo
1624 363 1693 391 loco
1704 362 1835 391 amanda

1060 414 1102 439 est
1116 412 1215 440 anima
1229 413 1330 440 nostra
1335 421 1344 447 3
1359 411 1444 440 tertio
1452 411 1520 439 loco
1531 409 1677 438 amandus
1687 409 1835 445 estproxi-

1059 466 1126 486 mus
1141 460 1255 489 noster:
1270 461 1375 495 quarto
1396 458 1464 486 loco
1484 457 1648 486 amandum
1671 458 1714 484 est
1727 463 1836 492 corpus

1059 506 1204 532 nostrum.
1221 505 1311 540 Magis
1334 505 1429 539 enim,
1445 512 1536 543 quam
1560 511 1669 539 corpus
1688 504 1833 538 nostrum,

1060 559 1160 579 amare
1173 551 1317 579 debemus
1330 551 1511 586 proximum.
1534 550 1616 578 Unde
1629 551 1657 577 et
1670 557 1726 585 pro
1741 549 1834 577 salute

1059 597 1199 633 proximi,
1214 597 1238 625 si
1252 598 1408 625 necessitas
1422 605 1453 625 se
1471 596 1585 631 offerat,
1604 597 1647 624 est
1660 603 1769 631 corpus
1783 603 1836 632 po-

1060 644 1202 672 nendum.
1215 645 1308 680 Super
1320 644 1422 672 omnia
1437 646 1534 671 autem
1545 664 1554 677 ,
1578 644 1606 670 et
1623 643 1746 678 propter
1758 641 1835 677 seip-

1061 699 1146 724 sum,
1168 690 1313 718 debemus
1334 692 1426 718 Deum
1447 690 1588 725 diligere,
1610 691 1638 716 et
1656 688 1758 716 omnia
1778 687 1837 716 alia

1060 740 1181 774 propter
1205 738 1312 774 ipsum.
1341 739 1387 765 Est
1412 739 1512 765 tamen
1539 736 1587 764 hic
1612 735 1834 769 attendendum,

1062 785 1145 820 quod
1159 784 1227 812 lieet
1237 792 1344 820 corpus
1359 784 1394 812 sit
1409 792 1445 812 ex
1456 784 1595 812 charitate
1610 782 1783 816 amandum,
1799 789 1836 809 eo

1063 830 1147 866 quod
1167 831 1203 858 sit
1227 831 1266 858 ad
1284 830 1498 858 beatitudinem
1521 830 1708 864 ordinatum,
1731 828 1772 856 sic
1793 830 1836 855 ta-

1064 885 1132 905 men
1148 879 1190 905 est
1205 877 1379 911 amandum,
1392 877 1466 905 sicut
1477 876 1610 912 agricola
1621 878 1700 904 amat
1709 875 1838 902 frumen-

1063 926 1125 952 tum
1137 945 1146 958 ,
1161 924 1213 960 qui
1225 945 1232 958 ,
1255 926 1287 951 ut
1308 923 1483 952 fructificare
1501 923 1610 959 possit,
1631 930 1693 950 non
1717 921 1794 949 illud
1808 921 1840 948 in

1064 971 1172 999 scrinio
1185 971 1306 1005 claudit,
1320 971 1369 999 vel
1383 979 1508 1007 pausare
1518 970 1673 1006 permittit3
1690 970 1742 997 sed
1757 972 1839 997 terrae

1065 1017 1104 1045 ad
1116 1018 1355 1045 fructificandum
1374 1017 1546 1050 committit,
1568 1019 1595 1045 et
1609 1016 1781 1052 frigoribus,
1796 1016 1841 1043 ni-

1064 1063 1168 1098 vibus,
1183 1064 1353 1100 pluviisque
1375 1064 1448 1092 illud
1470 1064 1606 1100 exponit3
1623 1071 1677 1090 nec
1694 1063 1726 1090 in
1740 1070 1808 1090 area
1824 1070 1842 1090 a

1066 1110 1176 1138 tribula
1195 1111 1222 1138 ei
1238 1110 1345 1146 parcit3
1371 1110 1424 1138 sed
1448 1113 1508 1138 tam
1531 1110 1583 1137 diu
1609 1109 1684 1137 illud
1706 1108 1841 1145 percutit,

1068 1165 1224 1193 quousque
1239 1157 1366 1193 perfecte
1379 1159 1530 1192 separetur
1543 1165 1561 1184 a
1575 1156 1680 1192 paleis,
1697 1156 1792 1183 donec
1801 1155 1843 1183 ul-

1068 1203 1138 1231 timo
1162 1204 1339 1239 expositum,
1364 1203 1451 1230 nobis
1469 1211 1505 1230 ex
1530 1211 1566 1230 eo
1585 1202 1664 1230 utilis
1682 1202 1733 1230 fiat
1746 1202 1842 1238 panis.

1068 1250 1112 1278 Sic
1133 1250 1221 1277 etiam
1241 1257 1295 1277 nec
1310 1250 1427 1285 corpori
1448 1249 1632 1285 parcendum
1653 1251 1709 1284 est3
1735 1249 1787 1276 sed
1801 1249 1843 1276 sic

1068 1296 1194 1332 perfecte
1217 1296 1424 1330 domandum,
1441 1296 1536 1323 donec
1562 1296 1599 1323 ab
1621 1296 1702 1323 omni
1721 1297 1843 1331 peccato

1069 1344 1154 1372 fuerit
1169 1346 1346 1379 separatum.
1364 1345 1434 1371 ltem
1448 1342 1488 1370 sic
1499 1345 1540 1370 est
1550 1351 1658 1378 corpus
1668 1343 1843 1377 amandum,

1069 1391 1144 1418 sicut
1158 1390 1243 1417 miles
1257 1389 1351 1425 diligit
1370 1389 1509 1425 clypeum
1530 1397 1634 1422 suum,
1651 1397 1740 1425 quem
1756 1388 1843 1417 valde

1070 1437 1175 1472 diligit,
1190 1439 1218 1464 et
1233 1444 1323 1464 manu
1338 1436 1448 1464 fortiter
1461 1436 1590 1471 stringit;
1600 1436 1653 1463 sed
1666 1439 1768 1464 contra
1782 1443 1844 1463 om-

1070 1493 1122 1512 nes
1146 1485 1220 1512 ictus
1241 1484 1328 1511 illum
1343 1483 1484 1520 exponit,
1504 1485 1536 1510 ut
1558 1483 1675 1518 gladius
1690 1482 1716 1510 ei
1730 1478 1841 1518 parcat.

1070 1533 1163 1559 Tertio
1178 1531 1219 1558 sic
1234 1534 1276 1558 est
1288 1525 1450 1558 am⁰andum
1465 1538 1589 1565 corpus,
1604 1530 1678 1556 sicut
1701 1529 1785 1556 miles
1800 1529 1844 1556 di-

1071 1578 1134 1613 ligit
1149 1586 1270 1613 equum,
1286 1585 1375 1613 quem
1393 1577 1501 1612 pascit,
1518 1579 1545 1603 et
1560 1576 1659 1610 tergit3
1676 1575 1727 1603 sed
1742 1575 1767 1603 ei
1782 1575 1843 1603 cal-

1072 1624 1189 1652 caribus
1205 1632 1265 1650 non
1278 1623 1386 1659 parcit;
1403 1631 1457 1650 nec
1473 1623 1633 1650 bellaturus
1648 1631 1664 1649 a
1680 1622 1761 1650 bello
1774 1622 1845 1650 sub-

1072 1671 1169 1704 trahit,
1189 1671 1239 1698 scd
1256 1673 1357 1697 contra
1379 1670 1476 1697 hostes
1490 1671 1565 1697 stare
1590 1669 1751 1705 compellit.
1775 1671 1844 1697 item

1073 1719 1178 1753 quarto
1202 1719 1244 1744 est
1270 1725 1376 1752 corpus
1400 1717 1440 1743 sic
1462 1716 1641 1750 amandum,
1663 1716 1736 1743 sicut
1755 1723 1847 1743 mem-

1073 1765 1161 1792 brum
1185 1764 1336 1791 infirmum
1362 1765 1390 1790 et
1414 1763 1584 1799 putridum,
1609 1763 1655 1790 cui
1676 1770 1736 1790 non
1752 1763 1846 1798 parcit

1074 1811 1207 1846 gladius;
1225 1810 1286 1844 sed,
1301 1811 1374 1837 sicut
1395 1809 1481 1837 saluti
1507 1809 1594 1836 totius
1609 1809 1741 1845 corporis
1757 1816 1846 1844 expe-

1075 1858 1127 1891 dit,
1148 1857 1178 1884 id
1201 1857 1291 1884 incidi
1316 1856 1474 1892 permittit,
1498 1856 1612 1891 quoties
1636 1855 1775 1891 expedire
1799 1863 1848 1883 co—

1075 1905 1197 1939 gnoscit.
1216 1906 1254 1931 Ex
1271 1904 1380 1939 quibus
1403 1903 1542 1930 omnibus
1565 1904 1664 1938 aperte
1690 1901 1848 1937 colligitur,

1076 1952 1158 1987 quod
1178 1959 1285 1987 corpus
1304 1953 1371 1978 tunc
1397 1958 1464 1977 vere
1492 1951 1622 1980 amatur,
1647 1949 1768 1984 quando
1793 1957 1848 1984 pro

1075 1999 1188 2026 honore
1204 1998 1262 2031 Dei,
1278 2005 1332 2033 pro
1349 1996 1441 2024 salute
1457 1996 1562 2023 animae
1583 2004 1641 2022 suae
1662 1997 1690 2022 et
1708 1995 1847 2030 proximi,

1077 2045 1100 2071 ei
1117 2052 1177 2071 non
1190 2044 1335 2080 parcitur,
1353 2042 1403 2070 sed
1419 2043 1594 2070 verberibus
1614 2044 1640 2069 et
1656 2041 1743 2069 morti
1757 2049 1849 2077 expo-

1077 2091 1163 2118 nitur.
1183 2093 1212 2118 ln
1232 2090 1324 2117 verbo
1348 2098 1418 2123 ergo
1438 2089 1588 2124 praemisso
1613 2088 1700 2116 nobis
1724 2088 1850 2116 charitas

1077 2138 1178 2166 Christi
1195 2137 1429 2165 commendatur.
1453 2138 1483 2163 Et
1504 2136 1599 2172 primo
1625 2135 1850 2163 commendatur

1079 2185 1224 2212 charitatis
1240 2185 1417 2219 prz‘eceptum
1428 2204 1436 2217 ,
1453 2184 1597 2218 quantum
1613 2183 1652 2210 ad
1666 2190 1725 2210 suae
1749 2182 1850 2217 gloriae

1078 2231 1276 2267 praeeonium3
1297 2229 1426 2257 secundo
1448 2229 1579 2265 praecipit
1606 2229 1694 2256 nobis
1717 2236 1851 2264 supernae

1080 2277 1245 2305 dilectionis
1271 2277 1428 2310 att'ectum;
1460 2276 1542 2303 tertio
1570 2276 1734 2303 dilectionis
1759 2276 1850 2311 ipsius

1080 2326 1130 2353 dat
1149 2326 1275 2352 sormam
1300 2325 1327 2350 et
1347 2323 1481 2350 modum.
1513 2324 1543 2350 Et
1567 2322 1607 2350 sic
1630 2323 1759 2358 primum
1784 2322 1852 2350 facit

1080 2373 1259 2408 princeptum
1275 2369 1444 2397 venerabile
1457 2379 1464 2403 ;
1482 2370 1644 2397 secundum
1658 2369 1849 2403 honorabile3

1082 2418 1197 2446 tertium
1232 2424 1300 2444 vero
1335 2416 1584 2443 commendabile.
1621 2417 1741 2443 Notatur
1773 2415 1851 2443 enim

1079 2465 1176 2501 primo
1190 2463 1298 2491 amoris
1313 2463 1460 2497 singulare
1482 2462 1662 2498 praeconium
1673 2483 1680 2496 ‚
1698 2471 1765 2489 cum
1781 2462 1852 2489 dici-

1081 2514 1127 2539 tur
1144 2521 1150 2538 ;
1167 2512 1222 2538 Hoc
1237 2513 1275 2538 est
1288 2514 1451 2545 praeceptum
1465 2518 1560 2537 meum.
1572 2511 1672 2537 Nonne
1686 2508 1852 2536 venerabile

1081 2562 1122 2586 est
1137 2560 1163 2585 et
1178 2556 1326 2592 singulare
1341 2556 1537 2592 praeconium,
1561 2555 1681 2591 quando
1700 2555 1756 2583 hoc
1777 2563 1852 2591 prae-

1082 2608 1199 2640 ceptum
1209 2604 1356 2631 constituit
1371 2603 1557 2638 singulariter
1565 2610 1626 2629 esse
1636 2610 1720 2629 suum
1730 2604 1743 2629 ἵ)
1753 2604 1853 2636 Quaere

1082 2660 1171 2689 supra
1187 2659 1305 2679 causam
1322 2651 1351 2678 in
1366 2649 1541 2687 praecedenti
1553 2650 1704 2677 Sermone.
1718 2649 1853 2677 Secundo

1879 835 1958 856 Exem-

1872 865 1935 901 plum

1856 901 1953 924 primum

1886 1349 1964 1367 Exem-

1857 1378 1920 1405 plum
1932 1383 1965 1398 se-

1858 1409 1964 1430 cundum.

1888 1551 1965 1571 Exem-

1859 1582 1920 1608 plum
1926 1584 1966 1603 ter-

1860 1614 1924 1634 tium.

1888 1677 1966 1696 Exem-

1881 1707 1943 1733 plum

1860 1739 1964 1764 quartum
