2029 3052
602 211 652 244 DE
673 208 888 242 MIRACULlS
912 206 1040 240 lPSlUS
1063 207 1162 240 POST
1184 206 1362 240 MORTEM.

175 279 383 313 intolerabilis
402 278 586 317 exhalaret,
610 279 647 310 ut
668 278 766 310 etiam
787 277 855 318 ipsa
878 276 948 316 ejus

175 344 258 366 uxor
282 334 487 366 vehementer
508 332 673 370 horreret,
698 331 859 372 nullisque
879 331 947 370 jam

175 387 326 420 humanis
344 386 452 428 juvari
473 387 578 426 posset
598 385 768 424 remediis,
793 383 950 416 convertit

175 451 209 473 se
237 441 276 473 ad
301 440 384 472 beati
411 439 510 480 patris
539 438 696 471 Francisci
724 437 946 480 patrocinium,

175 497 295 536 quanta
309 494 432 535 poterat
445 492 611 524 devotione
626 492 832 533 poscendum,
851 499 949 532 quem

177 549 258 580 inter
286 548 372 588 ipsos
396 547 478 578 ictus
505 555 571 578 una
598 555 672 578 cum
697 546 793 578 Beata
818 544 950 585 Virgine

176 602 383 635 fidentissime
405 601 568 633 invocaret
597 601 650 640 (α).
675 600 714 632 Et
739 609 810 631 ecce
833 598 950 630 misero

177 656 211 687 in
237 654 353 687 lectulo
384 653 570 685 calamitatis
601 653 741 685 solitar10
769 651 948 690 decubanti,

176 717 252 740 cum
265 707 426 739 Francisci
439 716 558 738 nomen
569 707 706 747 vigilans
720 708 751 738 et
762 706 883 746 ejulans
894 705 952 736 sre-

177 761 327 802 quentius
341 760 519 802 replicaret,
534 760 633 791 astitit
646 760 778 800 quidam
790 759 823 790 in
839 758 951 790 habitu

177 814 282 846 fratris
297 813 440 852 minoris,
456 822 512 854 per
526 813 708 851 fenestram,
723 815 759 844 ut
773 813 801 843 ei
818 812 950 844 videba-

176 869 240 906 tur,
256 867 434 907 ingressus.
452 866 511 904 Qui
530 875 647 898 vocans
662 875 737 898 eum
754 875 794 897 ex
808 865 950 904 nomine,

177 921 280 952 dixit:
296 920 376 959 Quia
397 920 549 952 fiduciam
572 919 713 951 habuisti
734 919 767 950 in
790 928 862 957 me,
878 928 951 950 ecce

178 975 333 1007 Dominus
361 974 509 1006 liberabit
538 976 579 1004 te.
611 974 639 1004 A
664 982 728 1013 quo
751 982 825 1003 cum
849 980 949 1011 aeger,

177 1029 251 1069 quis
271 1031 367 1067 esset,
393 1028 584 1068 requireret,
610 1026 815 1058 Franciscum
841 1025 893 1056 ille
919 1034 952 1056 se

178 1091 246 1113 esse
262 1082 434 1122 respondit.
457 1081 494 1112 Et
509 1081 615 1112 statim
630 1080 824 1121 appropians
837 1079 950 1111 vulne-

179 1145 252 1168 rum
273 1136 358 1168 illius
378 1136 533 1176 ligaturas
554 1135 703 1172 resolvit,
732 1136 762 1165 et
787 1143 862 1165 eum
891 1143 951 1164 un-

180 1191 302 1229 guento
318 1199 374 1229 per
388 1198 500 1220 omnes
514 1189 638 1229 plagas,
650 1190 686 1219 ut
697 1188 875 1225 videbatur,
887 1195 954 1227 per-

178 1243 282 1274 unxit.
308 1235 420 1274 Statim
444 1244 570 1279 autem,
597 1245 632 1272 ut
646 1241 742 1272 sensit
760 1241 887 1272 illarum
900 1249 953 1271 sa-

179 1305 307 1328 crarum
344 1305 501 1327 manuum
517 1320 525 1333 ‚
557 1295 746 1335 stigmatum
782 1294 954 1326 Salvatoris

178 1350 297 1381 virtute
316 1358 428 1380 sanare
449 1349 642 1387 valentium,
667 1357 801 1379 suavem
825 1349 951 1383 contac—

180 1406 261 1441 tum,
278 1403 411 1443 expulsa
426 1403 594 1443 putredine
606 1427 614 1441 ,
635 1403 781 1433 restituta
796 1411 907 1440 carne,
924 1403 954 1433 et

182 1451 370 1490 vulneribus
392 1456 548 1495 solidatis,
574 1457 737 1487 restitutus
761 1457 805 1486 est
827 1455 954 1494 integre

182 1510 325 1550 pristinae
344 1510 497 1550 sospitati.
521 1510 589 1547 Quo
613 1510 710 1548 facto,
734 1509 846 1540 heatus
865 1510 955 1549 pater

181 1563 339 1594 abscessit.
357 1563 395 1594 Et
407 1564 472 1604 ipse
486 1564 624 1594 sentiens
640 1572 673 1594 se
689 1564 855 1601 sanatum,
873 1564 904 1593 et
922 1562 955 1592 in

181 1625 292 1648 vocem
307 1617 424 1649 divinae
438 1617 551 1655 laudis,
573 1619 604 1648 et
618 1617 652 1648 B.
670 1617 829 1648 Francisci
843 1616 955 1647 Iaetan-

179 1672 230 1702 ter
245 1679 428 1710 erumpens,
445 1671 572 1702 vocavit
585 1679 733 1701 uxorem.
750 1670 791 1700 At
804 1669 858 1700 illa
874 1669 956 1700 cele-

180 1724 249 1755 rius
270 1733 420 1763 currenS,
446 1727 476 1755 et
501 1727 583 1756 stare
606 1725 675 1764 jam
704 1724 833 1762 videns,
858 1732 955 1764 quem

181 1778 399 1818 sepeliendum
413 1779 559 1809 credebat
572 1779 607 1809 in
623 1778 774 1817 crastino,
787 1787 860 1809 cum
877 1780 958 1808 esset

182 1834 311 1872 stupore
329 1833 511 1863 vehementi
531 1833 714 1872 perterrita,
732 1832 882 1863 viciniam
909 1835 956 1862 to-

182 1887 248 1916 tam
269 1885 406 1916 clamore
429 1885 609 1925 complevit.
627 1885 835 1916 Accurrentes
850 1887 957 1916 autem

183 1938 245 1976 sui,
262 1947 335 1968 cum
355 1938 447 1969 illum
468 1938 647 1969 niterentur
662 1941 813 1978 tanquam
830 1938 956 1968 freneti-

183 2001 257 2023 cum
274 1992 306 2022 in
330 1991 411 2022 lecto
426 2001 590 2032 reponere,
606 1994 637 2022 et
648 1991 700 2022 ille
715 2001 731 2022 e
747 1994 858 2022 contra
872 1991 956 2022 reni-

183 2047 252 2076 tens
265 2047 418 2076 assereret
432 2047 462 2075 et
476 2045 654 2076 ostenderet
668 2055 701 2076 se
714 2047 873 2082 sanatum,
892 2048 958 2076 tan-

183 2101 216 2130 to
231 2100 305 2129 sunt
319 2100 448 2139 stupore
463 2099 598 2136 attoniti,
616 2101 651 2130 ut
664 2099 755 2139 quasi
771 2099 838 2129 sine
852 2101 958 2130 mente

185 2162 295 2183 omnes
315 2153 436 2191 effecti,
453 2153 689 2193 phantasticum
713 2163 780 2185 esse
795 2154 959 2185 crederent

185 2206 270 2246 quod
284 2206 450 2244 videbant,
466 2207 541 2247 quia
555 2216 650 2247 quem
666 2207 760 2248 paulo
774 2210 847 2238 ante
866 2217 959 2239 cons-

185 2261 338 2300 pexerant
362 2259 466 2299 plagis
491 2261 696 2291 atrocissimis
722 2261 896 2299 laniatum,
929 2264 960 2293 et

185 2315 289 2343 totum
307 2313 375 2352 jam
397 2313 593 2351 marcidum,
611 2314 704 2354 plena
718 2314 891 2345 cernebant
907 2316 958 2345 in-

186 2365 368 2397 columitate
398 2366 585 2405 Jocundum.
618 2367 666 2397 Ad
698 2376 778 2407 qnos
805 2367 877 2405 ille,
903 2368 959 2408 qni

186 2419 286 2450 factus
312 2419 415 2449 fuerat
438 2427 558 2450 sanus:
575 2419 677 2450 Nolite
700 2421 821 2459 timere,
842 2421 957 2461 inquit,

186 2472 284 2503 nolite
306 2473 432 2503 credere
458 2473 572 2510 inane,
597 2473 680 2513 quod
707 2474 857 2512 cernitis,
885 2475 960 2514 quia

187 2524 218 2556 S.
236 2525 258 2556 F
261 2526 421 2556 ranciscus
446 2526 540 2556 modo
564 2535 582 2556 a
603 2526 671 2557 loco
687 2527 827 2564 recessit,
844 2529 874 2558 et
889 2527 958 2557 illa-

186 2587 261 2609 rum
284 2588 447 2610 sacrarum
467 2589 622 2610 manuum
646 2581 731 2610 tactu
756 2589 807 2610 me
835 2580 960 2619 integre

188 2631 228 2661 ab
250 2633 339 2663 omni
363 2633 459 2672 plaga
485 2633 619 2664 curavit.
643 2632 863 2664 Crebrescente
888 2636 957 2665 tan-

222 2695 254 2725 (ιι)
274 2695 348 2718 Forte
366 2695 414 2727 leq.
431 2695 569 2720 invocarat.

1726 209 1783 239 347

1003 274 1075 306 dem
1089 275 1188 316 hujus
1203 276 1288 307 fama
1303 274 1462 313 miraculi,
1476 274 1631 306 accelerat
1645 274 1784 315 populus

1002 328 1123 367 omnis,
1148 331 1180 360 et
1201 329 1343 360 videntes
1367 327 1399 359 in
1419 329 1486 359 tam
1501 330 1610 368 aperto
1634 328 1783 368 prodigio

1002 381 1189 421 stigmatum
1214 381 1248 413 B.
1274 381 1434 413 Francisci
1456 381 1622 420 virtutem,
1637 381 1782 412 admira-

1002 435 1088 467 tione
1109 435 1205 468 simul
1221 438 1252 467 et
1269 435 1388 476 gaudio
1407 435 1614 476 replebantur
1625 458 1633 472 ,
1650 434 1782 466 Christi-

1002 497 1065 529 que
1086 489 1280 529 signiferum
1307 489 1436 529 magnis
1456 488 1590 520 laudum
1613 487 1783 528 praeconiis

1002 541 1208 573 extollebant.
1238 541 1341 582 Digne
1372 542 1502 583 quidem
1536 542 1648 573 beatus
1682 543 1783 582 pater,

1003 604 1098 626 carne
1109 596 1176 634 Jam
1194 597 1342 626 mortuus
1353 619 1361 633 ,
1378 598 1409 626 et
1422 596 1537 627 vivens
1553 603 1627 626 cum
1644 594 1780 632 Christo,

1003 648 1182 689 praesentiae
1204 657 1271 679 sure
1296 648 1476 680 ostensione
1496 647 1646 684 mirabili.
1663 649 1695 678 et
1713 657 1783 678 ma-

1003 712 1106 734 nuum
1117 711 1281 733 sacrarum
1296 702 1476 742 palpatione
1490 702 1599 740 suavi,
1615 701 1783 733 vulnerato

1004 756 1164 788 lethaliter
1191 757 1261 788 viro
1288 756 1457 787 sanitatem
1494 756 1648 787 concessit
1668 780 1677 794 ,
1707 764 1783 786 cum

1003 810 1089 841 illius
1104 810 1200 841 etiam
1217 810 1252 841 in
1266 819 1299 841 se
1310 810 1460 850 stigmata
1474 809 1595 848 tulerit,
1610 809 1665 850 qui
1683 809 1778 840 mise-

1004 863 1170 894 ricorditer
1185 863 1343 901 moriens,
1367 865 1398 894 et
1419 863 1606 894 mirabiliter
1626 871 1776 902 surgens,

1005 917 1210 948 vulneratum
1235 926 1341 957 genus
1365 918 1564 955 humanum,
1589 919 1620 948 et
1648 916 1783 948 semivi-

1006 979 1085 1002 vum
1098 971 1256 1009 relictum,
1273 971 1443 1011 plagarum
1458 980 1591 1002 suarum
1607 971 1726 1002 virtute
1740 979 1787 1001 sa-

1007 1025 1110 1056 navit.

1046 1078 1141 1118 Apud
1166 1078 1344 1109 Potentiam
1367 1078 1493 1118 Apuliae
1515 1078 1694 1116 civitatem,
1720 1079 1789 1109 erat

1007 1131 1138 1170 quidam
1158 1131 1293 1162 clericus
1318 1130 1478 1170 Rogerius
1499 1131 1646 1169 nomine,
1663 1131 1714 1162 vir
1728 1131 1786 1162 ho-

1006 1184 1170 1223 norabiliS,
1187 1188 1216 1215 et
1227 1184 1365 1215 ecclesiae
1377 1184 1508 1225 msij0ris
1523 1184 1709 1215 Canonicus.
1725 1183 1785 1215 Hic

1008 1247 1082 1269 cum
1105 1237 1290 1268 infirmitate
1313 1240 1498 1278 quassatus,
1514 1237 1564 1268 die
1578 1237 1717 1277 quadam
1732 1246 1784 1268 ec-

1008 1292 1136 1322 clesiam
1150 1294 1299 1322 oraturus
1310 1292 1466 1330 intrasset,
1482 1292 1513 1322 in
1525 1301 1589 1332 qua
1600 1293 1667 1322 erat
1678 1291 1786 1331 imago

1008 1345 1042 1377 B.
1061 1345 1084 1376 F
1087 1345 1218 1377 rancisci
1237 1345 1376 1385 depicta⁷
1402 1345 1542 1384 gloriosa
1566 1345 1718 1384 stigmata
1733 1354 1785 1376 re-

1009 1402 1218 1440 praesentans,
1228 1400 1322 1440 coepit
1337 1400 1375 1430 de
1391 1400 1476 1430 illius
1493 1400 1710 1431 sublimimate
1726 1400 1786 1430 sni-

1012 1455 1112 1485 raculi
1128 1457 1280 1494 tanquam
1293 1454 1331 1485 de
1342 1463 1376 1484 re
1391 1454 1523 1484 omnino
1539 1453 1665 1484 insolita
1679 1455 1709 1484 et
1724 1453 1785 1483 im-

1011 1507 1155 1548 possibili
1171 1508 1326 1538 dubitare.
1344 1507 1455 1538 SubIto
1471 1508 1583 1546 igitur,
1593 1507 1670 1538 dum
1682 1508 1788 1538 mente

1010 1561 1158 1601 plagatus
1180 1561 1313 1592 interius
1330 1562 1485 1600 cogitaret
1501 1561 1618 1598 inania,
1635 1561 1668 1591 in
1683 1561 1789 1600 palma

1011 1615 1147 1645 sinistrae
1174 1624 1288 1645 manus
1308 1614 1367 1645 sub
1391 1614 1574 1645 chirotheca
1597 1614 1739 1653 graviter
1755 1623 1787 1644 se

1012 1668 1108 1698 sensit
1122 1677 1190 1699 esse
1203 1677 1400 1708 percussum,
1417 1668 1558 1698 sonitum
1572 1667 1706 1698 audiens
1720 1676 1790 1707 per-

1013 1730 1167 1758 cussurae,
1192 1721 1280 1752 velut
1305 1730 1380 1752 cum
1407 1721 1566 1761 spiculum
1598 1721 1722 1760 prosilit
1753 1721 1791 1752 de

1012 1776 1125 1806 balista
1146 1786 1152 1806 ε
1180 1784 1320 1815 moxque
1350 1778 1415 1805 tam
1456 1775 1586 1806 vulnere
1615 1775 1786 1813 sauciatus,

1013 1839 1110 1869 quam
1139 1830 1246 1860 sonitu
1266 1830 1481 1869 stupefactus,
1506 1828 1724 1860 chirothecam
1755 1829 1794 1859 de

1015 1893 1113 1914 manu
1142 1883 1259 1921 traxit,
1288 1886 1322 1913 ut
1352 1883 1425 1913 visu
1456 1883 1678 1922 dignosceret,
1707 1882 1792 1922 quod

1014 1939 1099 1968 tactu
1121 1939 1303 1977 perceperat
1325 1941 1354 1967 et
1380 1936 1503 1967 auditu.
1532 1936 1675 1976 Cumque
1705 1936 1794 1967 nulla

1014 1991 1122 2021 suisset
1145 1991 1234 2030 prius
1255 1990 1288 2020 in
1313 1990 1418 2030 palma
1440 1990 1612 2030 percussio,
1627 1990 1794 2030 conspexit

1013 2044 1048 2074 in
1064 2044 1167 2075 medio
1183 2053 1299 2074 manus
1314 2044 1457 2084 plagam,
1474 2043 1566 2083 quasi
1582 2043 1708 2082 sagittae
1724 2052 1795 2083 per-

1014 2097 1161 2128 cussione
1183 2097 1335 2128 inflictam
1348 2121 1355 2135 ,
1373 2106 1412 2127 ex
1429 2106 1493 2136 qua
1513 2098 1599 2126 tanta
1614 2096 1664 2127 vis
1680 2105 1794 2136 proce-

1015 2151 1108 2182 debat
1133 2151 1254 2182 ardoris
1266 2175 1273 2188 ,
1290 2153 1325 2181 ut
1340 2150 1502 2182 videretur
1517 2159 1558 2180 ex
1574 2149 1627 2181 illo
1645 2150 1791 2181 deficere.

1016 2205 1157 2235 Mirabile
1172 2205 1275 2235 dictu!
1294 2203 1419 2234 nullum
1442 2203 1474 2233 in
1495 2202 1678 2234 chirotheca
1695 2204 1792 2234 vesti-

1016 2260 1108 2300 gium
1123 2260 1304 2299 apparebat,
1322 2261 1358 2289 ut
1373 2259 1481 2289 latenti
1497 2258 1603 2298 plagae
1618 2259 1732 2296 cordis,
1749 2259 1792 2289 la-

1015 2316 1117 2344 tenter
1138 2314 1256 2343 inflicta
1282 2322 1376 2353 poena
1405 2313 1549 2343 vulneris
1572 2313 1789 2352 responderet.

1016 2367 1136 2398 Clamat
1152 2366 1266 2397 exinde
1283 2375 1339 2406 per
1353 2367 1431 2397 duos
1446 2366 1523 2404 dies,
1541 2368 1571 2396 et
1587 2366 1685 2404 rugit,
1703 2365 1791 2395 dolo-

1016 2430 1050 2451 re
1067 2419 1259 2459 gravissimo
1272 2419 1462 2457 stimulatus⁷
1476 2421 1506 2449 et
1520 2418 1674 2449 increduli
1688 2418 1792 2448 cordis

1016 2474 1162 2505 velamen
1172 2473 1306 2512 explicat
1322 2473 1489 2503 universis.
1508 2471 1639 2502 Credere
1653 2480 1684 2501 se
1702 2480 1792 2502 vera-

1017 2528 1092 2558 citer
1117 2536 1205 2557 sacra
1227 2527 1373 2566 stigmata
1398 2527 1429 2556 in
1455 2527 1561 2556 sancto
1582 2525 1677 2555 fuisse
1691 2524 1793 2555 Fran-

1017 2580 1097 2610 cisco
1113 2580 1229 2610 fatetur
1244 2582 1275 2610 et
1286 2580 1394 2618 jurat,
1410 2581 1590 2609 contestans
1611 2578 1716 2608 omnis
1733 2573 1794 2609 du-

1015 2633 1177 2664 bitationis
1188 2633 1372 2663 abscessisse
1383 2632 1614 2671 phantasmata.
1629 2631 1703 2663 Orat
1722 2641 1795 2672 sup-

1017 2687 1140 2728 pliciter
1153 2688 1299 2717 sanctum
1318 2686 1367 2716 Dei
1384 2694 1438 2725 per
1460 2694 1548 2716 sacra
1563 2685 1624 2716 sibi
1640 2685 1793 2724 stigmata
