2029 3052
57 1992 142 2013 Mendi-

34 2023 89 2043 citas
102 2030 140 2044 su-

42 2060 133 2080 pereru-

42 2085 138 2110 gationis

34 2115 134 2136 laudabi-

35 2146 62 2167 lis
74 2147 114 2168 est.

623 192 780 226 CONTRA
803 191 1039 224 MAGISTRUM
1062 193 1308 227 GUlLELMUM.

159 259 213 293 vel
234 259 501 299 consanguinem,
526 260 580 291 illa
601 261 653 293 vel
674 260 728 292 illa
751 259 884 300 regione
904 268 937 291 se

159 313 285 344 audisse
307 313 428 351 vivere,
449 315 480 344 et
494 313 534 345 ad
553 323 606 346 eos
620 322 756 355 pergere
771 313 937 344 mentiun-

159 371 233 407 tur3
252 371 282 400 et
298 377 409 400 omnes
428 371 560 410 petunt,
576 378 689 402 omnes
710 369 866 409 exigunt,
882 370 939 399 aut

162 425 310 463 sumptus
347 423 481 454 lucrosae
510 423 672 463 egestatis,
698 425 754 455 aut
778 422 937 454 simulatae

160 476 300 516 pretium
321 476 505 508 sanctitatis.
525 488 541 506 v>
560 477 674 508 Contra
697 477 775 508 tales
799 476 937 508 multum

160 528 327 560 invehitur
351 529 387 560 B.
411 529 614 570 Augustinus
639 531 671 561 in
691 530 773 562 libro
789 530 831 562 De
848 537 937 570 opere

159 581 405 622 Monachorum,
431 592 489 623 pro
512 593 550 615 eo
572 584 658 624 quod
681 584 847 625 pigritiam
871 593 937 614 non

159 635 286 666 tantum
299 636 333 666 in
347 644 380 666 se
393 636 470 676 ipsis
485 637 693 668 mendicando
708 637 868 675 fovebant,
886 645 938 669 vc-

159 689 329 721 rumetiam
344 690 547 730 praedicando
566 691 635 722 aliis
650 691 835 729 suadebant,
853 690 936 721 malc

158 742 373 782 intelligentes
395 743 626 783 Evangelium,
644 744 699 775 ubi
714 743 841 775 videtur
855 743 936 774 insi-

157 805 258 828 nuare
272 797 359 837 quod
378 806 444 829 non
461 798 500 828 sit
514 798 554 829 ab
568 797 766 836 hominihus,
783 798 865 828 sicut
877 807 936 829 nec

157 850 198 881 ab
213 851 339 890 avibus,
355 851 578 891 laborandum,
591 853 622 883 et
634 853 725 892 pejiis
740 853 935 892 exponentes

157 903 358 944 Apostolum,
374 905 431 936 ubi
447 905 616 945 persuadet
631 905 784 936 fratribus
797 905 933 945 operari,

156 957 295 989 dicentes
318 967 386 990 esse
406 959 652 999 intelligendum
675 959 752 990 illud
768 959 805 990 de
826 959 936 990 labore

156 1011 324 1052 spirituali,
348 1014 379 1043 et
399 1022 465 1044 non
485 1013 652 1053 corporali.
669 1011 708 1043 Et
729 1012 807 1052 quia
822 1013 857 1043 in
874 1013 935 1044 hoc

156 1065 275 1105 seipsos
290 1065 499 1106 decipiebant,
516 1068 547 1097 et
567 1066 659 1105 aliOS,
677 1066 748 1097 ideo
763 1059 934 1106 reprehen-

156 1119 201 1150 dit
222 1128 277 1150 cos
299 1119 517 1160 Augustinus,
538 1122 569 1151 et
585 1120 808 1161 multipliciter
828 1122 936 1151 osten—

156 1172 202 1203 dit
224 1173 421 1204 contrarium
442 1183 498 1214 per
528 1175 631 1205 totum
651 1173 769 1205 librum
792 1174 829 1206 de
842 1182 935 1214 opere

155 1225 382 1258 Monachorum
399 1251 407 1265 ,
440 1227 496 1267 qui
519 1229 604 1258 totus
633 1229 680 1258 est
713 1230 824 1259 contra
846 1228 932 1266 illos,

154 1279 209 1319 qui
231 1281 409 1320 approbant
429 1280 519 1311 hunc
533 1281 709 1312 secundum
732 1281 934 1313 mendicandi

154 1332 297 1363 modum.
317 1333 405 1364 Unde
420 1333 452 1364 in
468 1333 583 1364 talibus
600 1333 696 1365 dicit¹
710 1345 716 1364 :
737 1346 751 1364 c(
766 1333 846 1374 (Qui)
862 1336 933 1366 tan-

154 1395 252 1426 quam
264 1387 531 1418 conservatricem
543 1387 709 1427 Evangelii
725 1388 933 1428 praedicantes

157 1441 265 1483 (erant)
285 1442 462 1482 pigritiam,
479 1445 632 1484 tanquam
646 1445 933 1484 praevaricatricem

154 1498 338 1527 accusantes
360 1496 621 1527 misericordiam.
646 1496 775 1528 Utinam
799 1498 851 1528 isti
877 1498 933 1538 qui

153 1558 269 1580 vacare
296 1549 408 1581 volunt
433 1550 600 1588 manibus,
625 1551 757 1581 omnino
782 1553 933 1582 vacarent

153 1604 184 1633 et
203 1602 335 1642 linguis.
362 1603 471 1643 Neque
488 1604 575 1634 enim
590 1605 656 1634 tam
672 1604 790 1635 multos
804 1605 843 1636 ad
859 1605 933 1635 imi-

153 1656 306 1688 tationem
321 1657 505 1696 invitarent,
520 1657 546 1688 si
563 1657 608 1688 eis
621 1658 717 1689 etiam
726 1667 792 1689 non
805 1660 932 1689 tantum

153 1710 258 1750 pigra,
271 1711 483 1742 verumetiam
492 1713 581 1742 muta
589 1715 815 1751 proponerent.
825 1712 835 1728 ²
843 1711 868 1743 N
873 1721 934 1742 unc

154 1766 262 1795 autem
294 1767 404 1796 contra
439 1765 628 1805 Apostolum
653 1765 767 1796 Christi
801 1766 935 1797 recitant

154 1817 369 1857 Evangelium
406 1818 532 1850 Christi.
566 1819 613 1849 lta
660 1819 746 1849 enim
776 1819 934 1850 mirabilia

155 1874 230 1902 sunt
244 1880 340 1911 opera
367 1871 556 1911 pigrorum,
591 1874 627 1903 ut
646 1872 800 1912 impedire
836 1873 935 1904 velint

156 1924 382 1964 Evangelium.
395 1936 409 1954 ι)

196 1977 321 2009 Tertius
345 1981 452 2009 autem
477 1979 592 2010 modus
611 1979 813 2010 mendicandi
833 1982 934 2011 estex

156 2033 437 2072 supererogatione
460 2033 616 2073 Justitiae:
643 2035 673 2064 et
696 2033 756 2064 hoc
781 2035 838 2076 est,
859 2043 933 2064 rum

157 2086 230 2125 quis
245 2086 402 2117 mendicat
414 2093 472 2126 pro
488 2085 611 2117 Christo
624 2087 789 2126 imitando,
807 2087 859 2119 vel
874 2096 932 2127 pro

157 2139 416 2178 evangelizando,
432 2139 483 2171 vel
498 2142 634 2180 utroque
651 2141 756 2171 modo.
775 2141 836 2172 Pro
848 2141 933 2171 Chri-

157 2194 224 2230 sto,
249 2192 400 2232 inquam,
417 2193 590 2231 imitando,
614 2196 772 2234 quantum
796 2194 835 2225 ad
856 2204 931 2225 con-

156 2245 315 2283 temptum
338 2243 408 2282 sui,
425 2244 573 2275 affectum
596 2245 745 2284 proximi,
764 2247 794 2276 et
808 2245 932 2276 cultum

155 2297 221 2328 Dei.
247 2297 326 2329 Nam
350 2298 383 2328 in
408 2298 459 2328 his
479 2298 581 2329 tribus
595 2299 758 2339 potissime
778 2300 931 2331 debemus

156 2350 317 2381 Christum
342 2350 472 2382 imitari.
498 2351 587 2388 Quod
610 2352 738 2391 quidem
758 2353 845 2391 facit,
874 2353 931 2393 qui

155 2404 334 2436 voluntarie
357 2404 514 2435 mendicat
531 2414 588 2444 pro
602 2406 733 2437 nomine
753 2406 879 2445 Christi,
896 2409 932 2438 ut

156 2457 296 2497 seipsum
312 2457 456 2496 vilificet,
473 2459 505 2488 et
521 2458 678 2497 humiliet,
695 2461 731 2490 ut
745 2460 931 2499 proximum

156 2519 251 2541 suum
272 2511 406 2542 aedificet
414 2535 423 2550 ‚
450 2513 480 2542 et
495 2514 646 2551 provocet
660 2513 699 2543 ad
714 2513 864 2553 pietatem
875 2539 883 2553 ,
900 2517 932 2545 et

156 2566 192 2595 ut
206 2567 295 2596 vacet
308 2565 371 2597 Deo
384 2565 484 2597 libera
491 2568 609 2605 mente,
621 2565 762 2606 deposita
776 2568 864 2598 omni
875 2577 931 2599 sae-

190 2645 194 2659 ¹
218 2646 333 2677 August„
358 2647 393 2670 De
414 2648 490 2678 Opere
509 2647 632 2676 Monach„
657 2654 680 2671 c.
703 2653 774 2678 xxm,
796 2654 821 2672 n.
841 2649 880 2672 26.
903 2661 932 2666 —

158 2680 166 2694 2
182 2681 255 2711 thid„
270 2688 292 2705 c.
309 2688 392 2713 xxm,
407 2690 433 2707 n.
454 2685 492 2707 27.
506 2697 536 2702 —
550 2683 560 2700 ⁸
574 2685 654 2715 Aug„
674 2690 751 2708 serm.
768 2690 805 2714 xx,
820 2684 852 2709 al.
868 2690 931 2708 xvni

1715 205 1769 235 381

995 261 1057 292 culi
1083 262 1307 295 sollicitudine.
1325 262 1363 294 Et
1375 263 1413 294 de
1434 263 1551 297 talibus
1571 267 1773 307 Augustinus

994 314 1028 345 in
1043 317 1183 355 quodam
1206 326 1353 348 sermone
1368 317 1639 358 quadragesimali
1656 322 1666 339 ³
1680 333 1688 354 :
1707 335 1725 352 «-
1737 323 1773 354 In

994 368 1054 399 isto
1069 371 1222 410 tempore,
1240 373 1275 402 ut
1290 372 1491 411 noverimus,
1508 377 1666 413 quantum
1683 385 1771 409 com-

995 423 1123 454 mendat
1138 424 1221 455 Deus
1235 434 1333 464 opera
1348 425 1586 466 misericordiae,
1603 429 1688 469 ipsos
1703 440 1774 462 san-

994 477 1059 507 ctos
1082 486 1156 509 suos
1181 487 1278 518 egere
1301 479 1442 511 lecitzut
1462 490 1536 512 cum
1557 482 1677 514 fuerint
1701 485 1773 516 facti

993 530 1088 561 amici
1100 530 1167 570 Dei,
1179 531 1216 562 de
1232 541 1415 564 mammona
1426 534 1605 575 iniquitatis
1618 537 1773 578 recipient

993 586 1024 615 et
1047 584 1106 625 ipsi
1129 586 1246 617 amicos
1268 596 1343 618 suos
1358 587 1391 618 in
1407 590 1527 620 aeterna
1542 590 1745 623 tabernacula
1763 605 1770 624 :

993 638 1024 669 id
1039 640 1096 678 est,
1109 641 1146 670 ut
1157 649 1231 671 cum
1245 640 1328 671 servi
1344 640 1398 671 Dei
1413 642 1466 681 pii,
1481 642 1560 674 dum
1572 644 1697 684 jugiter
1709 645 1772 678 Deo

992 695 1122 730 vacant,
1143 693 1309 733 aliquoties
1330 694 1496 734 indigent,
1515 697 1559 727 illi
1576 698 1632 738 qui
1654 699 1773 732 hahent

993 746 1105 777 mundi
1129 746 1255 778 divitIas
1264 771 1273 786 ,
1290 747 1509 789 eleemosynas
1524 749 1717 790 largiantur.
1734 753 1773 784 Et

993 800 1155 839 quomodo
1178 800 1247 832 illos
1262 802 1432 842 participes
1447 804 1568 835 faciunt
1590 805 1624 836 in
1645 807 1772 838 terrena

993 853 1182 893 substantia,
1195 855 1239 885 sic
1249 864 1321 886 cum
1335 855 1396 886 illis
1406 859 1528 896 partem
1541 858 1658 890 habere
1674 869 1773 892 mere-

991 906 1113 938 buntur
1134 907 1167 938 in
1189 908 1256 939 vita
1281 911 1413 940 aeterna.
1438 921 1452 938 n
1470 910 1517 942 Ex
1541 921 1605 950 quo
1629 917 1770 954 apparet,

992 960 1077 1000 quod
1092 961 1164 991 talis
1179 962 1371 994 mendicatio
1394 963 1561 996 laudabilis
1574 968 1631 1005 est,
1647 976 1722 1007 quae
1736 968 1772 999 fit

991 1022 1049 1053 pro
1072 1013 1194 1046 Christo
1222 1015 1387 1047 imitando.
1416 1016 1569 1049 Similiter
1588 1021 1619 1050 et
1641 1029 1678 1051 ea
1698 1031 1771 1061 quae

991 1067 1027 1097 fit
1050 1077 1107 1107 pro
1127 1068 1249 1100 Christo
1276 1070 1546 1111 evangelizando,
1579 1073 1658 1113 quia
1684 1075 1771 1106 viam

991 1121 1113 1160 praebet
1128 1121 1318 1161 Evangelio,
1329 1124 1450 1155 ratione
1465 1126 1537 1164 eJus
1553 1127 1637 1166 quod
1654 1128 1772 1167 praedi-

990 1176 1092 1214 catur,
1102 1176 1179 1215 quia
1189 1177 1401 1216 praedicamus
1411 1178 1522 1209 mundi
1533 1182 1768 1220 contemptum5

989 1228 1074 1268 quod
1091 1229 1249 1261 efficacius
1265 1231 1415 1262 suadetur
1439 1232 1538 1263 verbo
1560 1235 1591 1263 et
1611 1234 1767 1274 exemplo,

990 1290 1089 1321 quam
1104 1283 1171 1313 solo
1192 1283 1302 1314 verbo.
1319 1284 1346 1314 A
1362 1284 1508 1324 pluribus
1528 1286 1730 1326 praedicatur,
1744 1288 1771 1318 si

989 1328 1196 1374 praedicantes
1212 1337 1327 1368 vivunt
1347 1338 1385 1369 de
1404 1338 1601 1378 Evangelio,
1627 1350 1722 1380 quam
1743 1342 1770 1372 si

989 1389 1257 1429 compellerentur
1267 1391 1377 1422 vivere
1388 1392 1426 1422 de
1437 1395 1581 1432 sumptu,
1595 1396 1650 1425 aut
1662 1395 1770 1427 labore

989 1443 1129 1483 proprio.
1153 1444 1180 1474 A
1195 1444 1343 1484 pluribus
1367 1445 1463 1476 etiam
1487 1446 1645 1478 efficacius
1669 1450 1768 1480 susci-

989 1496 1150 1536 pientibus
1178 1498 1369 1529 documenta
1402 1499 1588 1538 largiuntur
1617 1502 1770 1534 beneficia

989 1551 1210 1582 sustentantia.
1242 1551 1308 1582 Hoc
1338 1555 1385 1583 est
1411 1554 1496 1593 quod
1525 1554 1600 1584 dicit
1632 1555 1769 1588 Joannes

991 1603 1255 1644 Chrysostomus*
1271 1616 1277 1636 :
1297 1617 1312 1634 «
1327 1605 1530 1638 Manifestum
1546 1610 1603 1647 est,
1617 1610 1769 1649 quoniam

989 1656 1159 1697 discipulos
1170 1658 1209 1689 ab
1223 1659 1278 1696 eiS‚
1296 1660 1414 1699 quibus
1427 1661 1654 1702 praedicabant,
1670 1664 1769 1695 cibari

989 1711 1154 1750 oportebat
1169 1736 1176 1751 ,
1204 1714 1239 1743 ut
1270 1722 1375 1753 neque
1405 1714 1467 1754 ipsi
1498 1724 1618 1753 magna
1645 1718 1769 1757 sapiant

988 1764 1143 1796 adversus
1155 1774 1221 1804 eos,
1231 1766 1285 1806 qui
1299 1767 1505 1806 docebantur,
1515 1771 1550 1799 ut
1565 1770 1674 1801 omnia
1683 1780 1767 1811 prae-

988 1818 1115 1855 bentes,
1143 1821 1174 1849 et
1198 1819 1279 1850 nihil
1304 1821 1492 1861 accipientes
1515 1822 1556 1852 ab
1570 1823 1631 1861 eis,
1650 1825 1768 1855 necilli

990 1880 1102 1902 rursus
1117 1872 1343 1904 abscindantur
1356 1874 1493 1914 despecti
1505 1876 1544 1906 ab
1552 1876 1625 1907 eiS.⁵
1639 1877 1765 1917 Deinde,

990 1927 1026 1956 ut
1041 1935 1106 1956 non
1119 1926 1226 1956 dicant
1242 1937 1248 1957 ε
1267 1926 1480 1960 Mendicantes
1495 1929 1595 1969 igitur
1605 1931 1700 1970 jubes
1710 1941 1767 1963 nos

988 1979 1121 2010 vivere?
1137 1982 1168 2010 et
1186 1980 1453 2021 verecundentur,
1478 1982 1512 2013 in
1532 1983 1593 2014 hoc
1614 1988 1768 2018 monstrat

987 2032 1049 2063 hoc
1063 2032 1206 2063 debitum
1221 2033 1356 2065 existere
1367 2057 1377 2072 ‚
1396 2037 1426 2066 et
1441 2039 1622 2076 operatores
1641 2048 1693 2070 eos
1708 2050 1764 2072 vo-

988 2095 1073 2124 cans,
1091 2088 1122 2117 et
1144 2087 1230 2127 quod
1248 2087 1361 2126 datur,
1381 2090 1560 2121 mercedem
1584 2093 1764 2126 nominans.

989 2139 1034 2170 Ne
1048 2140 1132 2171 enim
1146 2164 1155 2178 ‚
1179 2141 1256 2181 quia
1276 2141 1309 2171 in
1327 2143 1528 2174 sermonibus
1544 2146 1591 2175 est
1610 2148 1764 2187 operatio,

987 2194 1170 2225 existiment
1196 2204 1333 2234 parvum
1353 2196 1544 2228 beneficium
1563 2200 1649 2238 quod
1676 2204 1722 2232 est
1747 2212 1766 2233 a

987 2248 1087 2278 nobis.
1116 2247 1242 2278 Etenim
1255 2248 1377 2280 labores
1393 2249 1488 2281 habet
1509 2251 1568 2282 hoc
1588 2253 1717 2293 multos,
1734 2258 1764 2286 et

987 2301 1144 2340 quidquid
1171 2301 1315 2332 dederint
1339 2303 1395 2342 qui
1419 2303 1590 2344 docentur,
1613 2316 1677 2338 non
1698 2308 1763 2339 lar-

988 2355 1112 2393 gientes
1124 2355 1278 2394 praebent,
1296 2356 1350 2386 sed
1364 2357 1607 2390 retributionem
1627 2361 1763 2392 redden-

986 2409 1042 2438 tes.
1057 2419 1070 2436 »
1090 2407 1222 2445 Quando
1237 2408 1339 2448 igitur
1353 2410 1426 2449 quis
1442 2412 1599 2443 mendicat
1609 2423 1666 2453 pro
1678 2414 1763 2446 Chri-

987 2463 1034 2491 sto
1058 2461 1227 2500 imItando,
1253 2465 1284 2493 et
1307 2464 1559 2503 evangelizando
1585 2469 1761 2501 secundum

986 2515 1122 2546 formam
1141 2516 1373 2556 praescriptam,
1398 2527 1461 2548 non
1480 2519 1585 2550 solum
1604 2530 1668 2552 non
1687 2532 1761 2562 pec-

986 2571 1047 2607 cat,
1063 2570 1391 2610 verumetiamimplet
1401 2572 1571 2611 perfectam
1579 2575 1740 2614 ,iustitiam
1754 2587 1761 2606 :
1804 2579 1806 2581 ’

987 2656 1017 2673 ex
1037 2649 1107 2674 hom.
1131 2655 1160 2680 L,
1182 2657 1207 2673 n.
1234 2652 1255 2674 1.
1277 2664 1303 2667 —
1329 2651 1338 2666 ¹⁸
1361 2650 1502 2682 Chrysost.‚
1525 2653 1550 2677 ίη
1570 2655 1671 2685 Mami.¹
1690 2656 1759 2682 hom.

988 2691 1071 2716 xxxu,
1088 2685 1120 2710 al.
1137 2692 1230 2716 xxxiii,
1244 2693 1270 2711 n.
1286 2688 1309 2711 4.
1325 2700 1351 2704 —-
1367 2688 1377 2704 ⁵
1393 2688 1466 2719 ibid„
1482 2696 1508 2712 n.
1521 2691 1543 2714 5.
