2029 3052
95 2625 170 2644 Bonus

90 2655 166 2682 pleba-

77 2717 113 2738 sit.

705 224 756 256 ET
776 223 1066 258 CONFESSIONES
1089 225 1279 258 AUDIANT.

182 293 248 326 huo
260 302 382 334 parvus
395 295 459 334 est,
483 293 686 336 paucioribus
710 292 836 333 indiget
853 301 959 324 reme-

183 348 243 380 diis
257 349 289 379 et
303 347 477 381 levioribus
489 360 497 388 ;
514 348 568 381 sed
582 357 658 380 cum
672 347 805 388 coeperit
819 347 960 379 invales-

183 410 265 440 cere,
282 403 313 433 et
326 401 420 434 latius
437 411 470 435 se
483 402 662 435 diffundere
673 427 681 442 ‚
698 411 739 434 ne
759 401 961 442 desperabili-

182 457 231 487 ter
245 463 336 496 aeger
359 456 574 497 periclitetur,
590 465 717 489 necesse
738 457 786 488 est
812 455 906 497 plura
929 457 961 486 et

183 508 359 542 efficaciora
374 511 516 543 remedia
529 511 674 543 adhiberi
685 520 693 542 :
704 511 748 542 ita
762 510 868 549 etiam,
886 518 960 541 cum

184 564 285 595 status
309 565 422 597 mundi
443 566 538 598 modo
558 565 650 598 valde
675 565 832 604 deterior,
862 573 961 605 quam

184 617 272 657 olim,
289 626 356 650 esse
366 618 524 659 videatur,
540 619 668 661 expedit
681 619 791 660 plures
799 627 886 650 nunc
892 626 961 650 esse

184 671 400 712 sublevantes,
418 673 513 714 juxta
537 674 616 706 illud
640 674 648 690 ¹
673 681 681 704 z
702 673 815 706 Messis
834 672 961 713 quidem

184 727 296 766 multa,
312 729 454 768 operarii
476 736 547 761 vero
559 730 660 769 pauci
675 728 781 760 idonei
795 729 826 760 et
840 727 960 759 fideles.

184 780 301 821 Roqate
314 789 386 822 erqo
400 783 572 815 Dominum
583 783 709 822 messis,
720 784 756 815 ut
769 782 878 815 mittat
892 789 962 822 ope-

184 835 290 867 rarios
306 835 343 867 in
356 836 483 868 vineam
497 844 601 869 suam.
613 836 692 868 Item
709 836 749 868 ad
760 835 960 867 Romanos&

189 887 250 920 Ubi
264 888 447 923 abundavit
469 890 643 930 delictum,
668 889 905 931 superabundet
933 891 963 921 et

184 943 303 982 qratia.
319 942 471 976 Videmus
483 954 572 977 nunc
586 953 704 976 messes
719 944 860 985 plebium
878 943 963 974 mul-

185 997 339 1037 tiplicari,
361 999 392 1029 et
409 999 509 1040 sylvis
533 999 665 1031 succisis
683 999 776 1031 villas
795 998 960 1030 aedificari.

186 1050 338 1083 Videmus
352 1052 594 1085 adinventiones
608 1055 811 1094 peccatorum
827 1061 964 1084 succres-

186 1113 272 1144 cere,
290 1107 321 1137 et
343 1107 558 1148 perplexiores
581 1116 674 1139 casus
693 1107 834 1148 quotidie
858 1116 962 1138 emer-

185 1168 263 1199 gere
274 1171 282 1198 ;
299 1160 377 1192 item
399 1170 440 1192 ex
460 1162 691 1193 consuetudine
707 1161 808 1193 malos
828 1160 963 1192 incorri-

186 1213 353 1253 gibiliores
366 1215 472 1255 magis
486 1216 574 1254 fieri,
589 1218 621 1247 et
634 1215 781 1247 duriores
801 1215 836 1246 in
850 1224 962 1255 peeca-

185 1269 238 1307 to;
253 1268 329 1300 item
339 1293 347 1308 ‚
364 1270 451 1310 quod
464 1269 569 1301 clerici
593 1270 700 1310 plures
714 1269 800 1301 malo
815 1269 964 1309 exemplo

185 1322 352 1354 infirmant
375 1324 485 1363 laicos,
502 1325 568 1355 tam
583 1324 618 1355 in
634 1323 798 1362 moribus,
818 1332 915 1364 quam
930 1322 965 1353 in

185 1376 267 1416 fide3
284 1377 373 1417 item,
397 1378 482 1418 quod
497 1378 590 1419 pauci
605 1380 680 1410 sunt
693 1378 777 1409 inter
791 1387 845 1409 eos
859 1377 963 1418 periti,

185 1430 242 1471 qui
256 1431 375 1472 sciant,
393 1432 446 1464 vel
461 1433 579 1473 quibus
600 1432 790 1471 confidatur,
808 1432 894 1472 quod
908 1431 966 1463 do—

186 1487 295 1525 ceant,
311 1487 348 1517 ut
366 1486 537 1526 deberent3
553 1487 642 1525 item,
659 1487 744 1528 quod
763 1486 968 1526 negligenter

186 1541 330 1580 praesunt
353 1540 522 1572 animabus
546 1541 724 1572 commissis
739 1565 749 1579 ,
776 1542 807 1571 et
833 1540 968 1571 terrenis

185 1593 326 1633 negotiis
355 1594 453 1626 nimis
478 1595 616 1634 instant;
644 1595 740 1634 item,
767 1594 853 1635 quod
874 1594 968 1625 multi

187 1656 300 1679 eorum
321 1650 398 1679 sunt
418 1649 574 1689 suspensi,
591 1649 872 1688 excommunicati,
890 1650 921 1680 et
934 1649 969 1679 in

187 1703 292 1734 officio
303 1712 361 1735 suo
372 1704 584 1736 diversimode
595 1705 741 1745 impediti
754 1716 761 1743 ;
778 1704 868 1743 item,
881 1705 968 1745 quod

187 1757 253 1788 rari
267 1758 344 1788 sunt
358 1761 499 1798 pastores
512 1759 546 1789 in
560 1759 700 1790 ecclesiis
710 1782 720 1797 ,
740 1759 794 1790 sed
808 1767 865 1799 per
881 1758 969 1790 leves

188 1811 325 1842 vicarios
342 1812 523 1843 animarum
543 1822 620 1844 cura
633 1813 756 1845 venalis
770 1812 944 1853 exponitur
959 1824 966 1851 ;

189 1865 266 1896 item
278 1889 286 1904 ,
303 1866 388 1906 quod
414 1866 475 1907 ipsi
493 1867 724 1907 temporalibus
749 1867 836 1898 curis
858 1866 968 1906 dediti,

189 1919 250 1950 ista
273 1919 493 1960 dissimulant,
512 1921 557 1951 ita
571 1921 656 1960 quod
675 1929 746 1961 spes
768 1920 971 1952 correctionis

190 1973 247 2005 vix
260 1973 399 2005 habetur
411 1985 419 2013 ;
436 1974 524 2013 item,
537 1975 623 2015 quod
633 1975 660 2006 si
672 1975 843 2015 aliquando
854 1974 971 2006 vellent

192 2027 252 2058 ista
267 2028 442 2068 corrigere,
458 2030 489 2060 et
499 2029 631 2060 inutiles
643 2038 823 2068 removere,
840 2038 905 2060 non
916 2029 972 2060 113-

191 2081 268 2113 bent
281 2091 362 2123 quos
376 2082 445 2114 loco
460 2083 589 2114 illorum
605 2083 800 2114 substituant
812 2083 969 2114 meliores.

193 2134 272 2166 Cum
285 2135 386 2175 igitur
396 2137 464 2176 ¹iam
481 2136 522 2167 sit
536 2136 675 2168 Ecclesia
689 2137 781 2177 quasi
791 2137 883 2169 navis
894 2138 973 2168 tem-

193 2191 312 2229 pestate
334 2199 503 2229 concussa,
520 2190 555 2221 in
569 2200 645 2231 qua,
661 2191 899 2230 remigantibus
914 2200 972 2231 pa-

193 2252 272 2274 vore
296 2244 520 2283 trementibus,
544 2245 690 2285 procellae
710 2247 873 2277 tumentes
893 2254 973 2285 pene

194 2297 343 2338 operiunt
357 2307 486 2337 navem⁷
500 2299 589 2329 missi
600 2301 674 2330 sunt
683 2299 796 2330 fratres
810 2309 830 2331 a
844 2309 974 2331 summo

195 2351 432 2391 gubernatore,
448 2352 519 2383 fulti
533 2353 718 2384 auctoritate
732 2353 821 2385 Sedis
836 2354 975 2394 Aposto-

195 2405 275 2444 licae,
291 2407 328 2437 ut
349 2405 382 2436 in
402 2406 559 2438 naviculis
584 2407 651 2438 suis
674 2408 887 2439 discurrentes
918 2417 975 2448 per

197 2459 368 2498 mundum,
386 2469 467 2500 quos
481 2470 522 2492 ex
533 2462 702 2501 naufragio
715 2463 832 2502 peccati
848 2462 974 2502 pericli-

196 2514 300 2545 tantes
324 2514 526 2553 invenerint,
543 2515 669 2556 rapiant
691 2525 732 2547 ex
752 2516 863 2555 undis,
881 2518 912 2547 et
936 2516 975 2547 ad

198 2566 288 2598 littus
306 2568 415 2599 salutis
429 2571 604 2609 reportent.

240 2620 334 2653 Nulla
353 2631 430 2655 vero
447 2623 598 2664 parochia
617 2623 800 2663 invenitur,
818 2624 895 2664 quin
917 2624 976 2655 ha-

77 2693 119 2707 uns
135 2686 185 2713 quis
201 2675 274 2707 beat
288 2678 344 2708 aut
356 2676 508 2709 idoneum
522 2678 707 2718 plebanum,
721 2681 777 2711 aut
789 2679 897 2720 aliquo
908 2689 977 2711 mo-

234 2741 240 2757 ¹
257 2741 324 2773 Luc¹⁷
340 2747 365 2773 x,
380 2743 405 2767 2.
420 2755 451 2760 —
467 2742 477 2760 2
490 2743 570 2775 Rom.‚
587 2749 612 2775 v,
629 2745 668 2769 20.

1736 226 1793 255 547

1017 293 1057 324 do
1072 293 1330 332 insufficientem,
1346 293 1402 324 aut
1416 291 1554 324 nullum.
1567 291 1676 324 Bonus
1687 293 1719 323 et
1728 291 1795 323 ido-

1016 356 1097 379 neus
1110 348 1176 386 est,
1203 346 1260 388 qui
1278 346 1455 379 secundum
1476 346 1613 378 sormam
1634 354 1795 378 canonum

1014 402 1102 442 ,iusto
1120 401 1213 433 titulo
1228 401 1365 442 possidet
1379 400 1583 438 beneficium,
1602 400 1654 431 cui
1668 408 1796 431 annexa

1018 456 1064 486 est
1078 464 1157 486 cura
1170 455 1352 487 animarum
1367 454 1506 494 illarum,
1525 454 1623 495 etqui
1636 453 1795 485 sufficien-

1018 510 1083 540 tem
1107 518 1165 550 pro
1185 509 1343 549 regimine
1364 508 1463 550 plebis
1487 517 1555 540 suae
1576 508 1672 539 habet
1691 507 1795 539 scien-

1017 563 1096 594 tiam
1105 571 1203 594 sacrae
1211 563 1394 604 Scripturae,
1402 563 1496 604 etqui
1504 562 1631 594 nullum
1639 561 1797 593 habetim-

1017 617 1236 658 pedimentum
1257 617 1291 648 in
1311 617 1399 648 omni
1412 617 1516 648 officio
1531 616 1681 655 clericali,
1698 617 1729 647 et
1742 615 1798 657 qui

1018 671 1158 704 debitam
1175 671 1378 711 diligentiam
1403 671 1531 702 adhibet
1548 670 1718 702 animabus
1737 669 1797 701 sibi

1018 725 1214 765 commissis,
1229 725 1265 756 in
1284 725 1334 756 his
1356 734 1429 765 quae
1451 726 1528 756 sunt
1550 724 1729 767 necessaria
1745 732 1796 755 sa-

1018 779 1089 811 luti.
1105 779 1232 811 Talium
1247 779 1459 820 plebanorum
1476 778 1620 810 subditos
1629 787 1695 810 non
1703 786 1800 818 opor-

1018 836 1064 866 tet
1078 835 1117 866 ad
1139 835 1218 866 alios
1237 843 1294 876 pro
1312 834 1508 866 confessione
1531 842 1714 872 recurrere,
1736 831 1798 863 nisi

1018 887 1053 919 in
1067 888 1117 919 his
1132 897 1188 920 sex
1202 889 1339 920 casibus.
1360 888 1500 927 Primus,
1522 897 1598 919 cum
1622 886 1661 918 de
1680 885 1798 918 volun-

1018 943 1082 973 tate
1105 942 1225 983 ipsius,
1250 945 1282 974 et
1304 943 1452 981 licentia,
1481 942 1532 974 vel
1561 940 1798 978 ratihabitione,

1019 1006 1169 1038 expressa
1186 997 1238 1029 vel
1260 997 1370 1037 tacita,
1395 997 1467 1038 quis
1491 995 1581 1027 alteri
1606 995 1797 1032 confitetur3

1020 1051 1190 1090 secundus,
1207 1061 1281 1083 cum
1294 1051 1376 1082 alius
1385 1051 1483 1082 habet
1494 1049 1683 1090 ampliorem
1693 1049 1800 1079 aucto-

1020 1107 1148 1138 ritatem
1172 1105 1356 1137 absolvendi
1377 1105 1412 1136 in
1435 1105 1530 1136 certis
1544 1103 1679 1142 casibus,
1701 1111 1800 1143 quam

1021 1160 1192 1201 plebanus;
1210 1159 1336 1198 tertius,
1348 1159 1374 1190 si
1388 1159 1517 1199 propter
1531 1157 1799 1188 abundantiorem

1021 1214 1178 1245 cautelam
1199 1213 1270 1246 vult
1290 1213 1386 1244 etiam
1408 1212 1478 1243 aliis
1500 1211 1662 1250 confiteri,
1681 1209 1799 1241 nihilo-

1022 1269 1130 1300 minus
1143 1270 1253 1300 tamen
1267 1268 1457 1299 confiteatur
1467 1266 1563 1298 etiam
1574 1266 1709 1307 plebano
1721 1266 1802 1296 tem-

1021 1332 1098 1364 pore
1113 1331 1191 1361 suo;
1209 1324 1353 1363 quartus,
1369 1321 1395 1352 si
1409 1321 1580 1352 confitetur
1589 1319 1664 1357 illis,
1677 1319 1801 1359 quiba-

1022 1377 1131 1409 benta
1146 1377 1281 1409 Domino
1306 1376 1401 1416 Papa,
1428 1375 1480 1406 vel
1504 1375 1544 1405 ab
1570 1373 1717 1414 episcopo
1739 1372 1803 1404 loci

1023 1432 1208 1472 generalem
1226 1431 1447 1463 auctoritatem
1465 1427 1617 1460 audiendi
1632 1426 1802 1458 confessio-

1023 1496 1092 1525 1165,
1107 1488 1142 1518 ut
1157 1485 1396 1527 poenitentiarii,
1413 1483 1465 1516 vel
1477 1483 1531 1515 alii
1542 1482 1673 1523 quidam
1689 1481 1729 1512 ad
1743 1481 1804 1512 hoc

1024 1541 1201 1581 specialiter
1216 1539 1370 1580 deputati.
1387 1538 1426 1570 Et
1444 1537 1500 1578 qui
1514 1536 1631 1568 talibus
1649 1536 1804 1567 confiten-

1023 1596 1089 1633 tur,
1104 1595 1188 1626 idem
1204 1596 1262 1632 est,
1279 1603 1315 1625 ac
1330 1593 1360 1624 si>
1371 1592 1519 1633 episcopo
1529 1600 1586 1622 suo
1596 1588 1805 1630 personaliter

1025 1650 1253 1681 confiterentur
1278 1647 1405 1679 eosdem
1428 1654 1538 1684 casus,
1556 1644 1596 1676 de
1616 1643 1736 1684 quibus
1760 1642 1805 1673 eis

1025 1703 1159 1736 contulit
1184 1703 1374 1744 potestatem
1397 1710 1405 1731 ε
1435 1699 1520 1731 unde
1555 1707 1621 1729 non
1655 1698 1806 1728 tenentur

1025 1760 1104 1790 tunc
1122 1756 1267 1798 plebanis
1289 1756 1408 1786 iterum
1432 1752 1594 1791 confiteri,
1613 1751 1676 1782 nisi
1692 1750 1802 1782 velint.

1026 1811 1172 1849 Quintus,
1190 1811 1216 1841 si
1232 1809 1348 1849 aliquis
1363 1810 1411 1839 est
1426 1807 1459 1838 in
1476 1805 1733 1847 peregrinatione
1746 1813 1803 1845 po-

1026 1865 1117 1902 situs,
1134 1873 1193 1895 nec
1212 1864 1314 1904 potest
1333 1862 1452 1893 habere
1474 1860 1641 1901 proprium
1659 1858 1804 1890 sacerdo-

1026 1919 1108 1956 tem;
1134 1919 1259 1955 sextus,
1284 1917 1318 1947 in
1337 1915 1471 1946 articulo
1489 1913 1683 1945 necessitatis
1699 1914 1803 1944 extre-

1027 1981 1109 2011 mae,
1133 1973 1211 2003 tunc
1229 1970 1361 2011 quilibet
1380 1970 1427 2001 est
1441 1969 1468 2000 ei
1483 1968 1636 2009 proprius
1648 1967 1804 2004 sacerdos,

1028 2028 1054 2057 si
1069 2027 1147 2057 alios
1160 2035 1225 2057 non
1235 2025 1343 2056 habet.

1069 2080 1266 2111 Insufficiens
1291 2078 1447 2119 plebanus
1480 2077 1540 2108 dici
1570 2077 1672 2116 potest
1703 2075 1806 2106 tribus

1028 2134 1132 2166 modis
1149 2145 1156 2165 ι
1173 2135 1227 2165 aut
1242 2133 1293 2164 cui
1308 2133 1347 2163 ab
1363 2131 1501 2163 Ecclesia
1514 2139 1572 2171 pro
1593 2132 1736 2171 tempore
1752 2140 1807 2161 su-

1028 2189 1114 2220 blata
1139 2190 1186 2219 est
1210 2186 1356 2219 executio
1375 2185 1470 2216 officii
1485 2185 1554 2224 sui,
1570 2186 1606 2216 ut
1619 2193 1806 2225 suspensus,

1029 2242 1346 2278 excommunicatus,
1363 2242 1394 2271 et
1408 2239 1614 2279 irregularis;
1641 2240 1696 2270 aut
1715 2239 1807 2278 cujus

1030 2298 1165 2330 subditis
1178 2298 1309 2338 propter
1324 2295 1451 2336 aliquod
1465 2296 1697 2326 nocumentum
1713 2303 1808 2325 suum

1030 2363 1096 2385 non
1111 2352 1239 2393 expedit
1263 2351 1292 2382 ei
1316 2349 1477 2388 confiteri,
1493 2352 1529 2380 ut
1543 2349 1649 2388 idiota,
1667 2348 1719 2381 vel
1734 2357 1809 2389 pro-

1031 2408 1113 2439 ditor
1128 2405 1335 2438 confessionis
1347 2429 1355 2443 ‚
1375 2407 1406 2435 et
1421 2404 1606 2435 confitentes
1622 2403 1681 2433 sibi
1698 2403 1811 2434 sollici-

1032 2464 1103 2493 tans
1129 2460 1169 2491 ad
1193 2460 1359 2500 peccatum
1380 2466 1584 2497 quocumque
1612 2456 1726 2494 m0d03
1756 2459 1812 2488 aut

1842 2084 1928 2105 lusura-

1845 2122 1905 2137 ciens

1822 2148 1930 2175 plebanus

1822 2179 1879 2206 quis.

1033 2515 1088 2556 qui
1102 2513 1326 2545 confitentibus
1348 2511 1425 2548 sibi,
1442 2519 1507 2541 non
1527 2510 1665 2541 debitam
1683 2511 1813 2542 adhibet
1833 2553 1836 2555 ‚

1034 2569 1251 2609 diligentiam,
1271 2567 1353 2598 sicut
1375 2574 1503 2596 necesse
1526 2565 1624 2604 foret,
1653 2565 1734 2596 sicut
1756 2566 1811 2606 qui

1034 2633 1100 2656 non
1117 2623 1169 2655 dat
1190 2622 1235 2654 eis
1259 2619 1531 2662 opportunitatem
1563 2619 1688 2659 integre
1712 2621 1814 2651 confi-

1034 2677 1137 2717 tendi,
1154 2677 1207 2710 vel
1227 2685 1292 2707 non
1314 2674 1385 2707 vult
1405 2682 1459 2704 eos
1482 2673 1665 2713 absolvere,
1681 2674 1741 2705 nisi
1754 2683 1813 2714 pro

1035 2733 1156 2775 pretio,
1174 2732 1225 2765 vel
1247 2740 1312 2763 non
1332 2729 1484 2761 informat
1504 2737 1557 2760 eos
1572 2729 1605 2759 in
1627 2729 1814 2761 discretione
