2029 3052
727 289 784 322 AD
812 289 1010 324 FRATRES
1040 291 1290 325 TOLOSNWS

568 402 1144 460 COLLATIONES
1205 395 1454 463 oCTo'

839 687 1043 725 ARGUME
1055 688 1191 725 NTUM

880 769 939 806 (Em
953 770 1017 798 edit.
1040 771 1143 806 Vane.)

247 846 306 881 Hae
320 846 525 890 collationes,
539 849 577 880 ut
591 846 759 892 impressis
774 846 931 881 haetenus
946 846 1122 892 Opusculis
1136 847 1254 891 fertur,
1271 859 1290 882 a
1304 847 1339 882 S.
1356 848 1590 883 Bonaventura
1605 849 1725 884 habitae
1743 854 1822 884 sunt

203 905 239 939 in
257 909 424 940 conventu
444 905 620 948 Tolosano,
646 904 771 950 quibus
794 905 834 939 ad
860 905 998 939 virtutes
1012 905 1257 949 Religiosorum
1287 907 1386 941 statui
1407 907 1550 942 maxime
1571 909 1819 952 convenientes,

203 963 320 998 fratres
333 975 410 999 suos
425 964 629 999 exhortatur.

933 1050 1084 1057 ——

336 1150 616 1186 COLLATIO
658 1150 847 1186 PRIMA.

416 1225 455 1252 De
471 1223 554 1253 Verbi
567 1225 765 1252 incarnatione.

236 1293 324 1330 Vide,
339 1293 440 1323 anima
454 1302 522 1323 mea
536 1294 692 1329 innovata,
710 1293 862 1323 mirabilia
875 1293 981 1323 verita.-

201 1341 246 1370 115.
272 1342 336 1370 Haec
360 1341 462 1370 omnia
489 1341 591 1370 videre
618 1349 794 1378 possumus,
821 1350 887 1377 quae
915 1341 982 1369 fecit

197 1391 337 1426 junctura
365 1391 572 1420 confoederans
600 1393 691 1419 Deum
716 1394 744 1420 et
769 1391 923 1420 hominem
950 1391 981 1419 in

199 1439 278 1467 verbo
292 1439 365 1474 quod
382 1440 486 1473 tactum
504 1441 552 1475 est,
571 1440 643 1475 quod
660 1438 727 1468 fecit
746 1441 836 1474 Deus,
853 1441 881 1467 et
895 1442 982 1467 osten-

200 1487 243 1515 dit
263 1487 339 1515 nobis
358 1488 379 1515 ².
401 1487 499 1515 Primo
524 1486 569 1515 vis
589 1487 691 1515 videre
714 1487 902 1515 aeternitatem
925 1495 980 1515 no-

199 1542 284 1570 vam,
305 1534 376 1571 quia
395 1535 447 1571 qui
468 1535 557 1563 Filius
575 1535 625 1563 Dei
644 1536 686 1563 est
704 1535 890 1570 aeternaliter,
911 1542 980 1563 caro

199 1582 293 1610 factus
307 1584 350 1611 est
363 1581 584 1618 temporaliter?
599 1582 682 1617 Vide,
699 1582 799 1611 anima
814 1590 881 1611 mea
896 1592 902 1610 :
919 1590 980 1611 non

199 1630 315 1665 poterat
329 1631 357 1657 te
375 1629 534 1665 redimere,
551 1629 607 1658 nisi
622 1630 745 1658 haberet
764 1631 892 1666 pretium
901 1639 910 1666 ;
926 1638 981 1658 nec

201 1676 330 1705 debebat
353 1677 519 1705 secundum
541 1677 660 1713 legem,
683 1677 740 1705 nisi
763 1680 837 1706 esset
857 1677 981 1714 propin-

200 1732 287 1760 quus.
303 1725 397 1753 Homo
412 1725 601 1761 propinquus
616 1726 693 1760 erat3
709 1725 761 1753 sed
777 1725 905 1761 pretium
920 1732 982 1752 non

199 1771 340 1800 habebat.
366 1773 441 1800 Deus
465 1772 594 1809 pretium
616 1772 761 1807 habebat3
785 1773 837 1800 sed
858 1772 982 1809 propin-

200 1826 277 1855 quus
297 1827 359 1847 non
380 1822 451 1848 erat.
475 1821 539 1848 Non
559 1819 689 1848 debebat
707 1820 763 1848 nisi
784 1820 895 1855 h0m03
920 1828 982 1848 non

200 1867 316 1902 poterat
336 1865 393 1894 nisi
413 1868 497 1894 Deus.
518 1868 620 1895 Factus
640 1869 682 1895 est
702 1875 774 1903 ergo
793 1868 869 1895 Deus
889 1867 981 1895 homo

201 1913 405 1950 propinquus,
422 1916 450 1942 et
469 1913 562 1942 faetus
581 1915 624 1942 est
643 1916 742 1942 noster
759 1915 840 1942 Jesus
855 1916 900 1942 vir
918 1923 982 1950 pre-

202 1962 298 1989 tiosior
324 1970 408 1997 auro,
439 1964 463 1989 et
492 1962 567 1990 homo
594 1962 693 1990 mundo
717 1963 825 1997 obrizo,
852 1963 885 1989 ut
913 1961 984 1990 dicit

201 2008 290 2036 isaias
306 2010 325 2035 ³³.
348 2009 503 2038 Saeculum
525 2009 658 2046 pecuniae
682 2009 748 2038 tulit
769 2017 886 2045 secum,
912 2009 984 2046 quia

202 2057 277 2084 Deus
298 2056 391 2085 homo
412 2057 444 2084 111
465 2065 553 2085 carue
574 2057 726 2094 apparuit,
750 2059 778 2085 et
797 2057 930 2085 Verbum
953 2057 983 2085 in

203 2110 291 2131 carne
310 2103 396 2140 quasi
418 2104 577 2140 pecuniam
599 2104 630 2132 in
652 2112 738 2133 50000
762 2104 931 2139 abscondit,
957 2106 984 2133 et

202 2151 355 2180 hominem
368 2159 454 2180 reum
468 2151 605 2180 redemit.

240 2199 377 2228 Secundo
386 2199 700 2229 admittitimmensitas
706 2199 891 2236 brevitatem,
899 2200 985 2237 quia*

209 2248 323 2275 Verbum
341 2248 527 2276 abbreviatum
542 2250 609 2282 fecit
626 2250 756 2277 Dominus
773 2257 854 2284 super
873 2251 982 2278 terram.

206 2295 346 2331 Verbum,
359 2295 495 2332 inquam,
509 2295 662 2324 divinitate
674 2296 864 2332 immensum,
876 2299 919 2325 est
932 2305 986 2333 po-

206 2342 310 2370 sitione
322 2342 458 2379 praesepii
469 2343 687 2372 abbreviatum.
699 2343 782 2379 Vide,
794 2345 894 2373 anima
906 2353 985 2380 mea,

207 2389 322 2425 dulcia,
348 2390 516 2425 mirabilia,
538 2393 566 2419 et
585 2391 708 2420 omnino
735 2391 787 2419 tibi
809 2393 984 2421 necessaria.

206 2438 266 2465 Tua
287 2437 444 2466 necessitas
461 2445 523 2467 non
543 2438 657 2474 minus,
678 2446 769 2475 quam
790 2439 827 2476 (a)
845 2440 894 2468 Dei
913 2440 985 2468 Filio

243 2524 251 2541 ¹
265 2524 306 2555 Cf.
322 2524 388 2549 Edit.
399 2523 543 2556 Argentin„
553 2531 595 2549 an.
609 2526 678 2556 1495,
692 2527 757 2556 part.
771 2526 805 2557 ¹¹3
819 2526 879 2551 edit.
894 2527 985 2556 vatic,

209 2567 251 2584 an.
269 2562 338 2591 1596,
352 2562 417 2585 tom.
433 2561 488 2592 Vll,
502 2568 561 2592 pag.
577 2562 639 2592 5653
657 2561 717 2586 edit.
737 2562 839 2592 Veniat,
855 2570 896 2587 au.
918 2565 985 2594 1611,

210 2599 273 2622 tom.
298 2598 334 2627 11,
358 2604 417 2628 pag.
443 2598 485 2628 293
510 2597 570 2621 edit.
596 2598 687 2629 Lugd.,
709 2605 750 2622 an.
773 2599 842 2628 1617,
865 2600 928 2624 tom.
955 2600 987 2630 Η,

210 2639 268 2664 pag.
285 2634 346 2663 549;
365 2633 424 2657 edit.
441 2633 542 2659 Venct..
559 2640 599 2657 an.
618 2635 693 2663 1756.
709 2636 771 2658 tom.
789 2635 855 2665 ΧΗΙ,
871 2642 929 2666 pag.
947 2637 984 2659 16.

210 2682 240 2686 -
255 2670 265 2686 2
279 2670 446 2701 Luc„11,15.
460 2683 490 2687 —
503 2672 512 2685 ³
526 2671 763 2700 [sa.,x111‚1·.›.—
778 2671 786 2687 ¹·
802 2672 931 2702 Rom.,1x‚
947 2674 986 2697 28.

353 2724 427 2747 TOM.
450 2725 519 2749 XIV.

1038 1151 1246 1188 supplebatur3
1267 1152 1320 1180 sed
1340 1155 1390 1181 tua
1408 1153 1589 1189 possibilitas
1608 1161 1669 1182 non
1685 1155 1821 1192 capiebat

1038 1198 1234 1235 immensum,
1249 1200 1277 1228 et
1291 1200 1388 1236 major
1403 1202 1465 1229 erat
1478 1201 1645 1237 necessitas,
1662 1210 1754 1238 quam
1772 1210 1819 1231 ea-

1036 1246 1160 1282 pacitas.
1173 1247 1295 1284 Propter
1305 1247 1388 1284 quod
1401 1247 1547 1276 mirabilis
1558 1248 1738 1285 dispensatio
1751 1257 1821 1278 con-

1037 1292 1094 1321 silii
1111 1293 1260 1322 charitatis
1277 1294 1384 1322 divinae
1403 1295 1549 1331 providit,
1565 1298 1596 1324 ut
1614 1295 1722 1324 scilicet
1738 1296 1821 1325 daret

1037 1340 1125 1368 nobis
1148 1340 1254 1369 Filium
1279 1349 1340 1378 quo
1362 1342 1590 1378 indigebamus,
1611 1345 1639 1371 et
1660 1344 1820 1380 parvulum

1038 1395 1129 1423 quem
1146 1396 1251 1425 capere
1266 1391 1447 1425 poteramus,
1462 1390 1593 1427 Ideoque
1603 1391 1612 1407 ⁵
1625 1392 1758 1426 parvulus
1773 1400 1819 1419 na-

1039 1437 1082 1463 tus
1097 1438 1135 1463 est
1151 1436 1237 1471 nobis,
1254 1439 1280 1464 et
1293 1438 1368 1471 filius
1385 1437 1467 1465 datus
1482 1440 1520 1466 est
1538 1438 1625 1466 nobis.

1072 1482 1166 1511 Tertio
1179 1483 1306 1512 admittit
1313 1484 1504 1520 pulchritudo
1513 1485 1724 1514 obscuritatem
1735 1486 1820 1522 :quia

1038 1529 1187 1566 quidquid
1200 1530 1394 1566 jucunditatis
1408 1532 1506 1560 habeo
1517 1532 1564 1568 (b),
1579 1532 1603 1560 si
1620 1540 1681 1561 non
1695 1541 1819 1569 possum

1037 1577 1152 1612 videre,
1174 1580 1235 1606 tam
1256 1578 1408 1607 immensae
1430 1579 1578 1608 charitatis
1597 1579 1729 1615 donum,
1745 1580 1819 1617 quid

1038 1624 1110 1652 mihi
1129 1624 1272 1661 prodest?
1293 1626 1374 1654 Unde
1397 1626 1428 1654 in
1449 1628 1551 1655 nostro
1571 1628 1639 1655 lesu
1658 1629 1761 1664 operta
1784 1628 1817 1663 (0)

1038 1675 1080 1701 051
1094 1673 1146 1702 illa
1160 1673 1263 1710 facies,
1283 1674 1313 1702 in
1329 1684 1421 1712 quam
1447 1676 1457 1692 ⁶
1475 1676 1631 1704 desiderant
1646 1678 1738 1712 angeli
1752 1685 1819 1712 pro—

1037 1722 1149 1756 spicere,
1163 1729 1248 1749 saceo
1263 1722 1449 1751 mortalitatis
1463 1725 1570 1752 nostrae
1584 1733 1590 1752 2
1603 1726 1633 1752 ut
1647 1732 1708 1752 non
1720 1724 1818 1753 solum

1038 1767 1068 1795 111
1083 1767 1232 1796 visibilem
1241 1768 1280 1806 (d)
1296 1777 1483 1798 cerneremus
1493 1770 1524 1798 in
1536 1770 1645 1799 visibili
1661 1772 1693 1807 (e)
1709 1772 1818 1808 specie,

1038 1815 1090 1842 sed
1109 1815 1196 1843 nobis
1215 1815 1343 1844 similem
1361 1825 1530 1846 amaremus
1549 1818 1579 1845 in
1600 1820 1702 1847 nostra
1719 1826 1817 1847 carne.

1038 1862 1120 1890 Unde
1138 1862 1169 1890 in
1183 1863 1362 1900 Apocalypsi
1377 1863 1484 1893 dicitur
1498 1866 1508 1882 ⁷
1526 1874 1532 1893 ε
1550 1867 1648 1894 Factus
1668 1869 1707 1894 est
1721 1868 1761 1894 sol
1780 1869 1819 1894 si-

1038 1913 1083 1937 cut
1107 1918 1197 1938 saccus
1221 1912 1356 1939 cilicinus.
1381 1911 1431 1939 Sol
1451 1912 1567 1947 Justitioe
1593 1913 1722 1941 Christus
1744 1915 1819 1942 Deus

1038 1958 1146 1992 noster,
1164 1957 1216 1993 qui
1234 1958 1400 1986 secundum
1418 1959 1592 1995 Apostolum
1609 1961 1651 1988 est
1665 1960 1675 1977 ⁸
1692 1961 1819 1996 splendor

1038 2004 1148 2040 qloriae,
1176 2007 1202 2032 et
1227 2007 1317 2040 smum
1340 2006 1498 2034 substantiae
1520 2008 1625 2035 Patris.
1652 2008 1819 2044 speciosior

1038 2051 1128 2087 plane
1142 2051 1203 2080 sole
1218 2061 1225 2080 :
1241 2060 1330 2088 super
1345 2060 1466 2081 omnem
1481 2053 1708 2090 dispositionem
1722 2055 1819 2084 stella-

1038 2106 1116 2134 rum,
1133 2100 1187 2126 luci
1199 2102 1372 2135 comparatus
1381 2100 1402 2135 9,
1417 2102 1557 2129 invenitur
1567 2105 1657 2137 prior,
1673 2104 1700 2131 et
1718 2105 1818 2131 tamen

1038 2147 1160 2182 propter
1182 2154 1237 2175 1105
1263 2146 1356 2175 factus
1385 2150 1427 2176 est
1450 2148 1536 2185 quasi
1561 2157 1662 2178 saccus
1687 2150 1819 2178 cilicinus

1039 2195 1161 2229 propter
1175 2194 1372 2230 asperitatem.

1077 2241 1185 2274 Quarto
1202 2241 1328 2270 admittit
1343 2242 1487 2272 celsitudo
1503 2243 1711 2280 abjectionem,
1727 2244 1819 2281 impe-

1040 2288 1119 2316 rium
1137 2289 1317 2324 servitutem,
1333 2290 1456 2326 quando
1470 2299 1533 2319 non
1547 2291 1585 2319 ad
1602 2300 1660 2327 me,
1676 2293 1728 2320 sed
1743 2292 1821 2321 infra

1041 2345 1088 2365 me
1111 2337 1278 2373 descendit,
1301 2338 1424 2374 quando
1446 2339 1537 2368 hodie
1556 2340 1649 2375 Jaouit
1667 2340 1706 2369 ad
1728 2341 1820 2377 pedes

1042 2384 1217 2413 animalium
1236 2385 1302 2420 ille,
1317 2386 1401 2422 cujus
1421 2387 1543 2422 gloriosi
1558 2388 1650 2424 pedes
1669 2389 1719 2416 vix
1739 2392 1820 2417 erant

1043 2431 1228 2461 accessibiles
1243 2432 1392 2462 altissimis
1406 2435 1593 2471 angelorum.
1606 2438 1677 2464 Ecce
1691 2436 1754 2472 ipse
1768 2436 1821 2465 be-

1045 2532 1070 2536 -
1091 2519 1100 2536 ⁵
1113 2520 1172 2549 Im„
1189 2525 1228 2550 1x,
1248 2522 1270 2544 6.
1286 2534 1315 2538 —
1331 2521 1468 2551 b‘111³et1·.‚
1488 2528 1507 2552 1,
1523 2524 1563 2548 22.
1578 2537 1609 2542 -
1623 2524 1633 2540 ⁷
1648 2524 1730 2555 Apoc„
1746 2530 1780 2556 vi,
1796 2527 1819 2550 2.

1042 2567 1072 2571 —
1087 2554 1097 2571 ⁸
1111 2555 1311 2586 Hebv·.,1‚3.—-
1330 2558 1338 2571 ³
1353 2557 1423 2589 Sap„
1438 2564 1484 2589 vu,
1500 2560 1538 2583 29.

1076 2602 1111 2633 (a)
1128 2603 1174 2626 Hic
1188 2602 1253 2626 deest
1264 2604 1372 2635 aliquid,
1384 2606 1632 2637 sorsanpossibilitas
1645 2614 1667 2631 a.
1676 2621 1707 2625 —
1716 2607 1750 2639 (ὁ)
1762 2609 1819 2639 Ley.

1042 2638 1145 2662 habeat.
1158 2652 1188 2656 —
1200 2641 1229 2669 (c)
1243 2639 1303 2663 Caet.
1319 2640 1380 2664 edit.
1394 2644 1489 2671 aperta.
1510 2656 1539 2660 —-
1556 2642 1591 2673 (d)
1606 2644 1668 2667 Item
1684 2644 1819 2668 visibilem.

1041 2687 1071 2693 -
1087 2675 1114 2704 (0)
1130 2674 1189 2698 Item
1206 2675 1335 2706 invisibili,
1351 2684 1398 2701 una
1412 2684 1476 2702 voce.

1640 2729 1676 2759 41
