2029 3052
657 233 707 266 ET
728 234 1020 268 GONFESSIONES
1042 236 1232 270 AUDIANT.

136 304 258 336 buntur
278 302 416 345 praelatis
431 303 498 335 suis
512 303 650 342 tantum,
661 303 718 334 aut
732 302 830 334 etiam
841 303 913 335 aliis

135 357 362 391 sacerdotibus.
395 356 456 389 Sed
475 356 502 388 si
528 356 680 398 praelatus
707 356 843 398 alicujus
866 358 914 388 est

136 420 312 453 suspensus
324 411 364 443 ab
372 411 476 443 officio
486 419 545 443 suo
553 419 757 452 quacumque
766 419 808 442 ex
817 419 914 442 causa

135 475 193 507 per
206 465 394 505 Ecclesiam,
411 465 464 498 vel
483 465 679 497 insufficiens
693 466 741 497 est
755 465 795 496 ad
809 465 912 496 scien-

136 520 214 553 tiam
227 520 452 559 necessariam,
465 519 517 552 vel
528 519 619 551 aliter
633 519 814 560 negligens,
826 519 913 561 quod

135 583 200 606 non
210 573 366 614 impendit
382 573 611 614 poenitentibus
624 573 765 605 debitam
776 573 914 614 diligen-

134 628 224 667 tiam,
240 627 293 660 vel
307 636 510 668 quocumque
524 626 586 659 alio
601 627 695 659 modo
711 629 840 668 praestat
855 628 917 659 im-

134 682 353 723 pedimentum
364 705 374 720 ,
389 681 473 722 quod
493 681 533 712 ab
548 690 586 713 eo
601 681 737 713 subditis
753 691 820 713 non
834 691 913 713 con-

134 736 223 768 venit
244 735 408 776 requirere
438 735 647 767 absolutionis
669 736 825 776 gratiam,
855 745 913 768 ne-

134 799 219 822 cesse
242 791 290 821 est
312 789 390 821 alios
410 789 555 828 institui,
579 790 636 830 qui
654 790 759 822 vicem
781 790 913 822 illorum

133 843 302 884 suppleant
316 843 350 874 in
365 843 426 874 hac
440 844 539 884 parte.
561 843 713 884 Alioquin
731 853 913 875 sacramen-

133 898 204 929 tum
227 896 423 938 poenitentiae
447 905 504 937 per
524 897 773 929 subtractionem
798 898 913 929 (101111εο

133 951 339 982 confessionis
348 953 379 982 et
388 950 596 982 absolutionis
610 953 796 991 evacuatur,
810 953 841 983 et
852 951 913 983 cla-

133 1013 189 1037 ves
204 1004 350 1036 Ecclesiae
365 1005 475 1036 otiosae
491 1006 678 1045 manebunt,
699 1008 754 1037 aut
769 1007 845 1046 jura
860 1016 912 1037 ca-

133 1059 248 1091 nonica
269 1059 390 1091 nullius
411 1060 533 1100 vigoris
548 1062 643 1091 erunt
657 1060 911 1098 et‘auctoritatis,

133 1122 207 1154 quae
222 1114 394 1145 sententias
410 1115 630 1155 suspensionis
645 1116 677 1146 et
690 1114 913 1155 irregularita-

132 1167 173 1199 tis
187 1169 218 1199 et
232 1167 570 1199 excommunicationis
592 1169 710 1200 frustra
729 1171 839 1200 contra
853 1169 912 1200 ali-

133 1230 214 1262 quos
231 1221 419 1260 ediderunt,
440 1223 471 1253 et
492 1221 700 1253 absolutionis
721 1222 914 1254 beneficium

133 1276 274 1316 impendi
289 1275 550 1307 contradixerunt
576 1275 628 1316 (a),
648 1276 675 1307 si
696 1276 736 1307 ab
750 1276 827 1317 ipsis
841 1278 913 1308 tan-

133 1333 202 1361 tum
215 1331 377 1370 coguntur
397 1329 515 1361 subditi
532 1329 618 1361 istud
633 1330 808 1370 requirere,
824 1332 855 1361 et
867 1330 912 1361 eis

133 1384 207 1415 solis
222 1386 349 1425 peccata
363 1392 434 1421 sua,
451 1385 483 1415 et
500 1393 566 1415 non
581 1383 667 1423 aliis,
687 1384 842 1416 confiteri.
863 1384 914 1415 Li-

133 1440 181 1470 cet
200 1439 287 1469 enim
308 1438 521 1469 communiter
546 1438 649 1470 clerici
666 1439 702 1469 in
720 1439 912 1479 quibusdam

132 1492 225 1524 terris
242 1491 310 1523 istis
326 1492 499 1523 defectibus
516 1502 582 1524 non
602 1492 695 1524 valde
717 1495 793 1524 sunt
808 1493 912 1533 impli-

132 1546 196 1584 citi,
212 1546 295 1577 utin
309 1545 427 1586 Anglia
439 1570 447 1584 ‚
463 1546 516 1578 vel
530 1546 673 1585 Francia,
690 1546 742 1578 vel
757 1546 843 1586 alibi,
854 1547 911 1578 ubi

132 1600 236 1632 clerici
260 1601 334 1631 sunt
351 1600 500 1639 litterati,
518 1602 549 1631 et
572 1599 757 1631 clericaliter
779 1601 909 1640 vivunt,

131 1656 162 1685 et
176 1654 319 1685 subditos
334 1663 410 1685 suos
423 1654 504 1685 bene
519 1657 653 1694 regnnt3
668 1656 777 1686 tamen
792 1655 827 1685 in
840 1654 910 1695 plu-

130 1707 221 1739 ribus
236 1707 305 1739 aliis
317 1708 411 1739 terris
426 1709 506 1739 tanti
521 1708 661 1740 defectus
676 1709 709 1739 in
724 1709 806 1740 clero
816 1718 910 1749 repe-

129 1762 274 1800 riuntur,
290 1771 349 1802 per
363 1771 444 1802 quos
462 1762 619 1793 inhabiles
633 1764 664 1793 et
679 1762 787 1794 minus
804 1762 909 1794 idonei

131 1815 194 1846 sint
216 1816 254 1846 ad
281 1816 405 1847 animas
433 1816 661 1856 poenitentium
684 1817 906 1856 absolvendaS,

130 1869 216 1909 quod
238 1869 294 1909 qui
308 1869 462 1900 fratribus
477 1869 653 1901 Minoribus
668 1873 699 1901 et
716 1870 908 1902 Praedicato-

129 1923 222 1954 ribus
230 1923 378 1964 prohibet
384 1924 493 1955 fideles
501 1924 619 1956 ibidem
629 1925 771 1956 confiteri
782 1927 909 1966 peccata

129 1986 198 2016 sua,
225 1977 354 2009 videtur
379 1980 435 2009 aut
458 1978 611 2018 ignorare
635 1979 835 2019 periculum,
852 1982 908 2010 aut

129 2033 314 2064 animarum
327 2033 472 2066 invidere
487 2035 595 2074 saluti,
612 2038 644 2066 et
663 2035 717 2066 Dei
732 2035 908 2076 beneplaci-

128 2089 199 2118 tum
222 2087 388 2128 impedire.
414 2088 448 2119 Si
473 2089 591 2130 aliquis
623 2091 786 2121 teneretur
812 2089 908 2121 alicui

127 2141 296 2182 providere
318 2143 352 2173 in
374 2143 575 2182 necessariis,
592 2145 623 2174 et
636 2143 828 2183 negligeret,
855 2144 907 2175 vel

127 2205 193 2227 non
208 2198 323 2236 posset,
339 2198 370 2227 et
384 2196 465 2228 alius
479 2197 575 2229 vellet
590 2198 700 2237 egenti
714 2207 755 2228 ex
765 2206 907 2238 eompas-

127 2249 215 2280 sione
229 2249 413 2289 subvenire,
429 2253 460 2282 et
472 2251 558 2282 illius
573 2248 676 2283 vicem
688 2252 835 2292 supplere
849 2252 905 2292 qui

127 2303 265 2342 deberet,
282 2313 323 2335 ne
337 2304 395 2335 iste
416 2305 551 2345 periret,
568 2306 727 2346 numquid
743 2306 782 2336 ab
797 2305 905 2346 alique

127 2357 346 2397 prohibendus
369 2360 460 2396 esset,
486 2368 527 2390 ne
541 2359 689 2399 proximo
707 2360 741 2390 in
765 2360 904 2391 necessi-

126 2413 190 2442 tate
204 2411 413 2443 subveniret?
430 2412 469 2443 Et
478 2413 503 2442 si
514 2413 575 2444 1100
586 2415 666 2444 05501
676 2414 905 2458 inconveniens

126 2465 297 2506 prohibere
317 2474 358 2496 ne
377 2465 527 2498 liberaret
547 2467 733 2507 proximum
749 2477 768 2498 a
783 2468 905 2508 pericn-

126 2519 157 2551 lo
172 2519 329 2560 corporis,
353 2521 473 2560 quanto
490 2521 596 2560 magis
615 2521 835 2561 incongruum
857 2524 905 2553 est

127 2575 158 2605 et
171 2573 330 2612 illicitum,
347 2573 517 2614 prohibere
529 2574 671 2615 aliquem
684 2585 702 2606 a
715 2575 903 2608 liberatione

128 2626 246 2658 animae
268 2627 375 2658 fratris
391 2638 409 2658 a
425 2628 565 2668 periculo
587 2629 820 2661 damnationis!
838 2630 903 2662 imo

128 2681 254 2712 videtur
277 2690 366 2713 error
390 2682 522 2713 omnino
546 2691 610 2714 non
631 2683 779 2715 ferendus
794 2684 902 2725 prohi-

162 2745 194 2774 (α)
211 2744 283 2768 Forte
298 2744 346 2776 leq.
362 2745 558 2770 interdixerunt.

1693 242 1747 273 551

970 305 1045 336 bere
1069 305 1211 346 aliquem
1232 305 1363 338 liberari
1377 315 1396 337 a
1410 307 1572 347 naufragii
1596 307 1748 348 periculo,

969 362 999 390 01
1013 359 1119 399 potius
1134 360 1317 400 permittere
1332 369 1407 392 eum
1423 360 1527 401 perire
1539 385 1548 399 ,
1564 370 1663 402 quam
1679 371 1750 403 poe-

970 412 1125 444 nitentem
1142 422 1161 444 a
1177 414 1335 454 voragine
1346 415 1464 455 peccati
1475 424 1531 455 per
1545 415 1751 447 confessionis

970 465 1113 497 tabulam
1124 467 1302 499 extrahere.
1317 467 1412 500 Nulla
1420 468 1474 500 lex
1487 469 1655 509 servanda,
1670 470 1750 501 nulli

970 522 1128 561 praecepto
1142 520 1354 553 obediendum
1370 522 1526 561 humano,
1539 522 1624 564 quod
1640 524 1749 554 contra

970 575 1166 614 praeceptum
1181 574 1344 606 charitatis
1359 575 1425 614 Dei,
1442 578 1473 607 et
1487 578 1598 608 contra
1615 576 1751 608 salutem

969 627 1109 668 proximi
1137 629 1246 668 aperte
1270 638 1368 668 agere
1391 629 1566 662 invenitur.
1587 630 1752 663 Adversus

969 681 1158 713 charitatem
1175 682 1272 721 enim,
1289 683 1342 714 vel
1351 686 1483 716 caeteras
1495 685 1630 717 virtutes
1640 686 1750 717 011111-

970 737 1038 767 ctus
1061 736 1202 777 spiritus,
1228 737 1306 768 teste
1330 738 1500 778 Apostolo,
1521 748 1587 771 non
1610 741 1658 771 est
1685 740 1748 771 lex.

969 789 1050 821 Cum
1078 799 1157 830 ergo
1179 792 1288 832 pastor
1318 791 1418 832 plebis
1447 792 1583 833 alicujus
1606 794 1751 835 praecipit

968 843 1104 875 subditis
1117 845 1183 876 suis
1199 854 1239 876 ne
1254 844 1349 877 alicui
1363 846 1576 878 confiteantur
1589 847 1641 878 alii
1651 857 1750 888 quam

968 897 1048 936 sibi,
1075 898 1384 939 subintelligendum
1407 902 1454 931 est
1476 901 1510 931 in
1525 901 1750 942 praejudicium

968 960 1076 990 suum,
1093 952 1138 983 ita
1151 953 1238 993 quod
1254 953 1280 984 si
1295 953 1387 984 alteri
1401 954 1537 985 confessi
1551 955 1681 994 fuerint,
1699 956 1750 986 ni-

967 1004 1143 1036 hilominus
1153 1007 1365 1038 confiteantur
1374 1009 1405 1038 et
1414 1007 1485 1039 sibi.
1499 1008 1580 1040 Nam
1591 1010 1673 1040 sicut
1686 1018 1750 1040 11011

967 1061 1069 1099 1101051
1083 1069 1137 1091 005
1150 1060 1330 1101 prohibere,
1348 1061 1427 1102 quin
1443 1061 1481 1093 de
1501 1062 1669 1102 temporali
1684 1063 1750 1093 uti-

968 1113 1057 1145 litate
1068 1115 1243 1155 loquantur
1258 1124 1332 1146 cum
1345 1125 1551 1156 quocumque
1566 1116 1748 1155 voluerint;

967 1170 1089 1208 quanto
1103 1168 1209 1208 magis
1223 1169 1261 1200 de
1276 1169 1453 1209 spirituali,
1472 1172 1502 1200 et
1526 1169 1637 1200 salutis
1651 1171 1751 1201 001151-

967 1221 1049 1253 lium
1074 1222 1254 1263 requirere,
1276 1223 1333 1254 ubi
1354 1225 1461 1263 sperat
1475 1223 1636 1255 invenire!
1655 1224 1749 1256 Verbi

968 1276 1083 1316 gratia,
1099 1276 1157 1307 ubi
1178 1276 1310 1308 decimae
1326 1277 1482 1309 debentur
1500 1277 1656 1309 sacerdoti
1676 1280 1749 1309 tan-

967 1331 1038 1361 tum
1051 1354 1059 1368 ‚
1073 1330 1100 1361 si
1113 1330 1258 1371 praecipit
1268 1355 1277 1369 ,
1291 1331 1377 1371 qnod
1390 1331 1470 1362 nulli
1485 1331 1601 1362 dentur
1616 1331 1749 1364 decimae

967 1384 1028 1415 nisi
1044 1384 1115 1423 sibi,
1141 1384 1387 1424 intelligendum
1411 1387 1458 1416 est
1472 1385 1532 1416 hoc
1547 1386 1586 1417 de
1601 1386 1745 1426 decimis,

967 1447 1041 1478 quae
1060 1438 1121 1468 51111
1142 1438 1310 1469 debentur.
1333 1438 1394 1470 Sed
1410 1439 1437 1469 si
1452 1439 1566 1479 aliquis
1581 1440 1704 1472 dederit
1718 1440 1748 1471 ei

967 1491 1088 1523 debitas
1108 1492 1262 1530 decimas,
1281 1494 1311 1523 et
1326 1493 1364 1524 de
1379 1493 1528 1532 residuo,
1545 1494 1630 1534 quod
1651 1503 1748 1525 suum

967 1547 1031 1584 est,
1050 1546 1121 1577 vult
1136 1546 1233 1577 etiam
1248 1546 1338 1577 alteri
1354 1547 1545 1588 cuicumque
1562 1547 1638 1578 dare
1651 1548 1748 1579 aliam

967 1599 1125 1631 decimam
1135 1600 1256 1631 ratione
1266 1600 1490 1641 eleemosynae,
1506 1610 1675 1642 nunquam
1687 1611 1747 1642 po-

966 1655 1026 1685 test
1046 1654 1191 1685 sacerdos
1213 1663 1291 1685 suns
1305 1663 1380 1685 eum
1406 1655 1576 1694 prohibere
1589 1680 1597 1694 ,
1623 1665 1664 1687 ne
1687 1657 1748 1688 1100

966 1708 1070 1739 faciat.

1006 1762 1103 1794 Aliud
1125 1772 1203 1795 vero
1223 1764 1270 1793 est
1292 1763 1331 1793 de
1350 1763 1556 1803 regularibus
1574 1764 1744 1804 religiosis,

965 1816 1021 1856 qui
1034 1816 1117 1847 sicut
1138 1826 1157 1847 a
1179 1816 1400 1856 superioribus
1425 1817 1588 1857 prohiberi
1610 1821 1746 1858 possunt

964 1879 1004 1900 ne
1019 1870 1137 1901 vadant
1148 1879 1323 1910 quoquam,
1333 1871 1385 1902 vel
1395 1870 1569 1910 loquantur
1579 1872 1742 1912 cuiqnam,

964 1923 1033 1953 sine
1047 1924 1190 1963 ipsorum
1203 1923 1340 1962 licentia,
1357 1924 1401 1955 ita
1416 1927 1551 1964 possunt
1563 1925 1660 1956 etiam
1675 1935 1746 1966 pro-

963 1977 1067 2008 hiberi
1082 1987 1123 2009 ne
1147 1978 1358 2009 confiteantur
1375 1979 1470 2009 alicui
1491 1979 1554 2010 nisi
1574 1988 1631 2020 per
1650 1979 1745 2011 licen-

964 2031 1042 2062 tiam
1056 2041 1180 2070 eorum,
1198 2032 1372 2063 dummodo
1387 2033 1466 2064 tales
1481 2033 1527 2064 eis
1547 2034 1743 2065 confessores

964 2086 1138 2126 assignent,
1152 2095 1209 2126 per
1223 2095 1302 2126 quos
1317 2096 1383 2117 non
1404 2087 1615 2127 negligantur
1630 2089 1664 2119 in
1678 2089 1740 2128 his,

963 2149 1036 2180 quae
1051 2140 1210 2180 pertinent
1224 2141 1264 2171 ad
1283 2140 1431 2171 salutem.
1450 2140 1601 2181 Alioquin
1617 2142 1642 2172 si
1658 2152 1742 2182 pree-

961 2196 1045 2227 latns
1066 2196 1210 2235 religiosi
1222 2196 1366 2236 praecipit
1381 2196 1409 2227 ei
1426 2205 1467 2227 ne
1482 2198 1669 2229 confiteatur
1683 2199 1741 2229 ali-

962 2250 1014 2280 cui
1028 2252 1145 2290 praeter
1159 2259 1250 2280 suam
1267 2250 1440 2290 licentiam,
1462 2253 1492 2282 et
1507 2261 1573 2283 non
1596 2253 1742 2292 assignat

962 2303 991 2334 ei
1005 2304 1217 2334 confessorem
1234 2303 1398 2343 idoneum,
1415 2307 1446 2336 et
1459 2305 1512 2336 ille
1528 2306 1652 2346 indiget
1667 2317 1740 2338 0011-

961 2359 1107 2398 sessione,
1122 2359 1225 2399 potest
1239 2360 1270 2389 et
1285 2358 1377 2390 debet
1390 2359 1490 2390 alium
1505 2370 1650 2400 quaerere
1666 2371 1739 2393 con-

960 2412 1124 2451 fessorem,
1141 2412 1246 2452 potius
1258 2421 1356 2452 quam
1367 2413 1501 2444 salutem
1514 2414 1677 2454 propriam
1687 2424 1740 2446 ne-

961 2466 1077 2506 gligat,
1093 2466 1170 2507 quia
1182 2469 1373 2506 praeceptum
1397 2476 1463 2498 non
1478 2469 1562 2498 tenet
1580 2468 1740 2499 inferioris

960 2520 1101 2560 praelati,
1116 2520 1202 2560 quod
1216 2521 1405 2561 praejudicat
1419 2524 1577 2561 praeeepto
1592 2523 1738 2562 superio-

959 2575 1015 2606 ris.
1030 2575 1139 2605 Omnis
1147 2577 1254 2606 autem
1268 2575 1421 2614 praelatus
1436 2576 1469 2606 in
1485 2576 1624 2607 Ecclesia
1638 2577 1739 2608 estin·
1770 2616 1773 2618 Ι

959 2629 1055 2660 ferior
1065 2638 1192 2659 summo
1204 2628 1367 2667 Pontifice,
1381 2630 1431 2668 cuj
1439 2638 1474 2659 us
1484 2632 1680 2670 praeceptum
1693 2633 1740 2661 est

960 2685 1029 2716 vice
1044 2685 1109 2723 Dei,
1122 2687 1159 2716 nt
1174 2685 1230 2715 fiat
1242 2685 1394 2716 confessio
1410 2687 1610 2725 peccatorum
1626 2687 1739 2717 idoneo

961 2739 1144 2777 consessori,
1166 2748 1225 2770 suo
1242 2742 1394 2778 tempore,
1411 2748 1484 2770 Cum
1500 2742 1600 2780 potest
1615 2741 1737 2771 haberi.
