2029 3052
231 262 291 292 434

230 327 406 367 Distinguit
415 336 557 368 namque
566 336 623 359 sex
633 327 744 358 modos
753 327 854 367 fugae,
868 333 1010 367 quorum

230 381 279 421 pri
286 390 369 420 mus,
384 383 422 412 ut
434 381 519 420 dicit,
536 383 638 412 estex
651 380 768 412 mentis
782 379 1008 421 perversitate3

230 435 389 466 secundus
410 437 459 466 est
479 444 520 466 ex
544 435 660 466 mentis
678 435 823 475 ignavia,
845 437 877 466 et
894 434 1011 465 timore

231 488 340 520 servili
351 499 359 527 ;
377 489 491 520 tertius
502 490 550 520 est
560 498 600 520 ex
611 489 750 520 naturali
761 489 882 520 ratione
892 499 900 527 ;
915 496 1011 528 quar-

230 544 283 574 tus
298 545 345 574 est
358 552 400 574 ex
411 542 593 574 humilitate
607 543 724 574 mentis
736 552 747 582 ;
762 543 894 583 quintus
908 543 1010 574 estex

230 596 461 637 circumspecta
483 597 670 637 prudentia3
692 599 814 635 sextus
837 606 878 628 ex
903 596 1008 628 abun-

229 650 317 681 danti
346 651 573 682 misericordia.
604 650 641 682 ln
666 660 808 692 quorum
837 650 1009 682 modorum

229 704 451 745 explicatione,
467 705 569 736 multa
587 705 715 737 videtur
735 704 873 736 absurda
891 704 1007 735 dicere.

229 757 376 799 Loquens
390 759 476 790 enim
492 758 531 790 de
545 758 685 790 secundo
701 758 806 796 modo,
823 757 909 796 dicit,
923 752 1007 798 quod

227 812 341 852 fugere
355 822 396 844 ex
409 813 546 852 ignavia
569 814 616 844 est
634 821 675 843 ex
690 812 806 843 timore
821 811 945 850 servili,
964 811 1007 842 si-

228 868 282 897 eut
304 866 458 907 fugerunt
484 867 542 897 filii
568 866 665 898 Israel
688 866 721 897 in
744 866 858 897 diebus
882 865 1003 904 Saulis;

227 921 410 962 subditque,
425 921 510 962 quod
527 920 669 952 Christus
684 920 745 951 hoc
759 920 855 951 modo
870 921 1007 951 mortem

227 985 292 1007 non
315 975 442 1014 timuit,
459 975 513 1007 sed
535 974 640 1006 timeri
655 974 828 1015 prohibuit.
855 975 894 1004 Et
911 973 1006 1014 paulo

227 1032 297 1068 post
314 1040 320 1060 :
344 1041 358 1058 (ι
371 1029 444 1060 tlaec
458 1029 537 1068 fuga
552 1028 744 1069 imperfectis
757 1028 918 1068 competit.
936 1037 950 1055 »
970 1026 1006 1058 In

226 1082 277 1113 his
292 1085 400 1114 autem
414 1083 521 1114 verbis
537 1083 674 1114 ostendit
687 1092 720 1114 se
732 1091 787 1123 per
797 1082 906 1113 omnia
922 1081 1007 1112 theo-

226 1135 341 1176 logicae
363 1136 506 1167 veritatis
529 1136 694 1176 ignarum.
718 1135 827 1166 Primo
847 1137 1006 1175 quantum

225 1189 266 1221 ad
286 1190 556 1229 significationem
578 1190 763 1227 verborum,
789 1189 823 1219 in
845 1188 906 1219 hoc
920 1187 1006 1228 quod

225 1243 301 1274 dicit
316 1244 398 1275 filios
414 1244 508 1275 lsrael
518 1244 641 1284 fugisse
652 1242 820 1274 Philistiim
836 1251 876 1274 ex
891 1242 1005 1273 timore

226 1298 345 1329 servili.
362 1297 470 1329 Timor
485 1298 571 1329 euim
591 1297 727 1336 servilis,
746 1305 818 1327 cum
833 1296 874 1326 sit
884 1296 1005 1327 donum

226 1353 364 1393 Spiritus
380 1353 493 1392 sancti,
516 1362 581 1384 non
596 1352 687 1383 docet
704 1352 815 1391 sugere
829 1350 1006 1391 corporalia

225 1407 318 1445 bella,
333 1407 388 1438 sed
402 1406 581 1448 spiritualia
593 1408 727 1447 peccata.
745 1405 893 1436 Secundo
903 1406 1005 1436 osten-

225 1463 311 1493 ditse
327 1463 448 1493 nescire
465 1462 588 1502 pondus
607 1460 849 1498 sententiarum,
867 1469 941 1490 cuui
956 1459 1004 1490 di-

225 1517 268 1547 cit
283 1516 532 1547 hunctimorem
554 1524 621 1546 esse
647 1514 856 1555 prohibitum,
882 1515 913 1544 et
937 1515 1006 1553 post

225 1571 396 1611 subjiingit
407 1594 416 1608 ,
443 1570 525 1610 quod
553 1569 703 1609 competit
727 1567 926 1608 imperfectis
958 1566 1005 1598 Ex

225 1626 286 1656 hoc
300 1625 385 1656 euim
399 1624 555 1665 sequitur,
571 1623 656 1664 quod
668 1621 786 1662 aliquid
798 1621 881 1652 idem
899 1621 936 1651 sit
952 1630 1006 1660 ge-

225 1679 374 1709 neraliter
398 1677 608 1719 prohibitum,
631 1679 661 1707 ct
683 1675 843 1716 aliquibus
863 1676 1005 1715 personis

224 1733 398 1772 indultum,
415 1735 446 1763 et
459 1733 586 1769 iterum,
598 1730 683 1771 quod
695 1730 885 1770 imperfectIs
900 1729 939 1759 sit
956 1729 1006 1759 in-

224 1787 312 1818 dulta
328 1786 541 1826 transgressio
557 1784 792 1815 mandatorum.
815 1783 904 1820 Quod
928 1783 1004 1823 quia

223 1841 361 1872 continet
376 1839 655 1871 contradictionem
670 1837 867 1877 implicitam,
888 1836 928 1867 ab
939 1845 1001 1867 om-

224 1896 255 1925 ui
272 1905 403 1936 prorsus
419 1894 540 1925 ratione
555 1892 725 1924 discordat.
749 1891 790 1922 De
811 1891 903 1922 tertio
925 1900 1002 1922 vcro

222 1950 356 1990 loquens
376 1948 523 1988 fugiendi
546 1947 653 1983 modo,
678 1946 764 1983 dicit,
795 1944 880 1984 quod
901 1946 1002 1975 estex

222 2005 360 2044 quodam
372 2003 510 2034 naturali
526 2003 652 2039 timore,
668 2002 698 2031 et
713 1999 798 2040 quod
813 1999 864 2029 hic
878 1999 1002 2038 fugien-

222 2057 252 2087 di
269 2057 383 2088 modus
394 2056 547 2095 competit
558 2055 635 2086 viris
646 2053 802 2094 porrectis,
817 2053 897 2084 sicut
913 2053 1001 2093 Moy-

222 2111 259 2149 si,
278 2110 366 2147 litiae,
388 2110 514 2147 Elisaeo,
535 2112 565 2140 et
580 2108 664 2139 Uria:
683 2119 688 2138 :
706 2111 736 2138 et
759 2107 828 2138 haec
853 2108 942 2146 suga,
966 2110 1002 2138 ut

221 2165 311 2203 dicit,
337 2164 458 2195 nullam
482 2165 632 2204 operatur
657 2161 940 2201 imperfectionem,
971 2163 1001 2191 et

222 2218 314 2256 hanc,
333 2221 366 2248 ut
381 2219 504 2255 asserit,
521 2216 664 2247 Christus
677 2215 861 2254 assumpsit.
881 2214 916 2244 ln
931 2215 1000 2254 qui-

220 2273 281 2303 bus
296 2273 401 2303 verbis
416 2272 480 2303 duo
496 2271 648 2311 implicat,
669 2278 808 2309 quorum
825 2278 929 2299 unum
953 2271 1000 2299 est

220 2327 346 2365 falsum,
370 2326 506 2356 alterum
535 2333 610 2355 vero
640 2323 847 2363 blasphemia.
879 2323 999 2359 Quam-

220 2390 318 2420 quam
337 2380 424 2410 euim
440 2379 551 2409 timere
568 2380 703 2408 mortem
719 2377 759 2406 sit
773 2376 930 2414 naturale,
952 2378 999 2407 fu-

220 2443 297 2474 gere
307 2437 413 2464 tamen
426 2431 715 2468 cstvolnntari11ni,
731 2433 761 2461 et
772 2430 920 2470 quamvis
931 2440 999 2470 per-

218 2489 297 2519 fecta
313 2488 450 2518 charitas
465 2495 529 2517 uon
541 2484 687 2516 excludat
701 2485 833 2514 omniuo
845 2484 994 2515 timorem

218 2543 409 2580 naturalem,
426 2540 565 2572 excludit
582 2543 687 2570 tamen
703 2540 788 2570 illius
803 2539 994 2577 dominium,

217 2605 281 2637 quo
313 2596 442 2626 timidus
470 2595 502 2625 in
530 2595 644 2633 fugam
669 2593 878 2624 convertitur.
908 2592 996 2623 Unde

217 2650 300 2681 Beda
323 2658 418 2689 super
438 2648 517 2679 illud
541 2648 638 2679 Marci
657 2648 665 2664 ¹
683 2658 690 2678 z
709 2647 835 2679 Relicta
857 2646 899 2686 (a)
926 2647 994 2678 sin-

247 2733 253 2747 ²
271 2731 360 2761 Marta,
376 2736 427 2760 x1V,
444 2732 481 2754 532.
498 2742 528 2747 —
544 2730 551 2743 ²
569 2729 640 2758 Beth,
657 2729 682 2752 iu
699 2728 766 2751 huuc
781 2727 829 2751 luc.
843 2740 872 2743 —
889 2727 898 2743 ³
911 2728 972 2751 Joau
987 2747 994 2759 ,

216 2774 270 2798 XXI,
290 2768 325 2791 18.
338 2780 367 2784 —-
383 2767 392 2782 ⁴
408 2768 483 2796 Aug„
499 2767 523 2788 1'11
538 2765 620 2794 doun„
637 2766 710 2788 tract.
727 2769 821 2793 exsul,
836 2770 861 2786 u.
879 2765 901 2785 ii.

815 256 1026 290 APOLOGIAE
1048 255 1267 289 PAUPERUM

1064 324 1156 364 done,
1178 325 1305 366 fuqic':
1322 336 1337 355 α
1348 325 1429 363 Quia
1443 325 1515 366 plus
1529 326 1654 358 caeteris
1667 327 1842 363 nominum

1064 379 1233 418 amaverit,
1256 379 1426 418 indicavit,
1449 379 1523 420 qui,
1544 380 1614 411 aliis
1634 381 1843 424 fugientibus,

1064 433 1156 474 sequi
1170 433 1344 465 Dominum
1358 443 1423 465 non
1437 434 1564 473 omisit;
1578 435 1722 467 nondum
1734 439 1842 470 tamen

1067 487 1299 528 perfectionem
1312 488 1439 527 habuit,
1450 489 1506 530 qui
1520 489 1572 521 vel
1586 490 1717 522 territus
1729 491 1845 533 fugere

1064 541 1177 582 potuit.
1192 553 1207 571 ι)
1227 541 1263 573 In
1282 542 1398 583 quibus
1419 544 1564 583 patenter
1586 545 1733 584 ostendit,
1758 547 1844 587 quod

1063 595 1176 635 fugere
1190 605 1232 627 ex
1246 595 1361 627 timore
1376 597 1488 628 mortis
1501 606 1567 628 non
1587 598 1650 628 stat
1669 607 1743 630 cum
1768 609 1843 640 per-

1063 648 1198 680 fectione
1211 649 1385 681 charitatis.
1399 649 1464 681 Nec
1481 650 1586 682 obstat
1599 651 1737 684 verbum
1752 652 1842 685 Glos-

1063 711 1108 734 sae
1121 712 1218 743 super
1227 703 1305 735 illud
1320 704 1451 736 Joannis
1461 703 1472 721 ³
1483 715 1490 736 :
1501 704 1597 737 Alius
1607 707 1636 737 te
1647 706 1764 747 cinget,
1779 716 1844 748 qua

1062 756 1179 788 dicitur
1191 757 1276 797 quod
1297 757 1485 797 hujusmodi
1503 757 1636 790 affectus
1655 759 1734 791 adeo
1753 762 1844 793 natu·

1061 809 1138 840 ralis
1155 812 1234 849 erat,
1251 813 1288 841 ut
1301 819 1359 841 nec
1369 819 1445 842 eum
1460 811 1554 843 Petro
1576 815 1721 845 senectus
1734 813 1842 846 abstu-

1061 862 1144 902 lerit,
1161 873 1234 895 cum
1246 866 1352 895 tamen
1364 865 1521 905 perfectus
1530 868 1623 904 esset,
1635 875 1693 906 pro
1705 876 1743 898 eo
1755 868 1839 908 quod

1061 916 1148 948 aliud
1160 919 1207 948 est
1222 917 1344 956 timere,
1361 917 1449 949 aliud
1465 920 1513 950 est
1528 918 1642 950 timore
1655 919 1781 960 fugere,
1797 921 1839 952 si-

1060 972 1114 1002 cut
1127 971 1159 1002 in
1173 971 1284 1002 eadem
1305 970 1432 1009 Glossa,
1457 981 1556 1012 quam
1571 972 1639 1012 ipse
1652 973 1840 1006 fraudulen-

1061 1027 1109 1057 ter
1129 1026 1305 1064 detruncat,
1325 1026 1509 1058 immediate
1534 1027 1758 1067 subjungitur.
1777 1029 1840 1061 Sed

1060 1082 1332 1121 quantacumque,
1353 1081 1409 1119 ait,
1433 1081 1473 1112 sit
1495 1081 1640 1113 molestia
1662 1083 1786 1122 mortis,
1803 1085 1840 1115 ut

1060 1134 1168 1165 vincat
1182 1143 1252 1165 eam
1268 1134 1317 1166 vis
1332 1134 1462 1173 amoris,
1483 1137 1604 1166 constat
1618 1136 1705 1176 quod
1718 1137 1837 1168 amoris

1060 1188 1093 1219 vi
1105 1190 1275 1228 superante
1288 1188 1447 1227 timorem,
1462 1197 1670 1230 nequaquam
1680 1190 1835 1231 fugimus.

1061 1241 1151 1282 Fuga
1175 1243 1277 1282 igitur
1297 1252 1338 1274 ex
1357 1244 1470 1274 timore
1493 1243 1606 1274 mortis
1634 1253 1838 1286 nequaquam

1061 1299 1144 1328 stare
1155 1299 1257 1337 potest
1268 1306 1341 1328 cum
1356 1297 1546 1338 perfectione
1555 1298 1732 1330 charitatis.
1751 1298 1839 1330 Unde

1060 1351 1264 1391 Augustinus
1283 1352 1317 1382 in
1339 1352 1500 1392 originali,
1522 1352 1659 1384 Homitia
1673 1353 1785 1385 eadem
1802 1356 1812 1373 ⁴
1830 1365 1837 1385 ε

1065 1405 1187 1436 «Amor
1203 1405 1317 1437 Christi
1338 1406 1370 1436 in
1385 1415 1434 1444 eo,
1457 1407 1513 1446 qui
1534 1407 1633 1446 pascit
1655 1416 1732 1439 oves
1746 1408 1818 1448 ejus
1830 1431 1838 1446 ,

1061 1458 1094 1489 in
1123 1462 1188 1490 tam
1223 1469 1381 1499 maguum
1418 1459 1510 1491 debet
1536 1460 1651 1491 Christi
1678 1460 1841 1502 talemque

1061 1521 1201 1544 crescere
1224 1514 1382 1551 ardorem,
1411 1515 1448 1544 ut
1473 1513 1579 1544 vincat
1605 1514 1701 1545 etiam
1727 1513 1841 1545 mortis

1060 1567 1239 1599 naturalem
1266 1568 1432 1606 timorem,
1463 1577 1526 1608 quo
1556 1569 1638 1599 mori
1666 1568 1838 1607 nolumus,

1060 1621 1154 1651 ctiam
1167 1622 1295 1661 quando
1309 1631 1382 1653 cum
1397 1621 1521 1653 Christo
1531 1622 1641 1653 vivere
1653 1621 1812 1653 volumus.
1823 1632 1838 1651 u

1061 1674 1135 1705 Ilaec
1157 1675 1370 1715 Augustinus.
1396 1675 1443 1706 Ex
1468 1675 1586 1715 quibus
1615 1675 1836 1715 concluditur,

1060 1729 1144 1768 quod
1166 1729 1243 1768 suga
1262 1729 1446 1769 huJusmodi
1461 1731 1545 1759 stare
1568 1738 1632 1760 non
1649 1731 1750 1768 potest
1764 1738 1839 1760 cum

1060 1783 1250 1822 perfectione
1273 1783 1452 1820 charitatis,
1479 1791 1552 1822 quae
1575 1782 1662 1813 hunc
1689 1783 1838 1814 timorem

1059 1840 1225 1877 exuperat,
1246 1846 1286 1868 ue
1301 1837 1467 1868 timentem
1483 1837 1514 1867 in
1530 1837 1644 1876 fugam
1659 1840 1836 1869 convertat.

1062 1891 1166 1922 Dicere
1191 1891 1291 1931 igitur
1318 1900 1358 1922 ex
1382 1891 1442 1921 hoc
1465 1891 1580 1922 timore
1600 1891 1761 1922 Christum
1785 1892 1837 1923 fu-

1060 1945 1157 1983 gisse,
1182 1954 1247 1976 nou
1267 1949 1315 1975 est
1337 1944 1423 1976 aliud
1442 1954 1541 1985 quam
1563 1945 1667 1985 ipsum
1689 1946 1839 1986 blasphe-

1060 2008 1158 2037 mare,
1176 2008 1250 2029 cum
1266 2008 1305 2029 ex
1327 1998 1388 2029 hoc
1415 2001 1579 2038 sequatur,
1601 1999 1686 2039 quod
1710 2000 1743 2030 in
1768 2000 1837 2040 ipso

1058 2052 1152 2083 fuerit
1173 2062 1264 2083 amor
1288 2052 1468 2083 naturalem
1490 2053 1636 2083 timorem
1655 2062 1719 2084 uon
1743 2063 1836 2094 supe-

1058 2116 1143 2145 rans,
1161 2106 1215 2137 sed
1232 2107 1271 2137 ab
1290 2106 1359 2146 ipso
1379 2108 1557 2146 superatus,
1574 2115 1611 2137 ac
1627 2115 1684 2146 per
1695 2107 1755 2138 hoc
1771 2117 1836 2139 non

1058 2162 1194 2201 perfecte
1217 2161 1389 2198 stabiliens,
1416 2160 1469 2191 scd
1491 2160 1642 2191 vacillans
1668 2163 1700 2192 et
1721 2161 1838 2202 imper-

1057 2216 1168 2246 fectus.
1185 2215 1338 2246 Advertat
1352 2215 1453 2254 igitur
1467 2214 1612 2254 quisquis
1626 2215 1696 2246 haee
1707 2215 1834 2255 legerit,

1056 2269 1142 2310 quod
1164 2269 1253 2309 sugae
1278 2268 1477 2309 provenienti
1499 2277 1538 2298 cx
1558 2269 1696 2300 naturali
1723 2270 1836 2302 timore

1056 2325 1168 2355 mortis
1183 2324 1408 2364 perfectionem
1432 2323 1583 2360 tribuere,
1608 2324 1769 2365 simulque
1784 2334 1836 2356 as-

1055 2387 1160 2409 serere
1192 2378 1353 2409 Christum
1377 2378 1438 2408 hoc
1461 2377 1556 2408 modo
1583 2378 1722 2417 fugisse,
1753 2378 1833 2409 nihil

1054 2432 1140 2463 aliud
1153 2434 1199 2463 est
1214 2441 1309 2472 quam
1322 2432 1481 2463 Christum
1496 2432 1608 2463 ducem
1617 2432 1684 2472 jam
1696 2434 1833 2472 prostra-

1054 2489 1124 2516 tum
1147 2486 1187 2516 ab
1212 2486 1356 2517 hostibus
1377 2485 1496 2523 dicere,
1521 2488 1551 2516 et
1572 2485 1760 2516 universum
1782 2486 1830 2526 ip-

1053 2540 1120 2571 sius
1134 2540 1309 2571 exercitum
1328 2540 1367 2571 ad
1382 2540 1494 2579 sugam
1510 2548 1693 2580 provocare.
1719 2539 1832 2572 Nullus

1052 2594 1189 2625 enimin
1209 2594 1321 2633 fugam
1350 2594 1462 2624 mortis
1487 2593 1600 2624 timore
1615 2594 1829 2633 convertitur,

1052 2648 1112 2679 nisi
1124 2648 1220 2679 timor
1233 2647 1418 2687 hujusmodi
1434 2647 1467 2678 in
1481 2656 1518 2678 eo
1534 2647 1727 2678 dominetur.
1741 2648 1831 2686 Quod

1052 2702 1076 2731 si
1101 2702 1172 2739 hoc,
1198 2704 1233 2733 ut
1260 2701 1380 2739 asserit,
1401 2701 1573 2741 perfectum
1597 2704 1653 2739 est,
1670 2704 1701 2733 et
1720 2711 1831 2734 omnes

1083 2767 1116 2796 (a)
1140 2763 1208 2794 Vulq,
1225 2763 1330 2794 rejecta.
