2029 3052
669 210 719 242 DE
742 209 823 242 UNA
843 209 876 242 S.
900 208 1078 242 VlRGlNE.
1099 208 1232 241 SERMO
1254 208 1291 240 V.

169 282 314 316 accendit,
329 289 405 318 quos
417 281 502 317 juxta
515 287 546 308 se
563 278 696 308 invenit?
712 280 815 307 Nonne
826 278 953 307 candela

169 337 294 357 accensa
305 328 436 357 incendit
449 327 622 361 extinctam,
642 326 666 354 si
684 325 727 354 illi
748 325 834 354 fuerit
853 325 951 362 appli-

173 378 259 405 cata?
273 376 329 405 Sed
343 375 470 404 charitas
483 374 560 410 ignis
575 375 618 402 est
633 383 640 402 :
662 381 733 409 ergo
749 373 906 410 quomodo
922 373 953 402 in

171 424 272 452 anima
293 422 400 460 poterit
418 429 496 457 esse,
521 422 550 449 et
571 420 745 457 proximum
763 429 826 449 non
849 428 952 449 accen-

172 472 264 500 dere?
282 470 359 505 Quid
382 471 481 498 autem
500 470 542 497 est
561 468 734 505 proximum
753 468 951 503 inflammare,

170 519 226 547 nisi
241 527 310 547 eum
329 525 383 554 per
397 517 544 546 beneficia
563 516 603 545 ad
625 516 789 544 amandum
810 516 952 544 movere?

173 566 253 594 Unde
267 565 427 602 Apostolus
441 564 449 580 ¹
465 573 471 592 :
491 564 545 592 «Si
563 563 697 592 esurierit
717 562 857 591 inimicus
873 564 951 598 tuus,

170 613 237 642 ciba
253 612 358 640 illum:
374 611 436 640 etsi
452 611 520 646 sitit,
537 613 641 648 potum
662 610 702 639 da
715 610 759 638 illi
776 619 782 637 :
799 610 857 638 hoc
873 610 953 638 enim

170 660 295 695 facienS,
318 659 462 688 carbones
489 657 566 694 ignis
585 665 729 693 congeres
754 665 843 694 super
864 659 953 694 caput

170 707 245 743 ejus,
255 717 276 733 ο»
293 707 326 734 id
344 707 396 742 est,
417 705 619 734 inflammabis
641 713 709 733 eum
727 705 767 733 ad
787 704 952 733 amandum

168 756 206 783 te.
220 756 303 790 Nam,
318 755 352 782 ut
362 753 469 781 dicitur
482 752 503 787 ²,
520 753 596 789 «qui
611 752 716 780 viderit
729 751 849 781 fratrem
864 761 952 780 suum

168 801 372 830 necessitatem
386 800 508 834 habere,
523 801 551 828 et
565 799 702 828 clauserit
714 800 828 828 viscera
843 808 897 828 sua
913 800 951 828 ab

169 856 215 882 co,
231 847 386 884 quomodo
400 847 528 876 charitas
543 847 593 875 Dei
609 849 711 875 manet
723 847 754 875 in
769 847 845 875 illo?
856 856 869 873 n
883 848 952 875 Pro-

167 897 231 931 pter
245 895 307 923 haec
321 896 424 923 omnia
441 895 549 923 dicitur
559 895 569 912 ³
582 904 588 922 :
608 904 621 921 «
636 894 664 922 Si
684 894 806 929 diligitis
825 901 886 928 eos,
900 894 952 930 qui

167 950 222 970 vos
233 942 370 978 diligunt,
387 950 453 979 quae
467 941 554 970 vobis
569 943 613 970 est
627 941 742 977 gratia?
757 942 830 969 Nam
842 943 870 969 et
885 949 953 977 pec-

169 990 283 1017 catores
306 989 463 1025 diligentes
484 997 514 1016 se
536 989 673 1024 diligunt.
694 990 727 1016 Et
740 988 764 1016 si
779 988 952 1016 benefacitis

168 1037 225 1071 his,
238 1037 290 1073 qui
304 1036 392 1064 vobis
414 1036 613 1071 benefaciunt,
630 1044 697 1072 quae
719 1036 806 1064 vobis
829 1038 871 1064 est
887 1044 952 1071 gra-

167 1084 230 1112 tia?
249 1084 275 1112 Si
294 1084 416 1121 quidem
433 1086 605 1120 peccatores
625 1085 683 1113 hoc
706 1084 826 1112 faciunt.
844 1095 857 1110 »
876 1086 951 1120 Ergo

169 1131 309 1159 omnibus
323 1131 573 1159 benefaciendum
583 1133 634 1159 est.

204 1179 324 1212 Quarto,
346 1178 435 1206 debet
454 1186 506 1206 cor
529 1186 592 1206 esse
617 1178 751 1206 clausum
777 1186 831 1214 per
851 1178 952 1206 obser-

168 1225 300 1254 vantiam
314 1225 518 1253 taciturnitatis
534 1225 564 1252 in
580 1233 642 1259 ore,
658 1227 762 1253 contra
777 1225 882 1253 vitium
893 1225 950 1253 lin-

168 1280 242 1308 guae.
255 1272 337 1300 Unde
349 1272 455 1300 dicitur
465 1273 492 1300 ¹⁰:
507 1272 606 1300 «Audi
622 1274 722 1300 tacens
737 1281 743 1299 :
760 1274 788 1300 et
800 1281 856 1309 pro
869 1281 951 1300 reve-

167 1320 261 1348 rentia
277 1319 398 1347 accedet
412 1319 466 1347 tibi
477 1319 558 1347 bona
568 1319 672 1355 gratia.
685 1329 698 1345 ι)
711 1321 784 1347 Nam
794 1319 908 1348 ibidem
920 1321 929 1337 ⁵
942 1330 948 1347 z

169 1377 183 1392 «
206 1367 328 1403 Sapiens
343 1367 374 1394 in
389 1367 488 1395 verbis
504 1367 635 1403 seipsum
651 1367 813 1395 amabilem
831 1367 949 1403 reddit,

167 1414 220 1441 sed
241 1414 335 1449 gratia
359 1413 509 1442 fatuorum
525 1414 565 1450 (a)
582 1413 744 1442 effunditur
765 1414 811 1451 (b).
829 1425 842 1441 »
861 1414 951 1442 Debet

168 1469 239 1496 ergo
267 1461 371 1495 homo,
405 1461 570 1488 secundum
605 1461 726 1489 beatum
754 1461 899 1489 iacobum
928 1462 948 1496 ⁸,

171 1518 184 1534 ι(
204 1508 293 1536 velox
310 1516 372 1535 esse
387 1508 426 1536 ad
442 1507 638 1543 audiendum,
656 1510 683 1535 et
696 1508 796 1536 tardus
810 1509 849 1536 ad
862 1508 949 1543 iram,

168 1557 197 1583 et
212 1555 314 1583 tardus
335 1554 375 1582 ad
398 1554 587 1590 loquendum
608 1563 615 1582 ;
638 1564 652 1581 ›>
677 1555 749 1591 quia
768 1555 950 1584 taciturnitas

169 1601 300 1638 disponit
315 1601 353 1629 ad
368 1601 505 1637 gratiam,
521 1603 549 1629 et
563 1601 728 1637 loquacitas
749 1602 788 1630 ad
802 1602 889 1630 iram.
906 1604 949 1631 Ob

168 1657 260 1686 quam
280 1656 401 1677 causam
428 1648 571 1684 magistra
592 1650 694 1676 nostra
718 1649 824 1677 natura
850 1650 951 1685 posuit

168 1697 303 1732 linguam
318 1695 394 1723 inter
409 1695 470 1722 duo
486 1695 625 1730 claustra,
641 1703 678 1723 ne
693 1695 817 1724 faciliter
831 1697 950 1733 prosili-

167 1745 212 1772 ret
226 1744 257 1772 in
271 1743 375 1771 verba.
397 1742 519 1771 Multum
543 1742 683 1770 monachi
701 1743 875 1779 proficiunt,
898 1745 950 1780 qui

168 1791 296 1820 claustra
311 1789 481 1818 custodiunt
490 1799 498 1824 ,-
512 1789 566 1817 sed
580 1789 637 1817 cito
654 1789 806 1825 deficiunt,
823 1791 875 1827 qui
892 1799 949 1819 sae--

167 1839 235 1876 pius
249 1838 329 1866 foras
343 1837 466 1865 vadunt.
482 1838 577 1871 Quare
591 1837 696 1873 lingua
711 1839 812 1866 nostra
828 1847 948 1866 servan-

168 1886 207 1914 da
223 1887 264 1913 est
278 1885 353 1912 intra
369 1885 506 1919 claustra,
528 1893 565 1912 ne
584 1885 615 1912 in
633 1893 712 1912 vana
732 1885 824 1913 verba
846 1886 950 1914 leviter

167 1934 362 1969 prorumpat,
388 1931 469 1968 quia,
488 1933 520 1959 ut
539 1931 579 1959 ait
601 1932 747 1968 Propheta
760 1933 781 1967 ⁷,
800 1933 873 1960 «vir
891 1933 948 1960 lin-

169 1987 281 2015 guosus
297 1986 359 2006 non
375 1978 518 2014 dirigetur
532 1979 562 2006 in
579 1981 665 2006 terra.
683 1989 696 2005 »
714 1979 759 2006 Sic
780 1987 852 2015 ergo
870 1982 950 2016 patet

168 2027 287 2062 modus,
309 2034 362 2063 per
381 2034 472 2062 quem
487 2026 623 2054 venimus
645 2026 684 2054 ad
706 2026 842 2061 gratiam,
864 2029 891 2054 et
919 2027 949 2055 in

167 2074 255 2102 nobis
284 2073 379 2110 ipsam
403 2074 642 2109 augmentamus.
667 2075 764 2101 Restat
792 2074 858 2110 quis
887 2075 950 2109 eJ'us

167 2130 237 2149 usus
253 2121 298 2149 sit.
839 2149 841 2152 ⁴

204 2170 277 2197 Nota
292 2176 375 2204 ergo,
392 2168 475 2204 quod
489 2175 559 2195 usus
574 2167 674 2203 gratiae
688 2168 820 2196 consistit
832 2169 862 2196 in
877 2177 950 2205 qua-

168 2218 236 2244 tuor
253 2225 261 2243 :
283 2215 394 2252 primo,
413 2215 444 2243 in
462 2215 642 2243 honorando
660 2215 793 2243 divinam
809 2217 948 2252 majesta-

169 2266 238 2298 tem,
252 2272 306 2300 per
320 2263 518 2291 reverentiam
532 2264 748 2299 honorantem;
765 2265 949 2298 secund0,in

168 2311 355 2339 reiraenando
374 2311 529 2347 propriam
551 2312 746 2347 voluntatem,
764 2320 817 2349 per
836 2314 949 2348 tempe-

170 2359 297 2386 rantiam
312 2357 501 2385 cohibentem
509 2367 517 2393 3
543 2359 626 2387 tertio
651 2359 681 2386 in
705 2359 867 2387 relevando
883 2367 949 2395 pro-

169 2406 240 2434 ximi
262 2406 480 2441 paupertatem,
503 2413 557 2441 per
585 2406 821 2434 misericordiam
841 2406 948 2434 subve-

170 2453 319 2487 nientem3
335 2454 452 2488 quarto,
470 2452 500 2479 in
520 2452 676 2480 tolerando
696 2453 881 2481 mundanam
897 2453 949 2481 ad-

170 2500 348 2533 versitatem,
363 2507 416 2535 per
430 2500 601 2535 patientiam
619 2499 803 2528 tolerantem.

205 2547 275 2574 Dico
290 2547 400 2583 primo,
417 2546 499 2582 quod
521 2547 635 2582 primus
654 2555 724 2574 usus
746 2548 846 2583 gratiae
862 2550 904 2575 est
919 2548 949 2575 in

204 2624 208 2636 ¹
226 2623 305 2654 Rom,
323 2628 377 2654 ΧΠ,
392 2624 431 2647 2ο.
447 2635 477 2640 —-
498 2623 627 2653 ²1J0an.‚
646 2629 691 2653 111,
710 2625 748 2647 17.
763 2637 789 2640 —
806 2624 816 2640 ³
830 2625 898 2653 Luc„
914 2630 948 2655 vi,

174 2659 212 2681 32.
227 2671 257 2675 —-
270 2658 277 2671 ¹
293 2658 383 2687 Ecclfi,
397 2664 481 2687 xxxii,
497 2659 520 2682 9.
536 2671 567 2675 --
583 2659 592 2675 ⁵
608 2658 682 2688 ibid„
700 2665 742 2689 xx,
765 2660 801 2683 13.
817 2672 847 2676 -—
863 2660 871 2673 ὓ
886 2660 948 2690 Jac.y

173 2700 196 2726 i,
214 2694 251 2718 19.
267 2707 297 2711 -
315 2695 322 2708 ⁷
337 2694 405 2719 Psal.
426 2699 538 2725 cxxxix,
560 2694 597 2719 12.
617 2708 647 2711 —
668 2694 677 2711 ⁸
692 2694 778 2725 Helua,
793 2701 845 2727 311,
865 2696 903 2719 28.
919 2708 949 2713 —

1730 207 1788 238 103

1007 277 1187 306 honorando
1202 276 1336 305 divinam
1356 276 1552 312 majestatem,
1570 283 1631 312 ‚per
1651 282 1789 303 reveren-

1007 325 1079 353 tiam
1094 324 1281 359 adorantem,
1302 325 1330 352 et
1348 331 1443 360 usque
1466 323 1505 351 ad
1524 322 1617 359 pedes
1635 330 1667 350 se
1689 322 1789 350 humi-

1007 371 1139 399 liantem.
1157 371 1185 400 Si
1198 372 1308 400 tantam
1319 370 1517 399 reverentiam
1528 369 1670 398 exhibent
1680 377 1789 406 praesu-

1007 418 1051 446 les
1066 416 1184 447 summo
1201 418 1348 453 Pontifici,
1362 418 1386 446 si
1397 420 1509 446 tantam
1523 417 1631 445 milites
1645 425 1700 444 suo
1714 416 1787 452 regi,

1007 466 1068 493 sive
1095 466 1224 494 barones
1249 465 1432 502 imperatori,
1459 466 1491 493 ut
1518 473 1574 501 pro
1599 472 1711 500 magno
1735 464 1789 491 ha-

1006 513 1108 549 beant,
1138 513 1162 541 si
1191 521 1296 541 eorum
1331 513 1460 549 pedibus
1493 514 1619 549 possunt
1655 510 1788 546 advolvi,

1008 562 1120 598 quanta
1134 562 1177 589 est
1191 560 1355 588 reverentia
1369 560 1539 588 exhibenda
1553 567 1671 587 summo
1688 558 1790 586 Domi-

1007 616 1058 643 no,
1077 608 1217 636 universa
1238 606 1351 642 scienti,
1378 609 1405 635 et
1430 607 1532 636 omnia
1555 606 1747 642 gubernanti,
1762 607 1790 633 et

1007 655 1126 691 singula
1141 654 1335 691 disponenti?
1349 652 1433 682 Unde
1446 654 1553 682 dicitur
1567 654 1578 670 ⁸
1594 663 1600 681 :
1616 653 1789 682 «Habemus

1007 703 1144 739 gratiam,
1164 710 1216 738 per
1238 710 1331 738 quam
1355 701 1519 729 serviamus
1546 701 1699 737 placentes
1730 701 1789 728 Deo

1008 758 1076 779 cum
1088 751 1170 778 metu
1183 751 1210 778 et
1223 749 1399 777 reverentia.
1417 759 1430 775 »
1448 748 1518 782 Quis
1532 756 1668 784 unquam
1681 748 1720 776 ad
1736 749 1789 775 Do-

1007 797 1081 826 mini
1108 798 1249 826 thronum
1267 797 1309 825 sic
1328 797 1497 824 reverenter
1521 795 1653 829 accessit,
1673 797 1701 823 et
1715 803 1788 829 non,

1008 845 1092 881 quod
1106 845 1200 881 petiit,
1221 844 1410 881 impetravit&⁷
1432 843 1610 879 Exemplum
1628 842 1665 870 de
1689 841 1790 870 Publi-

1007 900 1094 924 cano,
1111 892 1162 928 qui
1176 894 1345 920 reverenter
1360 891 1480 919 accessit
1494 893 1522 918 et
1535 889 1787 925 justificationem,

1007 940 1036 967 et
1049 939 1168 967 veniam
1182 938 1354 975 reportavit.
1369 938 1426 966 Sed
1449 946 1465 965 e
1490 939 1593 965 contra
1616 936 1788 970 Pharisaeus,

1007 986 1059 1022 qui
1082 986 1278 1014 irreverenter
1299 985 1431 1020 accessit,
1453 984 1528 1012 nihil
1543 993 1560 1012 a
1575 986 1633 1012 Deo
1649 983 1787 1017 obtinuit,

1006 1034 1060 1062 sed
1076 1034 1174 1070 potius
1190 1033 1311 1070 culpam
1325 1033 1417 1060 auxit·
1436 1032 1517 1060 Unde
1537 1031 1644 1059 dicitur
1657 1031 1668 1048 ⁹
1684 1040 1690 1058 :
1710 1040 1724 1056 «
1740 1033 1790 1058 Ac-

1007 1081 1150 1109 cedamus
1165 1089 1232 1108 cum
1247 1080 1359 1108 fiducia
1373 1080 1412 1107 ad
1428 1080 1568 1107 thronum
1594 1078 1694 1114 gratiae
1714 1077 1789 1112 ejus,

1006 1131 1039 1157 ut
1053 1128 1288 1156 misericordiam
1310 1134 1541 1163 consequamur,
1557 1128 1584 1154 et
1600 1125 1726 1161 gratiam
1741 1125 1788 1152 in-

1006 1176 1161 1204 veniamus
1176 1175 1207 1202 in
1222 1175 1332 1203 auxilio
1349 1176 1531 1210 opportuno.
1552 1184 1566 1199 n
1585 1173 1612 1201 Si
1628 1173 1708 1201 enim
1724 1174 1787 1200 tan-

1006 1225 1067 1251 tam
1095 1223 1292 1251 reverentiam
1311 1221 1453 1249 exhibent
1473 1220 1616 1248 animalia
1635 1228 1690 1250 suo
1715 1219 1788 1255 regi,

1007 1271 1118 1299 scilicet
1140 1271 1232 1306 leoni,
1257 1269 1341 1306 quod
1360 1270 1399 1298 ad
1417 1269 1481 1304 ejus
1505 1268 1634 1304 rugitum
1655 1268 1787 1303 timeant,

1009 1319 1137 1354 gradum
1161 1318 1264 1353 figant,
1291 1317 1445 1353 expectent
1471 1324 1539 1343 cum
1562 1318 1690 1343 tremore
1717 1315 1791 1351 quid

1004 1366 1119 1402 jubeat,
1143 1356 1197 1393 n'ec
1220 1364 1375 1398 circulum,
1406 1371 1497 1399 quem
1517 1362 1614 1390 cauda
1644 1362 1789 1397 designat,

1005 1413 1184 1449 pertransire
1207 1413 1386 1448 praesumant
1401 1411 1445 1445 ¹⁰3
1471 1409 1546 1446 quid
1567 1409 1704 1437 omnium
1727 1409 1791 1436 ani-

1006 1460 1141 1493 malium,
1157 1460 1218 1487 imo
1234 1459 1369 1486 omnium
1394 1459 1597 1486 creaturarum
1617 1456 1789 1484 faciendum

1006 1509 1049 1535 est
1073 1506 1226 1535 Creatori?
1248 1507 1321 1534 Nam
1348 1508 1374 1533 et
1403 1513 1474 1541 apes
1503 1505 1543 1532 sic
1574 1512 1659 1531 suum
1689 1511 1791 1538 regem

1005 1556 1174 1588 honorant,
1190 1556 1221 1581 ut
1248 1553 1287 1581 ad
1307 1553 1369 1588 ejus
1387 1553 1503 1588 jussum
1532 1551 1684 1579 alveolum
1712 1551 1791 1578 exire

1005 1611 1065 1630 non
1075 1603 1270 1639 praesumant3
1283 1603 1311 1628 et
1323 1600 1362 1628 ad
1374 1600 1437 1635 ejus
1452 1599 1612 1635 imperium
1629 1600 1723 1625 castra
1738 1605 1792 1634 po-

1005 1652 1095 1684 nunt,
1119 1657 1210 1685 quem
1237 1647 1393 1683 fatigatum
1422 1647 1452 1674 in
1480 1645 1612 1674 humeris
1640 1646 1759 1681 portant
1783 1654 1789 1671 :

1005 1698 1044 1725 ita
1065 1699 1097 1724 ut
1123 1696 1162 1724 ad
1190 1696 1254 1731 ejus
1282 1694 1463 1730 obsequium
1484 1693 1630 1721 universae
1658 1700 1689 1719 se
1720 1692 1792 1719 offe-

1005 1746 1081 1778 rant,
1099 1751 1189 1779 quem
1205 1750 1320 1770 summe
1342 1741 1470 1776 diligunt
1492 1742 1520 1768 et
1533 1740 1692 1768 honorant.
1710 1742 1731 1767 Ο
1747 1739 1792 1766 in-

1005 1791 1155 1827 gratitudo
1179 1797 1307 1825 magna,
1329 1788 1470 1825 superbia
1485 1788 1633 1819 humana,
1650 1787 1742 1822 digna
1762 1788 1794 1813 ut

1007 1838 1172 1874 aliquando
1193 1836 1409 1865 confundatur!
1434 1836 1507 1863 Nam
1536 1833 1678 1862 animalia
1705 1833 1794 1861 bruta

1006 1886 1125 1913 leonem
1141 1884 1170 1911 in
1183 1883 1348 1912 reverentia
1361 1882 1482 1916 habent,
1500 1883 1527 1909 et
1541 1883 1633 1914 metu,
1649 1888 1739 1916 quem
1752 1882 1794 1916 ty-

1006 1940 1135 1960 rannum
1160 1930 1399 1959 crudelissimum
1422 1929 1461 1957 ad
1480 1937 1510 1956 se
1527 1927 1701 1956 devoranda
1717 1935 1793 1963 prae-

1006 1979 1134 2007 sentiunt
1150 1988 1156 2006 :
1178 1980 1206 2006 et
1225 1986 1296 2013 apes
1319 1985 1373 2004 suo
1393 1976 1456 2012 regi
1478 1976 1519 2003 sic
1534 1975 1682 2009 serviunt,
1699 1982 1717 2002 a
1732 1982 1792 2010 quo

1007 2026 1080 2054 nihil
1096 2026 1258 2062 accipiunt,
1281 2026 1308 2052 et
1324 2027 1425 2052 tamen
1447 2023 1567 2051 servitia
1587 2022 1681 2050 multa
1703 2030 1793 2058 praes-

1006 2075 1078 2109 tant,
1095 2073 1166 2101 dum
1188 2081 1256 2100 eum
1271 2080 1373 2107 regem
1397 2071 1516 2098 faciunt.
1537 2072 1569 2098 Et
1583 2070 1694 2103 homo,
1711 2076 1793 2096 crea-

1008 2123 1073 2149 tura
1089 2120 1273 2156 dignissima,
1291 2128 1308 2147 a
1323 2121 1380 2146 Deo
1396 2118 1533 2152 formata,
1550 2119 1578 2145 et
1594 2117 1734 2145 omnibus
1749 2124 1794 2144 re-

1006 2170 1063 2198 bus
1087 2168 1193 2197 mundi
1218 2167 1393 2204 praeposita,
1419 2166 1549 2202 pretioso
1576 2165 1719 2200 sanguine
1748 2173 1792 2192 re—

1007 2217 1143 2253 dempta,
1159 2217 1186 2244 et
1205 2216 1241 2243 de
1262 2217 1355 2242 morte
1373 2213 1411 2242 ad
1426 2213 1516 2240 vitam
1538 2212 1671 2247 reducta,
1696 2213 1793 2240 renuit

1008 2272 1062 2292 suo
1078 2263 1148 2298 Regi
1164 2263 1283 2290 servire.
1301 2261 1378 2289 Unde
1394 2260 1457 2297 ipse
1473 2260 1509 2288 de
1528 2260 1585 2288 hoc
1601 2260 1792 2296 conqueritur

1007 2312 1108 2339 dicens
1130 2312 1148 2328 ¹¹
1166 2319 1172 2337 ε
1188 2320 1200 2335 α
1216 2311 1276 2345 Ego
1300 2308 1468 2336 honorifico
1490 2309 1604 2335 Patrem
1628 2315 1740 2341 meum,
1765 2308 1791 2333 et

1006 2367 1060 2387 vos
1080 2357 1280 2386 inhonorastis
1304 2364 1363 2383 me.
1384 2366 1396 2381 n
1420 2357 1451 2383 Et
1476 2355 1495 2371 ¹2
1520 2364 1526 2382 :
1549 2364 1563 2379 (ι
1579 2354 1606 2382 Si
1632 2361 1687 2388 ego
1709 2355 1791 2381 Pater

1006 2408 1110 2439 vester,
1126 2404 1178 2432 ubi
1194 2406 1236 2432 est
1249 2404 1346 2431 honor
1361 2410 1445 2430 meus
1455 2403 1469 2429 *?
1482 2412 1495 2427 n

1043 2451 1196 2480 Secundus
1212 2450 1312 2486 gratiae
1327 2458 1398 2478 usus
1413 2452 1455 2477 est
1470 2449 1500 2476 in
1516 2447 1701 2476 refraenando
1721 2455 1790 2483 pro-

1007 2500 1104 2536 priam
1119 2499 1316 2532 voluntatem,
1332 2505 1385 2534 per
1400 2495 1625 2532 temperantiam
1645 2494 1789 2522 constrin-

1833 1175 1913 1195 Exem-

1805 1206 1865 1232 plum
1870 1221 1875 1226 .

1007 2577 1016 2593 ⁹
1033 2576 1214 2606 11›id.‚1v,1ss.
1226 2589 1258 2593 —
1272 2576 1290 2591 ¹⁰
1301 2575 1417 2604 Hieron„
1429 2575 1455 2597 in
1471 2574 1514 2597 Ose
1526 2591 1535 2603 ‚
1551 2580 1572 2596 c,
1585 2578 1621 2596 xi.
1633 2585 1662 2589 -—
1678 2573 1693 2588 ¹¹
1707 2573 1788 2601 loun„

1008 2618 1064 2643 vm,
1080 2613 1117 2637 49.
1136 2625 1161 2629 -
1179 2612 1199 2628 ¹²
1214 2611 1316 2640 Malae„
1336 2617 1353 2641 1,
1370 2612 1393 2634 6.

1039 2659 1071 2688 (a)
1089 2657 1150 2682 Coet.
1168 2657 1229 2681 edit.
1250 2657 1387 2682 fautorum.
1406 2670 1436 2674 —
1458 2655 1489 2687 (b)
1510 2655 1583 2686 Γαίῃ,
1604 2655 1691 2687 gratiae
1708 2654 1788 2679 saluo-

1007 2701 1065 2719 rum
1083 2694 1253 2719 effundentur.
