2029 3052
599 253 649 285 nu
673 238 751 286 u‘No
774 252 807 286 s.
834 253 1024 286 noemae.
1049 254 1183 288 suario
1207 256 1231 288 i.
1687 264 1726 294 83

105 325 175 360 tem,
196 326 239 352 est
262 321 492 352 communicatio
512 321 618 356 libera,
643 323 675 350 ut
692 321 784 350 homo
804 329 834 350 se
859 323 888 350 et

103 379 158 400 sua
175 370 376 399 communicet
397 368 535 406 proximo
543 378 551 404 ;
576 368 648 405 quia
668 369 709 396 sic
729 368 835 397 dicitur
852 368 859 384 ¹
878 378 884 396 :

107 428 121 444 «
135 418 266 447 Charitas
282 425 344 446 non
359 416 463 453 quaerit
480 424 546 452 quae
558 423 614 444 sua
628 418 706 451 suut,
729 428 741 441 1»
758 416 810 444 sed
828 418 888 444 tan-

104 466 168 494 tum
187 473 255 503 quae
269 466 337 493 Jesu
349 463 461 492 Christi.
476 463 653 500 Exemplum
668 464 706 492 de
722 463 885 498 discipulis,

105 513 214 549 quibus
238 514 322 540 erant
345 511 447 540 omnia
467 510 640 540 communia
654 510 686 538 ¹:
706 521 719 538 α
744 513 776 539 Et
797 519 886 539 nemo

104 559 271 596 quidquam
285 559 443 596 proprium
457 558 644 595 possidebat,
660 557 712 586 sed
727 560 811 586 erant
829 558 887 586 illis

104 606 206 635 omnia
220 606 403 635 communia.
423 616 436 633 n
451 605 576 635 Ciconioe
595 605 684 634 simul
703 605 827 640 vadunt,
849 605 886 633 si-

103 654 167 682 mul
186 655 295 682 terram
309 655 423 691 petunt,
440 653 530 681 simul
543 653 717 688 comedunt,
743 654 771 681 et
787 653 887 689 quies-

103 703 182 729 cunt.
205 703 281 738 Apes
300 700 389 729 simul
405 702 524 735 exeunt,
543 699 630 728 simul
651 702 786 736 surgunt,
805 702 833 728 et
853 700 889 728 si-

102 748 166 776 mul
181 748 282 776 cibum
305 755 497 776 communem
512 747 671 784 accipiunt.
690 749 785 783 Turpe
800 747 888 783 igitur

101 795 191 824 valde
211 796 264 830 est,
280 795 363 832 quod
377 795 470 823 homo
487 803 549 823 non
569 794 771 823 communicet
789 794 888 831 proxi-

101 851 164 875 mo,
181 851 250 871 cum
263 842 385 871 brutum
405 842 605 870 communicet
620 841 721 876 bruto,
738 844 765 870 et
779 843 888 878 maJ'or,

102 899 194 927 quam
218 890 294 919 inter
317 890 524 923 rationabilia,
546 898 631 918 amor
652 891 794 926 appareat
813 890 888 918 inter

101 938 200 966 bruta.
215 940 378 967 Teneamus
394 946 465 974 ergo
481 937 653 966 charitatem
671 946 678 966 z
695 937 767 974 quia
782 937 835 966 ubi
846 939 889 966 est

102 985 239 1021 charitas,
256 985 298 1014 ibi
317 987 391 1013 Deus
405 988 456 1020 est,
474 987 502 1013 et
515 986 525 1002 ³
544 995 557 1011 «
577 985 628 1021 qui
644 985 818 1013 charitatem
831 984 887 1013 ha-

101 1032 164 1067 bet,
178 1032 208 1060 in
217 1034 277 1060 Deo
289 1034 399 1067 manet,
417 1035 444 1060 et
455 1034 528 1060 Dens
542 1032 573 1060 in
585 1041 629 1060 eo.
643 1042 656 1059 »
670 1032 755 1066 Quod
768 1034 889 1060 Bernar-

103 1079 159 1107 dus
172 1087 336 1116 exponens,
354 1080 395 1107 sic
411 1079 451 1108 ait
464 1078 474 1095 Β
490 1088 497 1107 :
514 1089 527 1105 «
542 1080 570 1108 Si
587 1081 661 1108 Deus
685 1079 811 1107 charitas
834 1081 886 1114 est,

102 1126 177 1154 nihil
185 1126 292 1154 melius
300 1127 440 1155 charitate
453 1137 459 1153 :
473 1126 496 1154 si
504 1127 571 1163 quis
582 1128 684 1154 manet
694 1126 725 1154 in
734 1127 886 1161 charitate,

102 1174 130 1201 et
143 1181 196 1210 per
208 1182 396 1210 consequens
410 1174 441 1201 in
457 1175 515 1202 Deo
530 1176 640 1208 manet,
658 1174 732 1201 nihil
747 1174 887 1202 charitate

101 1220 243 1249 securius.
260 1221 288 1249 Si
305 1229 374 1249 vero
391 1223 466 1249 Deus
480 1221 511 1249 in
528 1229 564 1249 eo
580 1224 690 1255 manet,
707 1221 782 1248 nihil
797 1221 888 1248 chari-

102 1269 159 1295 tate
176 1268 348 1303 jucundius.
374 1279 387 1294 υ
409 1270 517 1296 Verum
541 1270 582 1296 est
604 1276 686 1303 ergo,
710 1268 793 1304 quod
818 1267 889 1295 dicit

101 1315 260 1351 Apostolus
275 1316 284 1332 ⁵
308 1325 316 1343 ε
342 1326 355 1341 α
379 1315 510 1343 Charitas
532 1315 648 1351 patiens
673 1317 731 1349 est,
755 1314 888 1350 benigna

102 1361 154 1395 est,
169 1368 231 1388 non
245 1360 412 1395 aemulatur,
428 1368 490 1388 non
505 1361 567 1395 agit
580 1368 749 1397 perperam,
765 1367 827 1388 non
842 1360 888 1387 in-

101 1406 272 1441 flatur,non
290 1410 331 1436 est
346 1408 515 1442 ambitiosa,
530 1416 592 1435 non
614 1407 718 1443 quaerit
742 1416 808 1443 quae
834 1415 887 1435 sua

102 1457 185 1489 sunt,
207 1463 269 1483 non
291 1455 431 1490 irritatur,
456 1463 518 1483 non
542 1455 652 1490 cogitat
678 1455 808 1489 malum,
826 1463 887 1483 non

103 1502 213 1537 gaudet
228 1510 317 1538 super
332 1502 497 1538 iniquitate,
513 1501 684 1537 congaudet
699 1503 799 1530 autem
814 1502 888 1529 veri-

103 1548 153 1576 tati
169 1558 175 1576 :
192 1549 293 1577 omnia
309 1549 441 1584 sustinet,
457 1551 485 1576 et
499 1549 601 1577 omnia
616 1549 719 1577 suffert
736 1560 742 1577 :
761 1549 887 1577 charitas

105 1603 261 1632 nunquam
285 1596 402 1624 excidit.
430 1606 443 1622 »
470 1596 523 1629 Qui
552 1604 623 1631 ergo
646 1596 817 1624 charitatem
837 1596 887 1624 Dei

102 1642 202 1677 habet,
216 1643 387 1671 charitatem
402 1643 532 1679 proximi
548 1643 639 1670 habet
655 1652 661 1670 :
679 1643 763 1679 quod
775 1644 797 1670 si
814 1651 885 1678 ergo

103 1690 274 1718 charitatem
290 1689 419 1726 proximi
429 1697 491 1717 non
509 1689 610 1724 habet,
626 1698 680 1717 nec
696 1690 745 1717 Dei
761 1690 886 1719 charita-

103 1738 162 1764 tem
187 1737 297 1772 habet;
329 1737 400 1773 quia
436 1737 476 1764 ad
514 1736 746 1764 destructionem
779 1745 885 1765 conse-

103 1784 235 1820 quentis,
256 1784 388 1821 sequitur
415 1784 574 1812 destructio
598 1784 806 1812 antecedentis.
833 1786 886 1813 Ro-

103 1839 219 1867 gemus,
234 1834 288 1859 etc.

243 1930 299 1966 DE
333 1930 422 1966 UNO
454 1930 485 1966 S.
522 1930 746 1968 DOGTORE.

338 2007 468 2037 SERMO
491 2007 648 2036 PRIMUS.

137 2068 254 2101 Refalsz't
269 2068 309 2095 sol
322 2069 353 2095 in
374 2069 477 2103 clypeos
492 2075 597 2100 aurcos,
614 2070 638 2094 et
661 2068 885 2102 resplenduerunt

101 2118 202 2142 montes
216 2115 248 2141 ab
263 2116 302 2142 eis
315 2115 335 2142 ὃ.
351 2114 531 2149 Augustinus
547 2114 617 2142 dicit
630 2115 639 2131 ⁷
656 2114 738 2150 quod
755 2114 830 2142 ordo
847 2115 883 2142 de

102 2161 273 2188 necessitate
294 2161 417 2197 requirit
436 2161 586 2197 primum,
613 2163 641 2188 et
665 2161 801 2189 ultimum
824 2171 829 2189 z
857 2164 884 2189 et

102 2208 184 2244 quia,
199 2209 231 2235 ut
250 2208 299 2242 ait,
315 2216 376 2235 non
398 2210 494 2244 potest
514 2208 664 2244 perveniri
678 2208 715 2235 ad
733 2209 883 2241 ultimum,

101 2255 158 2282 nisi
178 2263 231 2291 per
252 2254 401 2290 medium3
425 2255 590 2289 concludit,
612 2255 695 2291 quod
718 2256 883 2283 necessario

103 2302 199 2330 omnis
215 2302 290 2330 ordo
305 2302 428 2337 requirit
449 2303 590 2337 primum,
608 2302 751 2337 medium,
769 2305 796 2330 et
818 2312 885 2338 pos-

102 2353 240 2377 tremum.
255 2349 335 2376 Unde
349 2349 379 2376 in
391 2348 504 2384 angelis
519 2349 621 2384 triplex
634 2352 675 2377 est
689 2349 852 2378 hierarchia
863 2349 883 2385 Β,

102 2396 212 2424 scilicet
227 2406 234 2424 z
251 2397 348 2432 prima
361 2396 409 2423 vel
424 2403 574 2431 suprema,
592 2396 701 2431 media,
718 2399 744 2424 et
758 2397 881 2425 infima:

102 2445 142 2472 ita
155 2443 238 2480 quod
257 2446 299 2471 est
313 2443 468 2471 influentia
487 2450 632 2478 supremae
655 2443 685 2470 in
700 2444 842 2478 mediam,
857 2448 885 2473 et

103 2491 208 2519 mediae
222 2491 254 2519 in
267 2491 403 2518 intimam
419 2499 425 2517 :
443 2492 474 2517 ut
495 2488 532 2526 (α)
548 2489 608 2517 ima
628 2498 681 2525 per
697 2491 840 2526 mediam,
856 2494 883 2519 et

103 2538 203 2566 media
218 2546 270 2574 per
285 2545 455 2574 supremam
470 2539 622 2573 purgetur,
645 2536 839 2573 illuminetur,
856 2541 884 2567 et

102 2585 282 2621 perficiatur,
299 2585 372 2612 sicut
388 2584 458 2612 dicit
474 2584 630 2619 Dionysius
649 2584 669 2611 ⁹.
686 2584 823 2613 Similiter
842 2586 883 2613 vi-

137 2660 143 2676 ¹
162 2660 168 2683 Ι
187 2660 256 2690 Com,
271 2665 332 2688 xm,
349 2661 372 2683 5.
389 2671 418 2676 —
435 2659 445 2675 Ἰ
459 2659 573 2688 Act.‚1v,
590 2660 628 2681 32.
646 2671 671 2674 -
693 2659 702 2674 ³
723 2659 729 2682 Ι
748 2659 828 2691 Joun.¹
847 2667 881 2692 ιν,

106 2697 144 2721 lo.
161 2709 191 2713 —
206 2696 215 2712 θ
231 2695 364 2726 Bernard.‚
383 2696 409 2718 in
425 2695 498 2719 Cant.
512 2708 541 2712 --
557 2695 566 2710 5
585 2695 591 2718 l
615 2695 683 2723 Cor„
704 2701 766 2725 xiii,
786 2697 837 2720 4-8.
852 2710 883 2714 --

107 2731 116 2748 ⁰
133 2733 140 2756 Ι
158 2731 250 2762 Maeli„
265 2737 300 2762 VI,
317 2732 355 2755 39.
371 2745 401 2748 —
417 2731 424 2745 ⁷
441 2732 516 2761 Aug„
530 2730 559 2754 cle
577 2730 674 2759 Music„
691 2730 735 2754 lib.
756 2732 774 2762 1,
795 2740 816 2755 c.
835 2739 881 2762 xii,

944 322 1049 351 demus
1065 325 1093 351 et
1107 324 1187 352 hune
1199 324 1337 353 ordinem
1349 325 1380 353 in
1393 326 1484 362 coelis,
1498 327 1581 363 quod
1594 328 1724 364 primum

943 371 985 405 est
999 378 1185 406 empyreum,
1202 372 1335 400 medium
1351 374 1393 400 est
1408 381 1550 410 aqueum,
1567 375 1684 403 tertium
1699 378 1727 404 ct

943 416 1081 445 infimum
1098 419 1312 455 cstsidereum3
1330 422 1357 448 et
1371 420 1502 457 primum
1513 421 1649 450 inssuitin
1667 431 1728 451 me-

944 464 1045 496 dium,
1073 467 1101 493 et
1125 466 1259 494 medium
1282 467 1314 494 in
1338 469 1532 504 postremum.
1559 470 1632 497 Cum
1656 478 1727 505 ergo

945 511 1072 540 Ecclesia
1088 520 1106 540 a
1121 513 1180 540 Deo
1201 513 1236 541 sit
1255 514 1402 548 ordinata,
1427 523 1546 544 necesse
1569 519 1611 544 est
1633 519 1664 544 ut
1679 517 1728 545 ha-

943 558 1014 586 beat
1026 558 1057 586 in
1072 567 1103 587 se
1118 559 1173 588 ista
1189 560 1253 588 tria.
1266 561 1340 594 Quia
1354 562 1384 590 in
1399 563 1527 591 Ecclesia
1543 563 1592 591 Dei
1603 564 1729 600 quidam

944 608 1012 634 sunt
1025 605 1125 642 primi,
1141 609 1168 635 et
1186 607 1327 643 primates
1344 611 1412 637 sunt
1429 610 1585 646 appellati;
1603 611 1729 647 quidam

944 653 1047 688 medii,
1068 655 1101 682 ut
1124 655 1271 692 episcopi3
1295 657 1421 692 quidam
1440 658 1549 694 infimi,
1571 661 1602 687 ut
1625 668 1729 688 omnes

944 700 994 727 alii
1009 700 1141 729 minores
1157 702 1282 738 przrlati,
1296 703 1370 732 sicut
1390 705 1558 734 sacerdotes
1571 707 1729 742 parochia-

943 746 996 774 les.
1018 748 1070 775 Vel
1089 748 1173 777 aliter
1190 759 1196 777 :
1221 750 1345 786 quidam
1361 753 1429 779 sunt
1445 754 1559 781 tantum
1581 754 1726 787 doctores,

945 796 973 822 et
987 795 1017 823 hi
1033 798 1100 824 sunt
1115 797 1244 834 supremi
1252 807 1260 833 ,·
1286 798 1411 834 quidam
1431 801 1547 828 tantum
1563 801 1729 836 audientes,

945 844 973 869 et
991 842 1021 870 hi
1042 845 1110 871 sunt
1130 844 1242 880 infimi,·
1264 845 1389 882 quidam
1414 847 1503 875 simul
1527 847 1681 876 audientes
1704 851 1731 876 et

946 888 1099 925 docentes,
1111 893 1139 919 et
1153 892 1183 919 hi
1197 894 1264 920 sunt
1278 893 1381 928 medii,
1398 895 1449 930 qui
1465 902 1511 929 ea,
1525 903 1592 931 quae
1605 895 1731 924 audiunt

944 944 962 964 a
983 937 1127 972 summis,
1152 947 1236 967 more
1261 939 1340 968 lunae
1364 941 1536 970 refundunt.
1558 944 1631 970 Nam
1657 942 1731 971 luna

943 982 1058 1019 lumen,
1074 985 1158 1021 quod
1182 994 1200 1014 a
1222 987 1284 1015 sole
1307 988 1421 1025 recipit,
1444 989 1542 1018 reddit
1564 990 1659 1018 terris.
1685 990 1729 1018 isti

944 1039 1015 1066 ergo
1041 1033 1096 1060 tres
1121 1033 1259 1068 ordines,
1282 1035 1455 1064 docentium
1479 1037 1600 1072 scilicet,
1624 1038 1651 1065 et
1677 1045 1730 1065 au-

945 1078 1105 1114 dientium,
1130 1082 1158 1108 et
1178 1081 1280 1110 medio
1302 1083 1395 1111 modo
1411 1092 1447 1111 se
1468 1084 1655 1120 habentium,
1679 1092 1730 1112 no-

945 1127 1043 1153 tantur
1057 1126 1087 1154 in
1108 1128 1247 1156 themate.
1272 1130 1344 1157 Nam
1366 1132 1480 1158 tantum
1504 1131 1644 1159 docentes
1659 1132 1730 1160 assi-

944 1172 1086 1201 milantur
1101 1174 1166 1209 soli,
1185 1176 1212 1202 et
1228 1175 1332 1210 stelli53
1356 1178 1470 1205 tantum
1490 1178 1643 1206 audientes
1659 1179 1730 1206 assi-

944 1219 1085 1248 milantur
1100 1222 1253 1249 montibus
1268 1223 1345 1257 altiS,
1362 1224 1400 1252 ad
1410 1225 1613 1261 recipiendum
1626 1226 1729 1254 lumen

945 1266 1094 1302 dispositis
1111 1277 1117 1295 :
1135 1269 1187 1304 qui
1205 1269 1274 1297 licet
1288 1270 1345 1298 sint
1360 1271 1454 1299 infimi
1468 1275 1605 1308 respectu
1620 1273 1730 1301 docen-

944 1313 1028 1348 tium,
1040 1317 1108 1342 sunt
1124 1318 1223 1343 tamen
1239 1320 1355 1345 montes
1369 1318 1431 1353 alti,
1454 1319 1485 1346 in
1505 1321 1729 1356 comparatione

943 1361 1079 1396 vallium,
1097 1362 1128 1389 id
1144 1365 1197 1397 est,
1212 1363 1286 1391 nihil
1302 1364 1442 1400 colligere
1457 1366 1633 1396 valentium.
1656 1370 1728 1396 Nam

944 1411 1059 1436 montes
1078 1409 1160 1445 prius
1182 1410 1346 1447 suscipiunt
1365 1413 1466 1441 radios
1488 1414 1611 1449 solares,
1637 1424 1729 1451 quam

944 1455 1034 1483 colles
1056 1456 1198 1492 depressi,
1215 1460 1242 1485 et
1262 1458 1372 1494 valles,
1401 1460 1555 1489 audientes
1579 1462 1683 1497 simul,
1702 1466 1729 1491 et

945 1502 1085 1530 docentes
1099 1504 1211 1531 similes
1226 1508 1293 1533 sunt
1304 1506 1392 1534 scutis
1407 1508 1514 1542 aureis,
1532 1517 1599 1544 quae
1613 1509 1725 1545 lumen,

944 1550 1027 1585 quod
1044 1558 1061 1578 a
1076 1551 1138 1578 sole
1155 1552 1313 1588 accipiunt,
1330 1554 1413 1581 terris
1428 1556 1572 1591 oppositis
1587 1557 1642 1584 sibi
1658 1558 1727 1585 red-

944 1598 1026 1626 dunt.
1049 1601 1081 1627 Et
1100 1599 1239 1628 dicuntur
1263 1603 1400 1630 notanter
1424 1603 1531 1639 clypei,
1557 1605 1629 1640 quia
1653 1605 1728 1633 sicut

942 1654 997 1681 pro
1017 1646 1190 1674 defensione
1210 1649 1343 1684 corporis
1363 1653 1553 1685 exponuntur
1577 1651 1673 1688 clypei
1696 1652 1726 1680 in

942 1692 1023 1721 hello
1044 1693 1159 1729 ictibus,
1176 1695 1217 1722 sic
1239 1695 1285 1722 isti
1310 1695 1420 1724 debent
1443 1706 1473 1725 se
1497 1706 1646 1734 exponere
1671 1708 1726 1735 pro

942 1740 1065 1768 utilitate
1077 1741 1183 1768 animae
1194 1743 1336 1777 proximi,
1348 1745 1376 1770 et
1388 1752 1443 1779 pro
1460 1744 1631 1773 defensione
1643 1746 1725 1782 fidei,

942 1789 970 1814 et
994 1788 1017 1815 si
1043 1796 1161 1816 necesse
1184 1788 1288 1824 fuerit,
1313 1793 1471 1827 propterea
1491 1793 1579 1820 mori.
1602 1794 1633 1821 Ut
1655 1802 1725 1829 ergo

941 1843 1110 1863 sermonem
1125 1836 1304 1864 reducamus
1320 1838 1358 1865 ad
1382 1838 1461 1866 hunc
1486 1841 1641 1868 Doctorem
1667 1842 1726 1869 exi-

941 1882 1045 1917 mium,
1063 1883 1147 1917 cujus
1162 1882 1252 1910 hodie
1272 1884 1377 1912 festum
1399 1886 1539 1921 colimus;
1561 1887 1609 1915 hic
1632 1897 1725 1924 quan-

941 1932 1003 1957 tum
1030 1930 1069 1957 ad
1094 1930 1148 1957 tria
1174 1931 1205 1958 in
1231 1932 1383 1967 praemisso
1406 1934 1499 1961 verbo
1524 1935 1722 1964 describitur:

940 1977 1049 2011 primo,
1065 1979 1210 2012 quantum
1231 1978 1269 2006 ad
1292 1979 1355 2014 ejus
1373 1980 1513 2008 eximiam
1527 1983 1722 2018 sanctitatem,

940 2031 1000 2059 qua
1013 2024 1091 2051 intus
1110 2026 1231 2057 exarsit;
1249 2027 1392 2060 secundo,
1413 2030 1558 2063 quantum
1579 2029 1617 2057 ad
1632 2029 1722 2057 lumi-

939 2071 1125 2098 nosissimam
1147 2072 1317 2107 veritatem,
1342 2082 1402 2109 qua
1425 2077 1456 2102 ut
1482 2075 1563 2103 sidus
1585 2077 1720 2113 emicuit3

940 2118 1041 2152 tertio,
1067 2121 1211 2153 quantum
1239 2119 1278 2147 ad
1303 2120 1443 2149 doctrinae
1467 2123 1637 2159 utilitatem,
1662 2134 1722 2161 qua

939 2165 1054 2192 mundo
1073 2165 1208 2201 profecit.
1226 2168 1347 2194 Notatur
1362 2176 1432 2203 ergo
1449 2169 1546 2203 primo
1562 2171 1624 2205 eJ'us
1639 2180 1721 2199 sanc-

940 2212 1050 2239 tissima
1065 2212 1136 2244 vita,
1153 2221 1212 2248 qua
1229 2215 1286 2241 Deo
1301 2214 1433 2247 servivit,
1451 2224 1517 2244 cum
1535 2217 1641 2245 dicitur
1661 2219 1720 2251 Sol,-

939 2259 1081 2293 secunda,
1098 2261 1217 2287 notatur
1232 2261 1294 2295 ejus
1310 2261 1489 2290 admiranda
1505 2263 1648 2300 doctrina,
1661 2274 1721 2302 qua

939 2306 1054 2340 claruit,
1077 2315 1144 2334 cuni
1159 2306 1264 2334 dicitur
1283 2318 1290 2334 :
1310 2309 1431 2342 Refulsz't
1448 2312 1477 2337 z'n
1493 2312 1595 2346 clypeos
1611 2321 1719 2346 au1·eos;

939 2353 1041 2387 ici-tio,
1071 2354 1134 2388 ejus
1160 2354 1303 2382 doctrinae
1324 2355 1471 2390 efficacia,
1497 2366 1557 2393 qua
1585 2360 1718 2395 profecit,

939 2408 1004 2427 cum
1021 2400 1177 2428 subditur:
1200 2402 1237 2428 Ec
1260 2403 1485 2437 resplenduerunt
1501 2408 1600 2433 montes
1621 2408 1653 2433 ab
1671 2410 1717 2434 eis.

938 2449 1056 2481 Verum,
1075 2447 1145 2482 quia
1161 2447 1214 2475 ista
1231 2450 1333 2476 omnia
1348 2449 1378 2476 in
1393 2450 1455 2478 sole
1471 2453 1584 2478 tantum
1597 2457 1721 2488 possunt

938 2494 1051 2528 notari,
1073 2494 1141 2521 ideo
1167 2494 1203 2522 de
1223 2495 1288 2531 ipso
1308 2496 1370 2523 sole
1394 2497 1446 2524 fiat
1468 2498 1515 2525 hic
1539 2507 1646 2527 sermo.
1674 2503 1720 2529 Est

939 2549 1010 2576 ergo
1027 2541 1193 2568 notandum
1210 2543 1293 2577 quod
1308 2543 1385 2571 circa
1399 2544 1493 2571 solem
1513 2546 1600 2573 nobis
1622 2548 1718 2575 consi-

938 2588 1071 2615 deranda
1087 2590 1154 2615 sunt
1169 2589 1302 2625 quinque
1319 2599 1325 2617 2
1343 2591 1452 2626 primo,
1471 2592 1563 2627 ipsius
1578 2594 1716 2630 essentia3

937 2662 963 2678 n.
978 2657 1018 2685 20,
1029 2657 1067 2679 21.
1078 2668 1106 2672 -
1117 2656 1125 2669 ⁸
1139 2656 1225 2687 Dion.‚
1241 2657 1492 2690 sleCael.H2·e1·m·clz.,
1502 2667 1522 2685 c.
1537 2666 1575 2684 111.
1586 2674 1616 2678 —
1626 2662 1633 2675 ²²
1645 2662 1717 2693 ibid„

938 2699 960 2715 C.
979 2698 1034 2715 i'lll.

970 2734 1005 2765 (α)
1023 2735 1086 2758 Caet.
1101 2734 1160 2758 edit.
1178 2737 1210 2759 et.
