<?xml version="1.0" encoding="UTF-8"?>
<!DOCTYPE html PUBLIC "-//W3C//DTD XHTML 1.0 Transitional//EN"
    "http://www.w3.org/TR/xhtml1/DTD/xhtml1-transitional.dtd">
<html xmlns="http://www.w3.org/1999/xhtml" xml:lang="en" lang="en">
 <head>
  <title>
</title>
<meta http-equiv="Content-Type" content="text/html;charset=utf-8" />
  <meta name='ocr-system' content='tesseract 3.04.00' />
  <meta name='ocr-capabilities' content='ocr_page ocr_carea ocr_par ocr_line ocrx_word'/>
</head>
<body>
  <div class='ocr_page' id='page_1' title='image "./operaomniasixtiv14bonauoft_0230.png"; bbox 0 0 2029 3052; ppageno 0'>
   <div class='ocr_carea' id='block_1_1' title="bbox 289 220 349 252">
    <p class='ocr_par' dir='ltr' id='par_1_1' title="bbox 289 220 349 252">
     <span class='ocr_line' id='line_1_1' title="bbox 289 220 349 252; baseline 0.033 -2"><span class='ocrx_word' id='word_1_1' title='bbox 289 220 349 252; x_wconf 69' lang='lat'><strong>492</strong></span> 
     </span>
    </p>
   </div>
   <div class='ocr_carea' id='block_1_2' title="bbox 638 224 1573 277">
    <p class='ocr_par' dir='ltr' id='par_1_2' title="bbox 638 224 1573 277">
     <span class='ocr_line' id='line_1_2' title="bbox 638 224 1573 277; baseline 0.02 -19"><span class='ocrx_word' id='word_1_2' title='bbox 638 224 894 262; x_wconf 79' lang='lat' dir='ltr'>PSALTERIUM</span> <span class='ocrx_word' id='word_1_3' title='bbox 916 229 1040 266; x_wconf 84' lang='lat' dir='ltr'>MINUS</span> <span class='ocrx_word' id='word_1_4' title='bbox 1061 232 1206 269; x_wconf 76' lang='lat' dir='ltr'>BEATAE</span> <span class='ocrx_word' id='word_1_5' title='bbox 1225 237 1366 272; x_wconf 77' lang='lat' dir='ltr'><strong>MARIAE</strong></span> <span class='ocrx_word' id='word_1_6' title='bbox 1386 239 1573 277; x_wconf 84' lang='lat' dir='ltr'><strong>VlRGlNlS.</strong></span> 
     </span>
    </p>
   </div>
   <div class='ocr_carea' id='block_1_3' title="bbox 369 289 908 2267">
    <p class='ocr_par' dir='ltr' id='par_1_3' title="bbox 411 289 746 375">
     <span class='ocr_line' id='line_1_3' title="bbox 413 289 724 330; baseline 0.016 -12"><span class='ocrx_word' id='word_1_7' title='bbox 413 289 570 327; x_wconf 78' lang='lat' dir='ltr'><strong>inquinata</strong></span> <span class='ocrx_word' id='word_1_8' title='bbox 581 291 724 330; x_wconf 82' lang='lat' dir='ltr'><strong>foeditate,</strong></span> 
     </span>
     <span class='ocr_line' id='line_1_4' title="bbox 411 336 746 375; baseline 0.018 -11"><span class='ocrx_word' id='word_1_9' title='bbox 411 336 496 366; x_wconf 87' lang='lat' dir='ltr'><strong>Dono</strong></span> <span class='ocrx_word' id='word_1_10' title='bbox 510 338 603 375; x_wconf 88' lang='lat' dir='ltr'><strong>prolis</strong></span> <span class='ocrx_word' id='word_1_11' title='bbox 616 339 746 370; x_wconf 79' lang='lat' dir='ltr'><strong>illibatoe.</strong></span> 
     </span>
    </p>

    <p class='ocr_par' dir='ltr' id='par_1_4' title="bbox 408 385 831 564">
     <span class='ocr_line' id='line_1_5' title="bbox 445 385 799 426; baseline 0.017 -13"><span class='ocrx_word' id='word_1_12' title='bbox 445 386 518 420; x_wconf 81' lang='lat' dir='ltr'><strong>Ave,</strong></span> <span class='ocrx_word' id='word_1_13' title='bbox 530 385 614 414; x_wconf 84' lang='lat' dir='ltr'><strong>salus</strong></span> <span class='ocrx_word' id='word_1_14' title='bbox 626 394 663 416; x_wconf 89' lang='lat' dir='ltr'><strong>ex</strong></span> <span class='ocrx_word' id='word_1_15' title='bbox 677 388 784 418; x_wconf 78' lang='lat' dir='ltr'><strong>Judaeis</strong></span> <span class='ocrx_word' id='word_1_16' title='bbox 789 399 799 426; x_wconf 85' lang='lat'>3</span> 
     </span>
     <span class='ocr_line' id='line_1_6' title="bbox 411 431 797 473; baseline 0.021 -15"><span class='ocrx_word' id='word_1_17' title='bbox 411 431 501 466; x_wconf 88' lang='lat' dir='ltr'><strong>Votis,</strong></span> <span class='ocrx_word' id='word_1_18' title='bbox 516 432 617 469; x_wconf 81' lang='lat' dir='ltr'><strong>Virgo,</strong></span> <span class='ocrx_word' id='word_1_19' title='bbox 629 433 697 464; x_wconf 77' lang='lat' dir='ltr'><strong>lave</strong></span> <span class='ocrx_word' id='word_1_20' title='bbox 711 436 797 473; x_wconf 89' lang='lat' dir='ltr'><strong>meis,</strong></span> 
     </span>
     <span class='ocr_line' id='line_1_7' title="bbox 408 477 784 520; baseline 0.021 -15"><span class='ocrx_word' id='word_1_21' title='bbox 408 477 484 506; x_wconf 84' lang='lat' dir='ltr'><strong>Utin</strong></span> <span class='ocrx_word' id='word_1_22' title='bbox 496 478 567 508; x_wconf 90' lang='lat' dir='ltr'>Sion</span> <span class='ocrx_word' id='word_1_23' title='bbox 580 480 708 510; x_wconf 78' lang='lat' dir='ltr'><strong>reddam</strong></span> <span class='ocrx_word' id='word_1_24' title='bbox 721 482 784 520; x_wconf 90' lang='lat' dir='ltr'><strong>illa,</strong></span> 
     </span>
     <span class='ocr_line' id='line_1_8' title="bbox 408 524 831 564; baseline 0.019 -12"><span class='ocrx_word' id='word_1_25' title='bbox 408 524 483 554; x_wconf 86' lang='lat' dir='ltr'><strong>Dum</strong></span> <span class='ocrx_word' id='word_1_26' title='bbox 497 533 653 564; x_wconf 83' lang='lat' dir='ltr'><strong>resurgam</strong></span> <span class='ocrx_word' id='word_1_27' title='bbox 667 528 706 558; x_wconf 89' lang='lat' dir='ltr'><strong>de</strong></span> <span class='ocrx_word' id='word_1_28' title='bbox 718 529 831 562; x_wconf 79' lang='lat' dir='ltr'><strong>favilla.</strong></span> 
     </span>
    </p>

    <p class='ocr_par' dir='ltr' id='par_1_5' title="bbox 402 573 834 754">
     <span class='ocr_line' id='line_1_9' title="bbox 440 573 834 616; baseline 0.023 -16"><span class='ocrx_word' id='word_1_29' title='bbox 440 573 513 609; x_wconf 80' lang='lat' dir='ltr'><strong>Ave,</strong></span> <span class='ocrx_word' id='word_1_30' title='bbox 529 574 616 611; x_wconf 82' lang='lat' dir='ltr'><strong>Virgo</strong></span> <span class='ocrx_word' id='word_1_31' title='bbox 631 583 685 612; x_wconf 87' lang='lat' dir='ltr'><strong>per</strong></span> <span class='ocrx_word' id='word_1_32' title='bbox 699 581 834 616; x_wconf 82' lang='lat' dir='ltr'><strong>argento,</strong></span> 
     </span>
     <span class='ocr_line' id='line_1_10' title="bbox 405 618 816 662; baseline 0.022 -15"><span class='ocrx_word' id='word_1_33' title='bbox 405 618 475 653; x_wconf 81' lang='lat' dir='ltr'><strong>Quae</strong></span> <span class='ocrx_word' id='word_1_34' title='bbox 488 620 614 657; x_wconf 91' lang='lat' dir='ltr'><strong>pudoris</strong></span> <span class='ocrx_word' id='word_1_35' title='bbox 627 622 816 662; x_wconf 86' lang='lat' dir='ltr'><strong>detrimento,</strong></span> 
     </span>
     <span class='ocr_line' id='line_1_11' title="bbox 402 666 788 710; baseline 0.021 -16"><span class='ocrx_word' id='word_1_36' title='bbox 402 666 472 702; x_wconf 84' lang='lat' dir='ltr'><strong>Igne</strong></span> <span class='ocrx_word' id='word_1_37' title='bbox 487 668 592 697; x_wconf 87' lang='lat' dir='ltr'><strong>mundi</strong></span> <span class='ocrx_word' id='word_1_38' title='bbox 606 677 668 699; x_wconf 91' lang='lat' dir='ltr'><strong>non</strong></span> <span class='ocrx_word' id='word_1_39' title='bbox 682 673 788 710; x_wconf 81' lang='lat' dir='ltr'><strong>arsisti,</strong></span> 
     </span>
     <span class='ocr_line' id='line_1_12' title="bbox 402 713 812 754; baseline 0.02 -13"><span class='ocrx_word' id='word_1_40' title='bbox 402 713 496 747; x_wconf 85' lang='lat' dir='ltr'><strong>Quem</strong></span> <span class='ocrx_word' id='word_1_41' title='bbox 511 715 605 746; x_wconf 74' lang='lat' dir='ltr'><strong>illaesa</strong></span> <span class='ocrx_word' id='word_1_42' title='bbox 618 720 812 754; x_wconf 78' lang='lat' dir='ltr'><strong>pertransisti.</strong></span> 
     </span>
    </p>

    <p class='ocr_par' dir='ltr' id='par_1_6' title="bbox 399 763 855 897">
     <span class='ocr_line' id='line_1_13' title="bbox 437 763 855 805; baseline 0.019 -15"><span class='ocrx_word' id='word_1_43' title='bbox 437 763 508 798; x_wconf 74' lang='lat' dir='ltr'><strong>Ave,</strong></span> <span class='ocrx_word' id='word_1_44' title='bbox 525 764 632 793; x_wconf 75' lang='lat' dir='ltr'><strong>parens</strong></span> <span class='ocrx_word' id='word_1_45' title='bbox 642 766 757 804; x_wconf 85' lang='lat' dir='ltr'><strong>absque</strong></span> <span class='ocrx_word' id='word_1_46' title='bbox 771 776 855 805; x_wconf 88' lang='lat' dir='ltr'><strong>pare,</strong></span> 
     </span>
     <span class='ocr_line' id='line_1_14' title="bbox 399 809 740 849; baseline 0.018 -12"><span class='ocrx_word' id='word_1_47' title='bbox 399 809 489 838; x_wconf 86' lang='lat' dir='ltr'><strong>Mater</strong></span> <span class='ocrx_word' id='word_1_48' title='bbox 503 811 565 847; x_wconf 87' lang='lat' dir='ltr'><strong>Dei,</strong></span> <span class='ocrx_word' id='word_1_49' title='bbox 580 812 740 849; x_wconf 86' lang='lat' dir='ltr'><strong>deprecare</strong></span> 
     </span>
     <span class='ocr_line' id='line_1_15' title="bbox 399 856 739 897; baseline 0.024 -14"><span class='ocrx_word' id='word_1_50' title='bbox 399 856 493 885; x_wconf 87' lang='lat' dir='ltr'><strong>Deum</strong></span> <span class='ocrx_word' id='word_1_51' title='bbox 506 858 580 886; x_wconf 89' lang='lat' dir='ltr'><strong>mihi</strong></span> <span class='ocrx_word' id='word_1_52' title='bbox 594 860 739 897; x_wconf 89' lang='lat' dir='ltr'><strong>misereri,</strong></span> 
     </span>
    </p>

    <p class='ocr_par' dir='ltr' id='par_1_7' title="bbox 399 904 812 941">
     <span class='ocr_line' id='line_1_16' title="bbox 399 904 812 941; baseline 0.019 -10"><span class='ocrx_word' id='word_1_53' title='bbox 399 904 431 931; x_wconf 85' lang='lat' dir='ltr'><strong>Et</strong></span> <span class='ocrx_word' id='word_1_54' title='bbox 445 911 514 932; x_wconf 91' lang='lat' dir='ltr'><strong>cum</strong></span> <span class='ocrx_word' id='word_1_55' title='bbox 526 905 613 941; x_wconf 86' lang='lat' dir='ltr'><strong>justis</strong></span> <span class='ocrx_word' id='word_1_56' title='bbox 626 915 674 936; x_wconf 88' lang='lat' dir='ltr'><strong>me</strong></span> <span class='ocrx_word' id='word_1_57' title='bbox 690 910 812 939; x_wconf 81' lang='lat' dir='ltr'><strong>censeri.</strong></span> 
     </span>
    </p>

    <p class='ocr_par' dir='ltr' id='par_1_8' title="bbox 395 952 820 1087">
     <span class='ocr_line' id='line_1_17' title="bbox 433 952 820 994; baseline 0.023 -16"><span class='ocrx_word' id='word_1_58' title='bbox 433 953 504 987; x_wconf 77' lang='lat' dir='ltr'><strong>Ave,</strong></span> <span class='ocrx_word' id='word_1_59' title='bbox 519 952 608 990; x_wconf 87' lang='lat' dir='ltr'><strong>Virgo</strong></span> <span class='ocrx_word' id='word_1_60' title='bbox 627 955 687 984; x_wconf 89' lang='lat' dir='ltr'><strong>Deo</strong></span> <span class='ocrx_word' id='word_1_61' title='bbox 699 956 802 992; x_wconf 87' lang='lat' dir='ltr'><strong>juncta</strong></span> <span class='ocrx_word' id='word_1_62' title='bbox 811 967 820 994; x_wconf 87' lang='lat'>;</span> 
     </span>
     <span class='ocr_line' id='line_1_18' title="bbox 395 997 795 1040; baseline 0.023 -16"><span class='ocrx_word' id='word_1_63' title='bbox 395 997 432 1025; x_wconf 91' lang='lat' dir='ltr'><strong>Te</strong></span> <span class='ocrx_word' id='word_1_64' title='bbox 448 997 568 1028; x_wconf 84' lang='lat' dir='ltr'><strong>tollente</strong></span> <span class='ocrx_word' id='word_1_65' title='bbox 583 1001 664 1030; x_wconf 90' lang='lat' dir='ltr'><strong>mala</strong></span> <span class='ocrx_word' id='word_1_66' title='bbox 679 1006 795 1040; x_wconf 84' lang='lat' dir='ltr'><strong>cuncta,</strong></span> 
     </span>
     <span class='ocr_line' id='line_1_19' title="bbox 395 1044 778 1087; baseline 0.023 -16"><span class='ocrx_word' id='word_1_67' title='bbox 395 1044 453 1073; x_wconf 74' lang='lat' dir='ltr'><strong>Vite</strong></span> <span class='ocrx_word' id='word_1_68' title='bbox 467 1053 541 1075; x_wconf 83' lang='lat' dir='ltr'><strong>meoe</strong></span> <span class='ocrx_word' id='word_1_69' title='bbox 554 1053 778 1087; x_wconf 82' lang='lat' dir='ltr'><strong>prosperentur,</strong></span> 
     </span>
    </p>

    <p class='ocr_par' dir='ltr' id='par_1_9' title="bbox 394 1092 818 1127">
     <span class='ocr_line' id='line_1_20' title="bbox 394 1092 818 1127; baseline 0.017 -7"><span class='ocrx_word' id='word_1_70' title='bbox 394 1092 449 1120; x_wconf 84' lang='lat' dir='ltr'><strong>Res</strong></span> <span class='ocrx_word' id='word_1_71' title='bbox 463 1093 596 1123; x_wconf 74' lang='lat' dir='ltr'><strong>adversm</strong></span> <span class='ocrx_word' id='word_1_72' title='bbox 605 1097 818 1127; x_wconf 88' lang='lat' dir='ltr'><strong>secundentur.</strong></span> 
     </span>
    </p>

    <p class='ocr_par' dir='ltr' id='par_1_10' title="bbox 389 1141 908 1319">
     <span class='ocr_line' id='line_1_21' title="bbox 427 1141 908 1181; baseline 0.019 -14"><span class='ocrx_word' id='word_1_73' title='bbox 427 1141 498 1176; x_wconf 80' lang='lat' dir='ltr'><strong>Ave,</strong></span> <span class='ocrx_word' id='word_1_74' title='bbox 512 1141 613 1178; x_wconf 82' lang='lat' dir='ltr'><strong>Virgo,</strong></span> <span class='ocrx_word' id='word_1_75' title='bbox 628 1151 682 1179; x_wconf 89' lang='lat' dir='ltr'><strong>per</strong></span> <span class='ocrx_word' id='word_1_76' title='bbox 696 1152 787 1181; x_wconf 83' lang='lat' dir='ltr'><strong>quam</strong></span> <span class='ocrx_word' id='word_1_77' title='bbox 803 1146 908 1176; x_wconf 88' lang='lat' dir='ltr'><strong>volens</strong></span> 
     </span>
     <span class='ocr_line' id='line_1_22' title="bbox 391 1187 790 1227; baseline 0.02 -14"><span class='ocrx_word' id='word_1_78' title='bbox 391 1187 506 1223; x_wconf 83' lang='lat' dir='ltr'><strong>Pauper</strong></span> <span class='ocrx_word' id='word_1_79' title='bbox 519 1187 568 1217; x_wconf 88' lang='lat' dir='ltr'><strong>ille</strong></span> <span class='ocrx_word' id='word_1_80' title='bbox 584 1189 617 1218; x_wconf 85' lang='lat' dir='ltr'><strong>fit</strong></span> <span class='ocrx_word' id='word_1_81' title='bbox 631 1192 659 1218; x_wconf 89' lang='lat' dir='ltr'><strong>et</strong></span> <span class='ocrx_word' id='word_1_82' title='bbox 673 1190 790 1227; x_wconf 89' lang='lat' dir='ltr'><strong>dolens,</strong></span> 
     </span>
     <span class='ocr_line' id='line_1_23' title="bbox 390 1234 798 1275; baseline 0.022 -14"><span class='ocrx_word' id='word_1_83' title='bbox 390 1234 454 1268; x_wconf 90' lang='lat' dir='ltr'><strong>Quo</strong></span> <span class='ocrx_word' id='word_1_84' title='bbox 466 1235 590 1270; x_wconf 85' lang='lat' dir='ltr'><strong>jubente</strong></span> <span class='ocrx_word' id='word_1_85' title='bbox 606 1237 694 1268; x_wconf 91' lang='lat' dir='ltr'><strong>dolor</strong></span> <span class='ocrx_word' id='word_1_86' title='bbox 710 1240 798 1275; x_wconf 85' lang='lat' dir='ltr'><strong>cedit,</strong></span> 
     </span>
     <span class='ocr_line' id='line_1_24' title="bbox 389 1282 784 1319; baseline 0.02 -10"><span class='ocrx_word' id='word_1_87' title='bbox 389 1282 421 1309; x_wconf 89' lang='lat' dir='ltr'><strong>Et</strong></span> <span class='ocrx_word' id='word_1_88' title='bbox 434 1285 595 1319; x_wconf 83' lang='lat' dir='ltr'><strong>paupertas</strong></span> <span class='ocrx_word' id='word_1_89' title='bbox 607 1288 684 1314; x_wconf 87' lang='lat' dir='ltr'><strong>retro</strong></span> <span class='ocrx_word' id='word_1_90' title='bbox 698 1287 784 1317; x_wconf 89' lang='lat' dir='ltr'><strong>redit.</strong></span> 
     </span>
    </p>

    <p class='ocr_par' dir='ltr' id='par_1_11' title="bbox 384 1330 833 1507">
     <span class='ocr_line' id='line_1_25' title="bbox 425 1330 776 1370; baseline 0.02 -14"><span class='ocrx_word' id='word_1_91' title='bbox 425 1331 496 1364; x_wconf 79' lang='lat' dir='ltr'><strong>Ave,</strong></span> <span class='ocrx_word' id='word_1_92' title='bbox 511 1330 609 1367; x_wconf 85' lang='lat' dir='ltr'><strong>Virgo,</strong></span> <span class='ocrx_word' id='word_1_93' title='bbox 626 1333 672 1361; x_wconf 84' lang='lat' dir='ltr'><strong>Dei</strong></span> <span class='ocrx_word' id='word_1_94' title='bbox 690 1334 776 1370; x_wconf 86' lang='lat' dir='ltr'><strong>cella,</strong></span> 
     </span>
     <span class='ocr_line' id='line_1_26' title="bbox 386 1375 833 1418; baseline 0.02 -16"><span class='ocrx_word' id='word_1_95' title='bbox 386 1375 478 1408; x_wconf 84' lang='lat' dir='ltr'><strong>Quem</strong></span> <span class='ocrx_word' id='word_1_96' title='bbox 494 1384 549 1413; x_wconf 90' lang='lat' dir='ltr'><strong>pro</strong></span> <span class='ocrx_word' id='word_1_97' title='bbox 563 1378 651 1407; x_wconf 83' lang='lat' dir='ltr'><strong>nobis</strong></span> <span class='ocrx_word' id='word_1_98' title='bbox 666 1380 833 1418; x_wconf 84' lang='lat' dir='ltr'><strong>interpella,</strong></span> 
     </span>
     <span class='ocr_line' id='line_1_27' title="bbox 385 1421 802 1465; baseline 0.022 -16"><span class='ocrx_word' id='word_1_99' title='bbox 385 1421 471 1451; x_wconf 85' lang='lat' dir='ltr'><strong>Placa</strong></span> <span class='ocrx_word' id='word_1_100' title='bbox 487 1425 602 1461; x_wconf 87' lang='lat' dir='ltr'><strong>Natum,</strong></span> <span class='ocrx_word' id='word_1_101' title='bbox 619 1434 655 1456; x_wconf 85' lang='lat' dir='ltr'><strong>ue</strong></span> <span class='ocrx_word' id='word_1_102' title='bbox 667 1429 802 1465; x_wconf 88' lang='lat' dir='ltr'><strong>moreris,</strong></span> 
     </span>
     <span class='ocr_line' id='line_1_28' title="bbox 384 1470 825 1507; baseline 0.02 -11"><span class='ocrx_word' id='word_1_103' title='bbox 384 1470 453 1503; x_wconf 79' lang='lat' dir='ltr'><strong>Quae</strong></span> <span class='ocrx_word' id='word_1_104' title='bbox 462 1471 613 1507; x_wconf 86' lang='lat' dir='ltr'><strong>repulsam</strong></span> <span class='ocrx_word' id='word_1_105' title='bbox 630 1482 690 1502; x_wconf 89' lang='lat' dir='ltr'><strong>non</strong></span> <span class='ocrx_word' id='word_1_106' title='bbox 706 1477 825 1505; x_wconf 82' lang='lat' dir='ltr'><strong>vereris.</strong></span> 
     </span>
    </p>

    <p class='ocr_par' dir='ltr' id='par_1_12' title="bbox 380 1519 876 1693">
     <span class='ocr_line' id='line_1_29' title="bbox 419 1519 779 1559; baseline 0.019 -15"><span class='ocrx_word' id='word_1_107' title='bbox 419 1520 490 1553; x_wconf 80' lang='lat' dir='ltr'><strong>Ave,</strong></span> <span class='ocrx_word' id='word_1_108' title='bbox 505 1519 614 1549; x_wconf 82' lang='lat' dir='ltr'><strong>Norma</strong></span> <span class='ocrx_word' id='word_1_109' title='bbox 627 1522 763 1551; x_wconf 82' lang='lat' dir='ltr'><strong>castitatis</strong></span> <span class='ocrx_word' id='word_1_110' title='bbox 771 1533 779 1559; x_wconf 87' lang='lat'>;</span> 
     </span>
     <span class='ocr_line' id='line_1_30' title="bbox 383 1565 790 1605; baseline 0.022 -14"><span class='ocrx_word' id='word_1_111' title='bbox 383 1565 460 1600; x_wconf 86' lang='lat' dir='ltr'><strong>Esto,</strong></span> <span class='ocrx_word' id='word_1_112' title='bbox 477 1565 576 1602; x_wconf 83' lang='lat' dir='ltr'><strong>Virgo,</strong></span> <span class='ocrx_word' id='word_1_113' title='bbox 592 1576 646 1604; x_wconf 92' lang='lat' dir='ltr'><strong>pro</strong></span> <span class='ocrx_word' id='word_1_114' title='bbox 662 1571 790 1605; x_wconf 86' lang='lat' dir='ltr'><strong>peccatis</strong></span> 
     </span>
     <span class='ocr_line' id='line_1_31' title="bbox 382 1612 876 1654; baseline 0.02 -16"><span class='ocrx_word' id='word_1_115' title='bbox 382 1612 420 1639; x_wconf 85' lang='lat' dir='ltr'><strong>Ne</strong></span> <span class='ocrx_word' id='word_1_116' title='bbox 434 1612 611 1642; x_wconf 79' lang='lat' dir='ltr'><strong>descendam</strong></span> <span class='ocrx_word' id='word_1_117' title='bbox 631 1616 669 1644; x_wconf 85' lang='lat' dir='ltr'><strong>ad</strong></span> <span class='ocrx_word' id='word_1_118' title='bbox 687 1620 876 1654; x_wconf 86' lang='lat' dir='ltr'><strong>tormentum,</strong></span> 
     </span>
     <span class='ocr_line' id='line_1_32' title="bbox 380 1659 798 1693; baseline 0.019 -7"><span class='ocrx_word' id='word_1_119' title='bbox 380 1659 463 1687; x_wconf 81' lang='lat' dir='ltr'><strong>Forte</strong></span> <span class='ocrx_word' id='word_1_120' title='bbox 479 1661 551 1688; x_wconf 88' lang='lat' dir='ltr'><strong>mihi</strong></span> <span class='ocrx_word' id='word_1_121' title='bbox 567 1663 798 1693; x_wconf 80' lang='lat' dir='ltr'><strong>firmamentum.</strong></span> 
     </span>
    </p>

    <p class='ocr_par' dir='ltr' id='par_1_13' title="bbox 378 1708 844 1841">
     <span class='ocr_line' id='line_1_33' title="bbox 415 1708 810 1748; baseline 0.02 -15"><span class='ocrx_word' id='word_1_122' title='bbox 415 1708 486 1742; x_wconf 80' lang='lat' dir='ltr'><strong>Ave,</strong></span> <span class='ocrx_word' id='word_1_123' title='bbox 505 1708 603 1744; x_wconf 70' lang='lat' dir='ltr'><strong>Virgo,</strong></span> <span class='ocrx_word' id='word_1_124' title='bbox 619 1710 684 1738; x_wconf 78' lang='lat' dir='ltr'><strong>vitae</strong></span> <span class='ocrx_word' id='word_1_125' title='bbox 698 1715 810 1748; x_wconf 71' lang='lat' dir='ltr'><strong>portus.</strong></span> 
     </span>
     <span class='ocr_line' id='line_1_34' title="bbox 380 1754 844 1795; baseline 0.015 -14"><span class='ocrx_word' id='word_1_126' title='bbox 380 1754 465 1782; x_wconf 80' lang='lat' dir='ltr'><strong>Porta</strong></span> <span class='ocrx_word' id='word_1_127' title='bbox 477 1754 588 1791; x_wconf 77' lang='lat' dir='ltr'><strong>clausa,</strong></span> <span class='ocrx_word' id='word_1_128' title='bbox 604 1756 719 1786; x_wconf 84' lang='lat' dir='ltr'><strong>clausus</strong></span> <span class='ocrx_word' id='word_1_129' title='bbox 731 1759 844 1795; x_wconf 64' lang='lat' dir='ltr'><strong>hortm,</strong></span> 
     </span>
     <span class='ocr_line' id='line_1_35' title="bbox 378 1800 730 1841; baseline 0.02 -14"><span class='ocrx_word' id='word_1_130' title='bbox 378 1800 476 1829; x_wconf 87' lang='lat' dir='ltr'><strong>Vellus</strong></span> <span class='ocrx_word' id='word_1_131' title='bbox 487 1802 558 1831; x_wconf 87' lang='lat' dir='ltr'><strong>clari</strong></span> <span class='ocrx_word' id='word_1_132' title='bbox 573 1805 730 1841; x_wconf 74' lang='lat' dir='ltr'><strong>cedeonis,</strong></span> 
     </span>
    </p>

    <p class='ocr_par' dir='ltr' id='par_1_14' title="bbox 378 1848 771 1881">
     <span class='ocr_line' id='line_1_36' title="bbox 378 1848 771 1881; baseline 0.02 -7"><span class='ocrx_word' id='word_1_133' title='bbox 378 1848 442 1875; x_wconf 68' lang='lat' dir='ltr'><strong>Veri</strong></span> <span class='ocrx_word' id='word_1_134' title='bbox 456 1848 579 1878; x_wconf 89' lang='lat' dir='ltr'><strong>thronus</strong></span> <span class='ocrx_word' id='word_1_135' title='bbox 594 1852 771 1881; x_wconf 74' lang='lat' dir='ltr'><strong>Salomonis.</strong></span> 
     </span>
    </p>

    <p class='ocr_par' dir='ltr' id='par_1_15' title="bbox 373 1897 857 2074">
     <span class='ocr_line' id='line_1_37' title="bbox 409 1897 789 1935; baseline 0.021 -13"><span class='ocrx_word' id='word_1_136' title='bbox 409 1897 479 1931; x_wconf 81' lang='lat' dir='ltr'><strong>Ave,</strong></span> <span class='ocrx_word' id='word_1_137' title='bbox 496 1897 594 1934; x_wconf 84' lang='lat' dir='ltr'><strong>Virgo,</strong></span> <span class='ocrx_word' id='word_1_138' title='bbox 613 1900 696 1935; x_wconf 84' lang='lat' dir='ltr'><strong>cujus</strong></span> <span class='ocrx_word' id='word_1_139' title='bbox 711 1901 789 1930; x_wconf 84' lang='lat' dir='ltr'><strong>lotus</strong></span> 
     </span>
     <span class='ocr_line' id='line_1_38' title="bbox 375 1943 857 1985; baseline 0.021 -16"><span class='ocrx_word' id='word_1_140' title='bbox 375 1943 426 1970; x_wconf 80' lang='lat' dir='ltr'><strong>Pes</strong></span> <span class='ocrx_word' id='word_1_141' title='bbox 441 1946 594 1979; x_wconf 81' lang='lat' dir='ltr'><strong>peccando</strong></span> <span class='ocrx_word' id='word_1_142' title='bbox 610 1955 670 1975; x_wconf 90' lang='lat' dir='ltr'><strong>non</strong></span> <span class='ocrx_word' id='word_1_143' title='bbox 687 1950 729 1976; x_wconf 87' lang='lat' dir='ltr'><strong>cst</strong></span> <span class='ocrx_word' id='word_1_144' title='bbox 744 1952 857 1985; x_wconf 85' lang='lat' dir='ltr'><strong>motus3</strong></span> 
     </span>
     <span class='ocr_line' id='line_1_39' title="bbox 373 1990 746 2031; baseline 0.021 -15"><span class='ocrx_word' id='word_1_145' title='bbox 373 1990 449 2025; x_wconf 84' lang='lat' dir='ltr'><strong>Ergo</strong></span> <span class='ocrx_word' id='word_1_146' title='bbox 464 1992 550 2020; x_wconf 85' lang='lat' dir='ltr'><strong>firma</strong></span> <span class='ocrx_word' id='word_1_147' title='bbox 564 1994 746 2031; x_wconf 80' lang='lat' dir='ltr'><strong>vacillantes,</strong></span> 
     </span>
     <span class='ocr_line' id='line_1_40' title="bbox 374 2037 788 2074; baseline 0.017 -11"><span class='ocrx_word' id='word_1_148' title='bbox 374 2037 449 2065; x_wconf 85' lang='lat' dir='ltr'><strong>Leva</strong></span> <span class='ocrx_word' id='word_1_149' title='bbox 467 2038 576 2074; x_wconf 78' lang='lat' dir='ltr'><strong>lapsos,</strong></span> <span class='ocrx_word' id='word_1_150' title='bbox 590 2043 655 2069; x_wconf 88' lang='lat' dir='ltr'><strong>tene</strong></span> <span class='ocrx_word' id='word_1_151' title='bbox 670 2044 788 2072; x_wconf 85' lang='lat' dir='ltr'><strong>stantes.</strong></span> 
     </span>
    </p>

    <p class='ocr_par' dir='ltr' id='par_1_16' title="bbox 371 2086 767 2173">
     <span class='ocr_line' id='line_1_41' title="bbox 407 2086 767 2126; baseline 0.022 -15"><span class='ocrx_word' id='word_1_152' title='bbox 407 2087 478 2119; x_wconf 79' lang='lat' dir='ltr'><strong>Ave,</strong></span> <span class='ocrx_word' id='word_1_153' title='bbox 491 2086 581 2115; x_wconf 76' lang='lat' dir='ltr'><strong>decus</strong></span> <span class='ocrx_word' id='word_1_154' title='bbox 593 2088 767 2126; x_wconf 67' lang='lat' dir='ltr'><strong>disciplinze,</strong></span> 
     </span>
     <span class='ocr_line' id='line_1_42' title="bbox 371 2131 720 2173; baseline 0.014 -15"><span class='ocrx_word' id='word_1_155' title='bbox 371 2131 458 2160; x_wconf 83' lang='lat' dir='ltr'><strong>Stella</strong></span> <span class='ocrx_word' id='word_1_156' title='bbox 471 2132 544 2161; x_wconf 89' lang='lat' dir='ltr'><strong>lucis</strong></span> <span class='ocrx_word' id='word_1_157' title='bbox 560 2137 720 2173; x_wconf 67' lang='lat' dir='ltr'><strong>mutuum-v,</strong></span> 
     </span>
    </p>

    <p class='ocr_par' dir='ltr' id='par_1_17' title="bbox 369 2179 788 2267">
     <span class='ocr_line' id='line_1_43' title="bbox 372 2179 702 2219; baseline 0.027 -15"><span class='ocrx_word' id='word_1_158' title='bbox 372 2179 434 2206; x_wconf 65' lang='lat' dir='ltr'><strong>Veri</strong></span> <span class='ocrx_word' id='word_1_159' title='bbox 450 2180 525 2208; x_wconf 90' lang='lat' dir='ltr'><strong>Solis</strong></span> <span class='ocrx_word' id='word_1_160' title='bbox 541 2184 569 2209; x_wconf 91' lang='lat' dir='ltr'><strong>tu</strong></span> <span class='ocrx_word' id='word_1_161' title='bbox 583 2190 702 2219; x_wconf 84' lang='lat' dir='ltr'><strong>aurora,</strong></span> 
     </span>
     <span class='ocr_line' id='line_1_44' title="bbox 369 2226 788 2267; baseline 0.026 -16"><span class='ocrx_word' id='word_1_162' title='bbox 369 2226 407 2253; x_wconf 73' lang='lat' dir='ltr'><strong>&#39;l‘u</strong></span> <span class='ocrx_word' id='word_1_163' title='bbox 424 2235 478 2262; x_wconf 89' lang='lat' dir='ltr'><strong>pro</strong></span> <span class='ocrx_word' id='word_1_164' title='bbox 494 2229 580 2256; x_wconf 79' lang='lat' dir='ltr'><strong>nohis</strong></span> <span class='ocrx_word' id='word_1_165' title='bbox 594 2239 712 2267; x_wconf 73' lang='lat' dir='ltr'><strong>semper</strong></span> <span class='ocrx_word' id='word_1_166' title='bbox 726 2241 788 2262; x_wconf 83' lang='lat' dir='ltr'><strong>ora.</strong></span> 
     </span>
    </p>
   </div>
   <div class='ocr_carea' id='block_1_4' title="bbox 403 2276 886 2314">
    <p class='ocr_par' dir='ltr' id='par_1_18' title="bbox 403 2276 886 2314">
     <span class='ocr_line' id='line_1_45' title="bbox 403 2276 886 2314; baseline 0.023 -14"><span class='ocrx_word' id='word_1_167' title='bbox 403 2276 473 2309; x_wconf 69' lang='lat' dir='ltr'><strong>Ave,</strong></span> <span class='ocrx_word' id='word_1_168' title='bbox 491 2276 587 2311; x_wconf 62' lang='lat' dir='ltr'><strong>Virgo,</strong></span> <span class='ocrx_word' id='word_1_169' title='bbox 605 2287 695 2314; x_wconf 83' lang='lat' dir='ltr'><strong>quam</strong></span> <span class='ocrx_word' id='word_1_170' title='bbox 711 2280 886 2314; x_wconf 79' lang='lat' dir='ltr'><strong>laudamus:</strong></span> 
     </span>
    </p>
   </div>
   <div class='ocr_carea' id='block_1_5' title="bbox 361 2321 828 2645">
    <p class='ocr_par' dir='ltr' id='par_1_19' title="bbox 366 2321 686 2354">
     <span class='ocr_line' id='line_1_46' title="bbox 366 2321 686 2354; baseline 0.019 -6"><span class='ocrx_word' id='word_1_171' title='bbox 366 2321 406 2348; x_wconf 81' lang='lat' dir='ltr'><strong>Da</strong></span> <span class='ocrx_word' id='word_1_172' title='bbox 421 2323 514 2350; x_wconf 82' lang='lat' dir='ltr'><strong>securi</strong></span> <span class='ocrx_word' id='word_1_173' title='bbox 531 2323 686 2354; x_wconf 77' lang='lat' dir='ltr'><strong>videamus</strong></span> 
     </span>
    </p>

    <p class='ocr_par' dir='ltr' id='par_1_20' title="bbox 365 2368 828 2411">
     <span class='ocr_line' id='line_1_47' title="bbox 365 2368 828 2411; baseline 0.019 -16"><span class='ocrx_word' id='word_1_174' title='bbox 365 2368 473 2397; x_wconf 80' lang='lat' dir='ltr'><strong>Horam</strong></span> <span class='ocrx_word' id='word_1_175' title='bbox 488 2370 526 2406; x_wconf 82' lang='lat' dir='ltr'><strong>(a)</strong></span> <span class='ocrx_word' id='word_1_176' title='bbox 542 2371 644 2400; x_wconf 79' lang='lat' dir='ltr'><strong>Christi</strong></span> <span class='ocrx_word' id='word_1_177' title='bbox 657 2374 828 2411; x_wconf 80' lang='lat' dir='ltr'><strong>judicantis,</strong></span> 
     </span>
    </p>

    <p class='ocr_par' dir='ltr' id='par_1_21' title="bbox 366 2416 812 2505">
     <span class='ocr_line' id='line_1_48' title="bbox 366 2416 803 2456; baseline 0.021 -14"><span class='ocrx_word' id='word_1_178' title='bbox 366 2416 396 2443; x_wconf 83' lang='lat' dir='ltr'><strong>Et</strong></span> <span class='ocrx_word' id='word_1_179' title='bbox 411 2419 477 2452; x_wconf 86' lang='lat' dir='ltr'><strong>post</strong></span> <span class='ocrx_word' id='word_1_180' title='bbox 490 2425 608 2454; x_wconf 83' lang='lat' dir='ltr'><strong>semper</strong></span> <span class='ocrx_word' id='word_1_181' title='bbox 623 2420 803 2456; x_wconf 82' lang='lat' dir='ltr'><strong>imperantis,</strong></span> 
     </span>
     <span class='ocr_line' id='line_1_49' title="bbox 397 2465 812 2505; baseline 0.019 -15"><span class='ocrx_word' id='word_1_182' title='bbox 397 2466 467 2499; x_wconf 78' lang='lat' dir='ltr'><strong>Ave,</strong></span> <span class='ocrx_word' id='word_1_183' title='bbox 483 2465 583 2501; x_wconf 85' lang='lat' dir='ltr'><strong>Virgo,</strong></span> <span class='ocrx_word' id='word_1_184' title='bbox 599 2467 651 2494; x_wconf 83' lang='lat' dir='ltr'><strong>scd</strong></span> <span class='ocrx_word' id='word_1_185' title='bbox 664 2467 812 2505; x_wconf 62' lang='lat' dir='ltr'><strong>inmunda,</strong></span> 
     </span>
    </p>

    <p class='ocr_par' dir='ltr' id='par_1_22' title="bbox 364 2509 825 2551">
     <span class='ocr_line' id='line_1_50' title="bbox 364 2509 825 2551; baseline 0.02 -15"><span class='ocrx_word' id='word_1_186' title='bbox 364 2509 458 2538; x_wconf 77' lang='lat' dir='ltr'><strong>Firma</strong></span> <span class='ocrx_word' id='word_1_187' title='bbox 473 2519 576 2548; x_wconf 79' lang='lat' dir='ltr'><strong>vagOS‚</strong></span> <span class='ocrx_word' id='word_1_188' title='bbox 592 2513 688 2543; x_wconf 76' lang='lat' dir='ltr'><strong>soedos</strong></span> <span class='ocrx_word' id='word_1_189' title='bbox 703 2518 825 2551; x_wconf 85' lang='lat' dir='ltr'><strong>munda,</strong></span> 
     </span>
    </p>

    <p class='ocr_par' dir='ltr' id='par_1_23' title="bbox 361 2557 818 2599">
     <span class='ocr_line' id='line_1_51' title="bbox 361 2557 818 2599; baseline 0.018 -16"><span class='ocrx_word' id='word_1_190' title='bbox 361 2557 393 2583; x_wconf 87' lang='lat' dir='ltr'><strong>Et</strong></span> <span class='ocrx_word' id='word_1_191' title='bbox 409 2558 459 2593; x_wconf 87' lang='lat' dir='ltr'><strong>qui</strong></span> <span class='ocrx_word' id='word_1_192' title='bbox 474 2559 569 2588; x_wconf 81' lang='lat' dir='ltr'><strong>aufert</strong></span> <span class='ocrx_word' id='word_1_193' title='bbox 582 2568 687 2597; x_wconf 84' lang='lat' dir='ltr'><strong>regum</strong></span> <span class='ocrx_word' id='word_1_194' title='bbox 706 2563 818 2599; x_wconf 79' lang='lat' dir='ltr'><strong>ilatum,</strong></span> 
     </span>
    </p>

    <p class='ocr_par' dir='ltr' id='par_1_24' title="bbox 363 2604 806 2645">
     <span class='ocr_line' id='line_1_52' title="bbox 363 2604 806 2645; baseline 0.02 -14"><span class='ocrx_word' id='word_1_195' title='bbox 363 2604 470 2640; x_wconf 74' lang='lat' dir='ltr'><strong>Regem</strong></span> <span class='ocrx_word' id='word_1_196' title='bbox 486 2607 573 2635; x_wconf 86' lang='lat' dir='ltr'><strong>nobis</strong></span> <span class='ocrx_word' id='word_1_197' title='bbox 587 2608 632 2637; x_wconf 86' lang='lat' dir='ltr'><strong>sac</strong></span> <span class='ocrx_word' id='word_1_198' title='bbox 647 2609 806 2645; x_wconf 85' lang='lat' dir='ltr'><strong>placatum.</strong></span> 
     </span>
    </p>
   </div>
   <div class='ocr_carea' id='block_1_6' title="bbox 263 2701 539 2732">
    <p class='ocr_par' dir='ltr' id='par_1_25' title="bbox 263 2701 539 2732">
     <span class='ocr_line' id='line_1_53' title="bbox 263 2701 539 2732; baseline 0.025 -8"><span class='ocrx_word' id='word_1_199' title='bbox 263 2701 299 2732; x_wconf 67' lang='lat' dir='ltr'><strong>(a)</strong></span> <span class='ocrx_word' id='word_1_200' title='bbox 315 2704 374 2726; x_wconf 72' lang='lat' dir='ltr'><strong>t&#39;wl.</strong></span> <span class='ocrx_word' id='word_1_201' title='bbox 392 2704 451 2728; x_wconf 68' lang='lat' dir='ltr'><strong>edis.</strong></span> <span class='ocrx_word' id='word_1_202' title='bbox 469 2706 539 2731; x_wconf 70' lang='lat' dir='ltr'><strong>hom.</strong></span> 
     </span>
    </p>
   </div>
   <div class='ocr_carea' id='block_1_7' title="bbox 1196 309 1744 2752">
    <p class='ocr_par' dir='ltr' id='par_1_26' title="bbox 1250 309 1652 396">
     <span class='ocr_line' id='line_1_54' title="bbox 1287 309 1652 350; baseline 0.022 -15"><span class='ocrx_word' id='word_1_203' title='bbox 1287 309 1360 344; x_wconf 77' lang='lat' dir='ltr'><strong>Ave,</strong></span> <span class='ocrx_word' id='word_1_204' title='bbox 1375 309 1476 347; x_wconf 81' lang='lat' dir='ltr'><strong>Virgo,</strong></span> <span class='ocrx_word' id='word_1_205' title='bbox 1492 311 1543 340; x_wconf 84' lang='lat' dir='ltr'><strong>Dei</strong></span> <span class='ocrx_word' id='word_1_206' title='bbox 1556 311 1652 350; x_wconf 81' lang='lat' dir='ltr'><strong>quies,</strong></span> 
     </span>
     <span class='ocr_line' id='line_1_55' title="bbox 1250 353 1624 396; baseline 0.019 -14"><span class='ocrx_word' id='word_1_207' title='bbox 1250 353 1293 382; x_wconf 89' lang='lat' dir='ltr'><strong>Tu</strong></span> <span class='ocrx_word' id='word_1_208' title='bbox 1306 355 1446 393; x_wconf 83' lang='lat' dir='ltr'><strong>antiquos</strong></span> <span class='ocrx_word' id='word_1_209' title='bbox 1457 357 1532 387; x_wconf 87' lang='lat' dir='ltr'><strong>mibi</strong></span> <span class='ocrx_word' id='word_1_210' title='bbox 1549 358 1624 396; x_wconf 83' lang='lat' dir='ltr'><strong>dies,</strong></span> 
     </span>
    </p>

    <p class='ocr_par' dir='ltr' id='par_1_27' title="bbox 1249 401 1687 495">
     <span class='ocr_line' id='line_1_56' title="bbox 1249 401 1687 444; baseline 0.018 -15"><span class='ocrx_word' id='word_1_211' title='bbox 1249 401 1294 437; x_wconf 71' lang='lat' dir='ltr'><strong>Et,</strong></span> <span class='ocrx_word' id='word_1_212' title='bbox 1306 409 1361 439; x_wconf 85' lang='lat' dir='ltr'><strong>per</strong></span> <span class='ocrx_word' id='word_1_213' title='bbox 1374 404 1468 433; x_wconf 77' lang='lat' dir='ltr'><strong>Evam</strong></span> <span class='ocrx_word' id='word_1_214' title='bbox 1481 413 1577 442; x_wconf 78' lang='lat' dir='ltr'><strong>quam</strong></span> <span class='ocrx_word' id='word_1_215' title='bbox 1589 407 1687 444; x_wconf 84' lang='lat' dir='ltr'><strong>amisi,</strong></span> 
     </span>
     <span class='ocr_line' id='line_1_57' title="bbox 1249 448 1623 495; baseline 0.016 -19"><span class='ocrx_word' id='word_1_216' title='bbox 1249 448 1352 478; x_wconf 80' lang='lat' dir='ltr'><strong>Redde</strong></span> <span class='ocrx_word' id='word_1_217' title='bbox 1366 449 1466 480; x_wconf 86' lang='lat' dir='ltr'><strong>lucem</strong></span> <span class='ocrx_word' id='word_1_218' title='bbox 1477 453 1623 495; x_wconf 74' lang='lat' dir='ltr'><strong>paradisi.</strong></span> 
     </span>
    </p>

    <p class='ocr_par' dir='ltr' id='par_1_28' title="bbox 1245 496 1684 675">
     <span class='ocr_line' id='line_1_58' title="bbox 1283 496 1680 538; baseline 0.023 -15"><span class='ocrx_word' id='word_1_219' title='bbox 1283 496 1354 532; x_wconf 82' lang='lat' dir='ltr'><strong>Ave,</strong></span> <span class='ocrx_word' id='word_1_220' title='bbox 1369 497 1469 534; x_wconf 78' lang='lat' dir='ltr'><strong>Virgo,</strong></span> <span class='ocrx_word' id='word_1_221' title='bbox 1487 507 1557 536; x_wconf 81' lang='lat' dir='ltr'><strong>quae</strong></span> <span class='ocrx_word' id='word_1_222' title='bbox 1569 502 1680 538; x_wconf 83' lang='lat' dir='ltr'><strong>rogasti</strong></span> 
     </span>
     <span class='ocr_line' id='line_1_59' title="bbox 1248 539 1628 575; baseline 0.021 -8"><span class='ocrx_word' id='word_1_223' title='bbox 1248 539 1288 568; x_wconf 87' lang='lat' dir='ltr'><strong>De</strong></span> <span class='ocrx_word' id='word_1_224' title='bbox 1302 543 1416 571; x_wconf 83' lang='lat' dir='ltr'><strong>secreto</strong></span> <span class='ocrx_word' id='word_1_225' title='bbox 1428 543 1541 573; x_wconf 75' lang='lat' dir='ltr'><strong>venti-Is</strong></span> <span class='ocrx_word' id='word_1_226' title='bbox 1557 547 1628 575; x_wconf 82' lang='lat' dir='ltr'><strong>casti</strong></span> 
     </span>
     <span class='ocr_line' id='line_1_60' title="bbox 1245 586 1615 627; baseline 0.019 -12"><span class='ocrx_word' id='word_1_227' title='bbox 1245 586 1341 624; x_wconf 80' lang='lat' dir='ltr'><strong>Super</strong></span> <span class='ocrx_word' id='word_1_228' title='bbox 1353 596 1408 618; x_wconf 84' lang='lat' dir='ltr'><strong>ora</strong></span> <span class='ocrx_word' id='word_1_229' title='bbox 1421 593 1615 627; x_wconf 70' lang='lat' dir='ltr'><strong>peccatorum</strong></span> 
     </span>
     <span class='ocr_line' id='line_1_61' title="bbox 1246 634 1684 675; baseline 0.023 -14"><span class='ocrx_word' id='word_1_230' title='bbox 1246 634 1355 664; x_wconf 85' lang='lat' dir='ltr'><strong>Verum</strong></span> <span class='ocrx_word' id='word_1_231' title='bbox 1368 643 1480 672; x_wconf 82' lang='lat' dir='ltr'><strong>panem</strong></span> <span class='ocrx_word' id='word_1_232' title='bbox 1494 640 1684 675; x_wconf 81' lang='lat' dir='ltr'><strong>angelorum.</strong></span> 
     </span>
    </p>

    <p class='ocr_par' dir='ltr' id='par_1_29' title="bbox 1242 683 1744 864">
     <span class='ocr_line' id='line_1_62' title="bbox 1282 683 1744 726; baseline 0.022 -16"><span class='ocrx_word' id='word_1_233' title='bbox 1282 683 1353 718; x_wconf 81' lang='lat' dir='ltr'><strong>Ave,</strong></span> <span class='ocrx_word' id='word_1_234' title='bbox 1367 684 1524 722; x_wconf 86' lang='lat' dir='ltr'><strong>Templum</strong></span> <span class='ocrx_word' id='word_1_235' title='bbox 1537 686 1744 726; x_wconf 82' lang='lat' dir='ltr'><strong>impollutum,</strong></span> 
     </span>
     <span class='ocr_line' id='line_1_63' title="bbox 1243 728 1678 772; baseline 0.021 -16"><span class='ocrx_word' id='word_1_236' title='bbox 1243 728 1332 764; x_wconf 87' lang='lat' dir='ltr'><strong>Cujus</strong></span> <span class='ocrx_word' id='word_1_237' title='bbox 1346 731 1462 760; x_wconf 90' lang='lat' dir='ltr'><strong>mundo</strong></span> <span class='ocrx_word' id='word_1_238' title='bbox 1478 740 1531 762; x_wconf 88' lang='lat' dir='ltr'><strong>cor</strong></span> <span class='ocrx_word' id='word_1_239' title='bbox 1544 736 1678 772; x_wconf 86' lang='lat' dir='ltr'><strong>exutum,</strong></span> 
     </span>
     <span class='ocr_line' id='line_1_64' title="bbox 1242 775 1628 815; baseline 0.023 -13"><span class='ocrx_word' id='word_1_240' title='bbox 1242 775 1329 804; x_wconf 86' lang='lat' dir='ltr'><strong>Nulla</strong></span> <span class='ocrx_word' id='word_1_241' title='bbox 1343 785 1479 815; x_wconf 84' lang='lat' dir='ltr'><strong>unquam</strong></span> <span class='ocrx_word' id='word_1_242' title='bbox 1493 781 1628 810; x_wconf 76' lang='lat' dir='ltr'><strong>saeculari</strong></span> 
     </span>
     <span class='ocr_line' id='line_1_65' title="bbox 1242 822 1586 864; baseline 0.02 -14"><span class='ocrx_word' id='word_1_243' title='bbox 1242 822 1300 852; x_wconf 90' lang='lat' dir='ltr'><strong>Lue</strong></span> <span class='ocrx_word' id='word_1_244' title='bbox 1316 824 1411 860; x_wconf 85' lang='lat' dir='ltr'><strong>quivit</strong></span> <span class='ocrx_word' id='word_1_245' title='bbox 1424 826 1586 864; x_wconf 88' lang='lat' dir='ltr'><strong>inquinari.</strong></span> 
     </span>
    </p>

    <p class='ocr_par' dir='ltr' id='par_1_30' title="bbox 1236 871 1647 1051">
     <span class='ocr_line' id='line_1_66' title="bbox 1276 871 1647 912; baseline 0.022 -14"><span class='ocrx_word' id='word_1_246' title='bbox 1276 871 1347 906; x_wconf 81' lang='lat' dir='ltr'><strong>Ave,</strong></span> <span class='ocrx_word' id='word_1_247' title='bbox 1364 872 1471 901; x_wconf 88' lang='lat' dir='ltr'><strong>mundi</strong></span> <span class='ocrx_word' id='word_1_248' title='bbox 1486 875 1647 912; x_wconf 85' lang='lat' dir='ltr'><strong>medicina,</strong></span> 
     </span>
     <span class='ocr_line' id='line_1_67' title="bbox 1239 916 1643 960; baseline 0.02 -15"><span class='ocrx_word' id='word_1_249' title='bbox 1239 916 1325 946; x_wconf 79' lang='lat' dir='ltr'><strong>Misce</strong></span> <span class='ocrx_word' id='word_1_250' title='bbox 1339 921 1457 956; x_wconf 88' lang='lat' dir='ltr'><strong>potum,</strong></span> <span class='ocrx_word' id='word_1_251' title='bbox 1471 923 1500 950; x_wconf 85' lang='lat' dir='ltr'><strong>et</strong></span> <span class='ocrx_word' id='word_1_252' title='bbox 1513 924 1643 960; x_wconf 87' lang='lat' dir='ltr'><strong>propina</strong></span> 
     </span>
     <span class='ocr_line' id='line_1_68' title="bbox 1238 963 1634 1007; baseline 0.023 -16"><span class='ocrx_word' id='word_1_253' title='bbox 1238 963 1352 994; x_wconf 83' lang='lat' dir='ltr'><strong>Fletum</strong></span> <span class='ocrx_word' id='word_1_254' title='bbox 1366 967 1439 996; x_wconf 88' lang='lat' dir='ltr'><strong>mihi</strong></span> <span class='ocrx_word' id='word_1_255' title='bbox 1452 973 1634 1007; x_wconf 82' lang='lat' dir='ltr'><strong>mensurate,</strong></span> 
     </span>
     <span class='ocr_line' id='line_1_69' title="bbox 1236 1011 1611 1051; baseline 0.021 -13"><span class='ocrx_word' id='word_1_256' title='bbox 1236 1011 1292 1040; x_wconf 80' lang='lat' dir='ltr'><strong>Pro</strong></span> <span class='ocrx_word' id='word_1_257' title='bbox 1306 1014 1419 1048; x_wconf 85' lang='lat' dir='ltr'><strong>peccati</strong></span> <span class='ocrx_word' id='word_1_258' title='bbox 1434 1016 1611 1051; x_wconf 84' lang='lat' dir='ltr'><strong>quantitate.</strong></span> 
     </span>
    </p>

    <p class='ocr_par' dir='ltr' id='par_1_31' title="bbox 1233 1061 1661 1242">
     <span class='ocr_line' id='line_1_70' title="bbox 1271 1061 1661 1102; baseline 0.021 -15"><span class='ocrx_word' id='word_1_259' title='bbox 1271 1062 1344 1095; x_wconf 76' lang='lat' dir='ltr'><strong>Ave,</strong></span> <span class='ocrx_word' id='word_1_260' title='bbox 1359 1061 1460 1099; x_wconf 83' lang='lat' dir='ltr'><strong>Virgo,</strong></span> <span class='ocrx_word' id='word_1_261' title='bbox 1474 1064 1531 1093; x_wconf 88' lang='lat' dir='ltr'><strong>ssos</strong></span> <span class='ocrx_word' id='word_1_262' title='bbox 1543 1066 1661 1102; x_wconf 78' lang='lat' dir='ltr'><strong>oestatis,</strong></span> 
     </span>
     <span class='ocr_line' id='line_1_71' title="bbox 1234 1106 1563 1140; baseline 0.024 -7"><span class='ocrx_word' id='word_1_263' title='bbox 1234 1106 1276 1134; x_wconf 87' lang='lat' dir='ltr'><strong>Tu</strong></span> <span class='ocrx_word' id='word_1_264' title='bbox 1289 1106 1398 1137; x_wconf 84' lang='lat' dir='ltr'><strong>divinae</strong></span> <span class='ocrx_word' id='word_1_265' title='bbox 1411 1111 1563 1140; x_wconf 84' lang='lat' dir='ltr'><strong>suavitatis</strong></span> 
     </span>
     <span class='ocr_line' id='line_1_72' title="bbox 1233 1153 1637 1197; baseline 0.02 -16"><span class='ocrx_word' id='word_1_266' title='bbox 1233 1153 1287 1182; x_wconf 72' lang='lat' dir='ltr'><strong>uel</strong></span> <span class='ocrx_word' id='word_1_267' title='bbox 1303 1157 1331 1183; x_wconf 88' lang='lat' dir='ltr'><strong>et</strong></span> <span class='ocrx_word' id='word_1_268' title='bbox 1345 1163 1457 1186; x_wconf 78' lang='lat' dir='ltr'><strong>manna</strong></span> <span class='ocrx_word' id='word_1_269' title='bbox 1471 1160 1637 1197; x_wconf 86' lang='lat' dir='ltr'><strong>suscepisti,</strong></span> 
     </span>
     <span class='ocr_line' id='line_1_73' title="bbox 1233 1200 1625 1242; baseline 0.02 -14"><span class='ocrx_word' id='word_1_270' title='bbox 1233 1201 1265 1228; x_wconf 88' lang='lat' dir='ltr'><strong>Et</strong></span> <span class='ocrx_word' id='word_1_271' title='bbox 1277 1200 1339 1230; x_wconf 84' lang='lat' dir='ltr'><strong>haec</strong></span> <span class='ocrx_word' id='word_1_272' title='bbox 1355 1203 1444 1232; x_wconf 89' lang='lat' dir='ltr'><strong>nobis</strong></span> <span class='ocrx_word' id='word_1_273' title='bbox 1458 1207 1625 1242; x_wconf 85' lang='lat' dir='ltr'><strong>porrexisti.</strong></span> 
     </span>
    </p>

    <p class='ocr_par' dir='ltr' id='par_1_32' title="bbox 1227 1250 1689 1429">
     <span class='ocr_line' id='line_1_74' title="bbox 1266 1250 1689 1291; baseline 0.021 -15"><span class='ocrx_word' id='word_1_274' title='bbox 1266 1251 1338 1284; x_wconf 77' lang='lat' dir='ltr'><strong>Ave,</strong></span> <span class='ocrx_word' id='word_1_275' title='bbox 1352 1250 1452 1287; x_wconf 86' lang='lat' dir='ltr'><strong>Virgo,</strong></span> <span class='ocrx_word' id='word_1_276' title='bbox 1465 1252 1536 1289; x_wconf 80' lang='lat' dir='ltr'><strong>fuga</strong></span> <span class='ocrx_word' id='word_1_277' title='bbox 1550 1256 1689 1291; x_wconf 84' lang='lat' dir='ltr'><strong>mortem,</strong></span> 
     </span>
     <span class='ocr_line' id='line_1_75' title="bbox 1232 1295 1627 1333; baseline 0.02 -10"><span class='ocrx_word' id='word_1_278' title='bbox 1232 1295 1322 1324; x_wconf 85' lang='lat' dir='ltr'><strong>Serva</strong></span> <span class='ocrx_word' id='word_1_279' title='bbox 1337 1305 1416 1333; x_wconf 91' lang='lat' dir='ltr'><strong>reos,</strong></span> <span class='ocrx_word' id='word_1_280' title='bbox 1430 1302 1457 1327; x_wconf 87' lang='lat' dir='ltr'><strong>et</strong></span> <span class='ocrx_word' id='word_1_281' title='bbox 1471 1299 1500 1328; x_wconf 93' lang='lat' dir='ltr'><strong>in</strong></span> <span class='ocrx_word' id='word_1_282' title='bbox 1516 1303 1627 1330; x_wconf 84' lang='lat' dir='ltr'><strong>sortem</strong></span> 
     </span>
     <span class='ocr_line' id='line_1_76' title="bbox 1227 1343 1588 1384; baseline 0.019 -14"><span class='ocrx_word' id='word_1_283' title='bbox 1227 1343 1363 1372; x_wconf 80' lang='lat' dir='ltr'><strong>Transfer</strong></span> <span class='ocrx_word' id='word_1_284' title='bbox 1379 1345 1428 1374; x_wconf 88' lang='lat' dir='ltr'><strong>Dei</strong></span> <span class='ocrx_word' id='word_1_285' title='bbox 1444 1346 1588 1384; x_wconf 87' lang='lat' dir='ltr'><strong>filiorum,</strong></span> 
     </span>
     <span class='ocr_line' id='line_1_77' title="bbox 1228 1390 1610 1429; baseline 0.021 -12"><span class='ocrx_word' id='word_1_286' title='bbox 1228 1390 1399 1426; x_wconf 80' lang='lat' dir='ltr'><strong>Reparatrix</strong></span> <span class='ocrx_word' id='word_1_287' title='bbox 1412 1393 1610 1429; x_wconf 87' lang='lat' dir='ltr'><strong>perditorum.</strong></span> 
     </span>
    </p>

    <p class='ocr_par' dir='ltr' id='par_1_33' title="bbox 1224 1438 1644 1617">
     <span class='ocr_line' id='line_1_78' title="bbox 1262 1438 1644 1479; baseline 0.021 -15"><span class='ocrx_word' id='word_1_288' title='bbox 1262 1438 1333 1472; x_wconf 79' lang='lat' dir='ltr'><strong>Ave,</strong></span> <span class='ocrx_word' id='word_1_289' title='bbox 1349 1438 1438 1475; x_wconf 75' lang='lat' dir='ltr'><strong>Virgo</strong></span> <span class='ocrx_word' id='word_1_290' title='bbox 1455 1441 1644 1479; x_wconf 86' lang='lat' dir='ltr'><strong>admiranda,</strong></span> 
     </span>
     <span class='ocr_line' id='line_1_79' title="bbox 1224 1483 1619 1524; baseline 0.02 -13"><span class='ocrx_word' id='word_1_291' title='bbox 1224 1483 1287 1512; x_wconf 87' lang='lat' dir='ltr'><strong>Tibi</strong></span> <span class='ocrx_word' id='word_1_292' title='bbox 1302 1485 1386 1514; x_wconf 89' lang='lat' dir='ltr'><strong>nulla</strong></span> <span class='ocrx_word' id='word_1_293' title='bbox 1405 1490 1619 1524; x_wconf 83' lang='lat' dir='ltr'><strong>comparanda,</strong></span> 
     </span>
     <span class='ocr_line' id='line_1_80' title="bbox 1224 1531 1578 1571; baseline 0.02 -13"><span class='ocrx_word' id='word_1_294' title='bbox 1224 1531 1309 1560; x_wconf 82' lang='lat' dir='ltr'><strong>Nulla</strong></span> <span class='ocrx_word' id='word_1_295' title='bbox 1325 1532 1392 1561; x_wconf 77' lang='lat' dir='ltr'><strong>talis</strong></span> <span class='ocrx_word' id='word_1_296' title='bbox 1407 1534 1436 1562; x_wconf 90' lang='lat' dir='ltr'><strong>in</strong></span> <span class='ocrx_word' id='word_1_297' title='bbox 1451 1535 1578 1571; x_wconf 84' lang='lat' dir='ltr'><strong>puellis;</strong></span> 
     </span>
     <span class='ocr_line' id='line_1_81' title="bbox 1225 1576 1589 1617; baseline 0.019 -14"><span class='ocrx_word' id='word_1_298' title='bbox 1225 1576 1377 1606; x_wconf 80' lang='lat' dir='ltr'><strong>Universas</strong></span> <span class='ocrx_word' id='word_1_299' title='bbox 1389 1580 1419 1606; x_wconf 90' lang='lat' dir='ltr'><strong>tu</strong></span> <span class='ocrx_word' id='word_1_300' title='bbox 1435 1581 1589 1617; x_wconf 73' lang='lat' dir='ltr'><strong>praeeelhs,</strong></span> 
     </span>
    </p>

    <p class='ocr_par' dir='ltr' id='par_1_34' title="bbox 1220 1626 1667 1710">
     <span class='ocr_line' id='line_1_82' title="bbox 1260 1626 1667 1663; baseline 0.02 -12"><span class='ocrx_word' id='word_1_301' title='bbox 1260 1627 1331 1659; x_wconf 80' lang='lat' dir='ltr'><strong>Ave,</strong></span> <span class='ocrx_word' id='word_1_302' title='bbox 1348 1626 1445 1661; x_wconf 50' lang='lat' dir='ltr'><strong>Virgo,</strong></span> <span class='ocrx_word' id='word_1_303' title='bbox 1462 1636 1528 1663; x_wconf 81' lang='lat' dir='ltr'><strong>quae</strong></span> <span class='ocrx_word' id='word_1_304' title='bbox 1543 1629 1580 1657; x_wconf 87' lang='lat' dir='ltr'><strong>de</strong></span> <span class='ocrx_word' id='word_1_305' title='bbox 1596 1630 1667 1658; x_wconf 79' lang='lat' dir='ltr'><strong>tristi</strong></span> 
     </span>
     <span class='ocr_line' id='line_1_83' title="bbox 1220 1671 1569 1710; baseline 0.02 -13"><span class='ocrx_word' id='word_1_306' title='bbox 1220 1671 1300 1700; x_wconf 88' lang='lat' dir='ltr'><strong>Valle</strong></span> <span class='ocrx_word' id='word_1_307' title='bbox 1316 1672 1400 1701; x_wconf 87' lang='lat' dir='ltr'><strong>lletus</strong></span> <span class='ocrx_word' id='word_1_308' title='bbox 1415 1676 1569 1710; x_wconf 83' lang='lat' dir='ltr'><strong>emersisti,</strong></span> 
     </span>
    </p>

    <p class='ocr_par' dir='ltr' id='par_1_35' title="bbox 1218 1720 1580 1799">
     <span class='ocr_line' id='line_1_84' title="bbox 1218 1720 1580 1756; baseline 0.019 -10"><span class='ocrx_word' id='word_1_309' title='bbox 1218 1720 1286 1747; x_wconf 76' lang='lat' dir='ltr'><strong>Oria</strong></span> <span class='ocrx_word' id='word_1_310' title='bbox 1301 1720 1396 1756; x_wconf 80' lang='lat' dir='ltr'><strong>terris,</strong></span> <span class='ocrx_word' id='word_1_311' title='bbox 1412 1723 1439 1749; x_wconf 87' lang='lat' dir='ltr'><strong>et</strong></span> <span class='ocrx_word' id='word_1_312' title='bbox 1454 1722 1483 1750; x_wconf 89' lang='lat' dir='ltr'><strong>in</strong></span> <span class='ocrx_word' id='word_1_313' title='bbox 1499 1731 1580 1752; x_wconf 83' lang='lat' dir='ltr'><strong>mare</strong></span> 
     </span>
     <span class='ocr_line' id='line_1_85' title="bbox 1219 1767 1534 1799; baseline 0.019 -5"><span class='ocrx_word' id='word_1_314' title='bbox 1219 1767 1256 1795; x_wconf 90' lang='lat' dir='ltr'><strong>De</strong></span> <span class='ocrx_word' id='word_1_315' title='bbox 1271 1767 1387 1796; x_wconf 81' lang='lat' dir='ltr'><strong>excelso</strong></span> <span class='ocrx_word' id='word_1_316' title='bbox 1402 1770 1534 1799; x_wconf 91' lang='lat' dir='ltr'><strong>rutilare.</strong></span> 
     </span>
    </p>

    <p class='ocr_par' dir='ltr' id='par_1_36' title="bbox 1214 1817 1592 1901">
     <span class='ocr_line' id='line_1_86' title="bbox 1252 1817 1592 1854; baseline 0.021 -13"><span class='ocrx_word' id='word_1_317' title='bbox 1252 1817 1322 1850; x_wconf 76' lang='lat' dir='ltr'><strong>Ave,</strong></span> <span class='ocrx_word' id='word_1_318' title='bbox 1339 1817 1416 1845; x_wconf 84' lang='lat' dir='ltr'><strong>terra</strong></span> <span class='ocrx_word' id='word_1_319' title='bbox 1431 1817 1592 1854; x_wconf 76' lang='lat' dir='ltr'><strong>fructuosa,</strong></span> 
     </span>
     <span class='ocr_line' id='line_1_87' title="bbox 1214 1861 1563 1901; baseline 0.02 -14"><span class='ocrx_word' id='word_1_320' title='bbox 1214 1861 1280 1889; x_wconf 84' lang='lat' dir='ltr'><strong>Jesu</strong></span> <span class='ocrx_word' id='word_1_321' title='bbox 1296 1865 1389 1891; x_wconf 87' lang='lat' dir='ltr'><strong>mater</strong></span> <span class='ocrx_word' id='word_1_322' title='bbox 1407 1872 1563 1901; x_wconf 84' lang='lat' dir='ltr'><strong>generosa,</strong></span> 
     </span>
    </p>

    <p class='ocr_par' dir='ltr' id='par_1_37' title="bbox 1214 1908 1639 1992">
     <span class='ocr_line' id='line_1_88' title="bbox 1215 1908 1639 1949; baseline 0.017 -14"><span class='ocrx_word' id='word_1_323' title='bbox 1215 1908 1252 1935; x_wconf 90' lang='lat' dir='ltr'><strong>De</strong></span> <span class='ocrx_word' id='word_1_324' title='bbox 1269 1917 1328 1944; x_wconf 90' lang='lat' dir='ltr'><strong>qua</strong></span> <span class='ocrx_word' id='word_1_325' title='bbox 1344 1910 1430 1938; x_wconf 87' lang='lat' dir='ltr'><strong>nobis</strong></span> <span class='ocrx_word' id='word_1_326' title='bbox 1443 1912 1535 1941; x_wconf 91' lang='lat' dir='ltr'><strong>modo</strong></span> <span class='ocrx_word' id='word_1_327' title='bbox 1551 1914 1639 1949; x_wconf 86' lang='lat' dir='ltr'><strong>miro,</strong></span> 
     </span>
     <span class='ocr_line' id='line_1_89' title="bbox 1214 1955 1588 1992; baseline 0.019 -10"><span class='ocrx_word' id='word_1_328' title='bbox 1214 1955 1261 1983; x_wconf 78' lang='lat' dir='ltr'><strong>Vir</strong></span> <span class='ocrx_word' id='word_1_329' title='bbox 1275 1959 1418 1992; x_wconf 86' lang='lat' dir='ltr'><strong>processit</strong></span> <span class='ocrx_word' id='word_1_330' title='bbox 1432 1959 1494 1988; x_wconf 84' lang='lat' dir='ltr'><strong>sine</strong></span> <span class='ocrx_word' id='word_1_331' title='bbox 1514 1961 1588 1990; x_wconf 86' lang='lat' dir='ltr'><strong>viro.</strong></span> 
     </span>
    </p>

    <p class='ocr_par' dir='ltr' id='par_1_38' title="bbox 1211 2006 1633 2089">
     <span class='ocr_line' id='line_1_90' title="bbox 1248 2006 1633 2044; baseline 0.018 -13"><span class='ocrx_word' id='word_1_332' title='bbox 1248 2006 1317 2039; x_wconf 77' lang='lat' dir='ltr'><strong>Ave,</strong></span> <span class='ocrx_word' id='word_1_333' title='bbox 1334 2006 1457 2040; x_wconf 81' lang='lat' dir='ltr'><strong>grandis</strong></span> <span class='ocrx_word' id='word_1_334' title='bbox 1472 2010 1500 2036; x_wconf 90' lang='lat' dir='ltr'><strong>et</strong></span> <span class='ocrx_word' id='word_1_335' title='bbox 1513 2009 1633 2044; x_wconf 82' lang='lat' dir='ltr'><strong>pusilla,</strong></span> 
     </span>
     <span class='ocr_line' id='line_1_91' title="bbox 1211 2050 1548 2089; baseline 0.018 -12"><span class='ocrx_word' id='word_1_336' title='bbox 1211 2050 1260 2078; x_wconf 89' lang='lat' dir='ltr'><strong>Dei</strong></span> <span class='ocrx_word' id='word_1_337' title='bbox 1276 2054 1370 2080; x_wconf 84' lang='lat' dir='ltr'><strong>mater</strong></span> <span class='ocrx_word' id='word_1_338' title='bbox 1385 2056 1412 2080; x_wconf 88' lang='lat' dir='ltr'><strong>et</strong></span> <span class='ocrx_word' id='word_1_339' title='bbox 1429 2054 1548 2089; x_wconf 84' lang='lat' dir='ltr'><strong>ancilla,</strong></span> 
     </span>
    </p>

    <p class='ocr_par' dir='ltr' id='par_1_39' title="bbox 1208 2098 1647 2182">
     <span class='ocr_line' id='line_1_92' title="bbox 1208 2098 1564 2138; baseline 0.017 -14"><span class='ocrx_word' id='word_1_340' title='bbox 1208 2098 1248 2125; x_wconf 88' lang='lat' dir='ltr'><strong>Tu</strong></span> <span class='ocrx_word' id='word_1_341' title='bbox 1264 2099 1366 2134; x_wconf 84' lang='lat' dir='ltr'><strong>regina</strong></span> <span class='ocrx_word' id='word_1_342' title='bbox 1381 2101 1564 2138; x_wconf 81' lang='lat' dir='ltr'><strong>reginarum,</strong></span> 
     </span>
     <span class='ocr_line' id='line_1_93' title="bbox 1209 2145 1647 2182; baseline 0.016 -10"><span class='ocrx_word' id='word_1_343' title='bbox 1209 2145 1308 2174; x_wconf 82' lang='lat' dir='ltr'><strong>Honor</strong></span> <span class='ocrx_word' id='word_1_344' title='bbox 1323 2147 1400 2182; x_wconf 80' lang='lat' dir='ltr'><strong>eoeli,</strong></span> <span class='ocrx_word' id='word_1_345' title='bbox 1415 2147 1480 2176; x_wconf 86' lang='lat' dir='ltr'><strong>laus</strong></span> <span class='ocrx_word' id='word_1_346' title='bbox 1493 2152 1647 2179; x_wconf 81' lang='lat' dir='ltr'><strong>terrarum.</strong></span> 
     </span>
    </p>

    <p class='ocr_par' dir='ltr' id='par_1_40' title="bbox 1203 2194 1638 2367">
     <span class='ocr_line' id='line_1_94' title="bbox 1244 2194 1638 2233; baseline 0.015 -13"><span class='ocrx_word' id='word_1_347' title='bbox 1244 2194 1314 2228; x_wconf 79' lang='lat' dir='ltr'><strong>Ave,</strong></span> <span class='ocrx_word' id='word_1_348' title='bbox 1333 2194 1430 2230; x_wconf 84' lang='lat' dir='ltr'><strong>Virgo,</strong></span> <span class='ocrx_word' id='word_1_349' title='bbox 1446 2197 1551 2224; x_wconf 86' lang='lat' dir='ltr'><strong>mundi</strong></span> <span class='ocrx_word' id='word_1_350' title='bbox 1568 2198 1638 2233; x_wconf 85' lang='lat' dir='ltr'><strong>vita,</strong></span> 
     </span>
     <span class='ocr_line' id='line_1_95' title="bbox 1205 2240 1581 2280; baseline 0.019 -14"><span class='ocrx_word' id='word_1_351' title='bbox 1205 2240 1245 2267; x_wconf 85' lang='lat' dir='ltr'><strong>Tu</strong></span> <span class='ocrx_word' id='word_1_352' title='bbox 1261 2248 1329 2268; x_wconf 79' lang='lat' dir='ltr'><strong>cum</strong></span> <span class='ocrx_word' id='word_1_353' title='bbox 1344 2244 1414 2270; x_wconf 83' lang='lat' dir='ltr'><strong>nato</strong></span> <span class='ocrx_word' id='word_1_354' title='bbox 1430 2243 1469 2271; x_wconf 88' lang='lat' dir='ltr'><strong>da</strong></span> <span class='ocrx_word' id='word_1_355' title='bbox 1482 2244 1581 2280; x_wconf 76' lang='lat' dir='ltr'><strong>petita,</strong></span> 
     </span>
     <span class='ocr_line' id='line_1_96' title="bbox 1205 2287 1500 2319; baseline 0.017 -5"><span class='ocrx_word' id='word_1_356' title='bbox 1205 2287 1237 2315; x_wconf 89' lang='lat' dir='ltr'><strong>Ut</strong></span> <span class='ocrx_word' id='word_1_357' title='bbox 1251 2295 1299 2316; x_wconf 90' lang='lat' dir='ltr'><strong>me</strong></span> <span class='ocrx_word' id='word_1_358' title='bbox 1315 2289 1361 2316; x_wconf 88' lang='lat' dir='ltr'><strong>Dei</strong></span> <span class='ocrx_word' id='word_1_359' title='bbox 1377 2290 1500 2319; x_wconf 80' lang='lat' dir='ltr'><strong>civitatis</strong></span> 
     </span>
     <span class='ocr_line' id='line_1_97' title="bbox 1203 2333 1519 2367; baseline 0.019 -6"><span class='ocrx_word' id='word_1_360' title='bbox 1203 2333 1304 2363; x_wconf 82' lang='lat' dir='ltr'><strong>Civem</strong></span> <span class='ocrx_word' id='word_1_361' title='bbox 1318 2344 1380 2365; x_wconf 86' lang='lat' dir='ltr'><strong>esse</strong></span> <span class='ocrx_word' id='word_1_362' title='bbox 1395 2337 1519 2367; x_wconf 81' lang='lat' dir='ltr'><strong>faciatis.</strong></span> 
     </span>
    </p>

    <p class='ocr_par' dir='ltr' id='par_1_41' title="bbox 1200 2384 1601 2562">
     <span class='ocr_line' id='line_1_98' title="bbox 1238 2384 1601 2423; baseline 0.019 -14"><span class='ocrx_word' id='word_1_363' title='bbox 1238 2385 1309 2418; x_wconf 75' lang='lat' dir='ltr'><strong>Ave,</strong></span> <span class='ocrx_word' id='word_1_364' title='bbox 1325 2384 1424 2420; x_wconf 62' lang='lat' dir='ltr'><strong>Virgo,</strong></span> <span class='ocrx_word' id='word_1_365' title='bbox 1440 2386 1503 2414; x_wconf 84' lang='lat' dir='ltr'><strong>dies</strong></span> <span class='ocrx_word' id='word_1_366' title='bbox 1518 2387 1601 2423; x_wconf 81' lang='lat' dir='ltr'><strong>festa,</strong></span> 
     </span>
     <span class='ocr_line' id='line_1_99' title="bbox 1200 2430 1575 2463; baseline 0.019 -7"><span class='ocrx_word' id='word_1_367' title='bbox 1200 2430 1252 2457; x_wconf 87' lang='lat' dir='ltr'><strong>Per</strong></span> <span class='ocrx_word' id='word_1_368' title='bbox 1267 2432 1293 2458; x_wconf 88' lang='lat' dir='ltr'><strong>te</strong></span> <span class='ocrx_word' id='word_1_369' title='bbox 1308 2431 1406 2460; x_wconf 81' lang='lat' dir='ltr'><strong>salver</strong></span> <span class='ocrx_word' id='word_1_370' title='bbox 1421 2440 1438 2461; x_wconf 87' lang='lat' dir='ltr'><strong>a</strong></span> <span class='ocrx_word' id='word_1_371' title='bbox 1450 2434 1575 2463; x_wconf 84' lang='lat' dir='ltr'><strong>molesta</strong></span> 
     </span>
     <span class='ocr_line' id='line_1_100' title="bbox 1201 2478 1592 2517; baseline 0.018 -13"><span class='ocrx_word' id='word_1_372' title='bbox 1201 2478 1383 2514; x_wconf 78' lang='lat' dir='ltr'><strong>Paupertate,</strong></span> <span class='ocrx_word' id='word_1_373' title='bbox 1401 2488 1462 2516; x_wconf 84' lang='lat' dir='ltr'><strong>qua</strong></span> <span class='ocrx_word' id='word_1_374' title='bbox 1475 2481 1592 2517; x_wconf 85' lang='lat' dir='ltr'><strong>laboro,</strong></span> 
     </span>
     <span class='ocr_line' id='line_1_101' title="bbox 1201 2525 1594 2562; baseline 0.015 -11"><span class='ocrx_word' id='word_1_375' title='bbox 1201 2525 1287 2552; x_wconf 73' lang='lat' dir='ltr'><strong>Mater</strong></span> <span class='ocrx_word' id='word_1_376' title='bbox 1302 2525 1415 2562; x_wconf 85' lang='lat' dir='ltr'><strong>absque</strong></span> <span class='ocrx_word' id='word_1_377' title='bbox 1426 2528 1481 2556; x_wconf 76' lang='lat' dir='ltr'><strong>viri</strong></span> <span class='ocrx_word' id='word_1_378' title='bbox 1497 2529 1594 2557; x_wconf 84' lang='lat' dir='ltr'><strong>thoro.</strong></span> 
     </span>
    </p>

    <p class='ocr_par' dir='ltr' id='par_1_42' title="bbox 1196 2573 1634 2752">
     <span class='ocr_line' id='line_1_102' title="bbox 1233 2573 1597 2609; baseline 0.014 -11"><span class='ocrx_word' id='word_1_379' title='bbox 1233 2573 1303 2607; x_wconf 80' lang='lat' dir='ltr'><strong>Ave,</strong></span> <span class='ocrx_word' id='word_1_380' title='bbox 1322 2573 1420 2609; x_wconf 78' lang='lat' dir='ltr'><strong>Virgo,</strong></span> <span class='ocrx_word' id='word_1_381' title='bbox 1437 2577 1465 2602; x_wconf 88' lang='lat' dir='ltr'><strong>et</strong></span> <span class='ocrx_word' id='word_1_382' title='bbox 1478 2574 1576 2603; x_wconf 81' lang='lat' dir='ltr'><strong>laetare</strong></span> <span class='ocrx_word' id='word_1_383' title='bbox 1591 2586 1597 2603; x_wconf 88' lang='lat'>:</span> 
     </span>
     <span class='ocr_line' id='line_1_103' title="bbox 1197 2619 1533 2658; baseline 0.012 -12"><span class='ocrx_word' id='word_1_384' title='bbox 1197 2620 1232 2647; x_wconf 87' lang='lat' dir='ltr'><strong>Te</strong></span> <span class='ocrx_word' id='word_1_385' title='bbox 1248 2619 1277 2647; x_wconf 92' lang='lat' dir='ltr'><strong>in</strong></span> <span class='ocrx_word' id='word_1_386' title='bbox 1292 2620 1373 2649; x_wconf 83' lang='lat' dir='ltr'><strong>eoelis</strong></span> <span class='ocrx_word' id='word_1_387' title='bbox 1387 2622 1533 2658; x_wconf 84' lang='lat' dir='ltr'><strong>imperare</strong></span> 
     </span>
     <span class='ocr_line' id='line_1_104' title="bbox 1196 2669 1634 2705; baseline 0.014 -10"><span class='ocrx_word' id='word_1_388' title='bbox 1196 2670 1270 2696; x_wconf 86' lang='lat' dir='ltr'><strong>Gens</strong></span> <span class='ocrx_word' id='word_1_389' title='bbox 1283 2671 1311 2697; x_wconf 89' lang='lat' dir='ltr'><strong>et</strong></span> <span class='ocrx_word' id='word_1_390' title='bbox 1324 2669 1427 2705; x_wconf 85' lang='lat' dir='ltr'><strong>lingua</strong></span> <span class='ocrx_word' id='word_1_391' title='bbox 1442 2671 1539 2699; x_wconf 89' lang='lat' dir='ltr'><strong>omnis</strong></span> <span class='ocrx_word' id='word_1_392' title='bbox 1552 2672 1634 2702; x_wconf 85' lang='lat' dir='ltr'><strong>sciat.</strong></span> 
     </span>
     <span class='ocr_line' id='line_1_105' title="bbox 1196 2717 1527 2752; baseline 0.012 -10"><span class='ocrx_word' id='word_1_393' title='bbox 1196 2717 1224 2742; x_wconf 91' lang='lat' dir='ltr'><strong>lu</strong></span> <span class='ocrx_word' id='word_1_394' title='bbox 1241 2719 1381 2745; x_wconf 79' lang='lat' dir='ltr'><strong>aeteruuui</strong></span> <span class='ocrx_word' id='word_1_395' title='bbox 1395 2718 1455 2752; x_wconf 85' lang='lat' dir='ltr'><strong>liat,</strong></span> <span class='ocrx_word' id='word_1_396' title='bbox 1468 2719 1527 2746; x_wconf 79' lang='lat' dir='ltr'><strong>liat.</strong></span> 
     </span>
    </p>
   </div>
  </div>
 </body>
</html>
