2029 3052
626 180 802 214 LITANIAE
825 179 970 212 BEATAE
992 178 1132 211 MARIAE
1153 179 1341 213 VlRGlNlS.

173 256 277 285 Sancta
303 253 410 287 Marla,
436 251 484 280 cui
512 249 614 286 Angeli
644 248 790 278 obediunt
815 249 844 277 et
870 247 956 277 obse-

210 303 340 338 crantur,
356 308 410 330 ora
423 307 479 337 pro
495 297 593 327 nobis.

176 351 281 379 Sancta
295 348 394 383 Maria,
409 345 520 375 nobilis
534 343 646 380 Regina
661 343 816 378 coelorum,

177 398 281 426 Sancta
294 395 395 430 Maria,
406 394 453 422 cui
461 391 556 421 Sancti
565 393 593 420 et
607 391 717 419 Sanctae
727 389 919 426 congaudent
932 390 960 417 et

213 442 467 480 congratulantur,

176 492 281 521 Sancta
295 490 393 525 Maria,
411 496 503 525 quam
518 486 620 516 omnia
634 485 760 514 laudant
775 485 803 513 et
816 491 961 513 veneran-

211 541 270 573 tur,
285 546 339 566 ora
351 545 408 574 pro
423 535 521 564 nobis

177 585 306 622 propitia
319 586 393 618 esto,
408 591 497 620 parce
513 581 611 616 nobis,
627 580 762 609 Domina.

177 632 305 669 Propitia
321 633 394 664 esto,
409 630 505 658 libera
520 629 556 665 (a)
572 636 638 663 nos,
655 627 789 656 Domina.

176 680 220 708 Ab
236 679 319 707 om'ni
333 678 425 710 malo,
440 677 536 706 libera
548 684 614 710 nos,
631 675 764 703 Domina.

177 727 221 755 Ab
236 726 319 754 omni
333 725 414 753 mala
433 723 604 756 tentatione,

177 774 221 802 Ab
237 773 282 801 ira
297 774 325 800 et
339 770 544 807 indignatione
560 769 621 804 Dei,

177 822 200 849 Α
215 818 430 856 pericIItatione
447 819 475 845 et
488 816 708 853 desperatione,

178 869 201 895 A
215 866 357 902 superbia
372 864 584 901 praecipitante,

179 915 202 942 A
215 915 336 950 peccato
352 913 402 941 irae
418 913 446 940 et
460 911 581 940 invidiae
595 910 756 943 cruciante,

179 964 202 990 Α
217 961 314 990 carnis
327 960 488 989 tentatIOne
500 958 634 994 undique
646 957 795 991 anxiante,

180 1011 203 1037 Α
231 1010 354 1045 peccato
384 1007 461 1043 gulae
493 1009 521 1035 et
547 1004 760 1041 gastrimargiae
796 1009 968 1031 commacu-

218 1056 309 1090 laute,

181 1102 226 1131 Ab
241 1103 361 1130 incursu
375 1101 468 1129 hostis
484 1099 687 1136 malignantis,

182 1151 235 1177 Per
251 1149 406 1178 dulcorem
427 1150 455 1176 et
478 1147 622 1183 gaudium
646 1146 683 1174 de
707 1144 810 1174 Christi
833 1144 970 1172 incarna-

219 1196 311 1231 tione,

184 1245 237 1271 Per
253 1243 390 1271 dolorem
403 1243 431 1270 et
445 1241 614 1278 angustiam
625 1241 662 1268 de
673 1239 752 1267 illius
767 1238 918 1275 passione,

185 1292 238 1319 Per
253 1289 398 1326 gaudium
418 1290 446 1317 et
468 1288 647 1317 miraculum
662 1287 699 1315 de
723 1286 803 1314 illius
824 1293 972 1314 resurrec-

221 1337 313 1371 tione,

187 1387 240 1413 Per
256 1384 401 1420 gaudium
417 1385 445 1411 et
459 1383 588 1412 laetitiam
607 1381 644 1409 de
659 1380 739 1408 illius
752 1380 935 1415 ascensione,

187 1433 240 1459 Per
253 1431 347 1459 fidem
360 1433 443 1459 tuam
463 1430 500 1457 de
517 1429 640 1465 Spiritus
661 1428 754 1456 sancti
769 1427 910 1455 missione
927 1427 973 1463 (b),

187 1480 240 1506 Per
257 1477 403 1513 gaudium
418 1478 447 1505 et
460 1476 590 1504 laetitiam
605 1475 643 1503 de
657 1477 707 1504 tua
722 1474 927 1509 coronatione,

186 1527 219 1554 ln
233 1526 308 1554 hora
323 1525 426 1553 mortis
440 1524 622 1559 devastante,

187 1575 218 1601 ln
233 1573 344 1601 Judicis
359 1571 489 1600 districto
505 1570 655 1606 examine,

187 1620 231 1649 Ab
246 1619 354 1648 inferni
368 1618 506 1648 horribili
521 1618 714 1653 cruciamine,
725 1617 821 1645 libera
835 1624 901 1652 nOS,
918 1618 974 1645 Do-

223 1667 314 1695 mina.

189 1716 370 1748 PeccatoreS,
386 1716 413 1742 te
427 1721 581 1749 rogamUS,
599 1712 670 1741 audi
684 1720 750 1740 nos.

188 1763 221 1790 Ut
240 1763 374 1790 sanctam
395 1760 566 1795 Ecclesiam,
587 1759 720 1796 piissima
744 1758 880 1793 Domina,
902 1766 974 1786 con-

224 1817 342 1837 servare
358 1808 500 1844 digneris,

189 1857 222 1883 Ut
233 1856 319 1891 justis
343 1855 480 1891 gloriam,
502 1854 707 1891 peccatoribus
729 1854 855 1889 gratiam
879 1853 974 1889 impe-

224 1905 301 1931 trare
317 1902 459 1938 digneris,

189 1951 222 1978 Ut
236 1950 383 1978 tribulatis
403 1949 649 1984 consolationem,
673 1948 796 1984 captivis
821 1947 975 1976 liberatio-

224 2005 294 2025 nem
309 1997 468 2032 impetrare
483 1996 625 2031 digneris,

190 2045 223 2072 Ut
241 2044 371 2072 famulos
396 2046 424 2072 et
446 2043 574 2071 famulas
600 2043 654 2071 tibi
681 2042 787 2071 devote
814 2041 975 2070 servientes

226 2090 375 2119 consolari
390 2090 534 2126 digneris,

192 2139 225 2166 Ut
243 2138 391 2174 populum
409 2138 602 2166 christianum
621 2137 684 2165 Filii
707 2136 749 2164 tui
765 2135 895 2172 pretioso
910 2144 975 2163 san-

228 2185 317 2220 guine
332 2185 520 2221 redemptum
536 2192 712 2213 conservare
727 2183 867 2219 digneris,

226 2260 257 2290 (a)
277 2260 351 2283 Forte
366 2260 414 2291 leq.
438 2260 539 2284 exaudi.
560 2274 591 2278 -
611 2259 645 2291 (b)
667 2260 729 2283 Caet.
753 2259 813 2283 edit.
838 2259 886 2282 Per
900 2258 976 2282 fidem

193 2297 272 2326 tuam,
283 2298 332 2320 cic.
345 2297 394 2320 Per
404 2296 525 2327 gaudium
537 2298 562 2320 et
571 2296 684 2320 laetitiam
697 2296 728 2320 de
738 2295 804 2319 illius
815 2294 975 2324 ascensione,

195 2333 331 2356 interverso
346 2332 442 2357 ordine.
455 2346 486 2350 —
501 2333 531 2363 (c)
549 2333 610 2357 coet.
626 2333 687 2357 edit.
704 2334 896 2363 contepescant.

340 2719 414 2741 TOM.
438 2720 506 2741 XIV.

1739 187 1798 217 225

1016 248 1047 280 Ut
1061 248 1173 276 cunctis
1187 248 1328 277 fidelibus
1344 247 1486 277 defunctis
1504 250 1640 286 requiem
1658 253 1799 281 aeternam

1052 294 1165 324 donare
1179 295 1320 332 digneris,

1015 343 1103 370 Mater
1118 343 1179 377 Dei,
1194 345 1221 371 te
1236 352 1390 380 rogamus,
1407 344 1479 373 audi
1494 352 1560 373 nos.

1015 391 1104 417 Mater
1128 389 1301 419 charissima
1324 393 1352 420 et
1377 391 1502 420 Domina
1522 394 1638 427 nostra,
1662 393 1802 423 miserere

1053 435 1152 471 nohis,
1169 439 1196 465 et
1212 437 1293 466 dona
1309 438 1397 467 nobis
1408 440 1585 476 perpetuam
1598 447 1714 476 pacem.

1089 485 1192 511 Amen.

1018 529 1116 566 Kyrie,
1132 529 1255 559 eleison.

1019 577 1140 613 Christe,
1161 577 1284 606 eleison.

1019 625 1118 661 Kyrie,
1135 625 1258 654 eleison.

1021 674 1104 700 Pater
1118 675 1227 701 noster.
1245 675 1278 701 Et
1292 682 1329 702 ne
1344 682 1399 702 nos
1415 675 1539 704 inducas
1554 676 1585 704 in
1603 677 1806 706 tentationem.

1021 719 1048 752 ir.
1065 721 1125 755 Ego
1141 720 1213 755 dixi,
1232 721 1366 756 Domina,
1382 721 1521 751 miserere
1534 724 1603 751 mei.

1023 766 1053 802 13).
1067 767 1144 794 Sana
1159 767 1292 796 animam
1307 776 1416 801 meam,
1431 769 1502 805 quia
1516 770 1638 805 peccavi
1653 771 1717 799 tibi.

1023 813 1050 846 ᾖ.
1067 815 1211 842 Converte
1227 815 1462 844 misericordiam
1478 818 1559 845 tuam
1572 825 1663 853 super
1676 826 1741 847 nos.

1022 861 1052 895 ἢ.
1070 862 1102 888 Et
1117 861 1316 897 deprecabilis
1332 864 1393 890 esto
1409 871 1498 900 super
1513 872 1615 892 servos
1629 866 1705 893 tuos.

1023 906 1053 942 v.
1070 909 1195 936 Ostende
1209 909 1374 945 potentiam
1394 912 1475 939 tuam
1488 912 1592 940 contra
1610 911 1746 941 inimicos
1758 921 1812 942 no-

1062 956 1147 983 stros.

1024 1003 1053 1037 ιῇ.
1072 1003 1103 1029 Ut
1110 1002 1278 1038 justificeris
1293 1004 1325 1031 in
1338 1005 1510 1033 nationibus
1524 1006 1721 1042 populorum.

970 1092 976 1098 ἡ
1025 1049 1055 1084 v.
1072 1049 1207 1078 Miserere
1229 1058 1385 1080 servorum
1409 1054 1541 1088 tuorum,
1558 1061 1648 1089 super
1670 1062 1747 1090 quos
1767 1055 1812 1083 in-

1062 1098 1203 1125 vocatum
1218 1099 1261 1126 est
1273 1106 1385 1127 nomen
1400 1101 1495 1128 tuum.

1027 1144 1056 1179 13¹.
1079 1146 1111 1172 Et
1132 1152 1170 1172 ne
1191 1145 1269 1173 sinas
1292 1147 1454 1181 angustiari
1474 1155 1525 1175 eos
1548 1147 1579 1175 in
1601 1148 1814 1177 tentationibus

1065 1200 1134 1219 suis.
1592 1204 1594 1206 ’

1030 1239 1056 1272 51.
1074 1240 1113 1267 Ne
1127 1239 1267 1275 projicias
1281 1248 1336 1268 nos
1351 1240 1382 1268 in
1396 1242 1529 1277 tempore
1541 1242 1644 1270 mortis
1659 1244 1778 1271 nostrae.

1030 1287 1059 1321 ἢ.
1081 1288 1113 1314 Et
1127 1294 1264 1315 succurre
1284 1287 1408 1323 animae,
1433 1297 1502 1317 cum
1518 1289 1681 1318 deseruerit
1707 1298 1815 1326 corpus

1065 1341 1163 1361 suum.

1030 1380 1060 1416 v.
1077 1382 1143 1408 Esto
1158 1381 1258 1416 nobiS,
1277 1382 1410 1417 Domina,
1427 1383 1516 1411 turris
1528 1383 1719 1412 fortitudinis.

1030 1429 1058 1462 ἢ.
1075 1429 1107 1455 Et
1118 1429 1202 1464 petra
1217 1428 1376 1458 durissima
1389 1432 1492 1458 contra
1505 1430 1671 1460 inimicum.

1031 1474 1060 1510 v.
1078 1474 1193 1510 Adjuva
1208 1483 1268 1510 me,
1289 1476 1423 1511 Domina,
1444 1485 1481 1504 ne
1497 1485 1636 1506 corruam
1652 1487 1754 1507 coram
1768 1488 1815 1508 eo.

1030 1522 1060 1556 ᾗ).
1077 1523 1133 1550 Fac
1149 1524 1180 1550 ut
1196 1524 1365 1551 conteratur
1378 1524 1434 1552 sub
1454 1524 1582 1560 pedibus
1597 1526 1681 1553 meis.

1031 1568 1056 1601 52.
1074 1569 1188 1597 Exaudi
1202 1570 1369 1598 orationem
1391 1579 1505 1607 meam,
1528 1574 1556 1600 et
1576 1572 1818 1609 deprecationem

1067 1624 1176 1644 meam.

1030 1662 1059 1698 13¹·
1076 1664 1107 1691 Et
1123 1663 1334 1700 obstupescant
1350 1665 1382 1701 (c)
1395 1665 1557 1694 adversarii
1572 1667 1641 1695 mei.

1361 1745 1483 1773 Oramus.

1066 1806 1256 1842 Omnipotens
1271 1808 1450 1843 sempiterne
1473 1810 1559 1843 Deus,
1583 1809 1634 1845 qui
1654 1818 1710 1845 pro
1730 1810 1818 1838 nobis

1031 1853 1068 1881 de
1084 1853 1246 1881 castissima
1260 1854 1379 1889 Virgine
1400 1855 1489 1884 Maria
1509 1856 1590 1884 nasei
1611 1856 1751 1892 dignatus
1774 1866 1815 1892 eS,

1031 1900 1076 1928 fac
1088 1909 1143 1928 nos
1155 1900 1209 1928 tihi
1222 1902 1302 1929 casto
1314 1909 1440 1938 corpore
1454 1903 1574 1938 servire,
1585 1905 1612 1931 et
1621 1903 1726 1932 humili
1738 1912 1817 1932 men-

1030 1950 1057 1975 te
1072 1947 1200 1983 placere.

1066 2044 1190 2070 Oramus
1224 2043 1312 2071 etiam
1344 2045 1392 2078 te,
1425 2044 1559 2080 piissima
1589 2046 1677 2081 Virgo
1709 2047 1817 2082 Maria,

1032 2089 1136 2117 mundi
1162 2090 1274 2125 Regina
1298 2092 1326 2118 et
1354 2091 1531 2126 angelorum
1554 2093 1695 2128 Domina,
1721 2096 1752 2122 ut
1775 2094 1817 2121 eis

1032 2145 1108 2172 quos
1130 2137 1160 2164 in
1182 2137 1362 2172 purgatoriis
1386 2138 1464 2173 iguis
1485 2139 1650 2175 examinat,
1678 2140 1817 2176 impetres

1031 2184 1230 2219 refrigerium,
1241 2185 1683 2222 peccatoribusindulgentiam,
1696 2189 1723 2215 et
1732 2188 1817 2223 justis

1031 2230 1283 2266 perseverantiam
1304 2232 1334 2258 iu
1349 2231 1431 2260 bono
1454 2242 1460 2260 :
1484 2241 1539 2261 nos
1555 2242 1676 2270 quoque
1698 2234 1818 2270 fragiles

1033 2278 1071 2306 ab
1088 2278 1228 2306 omnihus
1251 2277 1427 2306 instantibus
1447 2279 1573 2308 defende
1589 2282 1738 2318 periculis.
1765 2284 1817 2310 Per

1033 2325 1191 2353 Dominum
1206 2327 1339 2353 nostrum
1354 2327 1453 2354 Jesum
1467 2327 1622 2356 Christum.
1640 2331 1743 2356 Amen.

1634 2714 1672 2743 15
