2029 3052
295 266 355 298 586

295 334 327 364 et
339 331 500 370 mulieres,
509 331 627 372 quibus
640 330 746 362 subita
755 332 880 371 egestas
892 330 1072 371 perniciosa

294 385 428 418 forsitan
445 384 613 417 extitisset.
635 384 751 416 Contra
770 384 892 416 Paulus
905 393 964 425 pro
979 393 1025 423 se,
1040 386 1072 415 et

295 439 358 470 sibi
370 439 596 477 conformibus,
612 437 656 469 ait
670 439 680 455 ¹
697 449 705 470 ι
731 439 832 480 Usque
855 440 893 471 in
915 439 998 471 hanc
1019 439 1073 472 1ιο-

295 501 367 526 ram
386 494 555 532 esurimus,
577 495 606 526 et
624 494 765 526 sitimus.
789 494 828 526 Et
841 494 918 525 alibi
931 495 967 524 ²:
993 493 1072 525 Cum

296 547 383 580 em'm
397 546 486 587 apud
503 554 558 579 vos
573 554 683 586 essem,
699 550 730 580 et
745 555 883 589 egerem,
903 547 987 580 nulli
1001 554 1074 579 one-

296 608 388 634 rosus
403 601 466 640 fui.

337 654 417 686 Item
431 654 594 695 objicitur:
612 654 698 686 Licet
707 654 861 686 Dominus
873 664 993 696 pauper
1001 654 1072 693 fuit,

297 710 482 739 nontamen
498 708 613 740 dicitur
627 718 646 739 a
660 709 850 749 quibusdam
865 709 962 740 fuisse
982 717 1072 739 men-

297 761 397 801 dicim,
414 763 451 793 ut
465 762 603 794 videtur.

339 815 419 846 Item
434 815 547 847 fratres
557 815 764 847 mendicando
774 815 925 847 videntur
938 824 1074 855 gravare

297 868 376 900 alios
398 877 553 909 pauperes
576 869 754 908 mendicos,
780 869 908 909 penitus
929 869 1074 900 humano

297 922 418 954 auxilio
430 922 607 954 destitutos.

339 976 417 1007 Item
437 976 552 1007 dicitur
573 976 583 993 ³
603 987 610 1007 :
630 977 763 1009 Beatius
785 979 831 1009 est
856 977 961 1018 magis
984 976 1072 1016 dare,

297 1038 394 1070 quam
405 1031 558 1070 accipere.

339 1084 524 1125 Respondeo
540 1095 547 1115 ε
564 1084 644 1116 Cum
656 1093 782 1116 summe
797 1084 1012 1116 honorificum
1034 1084 1076 1115 sit

297 1138 384 1177 dare,
395 1147 524 1169 summa
533 1138 670 1178 privatio
683 1138 814 1168 honoris
827 1140 874 1169 est
884 1138 1075 1169 constituere

298 1201 332 1224 se
356 1192 390 1223 in
412 1192 508 1224 dandi
532 1191 805 1232 impossibilitate,
830 1194 861 1223 et
890 1192 1076 1223 necessitate

298 1246 513 1285 mendicandi,
530 1246 606 1286 quia
634 1245 710 1276 dicit
731 1245 851 1277 Seneca
864 1245 874 1262 ¹·
890 1255 897 1275 z
919 1257 934 1275 «
953 1245 1002 1277 Nil
1024 1254 1075 1276 ca-

297 1300 364 1332 rius
385 1300 515 1339 emitur,
537 1309 636 1340 quam
661 1299 747 1340 quod
770 1299 916 1340 precibus
941 1302 1074 1330 constat.

297 1353 384 1385 Inter
397 1354 494 1385 etiam
505 1354 652 1385 omnium
667 1354 858 1394 petitionum
873 1363 1006 1394 genera,
1022 1362 1076 1384 ve-

295 1408 526 1440 recundissima
536 1410 583 1439 est
593 1408 788 1439 mendicitas.
801 1419 814 1436 υ
828 1407 882 1438 Est
892 1407 977 1438 enim
988 1416 1077 1438 meu-

296 1461 417 1500 dicare,
450 1472 465 1490 a
490 1461 530 1492 ad
554 1461 806 1492 misericordiam
831 1461 1001 1492 hominum
1027 1461 1076 1492 vi-

296 1524 384 1554 vere,
408 1526 422 1543 »
454 1517 491 1546 ut
512 1515 587 1546 dicit
616 1515 819 1554 Augustinus
839 1517 850 1533 ⁵
876 1524 972 1554 super
997 1514 1076 1546 illud

298 1568 416 1600 Psalmi
429 1568 439 1585 ⁶
456 1580 462 1599 z
480 1569 635 1601 Nutantes
649 1568 892 1607 transferantur
911 1567 977 1606 fita·
995 1567 1076 1606 ejus,

298 1626 328 1656 et
340 1622 528 1655 nrendtcent.
544 1622 625 1660 Quid
646 1624 746 1662 potest
771 1624 878 1653 autem
900 1623 964 1651 tam
990 1630 1078 1652 vere-

297 1677 439 1708 cundum
455 1685 535 1715 esse,
549 1685 646 1716 quam
662 1676 696 1706 iu
715 1676 862 1707 omnium
883 1675 1078 1707 Christiano—

298 1739 372 1761 rum
405 1729 622 1760 misericordia
649 1738 681 1759 se
711 1730 854 1768 ponere?
882 1728 945 1759 lloc
977 1728 1079 1759 sciens

299 1786 426 1815 sanctus
439 1783 638 1821 Franciseus,
663 1782 791 1813 subdit:
809 1782 871 1814 Nec
887 1785 1007 1822 oportet
1029 1790 1077 1814 eos

299 1837 521 1875 verecundari,
538 1839 596 1868 etc.
620 1836 689 1876 Ipse
714 1836 800 1866 enim
817 1836 971 1867 Dominus
993 1846 1079 1867 men-

299 1892 389 1923 dicus
412 1891 483 1922 fuit.
509 1890 598 1922 Unde
623 1889 844 1930 Augustinus,
875 1899 971 1930 super
1002 1890 1080 1921 illud

301 1945 417 1977 Psalmi
431 1946 441 1962 ⁷
459 1957 464 1977 :
488 1945 674 1977 Pei-secutus
695 1947 739 1976 est
761 1944 921 1976 hominem
941 1945 1078 1984 inopem,

302 2000 335 2031 id
352 2002 410 2038 est,
427 1999 599 2037 Christum,
615 1998 730 2029 scilicet
747 1997 760 2029 J
767 1998 844 2029 udas
856 1999 866 2016 ⁸
885 2009 892 2029 :
914 2011 928 2027 «ι
943 1998 981 2029 Et
996 1999 1080 2038 quod

301 2053 429 2091 addidit,
448 2056 478 2085 et
499 2052 692 2089 mendicum,
716 2051 807 2082 illum
824 2052 973 2083 eumdem
989 2052 1080 2083 intel-

301 2107 403 2147 ligere
422 2116 604 2147 possumus,
622 2106 681 2136 nisi
703 2106 793 2143 forte,
815 2106 892 2145 qnia
914 2106 989 2136 dicit
1013 2115 1081 2137 mu-

301 2161 371 2192 lieri
392 2160 602 2191 Samaritanae
617 2160 626 2175 ὓ
648 2170 655 2190 :
680 2160 728 2191 Da
749 2159 832 2191 mihi
853 2159 966 2197 bibere,
990 2162 1021 2190 et
1049 2160 1082 2190 iu

303 2223 396 2245 cruce
412 2214 454 2244 ait
472 2215 511 2244 ¹⁰:
532 2213 625 2246 sitio.
640 2224 654 2241 n
672 2213 830 2253 Amplius,
846 2213 996 2253 quamvis
1013 2214 1082 2253 ejus

303 2267 411 2298 omnia
426 2270 539 2305 essent,
558 2269 590 2297 et
609 2267 637 2297 ei
651 2267 690 2297 ab
708 2267 857 2298 omnibus
877 2267 1080 2305 deberentur,

303 2322 370 2361 ipse
386 2323 492 2351 tamen
510 2330 575 2351 nou
591 2324 638 2351 est
651 2330 729 2351 usus
749 2330 808 2351 sua
830 2323 993 2360 potestate,
1010 2321 1083 2352 talia

305 2373 550 2414 exigendo.Non
557 2374 642 2404 euim
650 2374 758 2413 exegit
767 2383 822 2414 per
833 2374 1005 2414 imperium
1013 2384 1084 2406 auc-

306 2428 452 2466 toritatis,
467 2428 520 2459 sed
538 2437 592 2467 per
612 2428 743 2458 modum
759 2428 908 2468 pauperis
932 2429 1079 2468 mendici,

306 2482 387 2512 sicut
410 2481 491 2511 dixit
508 2481 637 2512 Zachaeo
654 2481 672 2497 ¹¹
690 2492 697 2510 :
723 2481 894 2512 Festintms
918 2481 1081 2514 descende.

308 2535 354 2566 Ibi
374 2535 482 2566 Glossa
500 2546 507 2565 ι
537 2546 550 2564 (ι
577 2534 644 2565 Non
661 2534 812 2565 invitatus
833 2544 865 2565 se
883 2535 1007 2566 invitat.
1024 2547 1037 2564 »

349 2589 427 2620 ltem
445 2589 499 2620 tali
520 2589 617 2620 etiam
640 2588 743 2619 forma
764 2589 906 2628 Apostoli
927 2599 1084 2629 processe-

343 2652 457 2681 ¹1C07·.,
476 2658 511 2682 1v,
533 2654 568 2676 ll.
584 2665 615 2669 -
631 2651 641 2667 ‘1
658 2651 676 2674 ll
698 2651 765 2679 Cor„
783 2657 823 2681 xi,
838 2652 859 2674 9.
880 2664 908 2668 —-
925 2652 933 2665 ³
954 2653 1020 2680 Act„
1039 2659 1083 2683 xx,

310 2688 350 2711 235.
362 2700 393 2705 —·
407 2688 416 2703 θ’
433 2689 522 2711 Seuoc.
534 2701 563 2704 —
577 2694 584 2701 ³
598 2688 672 2717 Aug„
690 2688 741 2710 Eua
758 2694 779 2710 r.
797 2696 820 2709 ιιι
839 2687 903 2709 1¹«1J.
918 2694 991 2718 mili,
1005 2697 1029 2711 n.
1047 2691 1083 2712 18.

309 2736 340 2740 —
354 2723 364 2739 ⁵
378 2723 444 2747 Pscl.
464 2729 536 2752 cviii,
554 2723 590 2746 ¹0.
602 2735 632 2740 —
646 2722 656 2738 ⁷
674 2722 739 2746 psal.
756 2727 826 2750 criu,
847 2723 884 2745 ¹7.
901 2736 931 2739 —
946 2724 953 2736 ³
968 2724 1084 2751 Augus-1,

310 2758 353 2781 uhi
376 2766 431 2789 sup.
456 2766 539 2789 prox„
558 2766 582 2782 n.
608 2762 644 2782 iv.
661 2771 691 2775 —·
711 2760 719 2771 ²¹
741 2759 821 2787 joam,
838 2764 871 2787 ι»,
891 2760 912 2781 7.
930 2772 959 2775 -
976 2760 995 2774 ¹¹)
1011 2760 1085 2789 ibid„

997 260 1205 295 EXPOSITIO
1227 262 1270 301 4,..

1127 331 1217 369 runt,
1232 330 1351 371 quibus
1367 330 1441 362 licet
1453 331 1564 363 omnia
1576 331 1780 372 deberentur,
1794 335 1903 365 tamen

1128 387 1165 416 ut
1177 393 1334 425 pauperes
1353 389 1542 425 receperunt
1554 394 1597 417 ex
1607 386 1828 418 misericordia
1839 387 1902 419 sibi

1129 438 1240 470 datum
1254 438 1294 469 ad
1311 439 1541 470 necessitatem.

1169 490 1249 522 Item
1262 490 1453 531 Bernardus,
1464 494 1603 524 tractans
1623 493 1701 524 illud
1711 493 1847 526 verbum
1858 494 1881 512 ¹¹
1894 503 1902 525 ε

1131 545 1208 576 Cum
1226 545 1332 584 tactus
1348 549 1429 579 esset
1442 546 1530 579 Jesus
1549 554 1709 579 annorum
1722 546 1902 587 duodecim,

1129 598 1204 630 dicit
1217 598 1263 629 ¹³:
1285 609 1302 628 α
1315 598 1355 630 Ut
1367 601 1410 638 te,
1425 600 1570 640 inquam,
1590 600 1733 638 Domine,
1757 609 1814 641 per
1837 610 1906 632 om-

1129 652 1184 683 nia
1191 654 1309 684 nostrae
1322 655 1500 694 paupertati
1511 654 1738 693 conformares„
1749 656 1781 685 et
1793 663 1906 686 omnes

1129 706 1205 737 vitae
1219 706 1372 738 humanae
1391 707 1586 739 calamitates
1605 708 1792 748 susciperes,
1815 708 1906 748 quasi

1129 769 1215 792 unus
1229 760 1264 791 in
1274 761 1370 792 turba
1379 770 1570 802 pauperum,
1582 761 1776 802 stipendium
1791 771 1847 803 per
1859 770 1908 793 os-

1131 814 1176 845 tia
1197 815 1411 846 mendicabas.
1437 826 1452 845 »)
1476 815 1559 847 Huic
1582 815 1751 847 concordat
1778 818 1907 848 sanctus

1129 869 1346 909 Augustinus,
1366 879 1462 911 super
1481 870 1561 902 illud
1575 871 1596 888 ¹⁴
1620 880 1628 900 :
1651 870 1833 903 Producens
1848 871 1907 910 toe-

1115 931 1208 958 ‚num
1221 922 1386 962 jumentis,
1401 924 1477 955 dicit
1487 924 1522 954 in
1535 923 1687 963 originali
1701 924 1745 954 ¹⁸:
1763 935 1779 954 <i
1795 923 1908 955 Loculi

1130 978 1221 1006 erant
1237 975 1328 1007 Judae
1351 976 1502 1016 proditori
1525 977 1704 1016 commissi,
1721 978 1752 1008 et
1779 976 1826 1007 illi
1849 977 1907 1017 qui

1131 1029 1335 1060 conserebant
1346 1029 1381 1060 in
1391 1030 1524 1068 loculos,
1542 1030 1675 1061 Domino
1689 1029 1907 1068 conferebant,

1131 1082 1193 1112 nisi
1207 1083 1285 1114 forte
1300 1083 1426 1123 putatis,
1442 1083 1528 1124 quod
1543 1083 1699 1115 Dominus
1712 1083 1788 1120 ibat,
1811 1084 1843 1114 et
1855 1092 1908 1123 pe·

1132 1136 1228 1175 tebat,
1244 1139 1300 1168 aut
1320 1137 1495 1177 indigebat,
1519 1137 1571 1169 cui
1586 1137 1692 1178 angeli
1715 1137 1907 1169 serviebant.

1133 1189 1238 1228 Quare
1265 1199 1361 1230 egere
1382 1191 1498 1228 voluit,
1527 1191 1588 1222 nisi
1615 1193 1652 1222 ut
1677 1190 1766 1222 daret
1794 1199 1910 1222 exem-

1132 1243 1224 1284 plum
1239 1245 1411 1283 montibus,
1427 1247 1464 1276 ut
1480 1247 1628 1285 parerent
1641 1245 1783 1276 foenum‘?
1799 1255 1814 1274 n
1834 1244 1910 1276 Haec

1133 1298 1351 1338 Augustinus.

1174 1352 1222 1382 Ad
1238 1352 1367 1383 tertium
1383 1352 1564 1390 dicendum,
1589 1352 1671 1383 sicut
1685 1352 1762 1383 dicit
1781 1351 1911 1392 Aposto-

1135 1406 1184 1437 lus
1200 1407 1220 1426 ’Β
1237 1417 1244 1437 :
1262 1406 1479 1439 Probaverunt
1493 1406 1694 1445 Macedonia,
1720 1410 1751 1439 et
1774 1399 1910 1444 Achaia,

1133 1461 1333 1493 collationem
1343 1461 1487 1501 aliquam
1500 1461 1602 1499 facere
1615 1461 1650 1492 in
1658 1467 1813 1500 pauperes
1823 1468 1913 1492 sanc-

1134 1519 1249 1553 torum,
1266 1515 1323 1554 qui
1336 1515 1458 1546 suntin
1469 1514 1678 1546 Hierusalem.
1692 1514 1816 1546 Placuit
1828 1515 1912 1546 enim

1135 1568 1193 1604 eis,
1211 1569 1241 1598 et
1256 1566 1412 1598 debitores
1427 1569 1503 1598 stmt
1523 1574 1639 1597 corum.
1663 1566 1746 1597 Nam
1764 1566 1794 1597 si
1819 1565 1914 1606 spiri-

1135 1620 1273 1652 tualium
1288 1627 1396 1652 eorum
1418 1620 1592 1659 participes
1615 1620 1695 1658 facti
1715 1623 1792 1651 sant
1808 1619 1912 1652 Genti-

1135 1674 1189 1712 les,
1204 1673 1318 1706 debent
1333 1674 1407 1705 etin
1417 1673 1635 1712 corporalibus
1650 1673 1839 1705 wu'nistrare
1853 1673 1912 1704 eis.

1136 1728 1182 1758 lbi
1198 1728 1272 1758 dicit
1294 1728 1412 1765 Glossa,
1429 1727 1514 1767 quod
1538 1729 1627 1757 ciunt
1646 1727 1816 1765 debitores,
1836 1726 1913 1767 quia

1135 1782 1179 1812 illi
1192 1791 1347 1821 pauperes
1363 1781 1515 1811 miserant
1525 1781 1570 1811 eis
1585 1781 1814 1820 praedicatores.
1831 1780 1910 1811 Cum

1134 1835 1237 1875 igitur
1275 1835 1323 1865 isti
1363 1844 1517 1874 pauperes
1548 1834 1660 1865 fratres
1700 1834 1755 1864 toti
1792 1834 1912 1865 mundo

1135 1889 1267 1920 mittunt
1296 1888 1536 1929 praedicatores,
1562 1897 1581 1918 a
1610 1890 1675 1919 toto
1702 1887 1824 1919 mundo
1844 1896 1914 1928 pos-

1136 1945 1211 1974 sunt
1237 1943 1377 1982 accipere
1408 1941 1584 1972 necessaria
1611 1942 1685 1972 vitae
1715 1950 1795 1972 suae.
1828 1940 1913 1972 Nulli

1137 2005 1217 2036 ergo
1232 1995 1428 2036 injuriantur
1444 1995 1477 2025 in
1493 1995 1564 2033 hoc,
1581 1995 1656 2035 quia
1677 1994 1758 2034 legis
1775 1994 1914 2026 testimo-

1135 2051 1190 2081 nio
1213 2050 1354 2087 docetur,
1379 2049 1463 2089 quod
1488 2048 1566 2079 nulli
1594 2048 1666 2079 facit
1687 2048 1840 2088 injuriam
1859 2048 1915 2088 qui

1136 2105 1240 2136 utitur
1250 2106 1325 2144 Jure
1339 2113 1407 2135 suo.
1431 2103 1498 2134 Nisi
1515 2104 1593 2134 sorte
1608 2103 1676 2134 ideo
1691 2103 1810 2134 faciunt
1833 2103 1915 2143 inju-

1137 2161 1231 2198 riam,
1248 2161 1324 2201 quia
1347 2159 1431 2200 quod
1452 2161 1583 2199 possunt
1602 2158 1743 2198 accipere
1765 2167 1839 2189 cum
1860 2158 1916 2190 ho-

1137 2225 1227 2253 nore,
1244 2214 1402 2254 accipiunt
1414 2222 1487 2244 cum
1508 2216 1651 2244 extrema
1664 2213 1859 2245 confusione.

1180 2269 1259 2300 Item
1270 2268 1377 2299 omnia
1383 2268 1467 2298 bona
1478 2267 1622 2298 Ecclesiae
1635 2267 1760 2305 Christi,
1769 2270 1915 2298 etomnes

1138 2322 1374 2363 superfluitates
1388 2321 1536 2359 divitum,
1557 2323 1632 2351 suut
1651 2329 1717 2351 una
1738 2320 1915 2360 respublica

1138 2385 1328 2416 pauperum.
1357 2375 1390 2405 In
1412 2374 1654 2415 participatione
1684 2377 1791 2405 autem
1817 2374 1914 2413 hujus

1138 2429 1334 2470 reipublicae,
1351 2430 1439 2459 tanto
1460 2427 1681 2467 unusquisque
1703 2427 1809 2458 minus
1836 2426 1914 2458 alios

1138 2484 1241 2521 laedit,
1272 2485 1394 2522 quanto
1423 2481 1623 2521 paucioribus
1655 2483 1702 2511 est
1733 2481 1913 2511 contentus.

1140 2537 1206 2568 Hoc
1222 2536 1341 2567 faciunt
1354 2535 1466 2565 fratres
1480 2534 1542 2572 isti,
1559 2534 1626 2573 qui,
1643 2542 1714 2564 cum
1731 2535 1860 2572 possent
1870 2533 1916 2565 vi-

1140 2623 1194 2648 xix,
1213 2618 1250 2641 28.
1264 2630 1294 2634 -
1310 2617 1327 2632 ¹¹
1346 2616 1411 2643 Luc..
1427 2621 1481 2646 x1x,
1498 2617 1520 2639 5.
1536 2628 1566 2632 -
1584 2614 1603 2630 '2
1622 2614 1674 2637 imo
1691 2613 1840 2643 .Elre‹1.,cle
1858 2614 1915 2637 Jesu

1138 2660 1214 2683 puer-o
1237 2652 1374 2678 duodenni,
1398 2658 1424 2675 u.
1444 2652 1471 2680 fi,
1496 2651 1563 2674 iuter
1581 2649 1665 2679 spuria
1688 2650 1773 2679 Beru„
1798 2652 1859 2674 tom.
1884 2650 1915 2679 ΙΙ,

1141 2688 1200 2711 edit.
1222 2689 1289 2711 infin.
1307 2700 1336 2704 —-
1355 2688 1371 2702 ¹*
1390 2687 1454 2715 Luc.,
1478 2692 1507 2715 ιι,
1535 2687 1569 2709 ’,2.
1585 2698 1615 2701 -
1633 2684 1649 2699 ¹⁸
1666 2684 1735 2707 Pscl.
1755 2691 1811 2714 eni,
1831 2686 1867 2708 14.
1885 2698 1916 2702 —

1142 2724 1159 2739 ¹³*
1174 2727 1247 2751 Aug..
1265 2723 1288 2746 in
1303 2723 1370 2747 bunt·
1386 2722 1445 2746 loc..
1462 2729 1488 2745 u.
1505 2723 1542 2749 Η,
1558 2720 1641 2751 quoad
1658 2719 1781 2751 aliqua.—-
1798 2721 1816 2733 ¹⁶
1836 2721 1914 2750 Rom„

1142 2764 1185 2787 xv,
1203 2760 1287 2782 :is-43.
