2060 3052
279 206 319 238 52
662 200 874 236 SERMONES
894 200 946 234 DE
967 199 1134 235 SANCTIS
1155 200 1199 234 IN
1219 199 1414 236 commum.
1437 201 1519 235 XIX.

277 271 363 310 quod
396 271 494 302 fuerat
519 271 720 301 necessarium
734 292 744 307 ,
775 269 886 299 fecerat
918 269 1061 299 volunta-

276 319 371 356 rium,
386 319 462 349 dum
479 319 607 349 eredidit
620 318 652 348 in
671 317 835 354 Christum,
850 319 879 346 et
892 316 1062 354 patibulum

276 367 403 396 mutavit
438 367 470 396 in
504 366 653 396 meritum.
682 367 756 394 Nam
785 373 891 394 omnes
917 364 1062 402 poeniten-

277 415 320 443 tes
337 414 450 443 habent
465 415 576 451 justam
597 421 718 442 causam
737 411 887 449 patiendi3
906 411 960 441 sed
970 412 1061 448 justa-

277 463 322 490 est
335 461 474 490 voluntas
493 460 674 498 poenitendi,
690 459 764 488 dum
777 459 885 497 punire
907 467 939 488 se
958 458 1064 488 volunt

153 513 186 535 Αᾱ
213 518 263 534 mo·
277 509 350 546 quia
377 510 470 538 Deum
493 507 692 537 offenderunt.
720 506 766 536 Ad
789 506 966 544 patiendum
989 514 1062 542 ergo

176 545 244 566 ritum

155 576 263 604 patientie

277 556 438 591 merttorie,
458 563 521 585 non
541 554 650 584 suffieit
669 554 734 584 sola
754 562 856 592 poena,
878 562 934 583 nec
954 553 1064 582 sufficit

155 607 262 634 requisita
275 605 342 634 sola
364 612 464 639 causa,
486 603 543 632 nisi
565 602 644 631 adsit
667 604 695 630 et
712 601 852 631 voluntas
879 603 971 636 reeta,
995 609 1062 638 quoe

275 652 364 681 etiam
384 650 497 680 malam
520 657 643 678 causam
664 649 751 678 vertit
771 649 802 678 in
821 649 946 684 bonam,
962 650 991 677 et
1007 651 1062 677 tor-

274 701 409 728 mentum
431 697 609 734 martyrium
624 705 687 726 esse
703 696 780 725 facit.
797 698 944 726 Manasses
962 698 1060 724 autem

273 755 328 776 rex
341 746 418 776 suda
430 749 552 784 propter
566 744 799 774 innumerabilia
812 745 935 781 peccata
948 751 1003 772 sua
1017 751 1063 772 ea-

274 795 344 831 ptus
360 795 414 827 est,
436 795 465 822 et
482 800 578 830 usque
601 793 642 821 ad
670 794 797 820 mortem
820 791 966 819 deductus
974 799 983 825 ;
1009 790 1063 818 sed

275 841 350 870 dum
368 841 408 870 ad
424 842 516 870 Deum
534 840 635 875 rediit,
656 839 694 868 de
709 839 790 868 malo
805 838 953 876 poenituit,
970 839 1062 866 Deum

274 888 402 925 rogavit,
419 887 554 917 exaudiri
570 887 677 915 meruit
692 889 719 915 et
733 894 828 922 regno
843 894 898 914 suo
913 885 1062 914 restitutus

274 935 339 964 fuit.
368 935 480 970 Achab,
505 935 568 972 qui,
597 942 687 971 super
715 942 802 970 reges
830 933 918 962 lsrael
945 940 1060 967 omnes,

276 984 370 1011 Deum
384 982 561 1015 offenderat,
577 981 690 1010 Heliam
709 981 889 1018 prophetam
911 982 1015 1008 contra
1030 987 1061 1007 se

275 1030 400 1064 audivit,
417 1030 524 1064 timuit,
540 1037 627 1057 sacco
651 1037 682 1057 se
699 1028 805 1059 induit,
823 1027 953 1056 demisso
976 1026 1061 1055 vultu

275 1077 452 1111 ambulavit,
471 1078 500 1105 et
521 1076 594 1104 dum
616 1084 646 1104 se
662 1075 841 1110 humiliavit,
859 1076 933 1103 Deus
948 1076 1062 1102 senten-

275 1124 358 1159 tiam,
378 1132 470 1161 quam
497 1126 601 1152 eontra
624 1132 693 1152 eum
720 1123 846 1157 dixerat,
871 1121 1060 1159 permutavit.

276 1172 349 1200 Dicit
363 1171 442 1200 enim
458 1170 631 1199 Ambrosius
647 1171 653 1186 ¹
673 1179 679 1197 ε
698 1180 712 1196 ιι
726 1170 811 1198 Novit
833 1169 975 1198 Dominus
995 1177 1061 1196 mu-

275 1220 337 1247 tare
353 1218 539 1252 sententiam,
565 1218 588 1246 si
612 1219 642 1246 tu
661 1217 782 1245 noveris
805 1216 966 1245 emendare
987 1216 1062 1244 deli-

275 1271 365 1298 ctum.
382 1281 395 1296 »
414 1269 489 1298 Nihil
504 1269 583 1297 enim
605 1269 688 1297 aliud
710 1271 751 1297 est
771 1268 953 1305 pwnitentia,
970 1276 1060 1304 quam

274 1317 443 1346 voluntaria
459 1326 549 1355 poena
564 1326 620 1354 pro
637 1317 765 1353 peccatis
781 1319 942 1352 assumpta.

311 1365 464 1399 Secundo,
488 1365 648 1402 requiritur
668 1364 830 1392 voluntatis
852 1363 1060 1400 promptitudo

276 1415 414 1449 respectu
427 1420 533 1449 poenm,
554 1415 585 1440 ut
600 1412 691 1440 bomo
707 1420 777 1439 cum
793 1411 906 1447 gaudio
921 1411 1061 1446 patiatur,

276 1468 336 1488 non
347 1468 415 1488 cum
427 1468 578 1488 murmure
589 1460 659 1494 oris,
674 1459 720 1487 vel
735 1468 806 1487 eum
823 1459 937 1487 tristitia
950 1458 1060 1486 cordis.

278 1507 359 1536 Unde
375 1508 412 1534 ad
430 1508 591 1535 Colossenses
613 1506 770 1543 Apostolus
783 1507 793 1522 ²
815 1515 821 1534 :
848 1518 859 1530 «ι
880 1508 940 1539 Ego
956 1505 1062 1533 Paulus

276 1555 392 1591 gaudeo
411 1555 440 1582 in
456 1554 646 1591 passionibus
661 1562 715 1590 pro
731 1554 828 1587 vobis,
849 1556 877 1581 et
896 1553 1061 1589 adimpleo,

277 1611 344 1639 qu-‘e
367 1602 473 1630 desunt
494 1602 667 1638 passionum
692 1601 795 1629 Clu-isti
817 1601 845 1628 in
870 1608 958 1628 carue
984 1608 1060 1633 meu,

277 1658 332 1687 pro
349 1658 474 1685 corpore
497 1649 571 1684 ejus,
595 1648 677 1684 quod
699 1651 740 1675 est
766 1648 901 1675 Ecclesia.
929 1660 941 1672 »
961 1649 1061 1674 Exem-

277 1697 361 1734 plum
375 1696 506 1724 nolabile
522 1696 622 1732 accipe
639 1696 668 1722 in
686 1695 822 1723 Eleazaro
839 1697 859 1729 ³⁸,
877 1694 927 1730 qui
953 1694 1063 1729 glorio-

277 1752 342 1772 sam
359 1746 484 1772 mortem
507 1743 602 1777 magis
624 1743 725 1777 elegit,
747 1751 839 1778 quam
861 1741 1006 1769 odibilem
1021 1741 1063 1768 vi—

278 1793 339 1819 tam
354 1800 360 1818 :
375 1802 387 1816 «
404 1793 431 1819 et
449 1791 600 1818 voluntate
622 1790 745 1826 przeibat
766 1789 805 1817 ad
825 1788 1005 1824 supplicium
1023 1798 1028 1815 :
1046 1801 1058 1813 ιι

278 1840 305 1866 ct
321 1839 403 1875 prius
423 1838 518 1866 voluit
540 1837 700 1865 durissima
724 1839 818 1864 morte
843 1836 951 1872 plecti,
971 1843 1062 1871 quam

278 1885 375 1913 solum
391 1894 421 1913 se
444 1885 583 1912 simulare
606 1892 709 1912 carnes
731 1884 869 1920 porcinas
892 1882 1060 1910 comedere.

279 1934 353 1967 Lege
366 1933 530 1967 historiam,
548 1935 576 1960 et
596 1941 661 1959 eam
678 1933 784 1959 ‹lt-vole
807 1939 904 1959 narra.
927 1930 1003 1964 Quid
1020 1933 1061 1963 tu,

279 1988 297 2007 ο
312 1979 483 2013 Christiane,
509 1980 593 2006 timi-s
609 1980 680 2015 pati,
697 1988 764 2006 cum
782 1982 807 2006 te
825 1981 882 2006 ltex
906 1982 971 2006 tuus
993 1986 1063 2014 prm-

279 2026 397 2054 cesserit
411 2026 449 2054 ad
465 2026 657 2062 passionem?
670 2028 763 2062 ‘l'urpe
777 2028 830 2058 ost,
847 2028 874 2053 et
890 2025 977 2052 valde
994 2025 1063 2053 alie-

278 2081 368 2107 num,
390 2074 450 2100 imo
473 2077 575 2101 eontra
604 2076 739 2100 naturam
765 2076 792 2100 vt
817 2075 928 2099 certum
951 2072 1062 2108 experi-

279 2123 412 2148 mentum
429 2124 481 2155 est,
504 2120 604 2148 ut>ub
628 2121 722 2156 capite
749 2120 867 2147 :loleule
891 2120 1061 2147 membrum

280 2176 341 2195 non
354 2168 464 2201 doleat,
488 2170 515 2195 et
530 2168 585 2195 sub
602 2168 696 2203 cupite
713 2168 868 2194 vulnerato
893 2168 1061 2194 membrum

278 2223 340 2243 non
355 2216 472 2248 sentiat,
493 2219 521 2243 et
536 2216 591 2242 sub
608 2216 702 2250 cupite
723 2215 866 2242 moriente
892 2215 1061 2242 membrum

278 2262 338 2289 vita
354 2270 414 2289 non
433 2265 539 2289 careat.
557 2262 625 2295 Quis
645 2263 728 2289 miles
744 2263 779 2289 ile
795 2262 875 2289 bello
891 2262 970 2289 exire
987 2270 1062 2297 pru—-

278 2309 451 2345 sumpserit,
473 2313 500 2337 ot
524 2318 582 2336 uon
608 2310 733 2336 Voltwl'tl
759 2310 924 2336 volunt-irie
948 2309 1022 2344 pati,
1039 2308 1062 2335 si

278 2364 329 2383 rex
345 2365 415 2383 suus
430 2357 467 2384 ad
487 2359 613 2383 morli-m
630 2357 713 2383 suerit
730 2357 922 2383 vulneratus?
947 2358 1019 2383 Nam
1036 2358 1062 2382 et

278 2403 409 2439 apeculse
426 2412 513 2431 carne
532 2406 589 2430 tam
607 2412 723 2438 panem,
740 2404 884 2438 sanguiue
901 2403 995 2436 nullo,
1010 2402 1060 2429 sed

278 2451 436 2485 prudentia
450 2451 598 2483 maximw,
615 2459 682 2477 cum
698 2459 784 2477 suum
801 2459 874 2482 esse,
890 2450 999 2482 vivere,
1015 2449 1061 2477 vel

278 2497 384 2525 sentire
412 2506 471 2525 nou
495 2498 626 2525 habeant
653 2506 670 2524 a
694 2505 763 2533 rege
778 2518 786 2531 ,
815 2506 904 2533 quem
928 2497 983 2524 sibi
1010 2496 1061 2524 eli-

313 2586 318 2599 ¹
333 2584 463 2612 Ambrusq
479 2586 503 2607 ιἰι
519 2585 584 2612 Luna,
598 2585 640 2608 lib,
660 2585 690 2612 lt,
706 2591 732 2607 u.
749 2586 761 2605 :2

279 2631 309 2636 -
325 2619 333 2633 ³
354 2620 372 2642 ll
393 2620 483 2650 Maeli„
503 2626 538 2649 il,
556 2623 592 2643 le».
606 2634 635 2638 ’-
653 2623 658 2633 Α
673 2621 737 2649 ΑΜ,
755 2625 778 2647 v,
796 2621 833 2643 lt.
851 2633 880 2636 —-
896 2621 903 2633 ³·
921 2621 983 2647 λαμ,
1004 2626 1019 2649 ι,
1037 2621 1061 2642 2.

278 2668 308 2672 -—-
330 2656 338 2669 ὓ
359 2655 519 2686 Ηίυιόιι)·ιιιἿ
544 2664 567 2679 ιιι
590 2657 671 2686 almos,
692 2664 715 2680 c.
745 2662 792 2684 νιις
817 2656 888 2684 l'liu.,
911 2657 975 2680 llzst.
997 2658 1060 2682 mit..

279 2691 322 2715 lib.
339 2692 463 2721 XXXVll‚
481 2700 501 2715 ςΔ
522 2698 555 2715 ιν.
570 2706 599 2709 -
620 2701 621 2705 ’
639 2693 644 2715 Ι
665 2692 755 2722 .t1acL.‚
773 2698 812 2722 111,
829 2694 850 2716 Δἰ.
863 2705 892 2709 -
910 2696 917 2703 “
934 2693 952 2716 ll
969 2692 1063 2722 Made„

772 2586 787 2607 ἶ.
800 2596 829 2601 —-
844 2586 852 2599 '·'
869 2583 953 2607 sulm«
967 2603 972 2613 ‚
990 2589 1007 2613 ΙΙ
1022 2584 1060 2607 2¹..

1117 272 1191 307 gunt
1203 272 1320 309 sponte,
1330 278 1388 309 pro
1401 271 1468 308 ipso
1482 272 1584 300 tamen
1597 269 1676 300 mori
1694 271 1764 300 sunt
1775 272 1899 309 parato,

1115 319 1146 347 et
1166 318 1234 356 ipso
1261 318 1408 348 moriente
1433 318 1608 356 permittunt
1635 326 1667 347 se
1691 317 1772 347 mori
1795 317 1898 348 fame:

1116 373 1208 402 quem
1217 366 1242 394 si
1251 365 1419 400 offendunt,
1428 365 1593 395 vindictam
1604 365 1643 395 de
1653 365 1758 403 seipsis
1767 367 1900 402 summit,

1116 414 1146 441 et
1159 412 1283 442 vulnere
1296 413 1421 450 proprio
1435 421 1466 442 se
1481 413 1653 442 concidunt.
1669 412 1747 448 Quid
1761 420 1834 450 ergo
1849 412 1900 442 de-

1115 459 1168 489 bet
1180 460 1278 489 facere
1291 460 1396 494 homo,
1416 460 1502 498 quia
1515 468 1571 489 suo
1588 468 1660 498 rege
1681 468 1762 495 esse,
1782 459 1900 497 vivere,

1116 507 1236 542 sentire,
1250 508 1280 536 et
1297 507 1462 544 intelligere
1482 507 1584 544 habet,
1607 515 1627 537 a
1641 515 1704 546 quo
1717 515 1780 537 non
1800 507 1900 537 solum

1117 556 1171 590 est,
1186 554 1240 583 sed
1263 556 1325 583 tam
1343 553 1421 583 dura
1443 556 1539 583 morte
1561 554 1736 593 redemptus
1755 555 1818 585 est?
1841 556 1902 584 Hoc

1117 601 1199 630 enim
1212 601 1396 630 attendentes
1409 601 1554 638 Apostoli,
1569 601 1678 631 milites
1688 602 1802 631 strenui
1815 602 1902 639 Regis

1116 649 1220 685 nostri,
1238 659 1253 676 α
1267 649 1352 678 ibant
1365 649 1530 686 gaudentes
1540 657 1558 678 a
1573 651 1735 687 conspectu
1749 649 1870 678 concilii
1878 649 1901 686 ⁴,

1117 696 1263 733 quoniam
1286 695 1370 732 digni
1393 696 1488 725 habiti
1509 698 1579 725 sunt
1600 704 1656 734 pro
1688 696 1811 725 nomine
1834 697 1902 725 Jesu

1117 743 1331 772 contumeliam
1345 744 1417 781 pati.
1434 754 1448 771 n
1461 745 1494 772 Et
1508 743 1580 772 dicit
1593 743 1722 773 Iacobus
1735 745 1746 762 ὓ
1760 754 1769 772 :
1782 754 1797 771 α
1809 744 1902 773 Omne

1117 790 1261 827 gaudium
1278 790 1453 827 existimate,
1468 791 1583 827 fratrem,
1597 799 1666 820 cum
1681 791 1713 820 in
1726 791 1902 820 tentationes

1118 838 1216 867 varias
1230 838 1403 866 incideritis.
1419 848 1434 865 ιο

1152 885 1267 921 ‘fertio‚
1290 885 1330 914 ad
1358 885 1534 922 patiendum
1554 885 1716 923 requiritur
1741 885 1902 915 voluntatis

1117 934 1270 968 fortitudo,
1285 937 1422 971 respectu
1434 942 1552 971 pugnoe,
1565 935 1598 962 ut
1612 933 1696 962 nullo
1711 935 1805 963 modo
1820 934 1903 962 dese-

1116 984 1198 1010 ratur
1211 981 1304 1010 virtus
1317 981 1465 1018 patientiae
1489 989 1508 1010 a
1530 981 1670 1019 patiente.
1696 983 1770 1010 Nam
1789 989 1902 1018 purum

1117 1037 1226 1057 aurum
1245 1029 1284 1057 ab
1308 1029 1391 1057 omni
1412 1029 1509 1057 scoria
1531 1031 1718 1066 separatum,
1741 1030 1903 1066 quantum-

1117 1083 1246 1112 cumque
1261 1075 1298 1105 sit
1318 1076 1349 1104 in
1369 1076 1438 1112 igne
1452 1078 1618 1111 excoctum,
1633 1083 1690 1106 nec
1709 1077 1800 1112 auget
1818 1075 1903 1105 valo-

1117 1132 1180 1152 rem
1199 1132 1304 1159 suum,
1324 1131 1380 1152 nec
1403 1123 1514 1152 minuit
1533 1122 1654 1160 pondus
1674 1131 1774 1157 suum,
1793 1123 1848 1152 sed
1870 1123 1904 1152 fit

1117 1171 1247 1208 amplius
1261 1171 1419 1207 fulgidum.
1436 1171 1565 1200 Adamas
1579 1171 1658 1199 enim
1667 1192 1676 1207 ‚
1701 1173 1733 1199 ut
1757 1170 1866 1200 dicitur
1879 1171 1902 1207 ⁸,

1117 1226 1179 1246 non
1194 1218 1312 1246 calescit
1325 1219 1409 1254 igne,
1433 1218 1482 1246 vel
1497 1219 1655 1255 rumpitur,
1677 1218 1763 1246 nulla
1778 1218 1903 1247 materia

1117 1265 1271 1302 sculpitur,
1284 1265 1332 1294 vel
1350 1266 1503 1301 figuratur.
1520 1267 1602 1302 Saepe
1618 1266 1730 1294 inventi
1745 1268 1814 1294 sunt
1828 1265 1901 1301 ursi,

1118 1313 1169 1349 qui
1187 1313 1224 1341 de
1240 1312 1411 1341 tortitudine
1428 1321 1482 1341 sua
1496 1313 1611 1349 confisi,
1625 1321 1687 1342 non
1701 1313 1801 1342 solum
1821 1312 1903 1342 bella

1117 1368 1179 1388 non
1194 1359 1322 1396 fugiunt,
1338 1361 1391 1389 sed
1413 1361 1504 1396 signis
1529 1362 1682 1397 expetunt,
1697 1360 1807 1397 quibus
1829 1368 1901 1397 pos-

1117 1410 1195 1436 sunt.
1212 1408 1257 1436 Sic
1272 1410 1300 1435 et
1315 1407 1360 1436 vir
1383 1408 1558 1436 fortissimus
1577 1407 1679 1442 ludas,
1695 1407 1745 1444 qui
1763 1418 1778 1434 ιι
1800 1406 1903 1436 similis

1118 1455 1211 1483 sactus
1225 1458 1267 1482 est
1276 1455 1355 1483 leoni
1371 1455 1401 1483 in
1412 1455 1555 1491 operibus
1567 1455 1639 1488 suis,
1649 1465 1663 1481 i·
1676 1454 1750 1483 sicut
1764 1454 1871 1483 dicitur
1879 1455 1901 1490 ⁷,

1118 1511 1275 1539 nunquam
1298 1503 1400 1538 lugam
1425 1502 1561 1530 hostibus
1592 1502 1690 1536 dedit,
1714 1501 1811 1530 donee
1835 1501 1898 1530 bel-

1119 1549 1211 1577 lando
1238 1550 1329 1577 vitam
1355 1550 1467 1577 sortiter
1495 1549 1599 1577 linivit.
1630 1549 1807 1586 Exemplum
1828 1548 1839 1565 ⁸
1864 1548 1901 1577 de

1119 1600 1230 1633 septem
1246 1597 1395 1631 fratribus,
1412 1599 1567 1633 matreque
1582 1596 1752 1632 fortissima,
1766 1605 1832 1633 quae
1843 1605 1903 1625 non

1119 1644 1217 1672 solum
1237 1647 1363 1672 mortem
1380 1644 1510 1672 tiliorum
1533 1644 1563 1672 in
1588 1645 1730 1680 patientia
1751 1644 1826 1680 tulit,
1851 1644 1904 1672 sed

1119 1692 1252 1727 appetiit,
1264 1694 1291 1719 et
1302 1691 1362 1719 suis
1374 1692 1503 1725 monitis,
1514 1694 1659 1728 quantum
1670 1691 1776 1728 potuit,
1789 1691 1905 1720 anima-

1119 1739 1170 1767 vit.
1193 1739 1273 1767 [nde
1289 1739 1457 1775 Apostolus,
1473 1739 1618 1775 patientes
1637 1739 1818 1774 confortans,
1834 1739 1906 1767 dicit

1120 1787 1156 1813 αιΙ
1172 1787 1294 1814 llebroeos
1310 1787 1320 1803 ⁹
1335 1795 1342 1814 :
1363 1797 1376 1812 α
1396 1786 1602 1814 Recordamini
1618 1786 1758 1822 pristinos
1776 1786 1850 1818 dies,
1874 1787 1905 1815 in

1120 1834 1230 1870 quibus
1257 1834 1433 1869 illuminati,
1468 1842 1612 1869 magnum
1640 1837 1790 1862 certamen
1821 1833 1907 1861 susti-

1121 1881 1223 1908 nuistis
1238 1881 1421 1917 passionum.
1439 1892 1451 1906 »ι
1471 1883 1503 1909 Et
1518 1881 1602 1910 addit
1614 1882 1636 1899 ¹⁰
1652 1891 1658 1909 :
1679 1893 1691 1906 «ι
1707 1881 1801 1909 Nolite
1816 1881 1903 1909 amit-

1121 1931 1179 1956 tere
1196 1929 1408 1956 confidentiam
1423 1931 1564 1962 vestram,
1580 1937 1646 1964 quoe
1663 1936 1805 1964 magnam
1816 1928 1906 1956 habet

1119 1976 1400 2004 remunerationem.
1413 1975 1555 2003 Patientia
1563 1976 1644 2003 euim
1653 1976 1819 2004 necessaria
1828 1978 1880 2004 est.
1890 1986 1904 2001 n

1121 2024 1202 2051 l'nde
1226 2024 1331 2050 iterum
1348 2022 1504 2059 Apostolus
1520 2023 1538 2038 '¹
1557 2032 1562 2050 :
1576 2034 1589 2049 (ι
1606 2025 1637 2051 ln
1651 2023 1794 2051 omnibus
1811 2023 1904 2050 tribu—

1119 2071 1261 2098 lationem
1277 2070 1417 2106 patimur,
1437 2070 1489 2097 sed
1511 2078 1571 2098 non
1594 2070 1798 2105 angustiamur
1815 2079 1821 2097 ι
1838 2077 1905 2106 per-

1121 2119 1303 2146 secutionem
1319 2118 1460 2154 patimur,
1483 2117 1536 2146 sed
1560 2125 1621 2145 non
1643 2117 1879 2153 derelinquimur
1897 2127 1903 2145 :

1120 2166 1324 2199 humiliamur,
1347 2168 1375 2193 ct
1396 2173 1456 2192 uon
1481 2164 1716 2193 confundimur:
1735 2164 1902 2200 dejicimur,

1120 2214 1247 2241 sednon
1268 2213 1408 2248 perimus.
1435 2224 1448 2236 υ
1471 2212 1528 2240 Sed
1553 2212 1711 2247 diligenter
1730 2212 1776 2240 hie
1798 2214 1903 2240 notan-

1121 2261 1205 2294 dum,
1221 2260 1303 2296 quod
1318 2260 1394 2287 haue
1409 2259 1580 2295 patientiam
1596 2262 1624 2287 et
1638 2259 1842 2287 fortitudinem
1853 2258 1903 2287 dat

1121 2308 1264 2343 impressa
1283 2307 1428 2335 memoria
1453 2306 1611 2334 Dominicae
1640 2306 1796 2342 passionis.
1823 2305 1902 2334 [nde

1121 2355 1227 2382 dieitur
1242 2363 1259 2382 a
1280 2356 1362 2382 Petro
1379 2355 1398 2370 ¹²
1415 2363 1420 2381 :
1444 2366 1454 2378 ιι
1469 2354 1582 2381 Christo
1598 2354 1628 2381 in
1644 2361 1732 2382 carne
1757 2361 1855 2389 passo,
1876 2356 1904 2381 et

1120 2411 1172 2430 vos
1199 2402 1304 2429 eadem
1331 2402 1509 2435 cogitatione
1539 2400 1706 2429 armamini.
1737 2410 1750 2426 ι)
1782 2402 1902 2436 Propter

1121 2449 1203 2485 quod
1227 2449 1289 2485 ipse
1313 2449 1383 2476 dicit
1406 2449 1435 2476 in
1459 2448 1637 2476 C‹mt1'e¹'s'³:
1657 2458 1671 2472 «
1685 2448 1763 2475 Pone
1789 2455 1848 2481 me,
1871 2450 1902 2475 ut

1120 2496 1323 2532 signaculum,
1340 2504 1428 2532 super
1443 2504 1494 2523 cor
1510 2498 1604 2529 tuum,
1620 2495 1691 2531 quia
1706 2494 1787 2522 sortis
1809 2496 1851 2522 est
1871 2497 1903 2522 ut

1120 2553 1201 2572 mors
1217 2544 1336 2572 dileetio
1353 2547 1410 2579 tua,
1427 2546 1455 2571 et
1478 2543 1553 2571 dura
1575 2545 1606 2570 ut
1627 2541 1759 2570 infernus
1780 2541 1901 2570 aemula-

1121 2624 1170 2649 vu,
1187 2626 1232 2649 per
1248 2620 1338 2642 lotum.
1356 2632 1383 2636 ——
1401 2619 1412 2634 ⁹
1433 2617 1516 2647 uelum,
1538 2623 1569 2647 x,
1591 2618 1630 2641 32.
1646 2629 1675 2634 —
1694 2618 1712 2633 ¹⁰
1729 2616 1803 2648 ibid„
1819 2618 1900 2642 35-36.

1120 2668 1149 2672 —
1167 2656 1184 2671 ¹¹
1200 2655 1218 2679 ll
1234 2655 1303 2684 Corn,
1320 2661 1356 2683 μ’,
1374 2656 1422 2684 8-9,
1437 2654 1523 2685 paucis
1538 2653 1648 2678 mutatis,
1669 2667 1693 2670 -
1713 2654 1731 2669 ¹²
1747 2653 1755 2677 l
1772 2653 1849 2684 Peon,
1866 2659 1901 2685 tv,

1124 2694 1143 2714 1,
1159 2704 1188 2708 --
1207 2691 1225 2707 ¹³
1241 2692 1327 2721 Cant„
1343 2696 1401 2720 vm,
1417 2691 1440 2714 G.
