2029 3052
168 2085 245 2105 Exam-

139 2116 209 2142 plum.

237 219 277 250 86
606 213 817 249 SERMONES
840 212 891 245 DE
912 211 1080 246 SANCTIS
1101 213 1143 246 IN
1164 213 1360 248 COMMUNI.
1380 211 1472 246 XXX.

237 285 385 320 ornantia,
405 285 462 314 nisi
485 287 656 314 sanctorum
676 283 836 321 exempla?
864 281 942 318 Quid
964 289 1022 319 per

237 341 379 362 auroram
398 332 497 362 lucem
526 332 656 361 solarem
685 330 935 369 praevenientem,
963 328 1022 358 nisi

237 380 470 416 praevenientem
492 379 640 416 gratiam?
658 379 716 408 Sed
739 377 865 407 avaritia
893 385 956 405 non
975 378 1020 405 at-

238 427 333 456 tendit
352 429 521 456 sauctorum
543 426 693 463 exempla,
714 427 744 454 et
765 425 884 462 fugiens
905 425 1022 461 gratam

238 475 302 504 veri
322 474 393 504 solis
414 474 616 512 praesentiam,
635 481 698 502 non
718 473 788 502 sinit
805 472 900 501 videri
923 472 1022 500 lucem

239 522 390 558 divinam3
411 522 466 551 sed
486 523 613 550 excaecat
635 521 779 557 animam,
793 522 822 549 et
841 521 935 548 totam
953 518 1023 548 facit

239 570 429 599 tenebrosam
442 569 574 598 interius.

275 619 396 653 Quarto,
412 617 458 646 sol
473 618 516 646 est
528 616 733 646 velocissimus
747 617 849 644 motu:
866 623 938 644 nam
958 623 1026 644 cur-

239 665 277 694 rit
289 665 321 693 in
335 673 396 693 una
410 665 459 694 die
473 666 568 694 totum
579 665 646 694 coeli
655 665 798 702 spatium
815 664 954 701 quamvis
963 671 1025 692 non

240 712 272 740 in
287 711 347 748 die,
372 711 425 740 sed
448 712 479 740 in
495 720 574 741 anno
595 715 695 741 tamen
709 712 746 749 (ο)
762 711 865 740 redeat
883 711 923 740 ad
944 719 1026 740 eum-

241 759 312 788 dem
337 761 481 796 punctum
504 760 633 789 zodiaci.
656 759 800 788 velociter
820 758 900 787 enim
924 758 1026 793 currit,

242 814 297 835 nee
313 807 485 843 exemplum
506 807 535 835 in
560 806 607 834 his
629 806 816 835 naturalibus
830 806 902 843 poni
917 807 1026 842 potest,

242 861 312 882 cum
327 861 381 882 nec
396 853 438 882 illi
454 854 622 891 comparari
638 854 731 891 possit
745 853 851 890 sagitta
870 853 1028 888 egrediens

243 909 261 929 a
276 901 405 937 ballista,
421 909 474 930 nec
497 902 580 930 navis
597 909 721 930 currens
736 901 776 929 ad
800 901 868 929 vela
892 899 1027 936 plenissi-

244 958 302 978 ma.
320 950 402 978 Unde
415 950 522 978 dicitur
536 959 542 978 :
554 951 659 985 Magna
670 952 713 978 est
728 952 816 985 terra,
833 951 859 977 et
875 948 1027 976 excelsum

244 998 287 1024 est
301 997 421 1032 coelum,
435 999 464 1025 et
479 998 567 1025 velox
582 999 625 1025 est
640 1004 781 1025 occursus
795 995 866 1024 solis
879 1005 885 1023 z
903 1003 1028 1023 conver-

245 1045 276 1072 tit
290 1044 368 1072 enim
385 1052 494 1080 gyrum
509 1045 575 1072 eoeli
590 1044 620 1072 in
636 1044 736 1072 locum
751 1051 838 1071 suum
853 1043 884 1070 in
894 1050 955 1070 una
969 1042 1027 1070 die.

245 1091 290 1119 Sic
312 1094 339 1119 et
363 1091 416 1120 iste
443 1092 564 1119 Sanctus
592 1091 646 1119 fuit
669 1090 874 1119 velocissimus
888 1097 942 1126 per
961 1089 1031 1117 obc-

246 1138 363 1166 dientioe
386 1138 595 1166 humilitatem.
623 1138 748 1167 Virtutes
772 1137 852 1165 enim
877 1137 937 1164 istae
962 1135 1029 1164 dure

247 1189 314 1213 sunt
331 1185 418 1213 valde
440 1188 573 1221 cognatae
589 1195 595 1213 :
613 1185 685 1222 quia
699 1192 775 1221 opus
795 1183 967 1212 humilitatis
989 1184 1032 1210 est

247 1232 381 1266 obedire,
404 1240 458 1260 nee
480 1240 615 1269 unquam
634 1232 743 1268 aliquis
758 1239 823 1259 vere
840 1230 953 1264 obedit,
976 1229 1031 1257 nisi

247 1287 315 1307 vere
331 1280 367 1307 sit
381 1279 502 1307 humilis
517 1289 523 1307 :
553 1288 624 1315 ergo
639 1279 687 1307 hic
711 1279 834 1307 Sanetus
854 1277 1032 1306 venerabilis

247 1327 288 1355 sic
297 1327 405 1354 «livinis
417 1327 565 1355 mandatis
574 1326 685 1355 obcdiv
700 1329 708 1354 t
719 1334 766 1363 pet
774 1324 946 1361 fectc‚quod
958 1332 1032 1351 nun-

247 1382 339 1409 quam
363 1373 392 1401 in
418 1377 530 1410 partem
550 1373 730 1401 contrariam
752 1372 922 1400 declinavit.
952 1371 1032 1399 L'nde

248 1423 364 1456 poterat
378 1421 476 1449 dicere
491 1421 565 1448 illud
581 1420 745 1449 samuelis·
765 1429 771 1447 :
789 1421 958 1456 «Loquere,
978 1421 1034 1446 tto·

250 1468 348 1502 nilne,
371 1469 443 1505 quin
464 1468 548 1496 audit
572 1476 676 1496 servus
700 1470 776 1495 tuus.
802 1479 813 1492 n
840 1469 913 1495 Nam
938 1468 967 1494 et
988 1465 1033 1493 di-

250 1515 325 1543 citur
341 1516 350 1532 ²
371 1525 377 1543 :
401 1527 413 1541 (ι
431 1515 511 1543 Stetit
526 1515 571 1543 sol
588 1515 619 1543 in
640 1515 740 1543 medio
765 1514 842 1547 coeli,
858 1516 885 1541 el
901 1521 961 1540 non
977 1512 1034 1540 ses-

251 1563 351 1590 tiuavit
375 1563 551 1592 occumbere
575 1562 671 1599 spatio
694 1562 781 1589 unius
808 1560 891 1589 diei:
922 1562 950 1587 ct
974 1567 1034 1587 non

252 1610 303 1638 t'uit
319 1614 396 1645 ante,
414 1613 442 1638 et
463 1618 523 1638 non
549 1613 652 1646 postea.
677 1612 735 1637 tani
759 1609 850 1643 longa
872 1607 946 1641 dies,
963 1607 1035 1634 ohe-

252 1658 349 1685 diente
367 1657 491 1685 Domino
507 1657 572 1684 voci
588 1656 727 1684 hominis.
746 1657 821 1690 tii-go
833 1655 855 1682 si
872 1655 915 1681 sol
933 1656 1037 1681 contra

254 1707 366 1732 inoluin
383 1713 469 1731 suurn
486 1704 526 1731 sie
546 1705 602 1731 lieo
624 1703 768 1731 obedivit.
786 1702 860 1737 quid
873 1701 910 1728 sit
922 1700 1036 1728 homini

254 1751 433 1784 faciendum,
453 1753 583 1786 patenter
607 1750 743 1777 ostendit.
770 1749 825 1776 Sed
853 1749 921 1784 quis
948 1748 1037 1775 hodie

255 1799 369 1832 obedit,
384 1799 445 1826 iino
465 1799 532 1834 quis
550 1806 610 1825 non
627 1797 754 1825 resistit?
771 1798 842 1824 Num
859 1798 887 1823 et
911 1795 1017 1823 dieitur
1029 1795 1039 1811 ³

256 1846 340 1882 quod
349 1846 393 1874 sot
403 1846 489 1873 rediit
501 1849 589 1878 retro,
603 1845 773 1880 significans
785 1843 904 1876 multos,
915 1843 1038 1879 quinon

258 1893 381 1927 vadunt,
398 1893 450 1921 sed
478 1893 617 1926 redeunt:
636 1900 696 1919 non
720 1894 853 1924 currunt,
877 1891 929 1917 sed
947 1893 1038 1917 retro-

257 1941 376 1973 cedunt,
393 1941 466 1968 dum
489 1941 529 1968 ire
551 1939 721 1967 ereduntur.
745 1938 821 1972 Quid
843 1938 922 1965 enini
937 1940 979 1964 est
995 1945 1040 1964 rc-

258 1988 420 2021 troeedere,
441 1987 494 2014 nisi
516 1989 572 2014 neo
594 1995 653 2014 non
679 1986 813 2018 obedire,
837 1984 940 2011 divina
956 1992 1040 2011 inan-

260 2034 329 2061 ‹lata
345 2034 457 2069 sugere,
474 2037 501 2061 et
516 2034 554 2061 ud
573 2033 718 2060 voinituin
735 2032 808 2059 sicut
823 2031 903 2058 cani>-
920 2031 1038 2058 redire?

259 2081 341 2108 'l'ules
358 2082 445 2108 etium
461 2083 528 2108 sunt
541 2080 652 2107 similes
668 2079 758 2113 leoni,
775 2079 825 2114 qui
840 2082 971 2105 comesta
986 2078 1039 2111 eji-

261 2128 309 2161 cit,
325 2130 351 2155 et
376 2128 481 2155 iterum
504 2136 537 2154 eu
559 2126 711 2154 eomedit:
738 2125 822 2161 quod
842 2126 930 2152 etiarn
953 2132 1042 2152 canes

261 2175 356 2202 facere
373 2178 483 2202 certum
503 2176 555 2206 cst,
570 2174 654 2209 juxta
675 2172 748 2200 illud
765 2174 773 2189 ⁸
791 2182 796 2200 :
818 2182 831 2198 «ι
847 2172 932 2199 oanis
949 2179 1045 2199 rever-

261 2230 310 2249 sus
325 2221 363 2249 ad
379 2221 525 2249 vomitum
541 2229 639 2254 suum,
655 2223 682 2248 et
697 2228 745 2247 sus
759 2219 819 2247 lolu
835 2219 863 2246 in
881 2219 1040 2247 volutabro

261 2268 325 2296 ltlti.
344 2279 357 2294 i)

299 2315 416 2350 Quinto,
433 2315 477 2342 sol
494 2316 536 2342 ost
551 2315 703 2342 influentia
720 2314 877 2348 maximus,
894 2322 962 2341 etim
978 2313 1044 2340 sub-

262 2363 368 2390 stantia
382 2362 469 2398 primi
493 2361 612 2389 mobilis
627 2361 662 2389 sit
680 2361 874 2394 doniinalivu,
891 2360 1044 2393 directiva,

263 2410 338 2438 aeris
364 2409 540 2445 purgativa,
565 2409 626 2435 sive
649 2408 769 2435 luminis
795 2407 1045 2438 commendativa,

263 2457 441 2492 frigidorum
467 2463 628 2491 corporum
653 2455 881 2487 inllinninuhvu,
908 2454 1044 2488 gravium

264 2505 413 2538 levffitiva,
424 2505 452 2532 et
462 2503 650 2531 niineralium
661 2503 831 2538 generativa
844 2512 849 2529 ε
862 2511 927 2537 quie
940 2504 1045 2529 sancto

264 2554 364 2579 nostro
388 2551 489 2578 onmia
518 2551 641 2586 possunt
662 2558 723 2576 esse
747 2550 963 2576 convenientia.
991 2548 1045 2575 Sed

297 2627 414 2655 *lit‹·gs.,
434 2632 470 2655 ui,
487 2629 550 2649 9.-
564 2625 641 2650 Um..
660 2630 684 2654 x,
704 2626 822 2647 ιῖἺ-ιΙι.-
840 2625 845 2635 “’
863 2625 920 2648 lui..
935 2630 1046 2652 xx'xtttt,

266 2664 289 2685 8.
309 2675 333 2679 ν
352 2662 359 2678 ⁶
378 2663 395 2685 tl
415 2662 538 2691 l’etr..1i‚
552 2664 590 2685 232.
606 2674 636 2677 —
651 2661 660 2677 ³
676 2660 763 2689 Evcli„
780 2666 854 2688 wil,
872 2663 894 2683 Δ,
908 2673 935 2677 -—
950 2664 958 2672 '⁷
973 2660 1046 2687 thid..

268 2699 289 2723 t,
304 2710 334 2714 —
355 2698 361 2710 ⁷
385 2698 455 2721 tinne
475 2697 491 2720 h
501 2697 551 2720 ·bet
568 2703 669 2727 qnoque
692 2695 752 2720 edit.
775 2696 889 2726 llugeno.
913 2703 954 2719 un.
976 2696 1045 2719 1496.

1075 281 1124 311 hic
1146 283 1329 321 accipiamus
1351 282 1451 312 solum
1470 281 1555 311 illam
1578 281 1777 319 influentiam,
1798 290 1860 321 qua

1075 328 1194 359 influxit
1212 338 1267 368 per
1286 329 1425 367 exempla
1445 329 1582 362 mirifica,
1607 337 1664 366 per
1677 329 1860 368 documenta

1075 377 1236 413 altissima,
1257 385 1312 415 par
1331 377 1436 406 divina
1461 376 1616 405 miracula.
1639 378 1714 406 Nam
1735 376 1775 406 dc
1795 377 1861 406 istis

1076 424 1171 453 tribus
1191 426 1287 461 potest
1308 424 1420 462 exponi
1439 423 1539 452 illud·
1555 433 1562 452 :
1579 423 1660 453 «Sol
1683 423 1716 452 in
1737 424 1860 461 aspectu

1077 472 1257 500 annuntians
1270 471 1302 500 in
1315 471 1397 500 exitu
1411 481 1419 500 z
1435 481 1449 498 ιι
1470 471 1529 500 hoc
1542 471 1646 508 quoad
1667 471 1861 500 documenta.

1081 529 1095 545 α
1110 519 1166 547 Vas
1179 518 1368 554 admirabile,
1386 526 1465 556 opus
1488 518 1602 547 Excelsi
1613 528 1644 547 z»
1661 520 1809 555 quantum
1822 517 1864 546 ad

1079 565 1228 603 exempla.
1243 575 1259 593 «ι
1275 567 1308 594 Ιιι
1318 565 1488 594 meridiano
1500 565 1597 594 exurit
1606 567 1730 594 terram:
1742 575 1756 592 ι
1767 572 1865 602 quau-

1079 614 1144 642 tum
1158 612 1198 642 ad
1221 611 1367 641 miracula
1378 633 1387 647 ‚
1406 620 1474 649 quae
1493 614 1562 642 sunt
1583 612 1676 641 valde
1700 612 1863 641 incensiva.

1084 671 1098 687 α
1113 662 1146 689 Et
1162 660 1194 688 in
1209 661 1330 697 aspectu
1348 659 1466 688 ardoris
1490 659 1555 695 ejus
1576 659 1644 696 quis
1657 659 1768 696 poterit
1781 659 1866 688 susti·

1080 708 1169 736 nere?
1184 717 1198 734 i>
1223 708 1283 736 lloc
1304 708 1450 744 quantum
1471 706 1512 735 ad
1542 706 1621 735 dicta
1648 706 1761 735 omnia.
1782 705 1866 736 Unde

1081 755 1206 784 subdit⁶
1226 764 1233 783 :
1254 765 1268 781 ι»
1283 754 1444 790 Tripliciter
1465 754 1511 782 sol
1532 761 1661 782 exurens
1689 756 1816 789 montes,
1838 755 1868 782 et

1080 797 1182 826 radios
1192 797 1296 833 igneos
1307 796 1463 825 exufflans.
1475 806 1488 822 ιι
1501 799 1574 826 Nam
1589 796 1619 824 in
1635 796 1781 833 Legendis
1794 798 1866 825 sunt

1083 844 1244 882 quaerenda
1267 844 1333 872 vitae
1355 843 1503 880 exempla,
1525 843 1749 881 quaerendaque
1778 843 1866 872 mira-

1083 892 1161 927 cula,
1177 893 1206 920 et
1220 891 1383 920 narranda.
1400 892 1550 927 Rogemus
1564 899 1647 927 ergo,
1661 893 1719 920 etc.

1370 971 1499 1002 SERMO
1521 971 1547 1001 11
1562 970 1586 1000 ⁷.

1122 1036 1224 1064 Discite
1238 1044 1256 1063 a
1269 1043 1320 1070 me,
1336 1035 1402 1070 quia
1417 1035 1494 1062 mitis
1506 1041 1576 1067 sum,
1591 1034 1617 1060 et
1631 1032 1744 1060 humilis
1758 1031 1837 1060 corde
1845 1032 1865 1060 ⁸.

1085 1082 1221 1111 Naturale
1229 1085 1282 1118 est,
1290 1081 1364 1110 etad
1372 1089 1492 1110 sensum
1500 1079 1702 1114 manifestum,
1712 1079 1797 1116 quod
1804 1087 1870 1108 om-

1086 1139 1138 1159 nes
1153 1139 1238 1167 aqum
1252 1131 1348 1159 fluunt
1362 1131 1401 1159 ad
1416 1129 1508 1158 valles
1525 1139 1531 1157 :
1547 1129 1589 1157 sic
1604 1127 1794 1164 spiritualiter
1804 1135 1867 1156 om-

1085 1186 1136 1206 nes
1150 1178 1278 1206 scientim
1288 1178 1384 1206 tluunt
1397 1177 1437 1205 ad
1452 1176 1590 1205 humiles,
1607 1177 1639 1204 Et
1654 1175 1685 1204 in
1696 1177 1811 1204 tantum
1825 1176 1871 1203 cst

1087 1234 1191 1254 verum
1207 1225 1244 1254 de
1256 1225 1353 1262 aquis,
1367 1224 1451 1261 quod
1465 1224 1489 1252 si
1505 1232 1584 1260 aqua
1599 1223 1672 1251 fluat
1681 1231 1735 1259 per
1745 1222 1871 1259 aliquod

1087 1273 1222 1309 planum,
1239 1275 1267 1300 et
1282 1272 1383 1300 obviet
1398 1272 1424 1300 ei
1440 1271 1565 1308 aliquod
1581 1278 1760 1305 concavum,
1774 1269 1872 1298 statim

1088 1321 1117 1348 in
1143 1320 1217 1348 illud
1240 1320 1376 1354 incurrit;
1399 1326 1454 1346 nec
1478 1318 1556 1346 ultra
1579 1317 1755 1354 pertransit,
1776 1316 1873 1345 donec

1088 1367 1167 1396 illius
1186 1367 1362 1395 vacuitatem
1383 1365 1552 1402 repleverit.
1578 1366 1688 1393 Natura
1713 1364 1794 1392 enim
1817 1363 1872 1392 ali-

1089 1415 1163 1452 quid
1188 1422 1316 1442 vacuum
1339 1421 1399 1442 non
1424 1413 1491 1441 sinit
1510 1420 1573 1441 esse
1595 1414 1623 1447 ’ς
1642 1420 1697 1440 nec
1717 1412 1781 1440 sine
1804 1411 1873 1440 loco

1089 1462 1219 1490 locatum
1234 1469 1297 1490 csse
1317 1461 1468 1498 permittit.
1496 1461 1570 1488 Cum
1596 1459 1685 1495 igitur
1704 1458 1749 1487 vir
1773 1458 1874 1487 humi-

1089 1509 1125 1537 tis
1144 1518 1174 1537 sc
1199 1511 1291 1537 totum
1307 1510 1444 1542 evacuet,
1467 1506 1539 1535 dum
1554 1506 1628 1534 nihil
1645 1515 1677 1534 se
1701 1514 1763 1534 esse
1788 1513 1876 1542 repu-

1092 1559 1142 1590 tat,
1159 1556 1262 1583 divina
1285 1555 1406 1590 largitas
1429 1563 1483 1582 sua
1506 1555 1600 1590 gratia
1623 1555 1652 1581 et
1670 1553 1791 1582 scientia
1806 1561 1875 1581 eum

1091 1604 1195 1639 replet.
1220 1603 1309 1637 Magis
1332 1602 1411 1630 enini
1427 1604 1469 1629 est
1489 1601 1637 1629 creatricis
1652 1600 1784 1628 essentioe
1808 1607 1878 1636 pro-

1093 1651 1202 1687 prium,
1219 1650 1291 1677 nihil
1313 1649 1482 1685 relinquere
1497 1656 1638 1682 vacuum,
1661 1655 1752 1683 quam
1767 1647 1803 1675 sit
1826 1655 1879 1675 na-

1094 1701 1164 1725 tune
1189 1699 1302 1725 creutae.
1328 1698 1403 1731 Ergo
1425 1696 1448 1723 si
1474 1696 1535 1723 haec
1559 1697 1695 1723 creatura
1720 1694 1794 1722 nihil
1816 1701 1879 1722 esse

1094 1753 1221 1772 vacuum
1245 1744 1328 1777 sinit,
1357 1743 1449 1770 inulto
1473 1743 1576 1770 fortius
1599 1742 1656 1770 hoc
1679 1741 1749 1769 l'acit
1774 1743 1880 1769 natura

1095 1794 1297 1819 creaturarum
1311 1792 1341 1818 ¹⁰.
1354 1792 1425 1818 Nam
1441 1790 1530 1818 etium
1543 1789 1680 1817 videmus
1694 1788 1733 1816 ad
1747 1796 1878 1822 sensum,
1922 1797 2003 1817 Exem-

1096 1839 1178 1876 quod
1189 1839 1301 1867 solares
1311 1838 1386 1867 radii
1398 1838 1471 1865 duni
1487 1837 1526 1865 ad
1541 1837 1697 1873 speculum
1712 1843 1879 1864 concavum
1893 1828 1963 1856 ‘’¹⁰¹²’'

1097 1887 1230 1920 veniunt,
1245 1894 1274 1914 se
1287 1884 1514 1922 multiplicando
1524 1887 1551 1912 et
1566 1883 1756 1918 coarctando,
1766 1886 1880 1912 tantum

1097 1933 1288 1970 splendorem
1308 1935 1335 1960 et
1351 1932 1481 1960 calorem
1505 1931 1545 1959 ibi
1570 1931 1711 1965 efficiunt,
1731 1929 1815 1967 quod
1837 1929 1880 1957 illi

1098 1981 1266 2017 oppositam
1281 1983 1399 2015 stupam
1414 1979 1584 2006 incendunt.
1597 1979 1640 2006 Sic
1651 1980 1679 2006 et
1692 1977 1800 2005 divinae
1814 1985 1882 2012 gra-

1099 2029 1143 2056 tioe
1158 2031 1185 2055 et
1199 2027 1336 2061 scientim,
1354 2026 1426 2054 duni
1442 2025 1480 2053 ud
1496 2025 1607 2053 humile
1623 2033 1674 2052 cor
1693 2024 1881 2060 perveniunt,

1101 2078 1194 2103 toturn
1210 2075 1330 2110 igneum
1342 2073 1572 2109 etsplendidum
1587 2071 1728 2099 reddunt.
1746 2073 1765 2099 E
1780 2074 1884 2100 contra

1100 2130 1209 2158 corpus
1231 2121 1361 2149 solidum
1383 2123 1409 2148 et
1434 2127 1574 2156 opacum,
1599 2119 1685 2147 radio
1709 2118 1800 2146 solari
1822 2125 1883 2146 non

1100 2170 1248 2206 pervium,
1273 2168 1344 2195 duni
1367 2167 1530 2203 opponitur
1553 2165 1742 2200 advenienti,
1766 2165 1883 2199 resistit,

1101 2218 1198 2253 ipsum
1215 2216 1244 2243 in
1260 2223 1314 2243 suo
1330 2213 1480 2250 profundo
1496 2220 1557 2240 non
1570 2213 1687 2248 recipit;
1704 2212 1757 2241 sed
1773 2212 1803 2240 in
1819 2212 1883 2240 sola

1102 2265 1164 2299 ejus
1183 2262 1338 2298 superficie
1361 2261 1462 2288 radius
1485 2268 1515 2288 se
1541 2259 1690 2288 diffundit.
1716 2259 1761 2288 Sic
1782 2259 1884 2288 lumen

1101 2310 1228 2338 scientiae
1253 2309 1276 2336 si
1299 2308 1335 2344 (Ιι)
1352 2308 1490 2335 oblatum
1512 2307 1722 2342 arrogantibus
1737 2308 1766 2334 et
1780 2314 1883 2342 super-

1103 2358 1160 2391 tiis,
1175 2364 1235 2384 non
1251 2358 1385 2392 penetrat
1398 2354 1434 2382 ad
1451 2355 1554 2382 intima
1570 2353 1687 2389 cordis;
1703 2353 1756 2381 sed
1773 2355 1884 2381 tantum

1103 2403 1325 2440 superficialiter
1353 2402 1382 2430 in
1406 2402 1447 2430 eis
1471 2401 1584 2435 existit,
1621 2403 1652 2428 ut
1679 2400 1736 2428 sint
1770 2402 1884 2428 tantum

1103 2451 1250 2487 sapientes
1277 2449 1444 2477 secundum
1467 2448 1632 2476 humanam
1654 2447 1882 2483 apparentiam,

1104 2506 1164 2526 non
1193 2497 1357 2525 secundum
1393 2503 1495 2524 veram
1527 2494 1723 2523 existentiam.
1755 2495 1826 2522 Nam
1857 2496 1884 2522 ct

1105 2547 1231 2580 talibus,
1256 2549 1285 2573 ut
1312 2545 1382 2573 dicit
1409 2544 1604 2579 Philosophus
1617 2564 1626 2577 ,
1659 2543 1755 2579 magis
1785 2551 1884 2579 operae

1108 2628 1129 2631 --
1154 2618 1161 2628 ·
1182 2613 1281 2641 illumi„
1304 2618 1344 2641 xi,
1367 2614 1404 2636 2¹3.
1421 2625 1450 2629 —
1470 2612 1478 2624 ⁹
1499 2611 1584 2640 Arist„
1608 2610 1742 2640 prowm„
1764 2613 1826 2636 sect.
1847 2616 1883 2642 tx,

1105 2658 1130 2681 ¹1-
1148 2656 1183 2674 ιι.
1200 2662 1228 2667 —-
1247 2651 1263 2665 ¹⁰
1282 2650 1339 2673 Loc.
1357 2650 1469 2678 corrupt.

1137 2695 1171 2722 (ιι)
1188 2693 1244 2723 [sy.
1262 2692 1372 2716 lundein.
1389 2703 1419 2707 -
1437 2689 1468 2720 (b)
1486 2689 1546 2714 ΟΜ.
1565 2689 1624 2713 edit.
1642 2696 1677 2713 se.
