2060 3052
507 225 557 259 DE
579 224 776 260 PLURIBUS
798 224 854 257 SS.
879 223 1151 258 MARTYRIBUS.
1176 225 1309 258 SERMO
1332 225 1372 258 11.
1558 205 1561 209 ¹
1710 226 1745 256 51

127 294 190 323 sine
204 294 300 323 fructu
319 294 377 324 sint
397 294 428 323 in
445 295 595 332 januario,
620 302 683 324 non
706 295 858 323 merentur
872 301 908 322 ex

127 341 185 369 hoe
207 341 265 370 dici
287 341 484 378 infructuosae,
503 342 527 370 si
550 343 651 371 tamen
674 342 817 377 habeant,
839 349 909 370 eum

127 389 238 418 habere
262 392 427 420 teneantur.
453 389 510 419 Sed
533 390 626 418 homo
647 392 690 419 est
709 389 741 418 in
762 391 907 426 tempore,

127 445 189 473 quo
204 437 293 466 fidem
309 437 522 466 debethabere
545 445 599 474 per
625 437 816 465 dilectionem
839 444 909 473 ope-

127 486 260 521 mntem
282 484 401 513 daemon
428 485 527 513 autem
552 492 614 512 non
639 486 681 513 est
705 484 736 512 in
763 486 907 520 tempore,

128 539 189 568 quo
204 531 294 560 talem
312 531 405 560 fidem
425 531 538 560 habere
561 531 663 568 possit.
681 533 755 567 Ergo
770 531 863 559 homo
878 531 909 559 in

127 578 182 607 hac
195 580 278 615 parte
292 579 558 616 reprehensibilior
570 581 613 607 est
622 579 768 607 daemone.
781 579 910 607 Tertium

127 627 336 656 inconveniens
352 629 404 662 est,
426 626 498 663 quia
519 626 595 655 fides
619 626 753 656 informis
771 627 910 655 timorem

127 673 188 709 Dei,
205 675 233 702 et.
246 681 307 703 non
322 682 457 702 amorem
477 673 569 702 habet
590 681 742 702 annexum
763 683 769 702 :
786 682 857 702 nam
878 673 911 701 ti-

128 729 194 750 mor
207 721 247 750 ad
260 721 318 750 hoc
332 720 473 758 disponit,
487 721 621 749 uthomo
632 729 694 750 non
709 721 841 757 accedat,
857 721 910 749 sed

127 769 253 805 refugiat
267 769 305 798 ab
321 777 369 804 eo,
385 769 469 806 quod
485 768 576 805 timet,
600 769 676 798 sicut
690 769 755 797 ovis
768 768 911 797 naturali-

127 817 170 844 ter
192 815 266 852 sugit
288 816 406 853 lupum,
427 824 518 853 quem
538 816 630 844 timet.
654 818 730 852 Ergo
751 816 802 853 qui
818 816 910 844 fidem

127 863 286 892 informem
307 863 407 898 habet,
436 872 505 892 cum
536 865 627 892 Deum
657 863 767 899 timeat,
793 865 822 891 et
849 871 911 891 non

127 912 215 945 amet,
230 918 248 939 a
262 912 320 939 Deo
335 911 452 947 refugit,
469 913 615 947 quantum
629 912 740 948 potest:
763 911 817 939 sed
837 911 911 938 dum

127 958 167 986 ab
191 966 227 986 eo
254 958 373 994 refugit,
398 959 438 987 ad
463 958 547 987 aliud
569 959 692 994 accedit,
720 958 794 986 sicut
822 958 912 994 lapis,

128 1006 199 1043 quia
214 1015 331 1035 sursum
347 1007 498 1042 ascendit,
513 1006 680 1035 necessario
697 1007 839 1035 deorsum
856 1006 910 1034 de-

128 1054 251 1082 scendit.
271 1056 349 1091 Ergo
371 1055 443 1083 dum
468 1055 565 1083 omnis
588 1054 653 1083 talis
677 1053 788 1082 recedit
816 1062 833 1082 a
862 1054 911 1082 Dei

129 1101 234 1137 gloria,
249 1102 413 1131 necessario
433 1103 546 1132 accedit
570 1103 609 1132 ad
632 1102 810 1131 infernalem
828 1102 912 1130 dam-

128 1148 289 1178 nationem.
305 1151 465 1186 Rogemus,
480 1152 534 1179 etc.

417 1232 545 1262 SERMO
569 1233 591 1261 ΙΙ
608 1232 628 1261 ¹.

165 1293 253 1328 Beati,
270 1294 319 1328 qui
331 1295 542 1328 persecutionem
561 1295 710 1329 pactu-ntur
733 1294 845 1329 propter
863 1293 912 1328 ju-

131 1341 237 1376 stitiam
258 1340 279 1368 ².
299 1340 469 1368 Secundum
488 1341 663 1377 Apostolum
675 1342 705 1368 3;
725 1342 815 1369 «Non
830 1348 915 1368 corou

129 1387 260 1422 nabitur,
278 1387 334 1415 nisi
356 1388 407 1424 qui
432 1388 562 1424 legitime
585 1387 748 1416 certaverit.
773 1398 786 1414 »
812 1389 885 1416 Nam
905 1388 915 1404 ⁶

135 1444 147 1459 «
155 1434 229 1462 sieut
237 1435 393 1463 abundant
405 1436 558 1471 passiones
567 1435 671 1464 Christi
683 1436 712 1463 in
723 1435 823 1469 nobis,
837 1435 877 1463 sic
888 1437 915 1463 et

131 1489 185 1517 per
199 1481 346 1510 Christum
368 1482 502 1510 abundat
522 1483 687 1510 consolatio
703 1485 816 1510 nostra.
833 1493 846 1509 >³
869 1484 916 1510 Er-

132 1537 182 1564 go,
205 1528 229 1556 si
251 1537 355 1557 omnes
381 1530 519 1557 coronari
539 1532 566 1558 et
591 1530 740 1558 consolari
766 1531 913 1567 cupimus,

130 1583 186 1603 nec
201 1576 339 1604 coronari
354 1584 524 1612 possumus,
539 1577 595 1604 nisi
611 1577 744 1605 valenter
760 1580 914 1613 certemus,

131 1624 159 1650 et
174 1631 242 1650 cum
257 1631 275 1650 a
290 1623 415 1651 Domino
430 1623 591 1659 patiamur,
602 1626 690 1652 restat
699 1626 731 1652 ut
741 1633 802 1652 non
817 1625 914 1653 solum

130 1669 284 1706 passiones
303 1671 449 1706 patienter
468 1671 676 1706 sustineamus,
692 1671 745 1699 sed
760 1672 844 1707 quod
866 1680 916 1700 eas

131 1717 220 1745 etiam
240 1720 427 1754 appetamus.
452 1719 526 1746 Nam
549 1719 648 1746 bonus
673 1719 816 1747 scholaris
836 1722 916 1747 amat

130 1764 259 1800 vigilias,
276 1766 304 1792 et
320 1765 440 1801 quasvis
460 1765 644 1801 afflictiones,
670 1768 701 1794 ut
719 1766 837 1802 sapiens
852 1766 912 1794 fiat.

132 1812 235 1846 Nauta,
257 1813 393 1848 quamvis
412 1813 438 1840 ei
466 1813 502 1840 sit
517 1813 694 1849 periculum,
720 1814 915 1842 nihilominus

130 1859 229 1886 tamen
244 1861 324 1887 amat
338 1860 529 1895 naufragium
543 1861 553 1877 5
569 1863 691 1897 propter
706 1861 832 1889 lucrum.
846 1861 915 1895 Quis

130 1913 276 1941 umquam
284 1906 396 1942 absque
407 1907 512 1935 labore
525 1907 608 1935 dives
622 1916 685 1936 esse
698 1909 830 1944 poterit?
848 1909 914 1945 quis

131 1960 267 1988 unquam
286 1953 400 1990 absque
422 1954 527 1982 labore
549 1955 632 1983 dolia
653 1955 736 1991 vino,
761 1958 788 1983 ct
806 1956 915 1984 horrca

131 1998 284 2028 frumentis
305 2000 464 2037 implevit?
482 2001 552 2035 Quis
575 2010 711 2038 unquam
735 2002 849 2038 absque
873 2002 916 2030 la—

131 2046 205 2074 bore
219 2047 355 2076 militavit
364 2039 407 2076 ts«
420 2048 519 2077 Militia
535 2049 615 2077 enim
629 2050 638 2066 ⁶
654 2052 696 2077 est
709 2049 770 2077 vita
785 2050 915 2078 hominis

133 2101 221 2130 super
232 2096 350 2123 terram.
361 2106 375 2123 n
386 2097 417 2123 Et
428 2096 535 2124 iterum
543 2097 568 2124 ⁷:
580 2108 591 2122 (ι
599 2097 677 2125 Sicut
687 2098 749 2124 avis
760 2097 799 2124 ad
809 2097 914 2125 volan-

133 2140 217 2176 dum,
233 2141 272 2169 sie
285 2142 377 2170 homo
392 2143 522 2171 nascitur
533 2144 792 2171 adlaborandum.
807 2155 819 2169 u
833 2144 914 2172 Unde

133 2190 161 2215 et
175 2196 191 2215 a
203 2188 273 2216 fletu
287 2189 400 2225 incipit,
416 2192 443 2218 et
457 2199 510 2226 per
525 2191 627 2219 fletum
643 2191 755 2226 transit,
774 2194 801 2219 ct
816 2191 845 2218 in
862 2192 914 2219 sse-

133 2234 211 2262 tibus
224 2236 315 2263 vitam
330 2236 403 2264 finit.
421 2238 528 2266 Verum
543 2238 697 2275 passiones
722 2240 829 2266 nostrae
853 2246 915 2266 non

133 2283 201 2309 sunt
213 2282 379 2318 meritoriae,
398 2285 454 2312 nisi
469 2285 525 2312 sint
540 2285 714 2314 voluntat-iffi
725 2295 732 2320 3
756 2285 817 2313 imo
832 2285 915 2313 invo-

133 2328 277 2364 luntariae,
304 2332 578 2368 quantumcumque
597 2341 723 2368 magnae,
741 2333 823 2360 omni
842 2341 914 2368 prae-

133 2375 194 2403 mio
210 2377 277 2404 sunt
291 2377 434 2413 indignae,
450 2378 531 2414 quia,
546 2382 578 2407 ut
592 2379 767 2407 voluntariae
787 2382 854 2407 sunt
870 2380 915 2407 di-

134 2430 198 2457 gnae
212 2424 321 2452 aeterno
335 2425 470 2461 praemio,
493 2425 534 2453 sic
548 2425 754 2454 involuntariae
779 2429 846 2454 sunt
866 2428 915 2454 in-

135 2470 232 2506 dignae
244 2471 295 2499 tali
308 2472 441 2508 praemio.
456 2474 487 2500 In
500 2473 592 2501 verbo
605 2481 675 2509 ergo
687 2474 837 2509 praemisso
851 2482 915 2502 sau-

168 2567 174 2582 ἵ
203 2568 277 2591 Hunc
306 2574 358 2592 non
384 2569 459 2593 habet
489 2569 549 2593 edit.
581 2570 696 2600 [tageno.
724 2578 765 2594 an.
796 2572 861 2595 1496.
887 2585 916 2588 —

135 2602 145 2618 ²
160 2603 264 2632 Mami„
286 2610 310 2634 V,
333 2606 368 2628 10.
384 2619 414 2623 —
429 2605 472 2629 311
493 2606 650 2634 Tz'm.,11,fj.
664 2619 694 2623 —
709 2605 755 2629 '011
773 2607 842 2633 Corn,
860 2608 914 2636 1,.'].

136 2651 166 2655 --
187 2639 196 2654 ὓ
217 2640 394 2671 Naufragium,
416 2648 464 2672 pro
483 2641 621 2672 navigandi
640 2641 762 2672 periculo.
784 2655 811 2659 -
837 2643 846 2655 ·“’
861 2642 916 2671 Joh,

137 2680 188 2704 vn,
213 2677 234 2698 i.
256 2689 287 2693 -
310 2676 317 2690 ⁷
341 2677 402 2706 Joh,
426 2683 449 2708 v,
478 2677 499 2701 7.
520 2691 547 2694 —
571 2677 581 2693 ⁸
605 2678 610 2700 t
637 2678 713 2707 Pvtr„
740 2683 771 2706 lt,
788 2679 869 2702 itt-20.
887 2692 917 2696 —

138 2712 146 2721 '‘
165 2710 237 2739 ibid„
255 2717 287 2741 iv,
306 2713 385 2737 rlii-iti.
401 2726 430 2731 —
446 2714 468 2729 ¹⁰
483 2713 556 2744 thid„
574 2720 603 2744 ii,
620 2716 658 2737 21.
674 2727 705 2731 —
720 2714 736 2730 ¹¹
753 2713 806 2743 Aah,
823 2720 875 2743 xri,
892 2716 913 2738 Τ.

966 293 1002 321 cti
1029 295 1168 331 Martyres
1191 294 1409 330 describuntur,
1429 294 1576 330 quantum
1599 293 1638 322 ad
1664 293 1719 322 tria
1742 302 1748 321 :

965 340 1074 376 primo,
1101 344 1247 378 quantum
1269 342 1308 370 ad
1329 349 1466 379 poenam;
1488 340 1632 376 seeundo,
1652 348 1750 378 quan-

965 388 1029 415 tum
1043 387 1082 415 ad
1099 396 1220 417 causam
1233 399 1240 425 3
1257 389 1355 424 tertio,
1371 390 1518 426 quantum
1533 388 1572 417 ad
1583 387 1750 417 victoriam.

966 435 1038 462 Nam
1053 443 1143 472 poena
1157 437 1278 472 probat,
1294 444 1384 465 causa
1399 436 1527 470 ordinat,
1552 435 1677 464 victoria
1702 443 1752 464 eo-

964 484 1060 510 ronat.
1078 483 1175 511 Primo
1190 491 1261 519 crgo
1273 486 1413 520 Martyres
1426 483 1645 519 deseribuntur,
1659 491 1752 520 quan-

965 529 1030 556 tuni
1045 529 1083 557 ad
1099 537 1219 566 poenam
1236 531 1445 567 temporalem,
1457 539 1526 559 cum
1541 530 1649 558 dieitur
1666 540 1672 558 ε
1686 531 1752 558 Per-

965 577 1124 604 secutienem
1137 579 1305 612 patiuntur,-
1320 578 1465 614 secundo,
1478 579 1623 615 quantum
1635 577 1674 606 ad
1686 585 1752 606 cau—

966 631 1030 651 sam
1046 624 1223 660 martyrium
1237 625 1437 660 ordinantem,
1458 627 1487 653 et
1505 625 1691 654 meritorium
1707 624 1751 653 fa-

966 671 1102 706 cientem,
1120 679 1188 700 cum
1203 672 1233 700 in
1244 672 1303 700 fine
1317 672 1456 709 ponitur:
1473 674 1587 709 Propter
1595 673 1750 708 justitiam.

965 718 1059 746 Tertio
1075 727 1158 753 vero,
1174 721 1321 756 quantum
1343 720 1382 748 ad
1403 720 1558 749 victoriam
1577 720 1753 749 aeternaliter

967 768 1172 801 coronantem,
1187 775 1256 795 cum
1272 767 1379 796 dicitur
1395 777 1402 796 :
1419 769 1509 796 Beati.
1525 768 1595 796 Dico
1611 776 1683 804 ergo
1693 768 1752 804 pri—

967 821 1028 848 mo,
1045 814 1129 850 quod
1145 816 1263 842 notatur
1277 815 1325 843 hic
1339 823 1453 851 pugna,
1468 815 1529 843 sive
1544 823 1634 852 pcena
1648 817 1753 852 Marty-

966 868 1035 888 rum
1047 861 1224 897 probativa3
1241 861 1352 890 scilieet
1374 862 1445 898 quia
1466 863 1578 890 tactum
1594 864 1636 890 est
1651 870 1751 899 supra,

967 908 1051 943 quod
1066 909 1131 937 sola
1145 917 1235 946 poena
1256 918 1319 938 non
1343 911 1386 938 cst
1408 910 1570 945 meritoria,
1595 910 1653 938 nisi
1677 910 1754 938 adsit

967 957 1106 985 voluntas
1126 959 1154 986 et
1176 966 1276 993 causa,
1297 958 1366 986 idco
1389 959 1487 994 prima
1504 959 1565 987 duo
1581 960 1649 986 sunt
1664 959 1753 987 simul

967 1004 1132 1032 tractanda.
1147 1006 1195 1032 Est
1210 1013 1280 1041 ergo
1295 1005 1474 1040 notandum,
1498 1006 1582 1042 quod
1601 1006 1751 1041 voluntem,

968 1059 1034 1087 quse
1058 1059 1154 1087 poenae
1177 1054 1220 1081 est
1238 1052 1414 1089 perfectiva,
1441 1053 1465 1080 si
1494 1053 1570 1081 adsit
1599 1061 1667 1081 cum
1696 1053 1753 1081 hoc

968 1106 1057 1127 causa
1083 1099 1172 1135 justa,
1203 1099 1311 1136 triplici
1339 1100 1559 1129 circumstantia
1579 1101 1668 1129 debet
1691 1108 1753 1129 esse

969 1146 1072 1174 vestita
1088 1155 1094 1173 :
1112 1155 1183 1174 nam
1197 1147 1296 1183 primo
1312 1147 1407 1183 debet,
1420 1156 1480 1176 esse
1502 1150 1599 1184 recta3
1621 1148 1753 1176 secundo

969 1193 1060 1222 debet
1081 1203 1143 1223 esse
1166 1197 1323 1232 prompta3
1346 1196 1442 1231 tertio,
1463 1196 1552 1224 debet
1575 1204 1640 1224 esse'
1654 1196 1751 1225 firma.

970 1243 1043 1269 Nam
1064 1250 1166 1278 agens,
1192 1242 1254 1270 sive
1274 1243 1399 1279 patiens,
1418 1252 1480 1271 non
1496 1244 1557 1280 agit
1572 1244 1632 1272 sive
1645 1245 1754 1281 patitur

969 1289 1110 1323 virtuose,
1125 1289 1181 1317 nisi
1195 1290 1306 1318 habeat
1320 1291 1569 1319 rectitudinemin
1579 1292 1752 1329 intentione,

969 1337 1237 1372 promptitudinem
1257 1337 1288 1365 in
1308 1338 1476 1373 affcctione,
1497 1339 1704 1368 fortitudinem
1724 1340 1754 1367 in

970 1385 1176 1420 persecutione
1194 1395 1200 1414 :
1218 1388 1249 1414 ut
1266 1386 1302 1414 sit
1316 1386 1473 1421 rectitudo,
1490 1389 1626 1423 respectu
1643 1395 1752 1423 causae3

971 1433 1189 1469 promptitudo,
1204 1436 1340 1470 respectu
1361 1442 1473 1470 poenae3
1495 1437 1523 1463 et
1535 1434 1688 1471 fortitude,
1708 1443 1754 1463 re-

971 1482 1071 1515 spectu
1086 1489 1203 1516 pugnae.

1008 1527 1087 1562 Dico,
1105 1528 1188 1564 quod
1206 1528 1368 1565 requiritur
1387 1531 1453 1558 ante
1473 1530 1575 1558 omnia
1596 1530 1755 1559 voluntatis

970 1574 1116 1603 rectitudo
1132 1578 1265 1612 respectu
1280 1584 1386 1611 causae,
1409 1578 1441 1604 ut
1458 1577 1550 1605 homo
1568 1579 1689 1613 propter
1705 1578 1754 1613 ju-

971 1623 1046 1649 stam
1061 1630 1182 1650 causam
1198 1623 1339 1651 sustineat
1355 1624 1468 1652 malum
1489 1632 1594 1660 poenae.
1614 1624 1694 1652 Unde
1711 1625 1755 1652 di—

971 1669 1044 1696 citur
1055 1668 1065 1684 ⁸
1080 1678 1085 1696 :
1102 1680 1115 1695 α
1131 1671 1195 1697 Haec
1209 1671 1251 1698 est
1267 1670 1372 1705 gratia,
1389 1671 1412 1698 si
1427 1672 1550 1708 propter
1562 1671 1706 1707 justitiam
1719 1672 1753 1708 (a)

971 1715 1020 1743 Dei
1034 1716 1156 1744 sustinet
1171 1717 1237 1753 quis
1252 1718 1390 1753 tristitias,
1403 1719 1517 1754 patiens
1532 1719 1649 1754 injuste.
1664 1720 1754 1753 «Qum

971 1763 1050 1790 enim
1063 1764 1158 1799 gratia
1172 1764 1208 1800 (b)
1226 1775 1238 1790 »
1256 1765 1363 1801 inquit,
1382 1775 1395 1792 «
1411 1766 1434 1793 si
1450 1769 1607 1801 peccantes
1628 1769 1656 1794 et
1674 1767 1754 1795 cola-

970 1810 1078 1845 phizati
1093 1811 1242 1839 suffertis?
1258 1813 1314 1840 Sed
1329 1813 1352 1840 si
1368 1813 1596 1848 benefacientes,
1612 1814 1755 1850 patienter

969 1858 1127 1893 sustinetis,
1144 1859 1206 1886 hcee
1221 1861 1264 1887 est
1279 1860 1372 1895 gratia
1388 1860 1470 1896 apud
1488 1862 1591 1888 Deum.
1607 1872 1619 1887 »
1640 1863 1671 1888 Et
1685 1869 1755 1897 pro-

969 1908 1070 1942 pterea
1090 1907 1198 1934 dieitur
1213 1907 1243 1934 in
1259 1907 1365 1935 eadem
1385 1908 1510 1944 epistola
1521 1907 1530 1923 ‘³
1545 1918 1551 1936 :
1571 1918 1585 1935 «
1599 1911 1691 1937 Nemo
1707 1918 1755 1937 ve-

970 1956 1062 1981 strum
1078 1954 1206 1990 patiatur
1218 1956 1250 1982 ut
1264 1955 1427 1990 homicida,
1450 1958 1500 1983 aut
1526 1956 1592 1992 sur,
1612 1957 1635 1984 si
1656 1959 1755 1985 autem

970 2003 1001 2028 ut
1015 2001 1204 2037 Christianus,
1228 2011 1290 2030 non
1311 2003 1474 2031 erubeseat.
1491 2014 1505 2030 »
1527 2004 1578 2032 ille
1599 2006 1698 2032 autem
1723 2004 1755 2040 (c)

970 2048 1150 2077 Christianus
1165 2049 1285 2085 patitur,
1302 2051 1353 2086 qui
1370 2051 1613 2087 propterjustam
1634 2060 1755 2080 causam

970 2096 1089 2131 patitur,
1107 2105 1159 2124 seu
1175 2097 1226 2133 qui
1239 2097 1350 2132 justam
1371 2106 1492 2126 causam
1517 2099 1659 2135 sequitur.
1683 2101 1755 2127 Nam

970 2142 1084 2170 ibidem
1099 2143 1206 2171 dieitur
1222 2144 1259 2171 l⁰:
1281 2153 1293 2169 κ
1309 2145 1436 2172 Christus
1452 2154 1557 2182 passus
1573 2149 1615 2174 est
1628 2155 1683 2182 pro
1701 2155 1755 2175 no-

970 2190 1027 2225 1215,
1046 2190 1131 2218 vobis
1148 2191 1320 2227 relinquens
1341 2193 1525 2228 exemplum,
1542 2196 1574 2221 ut
1588 2194 1755 2230 sequamini

970 2237 1093 2272 vestigia
1109 2238 1180 2273 ejus.
1199 2249 1211 2264 »
1227 2238 1308 2266 Unde
1331 2239 1361 2266 in
1382 2248 1511 2275 persona
1533 2241 1691 2276 cujuslibet
1705 2250 1756 2278 pa-

970 2285 1066 2312 tientis
1084 2287 1180 2320 potest
1195 2285 1253 2313 dici
1270 2285 1345 2313 illud
1359 2287 1413 2315 lob
1433 2287 1446 2303 ¹¹
1465 2297 1491 2315 :a
1507 2289 1571 2316 Haee
1583 2297 1677 2324 passae
1689 2292 1756 2317 sunt

970 2332 1083 2368 absque
1107 2333 1260 2369 iniquitate
1289 2342 1395 2362 manus
1423 2343 1506 2370 meze,
1537 2344 1606 2363 cum
1628 2337 1755 2365 mundas

970 2380 1099 2408 habeam
1115 2389 1217 2416 preces
1233 2381 1272 2408 ad
1289 2382 1389 2409 Deum.
1406 2392 1418 2407 υ
1430 2384 1476 2410 Est
1487 2385 1585 2410 tamen
1594 2383 1641 2410 hic
1650 2387 1755 2411 notan-

971 2427 1055 2462 dum,
1077 2428 1161 2463 quod
1181 2428 1204 2455 si
1225 2437 1314 2456 causa
1337 2429 1372 2456 sit
1394 2429 1514 2464 injusta,
1537 2433 1632 2466 potest
1656 2432 1755 2459 tamen

971 2475 1035 2502 fieri
1053 2475 1132 2510 justa
1158 2475 1194 2503 de
1216 2476 1368 2504 voluntate
1391 2477 1565 2512 accedente,
1586 2480 1613 2505 et
1631 2478 1755 2507 faciente

972 2522 1009 2549 de
1025 2522 1197 2550 necessitate
1212 2523 1365 2559 virtute1n;
1387 2524 1461 2551 sieut
1479 2527 1560 2560 patet
1579 2525 1609 2552 in
1628 2525 1754 2560 latrone,

972 2570 1023 2606 qui
1052 2578 1120 2597 cum
1147 2570 1258 2605 justam
1292 2579 1413 2599 causam
1445 2571 1584 2599 habuerit
1611 2573 1755 2608 patiendi,

1006 2644 1040 2675 (a)
1063 2644 1135 2675 l'nly.
1155 2644 1349 2669 eafnuscicntium.
1367 2645 1446 2668 err.
1472 2647 1618 2675 συνείδησιψ.
1637 2647 1678 2671 Al.
1697 2654 1757 2670 con-

972 2680 1140 2705 venientium.
1167 2694 1198 2698 --
1228 2681 1261 2711 (ss)
1293 2681 1365 2712 γυῖα.
1397 2681 1486 2712 gtoria.
1517 2683 1595 2707 Groer.
1620 2684 1696 2707 κλέος.
1728 2697 1754 2701 —-

974 2724 1003 2745 Ἥ)
1020 2715 1109 2746 ὲζῖοΙΙψί.
1127 2718 1161 2740 [li.
