2029 3052
555 201 838 235 RESPONSIONJS
860 201 1051 235 SECUNDAE
1073 202 1200 237 CAPUT
1223 205 1275 238 ΙΙΙ.

109 280 206 312 mors,
222 271 383 304 excidium
397 271 596 309 delictorum,
608 269 788 302 remedium
803 269 886 302 salu-

107 327 158 366 tis,
183 326 275 358 radix
293 326 422 367 gratiae,
449 325 693 358 fundamentum
718 324 881 356 castitatis.

108 381 174 413 Hoc
188 381 228 413 ad
244 381 344 412 Deum
362 381 467 421 gradu
483 380 575 412 citius
595 379 782 420 pervenitur
797 389 804 410 :
822 379 885 410 hoc

108 435 212 476 gradu
233 434 317 466 Elias
341 434 494 473 ascendit,
510 435 683 474 antequam
705 442 824 472 curru;
850 432 884 463 in

106 489 166 520 hac
176 488 295 520 virtute
303 490 334 520 et
345 488 460 529 spiritu
474 488 551 519 Eliae
564 487 650 520 venit
663 487 680 519 J
683 496 820 525 oannes,
833 487 885 518 de-

105 543 205 583 nique
220 544 251 574 et
273 543 307 574 in
322 543 447 574 deserto
467 542 520 574 ille
539 541 666 574 vacavit
684 541 827 582 jejuniis.
845 540 884 572 Et

105 595 187 635 ideo,
203 596 260 637 qui
281 596 356 629 vitae
375 596 528 628 humanae
547 595 789 636 possibilitatem
804 604 884 626 con-

104 650 238 682 tinentia
248 659 476 691 supergressus
490 650 605 689 fuerat,
621 659 687 681 non
704 650 813 688 homo,
829 649 884 681 sed

104 704 240 744 angelus
261 704 438 736 aestimatus
459 705 516 735 est.
534 714 549 733 »
568 703 606 735 In
621 703 671 734 his
693 703 884 735 Ambrosius

104 766 192 789 sacer
211 758 376 798 jeJ'unium
395 759 559 797 comparat
576 756 734 797 angelicae
749 757 837 796 vitae,
853 759 885 789 et

103 811 234 852 quidem
243 811 319 842 satis
329 811 439 850 digne.
456 810 535 842 Cum
548 810 647 848 enirn,
664 809 747 841 sicut
756 810 799 841 ait
814 810 882 842 Dio-

103 865 226 906 nysius,
242 864 431 896 hierarchiae
446 864 581 895 coelestis
596 863 711 904 triplex
726 863 767 894 sit
780 866 881 904 actus,

102 919 256 960 purgatio
276 918 413 957 scilicet,
435 917 629 949 illuminatio
655 918 686 948 et
713 917 880 958 perfectio,

103 975 134 1004 et
148 973 188 1004 ad
203 973 274 1004 haec
287 972 349 1003 tria
365 981 421 1012 per
433 971 547 1012 Jejunii
561 971 800 1003 observantiam
815 981 884 1012 per-

102 1026 266 1064 veniatur;
300 1027 407 1056 sancte
430 1025 649 1066 jejunantium
683 1025 750 1056 vita
777 1027 883 1066 magis

102 1080 238 1111 coelestis
252 1089 321 1111 esse
335 1079 533 1120 perhibetur,
555 1089 652 1120 quam
666 1081 806 1111 terrena.
823 1079 884 1112 Per

97 1133 263 1174 jejunium
281 1134 367 1165 enim
391 1134 553 1165 obtinetur
578 1134 717 1174 perfecta
739 1135 884 1166 custodia

102 1187 288 1218 sanctitatis.
312 1187 422 1218 Primo
444 1190 603 1228 quantum
627 1188 666 1218 ad
692 1187 883 1220 declinatio-

100 1250 176 1272 nem
190 1241 368 1273 carnalium
383 1241 550 1281 vitiorum,
567 1241 649 1272 sicut
664 1242 708 1273 ait
722 1241 880 1283 Hierony-

102 1304 176 1327 mus
189 1296 228 1327 ad
243 1295 477 1327 Demetriadem
490 1296 498 1312 ¹
513 1303 521 1325 :
539 1306 553 1324 α
564 1295 640 1326 Post
649 1295 882 1335 cogitationum

101 1349 382 1389 diligentissimam
400 1349 591 1387 cautionem,
604 1349 808 1389 ¹iejuniorum
824 1350 881 1380 tibi

101 1412 191 1434 arma
206 1403 361 1434 sumenda
375 1405 471 1441 sunt,
487 1404 518 1434 et
533 1403 713 1434 canendum
728 1412 802 1433 cum
817 1403 881 1434 Da-

100 1457 155 1489 vid
165 1458 176 1476 ²
190 1466 198 1488 :
215 1457 401 1489 Humiliavi
416 1457 454 1488 in
464 1456 593 1497 jejunio
607 1457 752 1489 animam
767 1465 879 1489 meam.

100 1511 140 1542 Et
160 1511 170 1528 ³
190 1522 197 1542 ι
223 1511 367 1544 cinerem
395 1514 550 1552 tanquam
569 1520 685 1552 panem
706 1512 882 1544 mandaca-

101 1564 184 1596 bam.
200 1576 214 1594 ›)
242 1565 280 1596 Et
295 1566 390 1606 paulo
402 1568 471 1606 post
488 1577 495 1597 ε
528 1577 542 1595 «
554 1566 659 1606 Ignita
673 1569 748 1597 sunt
762 1567 881 1598 diaboli

97 1618 215 1659 jacula,
232 1628 305 1659 quae
320 1619 418 1650 simul
428 1619 611 1658 vulnerant,
625 1621 655 1650 et
665 1619 877 1660 inflammant,

100 1674 131 1703 et
146 1682 165 1703 a
179 1682 257 1712 rege
271 1672 444 1714 Babylonis
458 1673 562 1704 tribus
575 1673 684 1714 pueris
698 1683 881 1714 praeparan-

100 1728 164 1757 tur.
181 1726 190 1742 ¹*
205 1726 265 1758 Sed
281 1727 442 1767 quomodo
456 1727 502 1758 ibi
517 1729 661 1768 quartus,
675 1728 813 1767 speciem
824 1728 880 1759 ha—

99 1781 178 1811 bens
201 1781 293 1822 quasi
316 1781 374 1812 filii
398 1782 452 1813 Dei
467 1783 493 1821 ⁵,
519 1783 694 1814 immensos
715 1783 880 1823 mitigavit

100 1835 241 1875 ardores,
264 1837 308 1867 sic
328 1837 405 1867 etin
419 1837 528 1868 animo
543 1837 707 1876 virginali,
726 1847 797 1868 rore
814 1847 876 1869 coe-

99 1889 181 1928 lesti,
199 1894 230 1920 et
248 1890 449 1930 jejuniorum
467 1890 598 1930 frigore,
616 1891 768 1931 puellaris
793 1892 879 1923 calor

98 1943 311 1983 extinguitur,
329 1945 360 1975 et
376 1944 521 1975 humano
544 1945 670 1985 corpori
686 1945 877 1985 angelorum

98 1998 296 2029 conversatio
311 1998 500 2038 impetratur
513 1998 566 2038 (a).
583 2010 597 2027 ›)
618 1999 735 2030 Dehinc
748 2001 877 2039 propter

98 2050 341 2082 debellationem
366 2051 582 2091 spiritualium
601 2052 757 2091 hostium,
781 2055 878 2093 Juxta

98 2104 178 2135 illud
200 2104 374 2143 Ambrosii,
400 2105 456 2136 ubi
476 2105 593 2146 supra⁶
607 2115 618 2137 .·
636 2117 650 2135 α
665 2106 681 2137 J
686 2106 775 2137 udith
787 2108 877 2147 Jeju-

98 2166 179 2188 nans
196 2158 345 2189 omnihus
358 2159 470 2190 diebus
486 2159 649 2190 viduitatis
664 2169 743 2198 suae,
759 2160 809 2191 his
824 2169 874 2191 ar-

98 2211 160 2242 mis
181 2211 305 2243 munita
331 2213 493 2252 processit,
511 2222 642 2244 omnem
670 2214 877 2255 Assyriorum

98 2265 310 2297 circumvenit
319 2266 507 2304 exercitum,
519 2267 618 2298 sobrii
630 2267 744 2307 vigore
755 2268 877 2299 consilii

98 2319 230 2350 abstulit
254 2319 435 2350 Holofernis
456 2322 561 2360 caput,
587 2321 728 2352 servavit
751 2322 875 2361 pudici-

98 2372 189 2411 tiam,
208 2373 375 2404 victoriam
389 2374 574 2413 reportavit.
589 2374 599 2390 ⁷
620 2374 733 2405 Esther
747 2384 876 2416 quoque

98 2427 262 2467 pulchrior
284 2427 364 2458 sacta
382 2427 519 2467 jejunio,
541 2437 635 2459 omne
657 2438 762 2468 genus
778 2439 876 2461 suum

99 2489 118 2510 a
135 2482 354 2520 persecutione
368 2481 525 2519 liberavit,
552 2481 595 2512 ita
616 2484 654 2512 ut
676 2491 789 2522 regem
814 2484 876 2515 sibi

100 2533 214 2564 faceret
228 2543 296 2565 esse
311 2535 492 2575 subjectum
505 2546 510 2566 :
525 2544 591 2566 non
606 2535 748 2566 libidinis
762 2537 876 2569 ardore

131 2596 137 2612 ¹
155 2596 269 2627 theron„
285 2597 319 2621 ad
333 2598 496 2625 Demetrz'ml„
513 2598 557 2622 ubi
572 2606 628 2629 sup.
644 2606 717 2629 prox.
735 2613 766 2617 —
781 2601 790 2616 2
806 2600 874 2625 Psal.

100 2638 189 2663 xxxw,
212 2634 249 2656 13.
266 2647 297 2651 —
314 2634 322 2648 ³
338 2635 406 2658 Psal.
430 2641 463 2665 ci,
485 2637 522 2659 10.
535 2649 565 2652 —
584 2636 594 2652 ⁴
609 2635 724 2666 Hieron„
747 2637 789 2660 ulii
808 2644 875 2668 sup.‚

100 2668 148 2692 col.
169 2675 204 2692 ui.
220 2669 258 2693 72.
273 2682 304 2687 —
322 2670 331 2684 ⁵
347 2671 422 2701 Dan.y
440 2677 482 2702 111,
497 2672 535 2695 92.
551 2686 582 2690 —
601 2672 610 2685 0
624 2672 753 2703 Ambros.,
771 2672 801 2696 cle
816 2673 876 2697 Elia

100 2704 196 2735 etjej.5
221 2711 243 2728 c.
264 2711 305 2735 1x,
328 2712 353 2729 n.
381 2708 420 2731 29.
444 2720 474 2724 —
494 2708 501 2721 ⁷
520 2707 593 2737 ibid„
614 2714 641 2731 n.
664 2709 703 2732 30.
723 2721 754 2726 —
773 2708 783 2725 ⁸
801 2708 876 2740 ibid„

1661 213 1720 242 453

940 270 1188 312 inflammatum,
1214 274 1268 305 sed
1283 275 1401 307 coelesti
1423 277 1623 309 miseratione
1641 287 1720 310 con-

939 333 1081 363 versum,
1101 327 1136 357 ut
1149 335 1244 366 poena
1262 328 1297 359 in
1315 329 1452 370 impium
1467 333 1719 371 retorqueretur,

939 379 971 409 et
991 378 1095 410 honor
1117 380 1214 411 sacris
1238 382 1424 414 redderetur
1446 384 1611 416 altaribus.
1635 386 1646 404 ⁸
1665 385 1721 418 Est

938 441 1019 472 ergo
1038 433 1203 473 Jejunium
1225 436 1491 469 reconciliationis
1509 439 1719 479 sacrificium,

938 486 1067 518 virtutis
1079 487 1324 529 incrementum,
1348 491 1434 531 quod
1453 491 1526 523 fecit
1543 493 1639 524 etiam
1659 493 1719 524 foe-

939 540 1043 571 minas
1057 540 1213 573 fortiores.
1231 553 1245 572 1>
1267 542 1328 575 Per
1343 545 1507 585 jejunium
1530 546 1626 577 etiam
1656 547 1720 578 im-

938 596 1083 635 petratur
1096 596 1234 636 perfecta
1248 596 1460 637 intelligentia
1474 599 1628 631 veritatis.
1646 600 1720 632 Pri-

939 657 992 679 mo
1005 648 1135 689 quidem
1150 649 1184 680 in
1206 650 1384 690 operandis,
1401 654 1451 692 cuj
1458 654 1582 684 usmodi
1597 656 1644 685 est
1658 664 1720 687 ve-

938 702 1015 734 ritas
1039 702 1158 734 divinae
1177 703 1270 743 legis,
1296 704 1378 735 sicut
1399 705 1477 736 dicit
1503 706 1718 748 Ambrosius,

939 756 994 787 ubi
1009 765 1106 797 supra
1123 767 1130 788 :
1152 756 1311 798 «Moyses,
1326 768 1341 787 ))
1356 758 1472 799 inquit,
1488 762 1498 778 ⁹
1515 771 1530 789 a
1543 760 1581 792 de
1592 762 1720 802 ¹jejtlnio

937 810 1044 850 legem
1068 811 1163 851 dedit,
1178 812 1352 853 ipsumque
1364 815 1568 854 Jejunantem
1579 825 1644 847 non
1659 825 1718 848 vo-

938 873 989 895 ces
997 873 1136 904 magnae,
1149 875 1215 897 non
1227 866 1369 906 fulgura,
1381 870 1412 898 et
1424 868 1526 900 nubes
1535 869 1716 910 tenebrosa,

938 920 970 950 et
995 919 1162 959 fumigans
1185 920 1262 952 Sina
1285 923 1468 961 perterruit.
1494 923 1604 964 Neque
1630 926 1718 956 enim

939 972 1100 1005 introisset
1118 974 1153 1005 in
1167 975 1300 1013 nubem,
1317 977 1349 1006 et
1363 986 1475 1008 vocem
1490 977 1546 1009 Dei
1560 978 1720 1019 loquentis

939 1027 977 1057 de
992 1027 1097 1059 medio
1109 1028 1196 1068 ignis
1211 1029 1279 1060 sine
1289 1030 1430 1070 periculo
1445 1031 1556 1062 salutis
1565 1032 1718 1072 audisset,

938 1081 999 1111 nisi
1029 1082 1173 1114 munitus
1200 1084 1298 1115 armis
1332 1085 1464 1125 J'ejuuii.
1498 1086 1719 1127 Quadraginta

938 1135 1025 1166 enim
1049 1136 1161 1167 diebus
1177 1138 1341 1177 jejunavit
1367 1140 1399 1169 in
1421 1142 1542 1179 monte,
1558 1143 1595 1172 ut
1608 1141 1718 1181 legem

938 1189 1095 1229 acciperet
1113 1200 1132 1221 a
1146 1190 1280 1222 Domino
1300 1191 1364 1223 Deo
1378 1195 1499 1224 nostro.
1518 1194 1555 1225 Et
1569 1195 1603 1225 in
1619 1204 1715 1236 supe-

938 1243 1078 1273 rioribus
1098 1244 1228 1283 quidem
1258 1246 1376 1276 montis
1397 1246 1452 1277 lex
1466 1247 1603 1279 dabatur
1617 1248 1718 1290 Moysi

933 1298 1117 1337 jeJunanti,
1142 1298 1176 1328 in
1205 1299 1410 1331 inferioribus
1435 1302 1554 1342 populo
1579 1303 1717 1335 mandu-

938 1351 1036 1390 canti,
1062 1352 1283 1392 praevaricatio
1307 1354 1466 1394 sacrilega
1487 1357 1719 1389 accendebatur

937 1405 1150 1445 epulantium.
1169 1406 1237 1444 Quo
1251 1408 1430 1447 spectaculo
1452 1412 1559 1440 motus
1581 1410 1717 1451 Moyses,

937 1459 1034 1498 fregit
1049 1460 1184 1498 tabulas,
1204 1460 1375 1500 indignum
1395 1462 1555 1503 Judicans,
1572 1466 1607 1495 ut
1630 1465 1718 1497 ebrio

937 1513 1055 1553 populo
1071 1513 1124 1545 lex
1145 1514 1307 1546 daretur.»
1337 1516 1531 1556 Impetratur
1547 1518 1646 1549 etlam
1661 1528 1718 1559 per

932 1567 1097 1607 jejunium
1113 1568 1324 1608 intelligentia
1339 1570 1482 1601 veritatis
1497 1571 1530 1602 in
1546 1573 1717 1612 speculan-

937 1621 996 1659 dis,
1009 1623 1105 1661 Juxta
1120 1622 1205 1661 quod
1218 1622 1293 1653 dicit
1308 1623 1524 1664 Hieronymus
1539 1628 1649 1657 contra
1662 1627 1716 1658 Jo—

936 1675 1105 1706 vinianum
1121 1675 1143 1694 ¹0
1160 1684 1168 1706 ε
1189 1675 1338 1715 «Daniel,
1355 1679 1450 1718 atque
1471 1680 1535 1710 tres
1557 1680 1649 1719 pueri
1671 1690 1718 1712 re-

936 1730 1129 1761 velationem
1149 1731 1350 1762 somniorum
1374 1733 1501 1773 jejunio
1530 1736 1715 1773 merentur,

935 1785 1080 1824 pastique
1099 1784 1331 1824 leguminibuS,
1354 1786 1562 1827 pulchriores,
1586 1790 1617 1819 et
1639 1798 1716 1829 pru-

935 1839 1095 1869 dentiores
1116 1838 1339 1870 inveniuntur.
1367 1851 1382 1868 »
1399 1840 1518 1872 Eodem
1533 1851 1663 1883 quoque
1677 1843 1717 1874 li-

935 1892 994 1923 bro
1009 1892 1049 1922 ¹¹:
1071 1891 1184 1923 «Elias
1204 1892 1419 1932 quadraginta
1443 1894 1570 1926 dierum
1591 1897 1716 1936 JeJunio

935 1948 1145 1986 praeparatus,
1158 1946 1259 1977 Deum
1280 1946 1360 1978 vidit
1374 1947 1409 1977 in
1424 1950 1532 1979 monte
1548 1948 1640 1988 Oreb,
1662 1959 1717 1981 au-

937 2001 1080 2041 divitque
1105 2000 1144 2030 ab
1159 2009 1196 2031 eo
1213 2000 1234 2019 ¹²
1251 2010 1258 2030 :
1279 2000 1368 2039 Quid
1383 2003 1417 2032 tu
1432 2001 1485 2033 hic
1510 2003 1592 2043 aqis,
1616 2004 1717 2036 Elia?

936 2054 1034 2085 Multo
1050 2054 1236 2085 familiarior
1251 2063 1316 2085 vox
1330 2054 1407 2092 ista,
1424 2064 1522 2095 quam
1537 2056 1593 2087 illa
1608 2057 1641 2087 in
1655 2057 1716 2089 Ge-

935 2107 1003 2139 nesi
1020 2107 1063 2138 ¹³:
1091 2107 1152 2139 Ubi
1167 2116 1208 2147 es,
1235 2108 1367 2139 Adam?
1391 2108 1447 2139 Illa
1473 2109 1559 2140 enim
1588 2114 1716 2150 pastum

935 2161 1074 2193 terrebat
1088 2163 1119 2192 et
1134 2161 1307 2201 perditum,
1324 2162 1394 2192 haec
1415 2163 1578 2202 jernanti
1593 2164 1714 2196 famulo

935 2215 1199 2246 blandiebatur.»
1225 2215 1368 2255 Denique
1392 2225 1449 2256 per
1468 2217 1633 2257 jeJunium
1658 2228 1712 2250 ac-

933 2269 1072 2310 quiritur
1096 2269 1273 2299 constantia
1298 2269 1437 2301 virtutis.
1467 2270 1614 2302 Primum
1638 2273 1714 2312 qui-

933 2324 1006 2354 dem
1028 2323 1064 2354 ad
1086 2322 1267 2353 faciendum
1288 2323 1398 2362 ardua,
1416 2325 1512 2363 Juxta
1531 2325 1616 2365 quod
1632 2326 1712 2356 Am-

933 2377 1070 2416 brosiuS,
1087 2377 1143 2408 nbi
1159 2378 1287 2417 supra¹⁶
1303 2387 1310 2408 :
1327 2377 1470 2417 «Magna
1486 2381 1533 2409 est
1548 2380 1651 2410 virtus
1661 2381 1711 2420 je-

929 2432 1026 2473 Junii.
1043 2443 1056 2460 n
1077 2432 1217 2472 Denique
1232 2433 1296 2462 tan]
1314 2432 1455 2472 speciosa
1474 2433 1587 2464 militia
1602 2436 1660 2472 est,
1676 2437 1714 2466 ut

930 2487 1077 2526 jejunare
1094 2485 1261 2516 delectaret
1277 2488 1307 2516 et
1318 2486 1496 2524 Christum3
1514 2488 1580 2517 tam
1592 2488 1710 2528 valida,

932 2564 958 2582 n.
976 2558 1014 2580 31.
1029 2570 1059 2574 —
1076 2556 1086 2572 ⁹
1107 2556 1180 2587 ibid,
1195 2564 1217 2581 c.
1237 2563 1278 2588 vl,
1294 2564 1320 2581 n.
1338 2559 1377 2582 10.
1392 2571 1422 2576 —
1442 2558 1460 2574 ¹⁰
1478 2558 1638 2590 Hieronym.,
1654 2561 1711 2585 adv.

932 2594 1069 2621 Jovimau„
1085 2593 1128 2616 lib.
1148 2594 1176 2623 ll,
1192 2593 1239 2618 col.
1255 2600 1290 2617 m.
1310 2596 1361 2617 101.
1377 2608 1407 2611 —
1424 2594 1442 2609 ¹¹
1461 2594 1532 2624 thid„
1548 2595 1623 2625 paulo
1639 2603 1712 2627 supe-

932 2629 992 2651 rins..
1012 2641 1042 2645 -—
1068 2628 1085 2643 ¹²
1106 2629 1136 2651 ΙΙΙ
1162 2630 1228 2660 11ι’9.,
1250 2635 1310 2659 xm,
1336 2632 1357 2653 a.
1382 2643 1411 2646 -
1438 2629 1455 2645 ¹³
1478 2630 1548 2659 Gen„
1569 2636 1614 2661 111,
1637 2632 1658 2655 f).
1681 2645 1712 2649 —

933 2665 951 2680 Γ·
967 2664 1096 2693 Αιυὴιόε.,
1112 2664 1154 2688 ubi
1170 2671 1236 2695 sup,
1253 2672 1275 2689 e.
1294 2671 1322 2695 it,
1339 2671 1364 2689 n.
1381 2666 1403 2689 2.

966 2710 1000 2740 (a)
1017 2709 1052 2733 lta
1067 2709 1136 2740 apud
1149 2710 1248 2733 Hieron.
1266 2710 1326 2734 Caet.
1343 2709 1402 2733 edil.
1420 2711 1511 2734 Bonan.
1525 2710 1672 2742 imperatur.
