2029 3052
222 219 281 251 122

220 285 292 314 wis.
313 286 388 314 Nam
406 285 573 315 secundum
596 286 681 324 quod
705 286 769 323 ipse
790 293 920 323 magnus
940 287 1002 322 est,

219 331 339 361 laudari
352 340 372 362 a
385 333 505 361 nemine
517 332 698 362 sufficienter
710 334 816 370 potest.

255 380 405 416 Secundo,
419 381 512 409 sancti
527 379 630 416 Angeli
640 382 819 409 venerantur
829 381 859 409 et
875 380 1004 410 adorant

220 427 356 456 divinam
377 427 642 464 omnipotentiam,
673 434 736 464 qua.
760 427 908 464 producta
934 430 1004 456 sunt

221 475 333 504 omnia.
349 474 426 509 Quid
440 475 521 503 enim
543 475 588 502 est
602 473 741 510 adorare,
759 474 814 505 nisi
833 482 870 504 ex
895 475 1003 504 divinae

220 522 359 559 potentiae
384 521 623 550 consideratione
646 520 778 558 seipsum
800 521 947 558 dejicere,
975 525 1005 552 et

219 569 333 598 resilire
355 569 386 597 in
408 567 562 605 propriam
588 567 789 605 parvitatem?
814 569 907 598 Deum
929 577 1002 606 ergo

220 617 358 651 adorant,
366 615 439 643 dum
449 614 636 643 altitudinem
646 615 785 652 potentiae
796 623 856 644 suae
866 616 1003 645 conside-

219 665 295 699 rant,
311 670 404 700 quam
418 662 472 691 etsi
486 662 518 691 in
536 670 567 691 se
582 662 838 699 comprehendere
855 671 916 692 non
932 671 1003 700 pos-

219 712 298 746 sunt,
314 710 346 738 in
364 709 507 738 omnibus
530 711 627 738 tamen
649 712 827 738 venerantur
846 712 875 738 et
889 710 1002 739 colunt.

220 757 300 786 Unde
321 757 429 786 dieitur
449 757 481 785 in
504 757 674 793 Apocalypsi
690 757 695 771 ¹
740 767 754 783 α
775 757 884 786 Omnes
897 757 1003 794 Angeli

220 805 339 834 stabant
358 804 388 833 in
410 803 533 833 circuitu
554 804 665 839 throni,
684 814 698 831 ιι
716 805 784 840 etc.‚
802 814 817 831 ι(
834 807 863 833 et
885 804 1002 833 cecide-

219 855 289 882 runt
302 853 333 881 in
348 852 437 881 t'acies
451 860 535 886 sua5‚
555 854 584 880 et
599 852 801 881 adoraverunt
820 854 923 882 Deum.
940 863 954 879 ι
971 855 1004 882 Et

220 899 372 929 Psalmista
389 900 400 916 ²
422 909 428 928 :
456 909 471 926 α
501 899 629 928 Adorate
656 907 740 934 eum,
766 907 871 929 omnes
898 901 1003 938 Angcli

220 947 293 983 eius.
309 957 324 974 ιο
341 947 386 976 Sic
401 949 430 975 et
442 954 498 975 nos
517 947 765 983 omnipotentiam
785 947 848 983 ejus
863 948 1001 985 exemplo

219 994 354 1030 angelico
377 994 505 1023 revereri
528 996 556 1022 et
581 995 707 1023 adorare
725 994 888 1030 debemus,
911 1004 1003 1031 quam

220 1049 275 1078 pro
297 1041 385 1070 nobis
407 1041 605 1070 manifestavit
625 1042 656 1070 in
680 1042 840 1077 creatione,
867 1042 940 1070 dum
965 1043 1004 1071 de

219 1089 314 1117 nihilo
329 1088 468 1117 universa
484 1091 543 1117 tam
562 1097 684 1125 magna,
706 1091 767 1117 tam
788 1089 927 1126 pulchra,
943 1091 1005 1118 tam

220 1137 330 1170 multa,
353 1139 381 1165 et
401 1140 460 1165 tam
485 1137 568 1165 utilia
587 1137 651 1165 sota
672 1137 825 1166 voluntate
850 1137 1002 1174 produxit.

219 1186 290 1212 Tam
305 1184 384 1212 enim
401 1183 548 1212 excellens
563 1192 639 1220 opus
650 1186 692 1212 est
705 1192 818 1218 creare,
831 1184 916 1221 quod
927 1184 1003 1212 nulli

220 1230 391 1267 philosophi
407 1232 564 1266 potuerunt
576 1230 708 1266 credere,
724 1231 841 1267 aliquid
856 1231 893 1259 de
909 1231 1003 1260 nihilo

220 1286 307 1314 posse
330 1277 409 1313 tieri3
433 1277 514 1306 unde
538 1278 632 1306 coacti
655 1280 724 1306 sunt
750 1278 837 1314 plura
858 1279 1005 1315 principia

219 1333 343 1361 ponere,
359 1327 387 1352 et
402 1325 532 1353 maxime
548 1325 642 1361 ipsam
662 1326 832 1358 materiam,
849 1334 941 1362 quam
957 1326 1003 1353 di-

221 1375 291 1400 cunt
308 1371 472 1408 ingenitam
488 1380 560 1400 esse.
580 1372 660 1400 Unde
681 1372 797 1400 Boetius
819 1374 829 1390 ³
850 1382 856 1400 :
883 1383 897 1399 n
917 1374 1004 1401 Com-

220 1418 319 1447 munis
333 1419 468 1447 omnium
485 1419 629 1447 sententia
648 1422 701 1453 est,
723 1421 807 1455 cujus
827 1420 927 1448 nullus
949 1429 1005 1448 un—

220 1474 311 1503 quam
326 1469 459 1494 veterum
474 1466 663 1500 contradixit,
674 1475 710 1495 ex
722 1467 815 1495 nihilo
827 1467 900 1496 nihil
916 1475 1005 1504 posse

220 1513 293 1541 fleri.
311 1524 324 1539 »
341 1515 410 1541 Tam
425 1514 504 1541 enim
517 1514 608 1542 altum
622 1516 664 1542 est
679 1522 756 1551 opus
770 1514 808 1542 de
825 1514 919 1542 nihilo
936 1522 1006 1550 ope·

218 1561 288 1595 rari,
303 1561 386 1597 quod
401 1561 425 1588 si
445 1561 542 1589 omnis
557 1562 689 1598 potentia
704 1565 812 1594 creata,
831 1564 890 1590 tam
913 1570 1004 1596 ange-

219 1608 287 1642 lica,
300 1616 392 1644 quam
412 1608 555 1639 humana.
572 1609 696 1636 csrlcstis
717 1609 826 1646 pariter
842 1612 869 1637 et
890 1611 1005 1637 terrena

220 1655 249 1683 in
271 1663 365 1683 unum
384 1659 458 1683 esset
479 1657 622 1690 coutlata,
648 1664 708 1683 non
729 1659 827 1692 posset
848 1665 883 1684 ex
912 1656 1004 1684 nihilo

219 1703 375 1732 minimam
397 1706 563 1732 creaturam
587 1704 761 1740 producere.
787 1707 861 1740 Ergo
886 1707 1005 1732 nonest

220 1751 269 1779 ille
285 1751 468 1786 adorandus,
486 1752 536 1787 qui
551 1759 679 1787 corpora
692 1751 821 1779 coelestia
840 1755 899 1779 tam
915 1752 1004 1785 clara,

221 1806 311 1834 quam
333 1798 403 1832 alta,
429 1800 488 1826 tam
513 1798 648 1834 pulchra,
673 1807 764 1835 quam
789 1799 897 1833 multa,
922 1799 1007 1826 tantis

221 1845 377 1873 virtutibus
399 1845 500 1881 plena,
524 1848 551 1873 et
574 1845 668 1881 ipsam
694 1846 869 1874 rationalem
891 1848 1006 1873 creatu-

220 1900 296 1927 ram,
308 1901 342 1920 ex
359 1892 464 1927 nihile,
481 1901 534 1920 suo
551 1892 642 1921 verbo
657 1893 818 1929 produxit?
832 1893 1007 1929 Exemplum

221 1940 278 1968 hoc
299 1939 481 1975 accipiamus
503 1941 669 1974 Magorum,
693 1948 770 1976 quos
792 1940 942 1968 venientes
968 1939 1007 1967 ad

221 1989 367 2016 Christum
382 1988 584 2021 adorandum,
600 1996 659 2015 non
676 1988 833 2016 retardawt
849 1988 1007 2022 longitudo

222 2038 350 2070 viarum,
368 2046 427 2065 non
449 2037 590 2073 asperitas
614 2040 792 2073 temporum,
810 2046 870 2064 non
893 2038 1007 2071 magni-

224 2085 296 2113 tudo
312 2084 458 2119 regalium
475 2092 688 2120 cxpensarum;
705 2084 757 2112 sed
773 2085 938 2119 venientem,
955 2088 983 2112 el
1000 2086 1007 2101 ⁸

226 2143 239 2157 (ι
256 2132 396 2159 intrantes
416 2131 559 2166 domum,
581 2132 755 2159 invenerunt
783 2140 909 2167 puerum
938 2140 1007 2159 cum

224 2179 312 2207 Maria
334 2182 426 2207 matre
449 2179 525 2214 ejus;
549 2182 576 2206 et
598 2178 786 2215 procidentes
807 2179 1010 2206 adoraverunt

224 2234 293 2254 eum
317 2235 323 2254 ε
347 2229 374 2254 et
394 2226 503 2262 apertis
529 2226 670 2253 thesauris
695 2226 766 2259 suis,
788 2227 959 2254 obtulerunt
983 2227 1008 2254 ei

225 2281 360 2305 munera,
376 2283 389 2298 n
409 2276 462 2301 etc.
481 2275 553 2301 Nota
569 2273 717 2307 ordinem,
730 2273 886 2308 quomodo
899 2273 1010 2301 debeas

227 2322 318 2348 ileum
345 2321 482 2348 adorare.
510 2322 581 2347 Nam
609 2324 770 2353 venerunt,
801 2321 1009 2356 prociderunt,

225 2369 436 2402 adoraverunt,
451 2370 479 2395 ct
495 2368 665 2395 obtulerunt
682 2377 687 2395 :
714 2368 784 2404 quia
801 2368 838 2395 ad
857 2370 946 2396 Deum
963 2377 1011 2396 ve-

225 2415 370 2443 niendum
385 2417 427 2443 est
447 2415 620 2449 devotione,
645 2415 863 2450 procidendum
889 2418 931 2443 est
950 2418 1010 2443 toto

226 2463 328 2494 corde,
343 2462 533 2491 adorandum
555 2465 598 2490 est
619 2462 709 2489 corde
734 2464 761 2489 et
783 2470 844 2496 ore,
866 2463 917 2489 scd
937 2464 1010 2490 oll'e-

226 2510 353 2536 rendum
377 2512 419 2537 est
439 2510 464 2537 ei
489 2509 603 2545 aliquid
631 2517 731 2545 opere.
761 2509 919 2542 Quomodo
949 2517 1010 2537 non

227 2556 383 2591 adorabis,
412 2559 438 2585 et
463 2556 579 2585 timebis
603 2556 858 2592 Omnipoteutem,
888 2557 1010 2592 amando

228 2603 269 2630 sic
293 2603 396 2631 timent
417 2604 558 2632 animalia
586 2612 673 2631 suum
698 2612 796 2639 regem
809 2605 822 2630 ‘t
844 2607 945 2632 Nonne
973 2604 1011 2632 ad

263 2667 269 2682 ί
289 2667 375 2695 Apum,
392 2672 417 2696 V,
440 2669 476 2690 11,
497 2680 527 2684 -
547 2668 556 2683 2
578 2666 645 2690 Psal.
667 2672 740 2696 xcvi,
758 2668 781 2689 ὃ.
801 2680 830 2683 -
849 2668 859 2683 '³
882 2668 962 2697 ltoel„
982 2667 1011 2689 de

231 2701 328 2726 cornel.
346 2702 452 2732 Philas„
474 2702 513 2726 til».
533 2704 562 2728 Υ.
578 2710 647 2734 pros.
661 2704 683 2726 2.
701 2716 729 2720 -
746 2703 751 2716 ⁸
767 2703 868 2727 Mumr.
885 2709 913 2729 ll,
932 2704 967 2726 tr
981 2715 1010 2720 —

597 217 808 251 SERMONES
828 217 880 250 mi:
900 216 1066 251 SANCTIS
1088 217 1130 251 {N
1150 217 1345 253 commum.
1369 219 1460 253 XLIl.

1055 286 1152 316 leonis
1163 287 1298 324 rugitum
1318 295 1408 318 omne
1426 287 1539 319 animal
1557 288 1624 326 figit
1641 297 1793 328 greum,
1805 292 1840 321 ut

1055 341 1112 363 nec
1123 334 1234 364 audeat
1247 335 1370 364 transire
1393 335 1550 370 circulum,
1565 343 1659 374 quem
1677 336 1728 366 leo
1741 338 1840 368 cauda

1056 381 1263 419 descripserit?
1281 384 1386 412 Nonne
1404 391 1494 420 grues
1513 391 1603 413 suum
1623 391 1726 420 regem
1747 393 1840 415 vene-

1055 431 1160 457 rantur
1171 431 1200 458 et
1212 429 1326 466 colunt,
1341 429 1382 459 ad
1396 431 1482 466 cujus
1495 430 1654 467 imperium
1670 433 1779 460 terram
1789 439 1841 469 pe-

1056 477 1131 511 tunt,
1147 475 1224 505 etde
1237 478 1315 505 terra
1328 484 1360 506 se
1373 477 1510 514 erigunt?
1527 478 1605 513 Quid
1615 479 1715 507 dicam
1724 478 1763 508 de
1776 479 1840 517 api-

1056 522 1125 558 hus,
1133 531 1200 560 quae
1206 531 1294 552 suum
1298 531 1402 560 regem
1406 526 1585 554 venerantur
1594 525 1684 561 adeo,
1693 527 1726 555 ut.
1733 534 1840 556 omnes

1057 570 1097 598 ad
1108 578 1198 599 suum
1208 570 1362 600 servitium
1373 579 1406 600 se
1419 571 1557 608 offerant,
1577 574 1606 602 et
1618 573 1643 602 si
1657 581 1728 603 eum
1741 574 1839 603 offen-

1057 617 1141 652 dant,
1154 617 1193 646 de
1207 617 1312 655 seipsis
1329 617 1474 647 ultionem
1495 621 1645 656 expetant,
1666 622 1696 649 et
1715 621 1840 651 vulnere

1056 664 1171 701 proprii
1189 664 1283 693 aculei
1298 673 1330 693 se
1345 665 1506 694 occidant?
1519 666 1617 701 Quod,
1640 666 1778 704 inquam,
1792 675 1841 697 re—

1057 719 1151 748 gnum
1163 711 1374 745 barbarorum,
1389 715 1419 742 et
1432 712 1559 742 aliarum
1574 714 1731 742 nationum
1745 715 1776 743 in
1789 722 1841 744 ve-

1057 760 1211 788 neratione
1226 767 1288 788 non
1301 760 1412 789 habeat
1430 768 1533 797 regem
1547 762 1658 790 suum?
1675 761 1762 791 Solus
1781 763 1842 791 Rex

1057 814 1170 842 regum,
1188 809 1217 835 et
1231 807 1370 836 Dominus
1379 807 1601 836 dominantium
1611 809 1810 838 contemnitur
1823 817 1843 838 a

1057 853 1172 890 populo
1187 862 1253 889 suo,
1273 862 1328 883 nec
1346 855 1374 883 ei
1393 855 1512 884 debitus
1530 855 1629 884 honor
1645 856 1839 893 impenditur.

1057 901 1114 930 Sed
1128 902 1226 930 veniet
1240 901 1304 930 dies
1318 902 1380 937 illa,
1396 902 1531 939 quando,
1546 903 1637 931 velint
1649 903 1758 938 nolint,
1769 903 1842 932 ado-

1057 949 1168 977 rabunt
1182 957 1252 977 eum
1269 958 1276 977 :
1296 949 1349 978 sed
1364 949 1601 978 misericordiam
1624 950 1755 979 invenire
1780 958 1844 979 non

1057 998 1205 1032 poterunt.
1224 996 1303 1024 Unde
1314 996 1421 1025 dicitur
1431 997 1442 1014 ⁸
1455 1006 1462 1025 ι
1477 1008 1490 1023 u
1505 997 1599 1032 zetus,
1612 999 1641 1026 et
1649 997 1733 1026 furor
1747 997 1814 1032 viri,
1825 1008 1840 1026 ν

1058 1043 1091 1071 id
1105 1045 1146 1071 est
1168 1043 1283 1079 Christi,
1302 1054 1316 1069 «ι
1337 1052 1400 1072 non
1418 1047 1520 1081 parcet
1533 1044 1563 1072 in
1579 1044 1630 1072 die
1653 1044 1841 1074 novissimo:

1058 1098 1114 1118 nec
1130 1091 1296 1126 acquiescet
1309 1091 1465 1127 cujusdam
1481 1091 1632 1128 precibus,
1646 1099 1701 1120 nec
1717 1092 1843 1129 accipiet

1059 1145 1114 1173 pro
1127 1137 1332 1174 redemptione
1347 1138 1426 1166 dona
1441 1138 1582 1175 plurima.
1599 1149 1612 1164 n

1095 1185 1200 1219 Tertio,
1223 1185 1327 1220 Angeli
1348 1185 1514 1222 loquuntur
1536 1189 1564 1214 et
1585 1186 1748 1222 praedicant
1767 1186 1844 1215 divi-

1059 1239 1130 1259 nam
1147 1231 1395 1266 misericordiam,
1411 1241 1471 1269 qua
1486 1232 1624 1261 homines
1645 1233 1842 1262 redimuntur.

1060 1280 1093 1306 Et
1109 1278 1166 1306 hoc
1183 1278 1272 1315 plane
1288 1279 1415 1308 habetur
1429 1281 1452 1314 ⁶,
1467 1280 1531 1314 ubi,
1550 1282 1621 1308 nato
1639 1281 1777 1315 Domino,
1791 1289 1845 1318 pa-

1060 1326 1190 1354 storibus
1205 1326 1399 1362 vigilantibus
1415 1327 1544 1363 Angelus
1563 1328 1703 1364 apparuit
1717 1327 1819 1356 dicens
1835 1337 1841 1356 :

1062 1382 1076 1398 «ι
1103 1373 1174 1400 Ecce
1202 1373 1375 1409 evangelizo
1399 1374 1486 1402 vobis
1514 1375 1659 1410 gaudium
1686 1382 1842 1411 magnum,

1061 1420 1145 1456 quod
1166 1421 1221 1449 erit
1240 1421 1322 1449 omni
1345 1422 1459 1458 populo
1480 1431 1488 1450 ι
1512 1422 1584 1459 quia
1600 1424 1687 1451 natus
1701 1425 1744 1451 est
1759 1423 1845 1452 vobis

1061 1469 1205 1504 Salvator,
1224 1469 1277 1505 qui
1298 1472 1341 1497 est
1360 1469 1490 1498 Christus
1514 1469 1667 1504 Dominus,
1682 1470 1713 1498 in
1728 1470 1844 1499 civitate

1063 1516 1164 1544 David.
1187 1526 1201 1542 n
1222 1517 1249 1544 Si
1271 1516 1400 1545 Christus
1422 1518 1496 1545 Deus
1518 1519 1604 1544 natus
1625 1519 1679 1550 est,
1706 1519 1738 1545 ut
1765 1525 1843 1553 nos,

1061 1565 1225 1593 charissimi
1248 1565 1361 1599 francs,
1387 1572 1446 1592 non
1475 1565 1613 1600 Angelos,
1634 1564 1793 1600 liberaret;
1816 1568 1846 1594 et

1062 1612 1177 1646 augeli,
1194 1620 1254 1639 non
1271 1611 1430 1647 redempti,
1454 1611 1494 1639 ob
1517 1612 1688 1640 charitatem
1712 1615 1845 1640 nostram

1062 1659 1103 1686 sic
1119 1661 1228 1694 Regem
1243 1662 1344 1687 natum
1361 1658 1523 1695 przedicant
1542 1662 1630 1695 atque
1651 1660 1789 1695 gaudent,
1805 1660 1846 1688 ita

1062 1709 1092 1734 ut
1111 1707 1206 1733 Gloria
1220 1708 1249 1733 in
1263 1707 1374 1733 ercelsrs
1390 1708 1441 1733 lieo
1456 1708 1609 1734 cantarent
1631 1715 1637 1733 ι
1660 1706 1734 1743 quid
1753 1707 1844 1735 homo

1063 1753 1247 1789 redemptus,
1261 1754 1318 1781 Deo
1331 1753 1547 1788 reconciliatus,
1563 1754 1602 1782 ab
1618 1754 1701 1782 hos-to
1716 1755 1844 1791 pessimo

1063 1800 1216 1835 liberatus,
1229 1801 1324 1829 iacere
1339 1801 1447 1829 debet?
1459 1812 1473 1827 «
1483 1802 1625 1836 Gaudete,
1636 1814 1648 1827 »ι
1660 1802 1755 1838 inquit
1769 1805 1846 1838 Apo-

1064 1848 1157 1876 stolus
1173 1850 1192 1883 ⁷,
1206 1859 1219 1874 (ι
1236 1849 1265 1876 in
1283 1849 1406 1876 Domino
1418 1857 1552 1884 semper:
1564 1849 1669 1877 iterum
1681 1849 1761 1884 dico,
1772 1857 1845 1885 gau-

1066 1896 1144 1929 dete,
1160 1906 1174 1921 »
1191 1895 1263 1932 quia
1281 1907 1293 1921 ιι
1312 1897 1453 1924 Dominus
1470 1904 1563 1933 prope
1578 1899 1630 1924 est.
1644 1907 1658 1922 ι)
1676 1897 1703 1925 Si
1716 1897 1757 1924 sic
1772 1905 1846 1932 gau-

1065 1943 1200 1971 dendum
1220 1945 1309 1979 atque
1330 1943 1435 1971 iterum
1455 1943 1649 1978 gaudendum
1669 1945 1713 1971 est
1731 1951 1767 1971 ex
1789 1945 1845 1972 Do-

1067 1990 1138 2018 mini
1153 1991 1373 2026 expectatiom·;
1391 1993 1536 2026 quantum
1551 1990 1745 2026 gaudendum
1756 1993 1845 2019 estex

1065 2046 1120 2065 sua
1136 2037 1362 2073 redemptione?
1379 2039 1401 2066 O
1421 2046 1511 2073 quam
1528 2046 1618 2073 grave
1636 2040 1800 2073 peceatum,
1820 2040 1847 2066 et

1066 2093 1158 2120 quam
1175 2084 1391 2117 detestandum,
1404 2087 1431 2112 et
1445 2093 1535 2120 quam
1548 2085 1654 2112 acriter
1665 2092 1846 2121 persequen-

1067 2132 1146 2163 dum,
1166 2139 1226 2159 non
1244 2131 1418 2167 praedicare,
1439 2139 1499 2159 non
1520 2139 1620 2159 amare
1646 2134 1705 2159 tam
1733 2132 1847 2167 grande

1067 2179 1259 2213 heneficium,
1274 2178 1356 2214 quod
1378 2178 1480 2214 Angeli
1498 2178 1672 2214 tripudiant,
1685 2179 1750 2207 coeli
1767 2179 1848 2207 exul-

1067 2229 1137 2260 tant,
1156 2226 1304 2254 elementa
1319 2228 1435 2259 cuneta,
1460 2228 1488 2253 et
1508 2226 1664 2254 infernalia
1679 2226 1805 2262 ululant,
1821 2229 1849 2255 et

1067 2273 1240 2309 deplorant!
1266 2272 1430 2300 liei-nardus
1451 2274 1460 2287 '⁴
1485 2282 1490 2299 :
1513 2283 1525 2298 κ
1543 2277 1564 2301 υ
1580 2273 1658 2307 duri,
1675 2281 1693 2301 o
1709 2273 1848 2302 insensati

1067 2320 1118 2347 filii
1145 2320 1256 2352 Adam,
1278 2327 1355 2355 quos
1375 2327 1435 2347 non
1458 2319 1572 2347 emollit
1588 2323 1667 2348 tanta
1683 2320 1849 2355 benignitas

1067 2366 1238 2399 Salvatoi·i<‚
1255 2369 1316 2393 tam
1335 2367 1437 2401 iugens
1452 2367 1573 2394 flamma
1590 2367 1719 2394 amoris!
1743 2368 1849 2401 Quare,

1068 2414 1119 2441 tilii
1136 2413 1325 2450 perditionis,
1338 2422 1398 2441 nou
1414 2414 1561 2442 attenditis
1574 2414 1697 2448 imnum,
1710 2421 1770 2441 non
1782 2422 1851 2441 con-

1068 2461 1203 2488 >idemus
1229 2463 1288 2488 tam
1311 2461 1442 2488 strictum
1465 2461 1651 2497 prwscpium,
1674 2468 1734 2488 non
1760 2462 1851 2488 Deum

1068 2508 1239 2544 panniculis
1254 2508 1431 2543 involutum,
1444 2508 1572 2544 positum
1584 2508 1613 2535 in
1624 2507 1725 2536 medio
1739 2508 1852 2535 anima-

1071 2555 1144 2583 lium
1154 2558 1166 2582 ?
1180 2557 1233 2582 Uos
1250 2558 1276 2582 et
1299 2555 1398 2582 asinus
1415 2556 1505 2583 Deum
1521 2554 1658 2588 adorant,
1673 2554 1763 2582 stcllae
1778 2563 1852 2591 prae-

1071 2603 1184 2636 dicant,
1204 2602 1269 2629 coeli
1293 2602 1478 2630 admirantur
1495 2604 1523 2630 et
1538 2601 1673 2636 laudant,
1694 2602 1852 2638 omnisque

1071 2667 1081 2682 ⁶
1096 2667 1183 2695 Pron,
1200 2672 1213 2688 V
1229 2672 1250 2695 l,
1266 2667 1304 2689 ut.
1321 2679 1348 2684 —
1365 2666 1375 2682 ⁸
1390 2666 1455 2696 Luc.¹
1473 2671 1505 2696 ll,
1524 2667 1604 2690 tsi-tt.
1621 2677 1651 2683 -
1672 2664 1791 2697 7ΡΙιιἸῙμ.
1817 2667 1850 2691 IV:

1073 2704 1094 2732 4,
1112 2704 1133 2725 b.
1147 2715 1176 2720 —
1193 2702 1203 2718 ⁸
1221 2703 1293 2726 Βιϊιι.
