<?xml version="1.0" encoding="UTF-8"?>
<!DOCTYPE html PUBLIC "-//W3C//DTD XHTML 1.0 Transitional//EN"
    "http://www.w3.org/TR/xhtml1/DTD/xhtml1-transitional.dtd">
<html xmlns="http://www.w3.org/1999/xhtml" xml:lang="en" lang="en">
 <head>
  <title>
</title>
<meta http-equiv="Content-Type" content="text/html;charset=utf-8" />
  <meta name='ocr-system' content='tesseract 3.04.00' />
  <meta name='ocr-capabilities' content='ocr_page ocr_carea ocr_par ocr_line ocrx_word'/>
</head>
<body>
  <div class='ocr_page' id='page_1' title='image "./operaomniasixtiv14bonauoft/operaomniasixtiv14bonauoft_0625.png"; bbox 0 0 2029 3052; ppageno 0'>
   <div class='ocr_carea' id='block_1_1' title="bbox 600 229 1288 265">
    <p class='ocr_par' dir='ltr' id='par_1_1' title="bbox 600 229 1288 265">
     <span class='ocr_line' id='line_1_1' title="bbox 600 229 1288 265; baseline -0.003 -1"><span class='ocrx_word' id='word_1_1' title='bbox 600 231 641 265; x_wconf 88' lang='grc' dir='ltr'>ΙΝ</span> <span class='ocrx_word' id='word_1_2' title='bbox 664 230 856 264; x_wconf 86' lang='lat' dir='ltr'>REGULAM</span> <span class='ocrx_word' id='word_1_3' title='bbox 875 229 1070 263; x_wconf 79' lang='lat' dir='ltr'><strong>FRATRUM</strong></span> <span class='ocrx_word' id='word_1_4' title='bbox 1089 230 1288 263; x_wconf 83' lang='lat' dir='ltr'>MINORUM.</span> 
     </span>
    </p>
   </div>
   <div class='ocr_carea' id='block_1_2' title="bbox 133 301 916 2724">
    <p class='ocr_par' dir='ltr' id='par_1_2' title="bbox 136 301 916 616">
     <span class='ocr_line' id='line_1_2' title="bbox 138 301 916 343; baseline -0.005 -7"><span class='ocrx_word' id='word_1_5' title='bbox 138 313 225 343; x_wconf 88' lang='lat' dir='ltr'>vere,</span> <span class='ocrx_word' id='word_1_6' title='bbox 242 303 324 336; x_wconf 91' lang='lat' dir='ltr'>sicut</span> <span class='ocrx_word' id='word_1_7' title='bbox 337 303 392 336; x_wconf 83' lang='lat' dir='ltr'>alii</span> <span class='ocrx_word' id='word_1_8' title='bbox 406 303 522 343; x_wconf 86' lang='lat' dir='ltr'>clerici,</span> <span class='ocrx_word' id='word_1_9' title='bbox 539 302 574 335; x_wconf 90' lang='lat' dir='ltr'>in</span> <span class='ocrx_word' id='word_1_10' title='bbox 587 302 723 334; x_wconf 86' lang='lat' dir='ltr'>statibus</span> <span class='ocrx_word' id='word_1_11' title='bbox 736 301 870 334; x_wconf 90' lang='lat' dir='ltr'>honoris</span> <span class='ocrx_word' id='word_1_12' title='bbox 884 302 916 333; x_wconf 90' lang='lat' dir='ltr'>et</span> 
     </span>
     <span class='ocr_line' id='line_1_3' title="bbox 138 355 915 397; baseline -0.005 -7"><span class='ocrx_word' id='word_1_13' title='bbox 138 357 330 397; x_wconf 74' lang='lat' dir='ltr'>affluentiae,</span> <span class='ocrx_word' id='word_1_14' title='bbox 357 358 473 391; x_wconf 88' lang='lat' dir='ltr'>vivunt</span> <span class='ocrx_word' id='word_1_15' title='bbox 501 358 535 389; x_wconf 92' lang='lat' dir='ltr'>in</span> <span class='ocrx_word' id='word_1_16' title='bbox 565 358 649 389; x_wconf 82' lang='lat' dir='ltr'>statu</span> <span class='ocrx_word' id='word_1_17' title='bbox 672 355 862 397; x_wconf 83' lang='lat' dir='ltr'>ignominiae</span> <span class='ocrx_word' id='word_1_18' title='bbox 884 356 915 386; x_wconf 93' lang='lat' dir='ltr'>et</span> 
     </span>
     <span class='ocr_line' id='line_1_4' title="bbox 138 409 916 452; baseline -0.005 -8"><span class='ocrx_word' id='word_1_19' title='bbox 138 421 311 451; x_wconf 82' lang='lat' dir='ltr'>aerumnae,</span> <span class='ocrx_word' id='word_1_20' title='bbox 339 411 556 444; x_wconf 82' lang='lat' dir='ltr'><strong>mendicantes</strong></span> <span class='ocrx_word' id='word_1_21' title='bbox 580 419 638 452; x_wconf 91' lang='lat' dir='ltr'>pro</span> <span class='ocrx_word' id='word_1_22' title='bbox 661 419 694 442; x_wconf 89' lang='lat' dir='ltr'>se</span> <span class='ocrx_word' id='word_1_23' title='bbox 715 410 808 451; x_wconf 85' lang='lat' dir='ltr'>ipsis,</span> <span class='ocrx_word' id='word_1_24' title='bbox 833 409 916 441; x_wconf 89' lang='lat' dir='ltr'>sicut</span> 
     </span>
     <span class='ocr_line' id='line_1_5' title="bbox 139 464 915 507; baseline -0.004 -9"><span class='ocrx_word' id='word_1_25' title='bbox 139 466 258 499; x_wconf 86' lang='lat' dir='ltr'>Paulus</span> <span class='ocrx_word' id='word_1_26' title='bbox 277 465 472 498; x_wconf 81' lang='lat' dir='ltr'>mendicavit</span> <span class='ocrx_word' id='word_1_27' title='bbox 499 474 557 507; x_wconf 90' lang='lat' dir='ltr'>pro</span> <span class='ocrx_word' id='word_1_28' title='bbox 579 464 660 504; x_wconf 82' lang='lat' dir='ltr'>aliis,</span> <span class='ocrx_word' id='word_1_29' title='bbox 686 466 721 496; x_wconf 87' lang='lat' dir='ltr'>ut</span> <span class='ocrx_word' id='word_1_30' title='bbox 743 464 860 506; x_wconf 86' lang='lat' dir='ltr'>patebit</span> <span class='ocrx_word' id='word_1_31' title='bbox 882 464 915 494; x_wconf 93' lang='lat' dir='ltr'>in</span> 
     </span>
     <span class='ocr_line' id='line_1_6' title="bbox 137 519 913 565; baseline -0.003 -13"><span class='ocrx_word' id='word_1_32' title='bbox 137 520 278 562; x_wconf 88' lang='lat' dir='ltr'>epistolis</span> <span class='ocrx_word' id='word_1_33' title='bbox 293 520 371 559; x_wconf 87' lang='lat' dir='ltr'>suis,</span> <span class='ocrx_word' id='word_1_34' title='bbox 384 519 500 552; x_wconf 86' lang='lat' dir='ltr'>scilicet</span> <span class='ocrx_word' id='word_1_35' title='bbox 514 519 547 551; x_wconf 89' lang='lat' dir='ltr'>in</span> <span class='ocrx_word' id='word_1_36' title='bbox 558 519 695 565; x_wconf 81' lang='lat' dir='ltr'>collectis</span> <span class='ocrx_word' id='word_1_37' title='bbox 705 519 744 560; x_wconf 85' lang='lat' dir='ltr'>(a)</span> <span class='ocrx_word' id='word_1_38' title='bbox 760 527 818 560; x_wconf 90' lang='lat' dir='ltr'>pro</span> <span class='ocrx_word' id='word_1_39' title='bbox 832 527 913 559; x_wconf 85' lang='lat' dir='ltr'>pau-</span> 
     </span>
     <span class='ocr_line' id='line_1_7' title="bbox 136 573 444 616; baseline -0.006 -9"><span class='ocrx_word' id='word_1_40' title='bbox 136 575 268 616; x_wconf 86' lang='lat' dir='ltr'>perihus</span> <span class='ocrx_word' id='word_1_41' title='bbox 282 573 444 606; x_wconf 80' lang='lat' dir='ltr'>faciendis.</span> 
     </span>
    </p>

    <p class='ocr_par' dir='ltr' id='par_1_3' title="bbox 135 627 916 877">
     <span class='ocr_line' id='line_1_8' title="bbox 178 627 916 669; baseline -0.003 -9"><span class='ocrx_word' id='word_1_42' title='bbox 178 629 227 660; x_wconf 92' lang='lat' dir='ltr'>Ad</span> <span class='ocrx_word' id='word_1_43' title='bbox 239 628 402 668; x_wconf 89' lang='lat' dir='ltr'>ultimum,</span> <span class='ocrx_word' id='word_1_44' title='bbox 414 628 589 668; x_wconf 85' lang='lat' dir='ltr'>sciendum,</span> <span class='ocrx_word' id='word_1_45' title='bbox 598 628 684 669; x_wconf 92' lang='lat' dir='ltr'>quod</span> <span class='ocrx_word' id='word_1_46' title='bbox 697 628 722 660; x_wconf 92' lang='lat' dir='ltr'>si</span> <span class='ocrx_word' id='word_1_47' title='bbox 733 627 857 659; x_wconf 87' lang='lat' dir='ltr'>beatius</span> <span class='ocrx_word' id='word_1_48' title='bbox 868 627 916 658; x_wconf 88' lang='lat' dir='ltr'>est</span> 
     </span>
     <span class='ocr_line' id='line_1_9' title="bbox 137 682 915 724; baseline -0.003 -10"><span class='ocrx_word' id='word_1_49' title='bbox 137 683 243 723; x_wconf 85' lang='lat' dir='ltr'>magis</span> <span class='ocrx_word' id='word_1_50' title='bbox 261 683 348 722; x_wconf 85' lang='lat' dir='ltr'>dare,</span> <span class='ocrx_word' id='word_1_51' title='bbox 368 692 467 724; x_wconf 87' lang='lat' dir='ltr'>quam</span> <span class='ocrx_word' id='word_1_52' title='bbox 487 683 640 724; x_wconf 89' lang='lat' dir='ltr'>accipere,</span> <span class='ocrx_word' id='word_1_53' title='bbox 662 682 818 714; x_wconf 87' lang='lat' dir='ltr'>hatissimi</span> <span class='ocrx_word' id='word_1_54' title='bbox 840 683 915 713; x_wconf 90' lang='lat' dir='ltr'>sunt</span> 
     </span>
     <span class='ocr_line' id='line_1_10' title="bbox 137 736 912 779; baseline -0.004 -9"><span class='ocrx_word' id='word_1_55' title='bbox 137 738 194 779; x_wconf 91' lang='lat' dir='ltr'>qui</span> <span class='ocrx_word' id='word_1_56' title='bbox 222 737 332 770; x_wconf 90' lang='lat' dir='ltr'>omnia</span> <span class='ocrx_word' id='word_1_57' title='bbox 352 737 518 769; x_wconf 89' lang='lat' dir='ltr'>dederunt.</span> <span class='ocrx_word' id='word_1_58' title='bbox 554 736 643 768; x_wconf 88' lang='lat' dir='ltr'>Unde</span> <span class='ocrx_word' id='word_1_59' title='bbox 667 737 883 777; x_wconf 86' lang='lat' dir='ltr'>Hieronymus</span> <span class='ocrx_word' id='word_1_60' title='bbox 904 745 912 768; x_wconf 75' lang='grc' dir='ltr'><strong><em>ε</em></strong></span> 
     </span>
     <span class='ocr_line' id='line_1_11' title="bbox 140 790 915 831; baseline -0.001 -9"><span class='ocrx_word' id='word_1_61' title='bbox 140 804 155 822; x_wconf 84' lang='lat'>«</span> <span class='ocrx_word' id='word_1_62' title='bbox 166 791 266 824; x_wconf 91' lang='lat' dir='ltr'>Nemo</span> <span class='ocrx_word' id='word_1_63' title='bbox 280 790 449 831; x_wconf 81' lang='lat' dir='ltr'>perfectius</span> <span class='ocrx_word' id='word_1_64' title='bbox 464 791 587 830; x_wconf 93' lang='lat' dir='ltr'>erogat,</span> <span class='ocrx_word' id='word_1_65' title='bbox 604 799 704 831; x_wconf 88' lang='lat' dir='ltr'>quam</span> <span class='ocrx_word' id='word_1_66' title='bbox 716 790 772 831; x_wconf 88' lang='lat' dir='ltr'>qui</span> <span class='ocrx_word' id='word_1_67' title='bbox 785 790 847 821; x_wconf 91' lang='lat' dir='ltr'>sibi</span> <span class='ocrx_word' id='word_1_68' title='bbox 861 790 915 821; x_wconf 93' lang='lat' dir='ltr'>ni-</span> 
     </span>
     <span class='ocr_line' id='line_1_12' title="bbox 135 845 384 877; baseline -0.012 0"><span class='ocrx_word' id='word_1_69' title='bbox 135 845 180 877; x_wconf 91' lang='lat' dir='ltr'>hil</span> <span class='ocrx_word' id='word_1_70' title='bbox 196 845 350 877; x_wconf 86' lang='lat' dir='ltr'>reservat.</span> <span class='ocrx_word' id='word_1_71' title='bbox 369 854 384 873; x_wconf 72' lang='grc' dir='ltr'>ι)</span> 
     </span>
    </p>

    <p class='ocr_par' dir='ltr' id='par_1_4' title="bbox 135 897 915 1155">
     <span class='ocr_line' id='line_1_13' title="bbox 177 897 913 940; baseline -0.003 -9"><span class='ocrx_word' id='word_1_72' title='bbox 177 900 266 940; x_wconf 81' lang='lat' dir='ltr'>Item,</span> <span class='ocrx_word' id='word_1_73' title='bbox 284 899 311 930; x_wconf 93' lang='lat' dir='ltr'>si</span> <span class='ocrx_word' id='word_1_74' title='bbox 327 898 468 940; x_wconf 87' lang='lat' dir='ltr'>recipere</span> <span class='ocrx_word' id='word_1_75' title='bbox 483 898 642 929; x_wconf 83' lang='lat' dir='ltr'>diminuet</span> <span class='ocrx_word' id='word_1_76' title='bbox 653 897 691 929; x_wconf 93' lang='lat' dir='ltr'>de</span> <span class='ocrx_word' id='word_1_77' title='bbox 705 898 913 937; x_wconf 88' lang='lat' dir='ltr'>beatitudine,</span> 
     </span>
     <span class='ocr_line' id='line_1_14' title="bbox 136 952 913 995; baseline -0.004 -9"><span class='ocrx_word' id='word_1_78' title='bbox 136 964 217 995; x_wconf 86' lang='lat' dir='ltr'>ergo</span> <span class='ocrx_word' id='word_1_79' title='bbox 231 954 286 995; x_wconf 92' lang='lat' dir='ltr'>qui</span> <span class='ocrx_word' id='word_1_80' title='bbox 302 953 406 994; x_wconf 88' lang='lat' dir='ltr'>magis</span> <span class='ocrx_word' id='word_1_81' title='bbox 428 953 599 993; x_wconf 87' lang='lat' dir='ltr'>recipiunt,</span> <span class='ocrx_word' id='word_1_82' title='bbox 623 953 730 992; x_wconf 84' lang='lat' dir='ltr'>magis</span> <span class='ocrx_word' id='word_1_83' title='bbox 752 952 913 991; x_wconf 84' lang='lat' dir='ltr'>deficiunt,</span> 
     </span>
     <span class='ocr_line' id='line_1_15' title="bbox 136 1006 915 1050; baseline -0.003 -10"><span class='ocrx_word' id='word_1_84' title='bbox 136 1010 167 1040; x_wconf 90' lang='lat' dir='ltr'>et</span> <span class='ocrx_word' id='word_1_85' title='bbox 181 1008 237 1050; x_wconf 90' lang='lat' dir='ltr'>qui</span> <span class='ocrx_word' id='word_1_86' title='bbox 251 1008 359 1039; x_wconf 90' lang='lat' dir='ltr'>minus</span> <span class='ocrx_word' id='word_1_87' title='bbox 377 1007 546 1048; x_wconf 86' lang='lat' dir='ltr'>recipiunt,</span> <span class='ocrx_word' id='word_1_88' title='bbox 569 1007 679 1038; x_wconf 78' lang='lat' dir='ltr'>minus</span> <span class='ocrx_word' id='word_1_89' title='bbox 693 1006 856 1038; x_wconf 85' lang='lat' dir='ltr'>deficiunt.</span> <span class='ocrx_word' id='word_1_90' title='bbox 879 1007 915 1038; x_wconf 93' lang='lat' dir='ltr'>In</span> 
     </span>
     <span class='ocr_line' id='line_1_16' title="bbox 135 1060 915 1103; baseline -0.004 -9"><span class='ocrx_word' id='word_1_91' title='bbox 135 1062 197 1094; x_wconf 91' lang='lat' dir='ltr'>hac</span> <span class='ocrx_word' id='word_1_92' title='bbox 219 1064 308 1103; x_wconf 86' lang='lat' dir='ltr'>parte</span> <span class='ocrx_word' id='word_1_93' title='bbox 333 1061 409 1093; x_wconf 85' lang='lat' dir='ltr'>tales</span> <span class='ocrx_word' id='word_1_94' title='bbox 433 1062 509 1092; x_wconf 89' lang='lat' dir='ltr'>sunt</span> <span class='ocrx_word' id='word_1_95' title='bbox 530 1061 583 1092; x_wconf 89' lang='lat' dir='ltr'>isti</span> <span class='ocrx_word' id='word_1_96' title='bbox 606 1069 763 1101; x_wconf 83' lang='lat' dir='ltr'>pauperes</span> <span class='ocrx_word' id='word_1_97' title='bbox 791 1060 825 1090; x_wconf 94' lang='lat' dir='ltr'>in</span> <span class='ocrx_word' id='word_1_98' title='bbox 849 1061 915 1091; x_wconf 86' lang='lat' dir='ltr'>toto</span> 
     </span>
     <span class='ocr_line' id='line_1_17' title="bbox 136 1115 566 1155; baseline -0.005 -8"><span class='ocrx_word' id='word_1_99' title='bbox 136 1115 221 1147; x_wconf 87' lang='lat' dir='ltr'>clero</span> <span class='ocrx_word' id='word_1_100' title='bbox 234 1124 276 1146; x_wconf 81' lang='lat' dir='ltr'>ex</span> <span class='ocrx_word' id='word_1_101' title='bbox 290 1124 349 1146; x_wconf 82' lang='lat' dir='ltr'>sua</span> <span class='ocrx_word' id='word_1_102' title='bbox 361 1115 566 1155; x_wconf 82' lang='lat' dir='ltr'>professione.</span> 
     </span>
    </p>

    <p class='ocr_par' dir='ltr' id='par_1_5' title="bbox 133 1166 916 1738">
     <span class='ocr_line' id='line_1_18' title="bbox 177 1166 912 1208; baseline -0.004 -8"><span class='ocrx_word' id='word_1_103' title='bbox 177 1169 274 1208; x_wconf 85' lang='lat' dir='ltr'>Item,</span> <span class='ocrx_word' id='word_1_104' title='bbox 298 1168 372 1200; x_wconf 84' lang='lat' dir='ltr'>licet</span> <span class='ocrx_word' id='word_1_105' title='bbox 393 1168 469 1200; x_wconf 89' lang='lat' dir='ltr'>dare</span> <span class='ocrx_word' id='word_1_106' title='bbox 492 1167 678 1208; x_wconf 89' lang='lat' dir='ltr'>simpliciter</span> <span class='ocrx_word' id='word_1_107' title='bbox 709 1166 833 1197; x_wconf 85' lang='lat' dir='ltr'>beatius</span> <span class='ocrx_word' id='word_1_108' title='bbox 856 1167 912 1206; x_wconf 89' lang='lat' dir='ltr'>sit,</span> 
     </span>
     <span class='ocr_line' id='line_1_19' title="bbox 135 1221 916 1264; baseline -0.005 -9"><span class='ocrx_word' id='word_1_109' title='bbox 135 1232 234 1264; x_wconf 84' lang='lat' dir='ltr'>quam</span> <span class='ocrx_word' id='word_1_110' title='bbox 258 1222 419 1263; x_wconf 79' lang='lat' dir='ltr'>recipere,</span> <span class='ocrx_word' id='word_1_111' title='bbox 444 1223 553 1253; x_wconf 89' lang='lat' dir='ltr'>tamen</span> <span class='ocrx_word' id='word_1_112' title='bbox 577 1231 651 1253; x_wconf 90' lang='lat' dir='ltr'>cum</span> <span class='ocrx_word' id='word_1_113' title='bbox 675 1221 916 1252; x_wconf 81' lang='lat' dir='ltr'>circumstantia</span> 
     </span>
     <span class='ocr_line' id='line_1_20' title="bbox 135 1276 915 1317; baseline -0.004 -8"><span class='ocrx_word' id='word_1_114' title='bbox 135 1279 232 1310; x_wconf 77' lang='lat' dir='ltr'>tantae</span> <span class='ocrx_word' id='word_1_115' title='bbox 247 1277 436 1308; x_wconf 87' lang='lat' dir='ltr'>humilitatis</span> <span class='ocrx_word' id='word_1_116' title='bbox 449 1276 591 1317; x_wconf 88' lang='lat' dir='ltr'>recipere</span> <span class='ocrx_word' id='word_1_117' title='bbox 600 1277 648 1307; x_wconf 85' lang='lat' dir='ltr'>est</span> <span class='ocrx_word' id='word_1_118' title='bbox 662 1276 797 1314; x_wconf 86' lang='lat' dir='ltr'>beatius,</span> <span class='ocrx_word' id='word_1_119' title='bbox 814 1285 915 1316; x_wconf 87' lang='lat' dir='ltr'>quam</span> 
     </span>
     <span class='ocr_line' id='line_1_21' title="bbox 135 1329 913 1370; baseline -0.003 -7"><span class='ocrx_word' id='word_1_120' title='bbox 135 1331 222 1363; x_wconf 87' lang='lat' dir='ltr'>dare.</span> <span class='ocrx_word' id='word_1_121' title='bbox 237 1331 327 1363; x_wconf 87' lang='lat' dir='ltr'>Unde</span> <span class='ocrx_word' id='word_1_122' title='bbox 343 1331 498 1362; x_wconf 88' lang='lat' dir='ltr'>Dominus</span> <span class='ocrx_word' id='word_1_123' title='bbox 519 1339 594 1361; x_wconf 88' lang='lat' dir='ltr'>suos</span> <span class='ocrx_word' id='word_1_124' title='bbox 610 1329 781 1370; x_wconf 86' lang='lat' dir='ltr'>discipulos</span> <span class='ocrx_word' id='word_1_125' title='bbox 803 1330 843 1361; x_wconf 88' lang='lat' dir='ltr'>ad</span> <span class='ocrx_word' id='word_1_126' title='bbox 862 1339 913 1361; x_wconf 87' lang='lat' dir='ltr'>re-</span> 
     </span>
     <span class='ocr_line' id='line_1_22' title="bbox 135 1383 913 1425; baseline -0.003 -9"><span class='ocrx_word' id='word_1_127' title='bbox 135 1385 313 1425; x_wconf 87' lang='lat' dir='ltr'>ceptionem</span> <span class='ocrx_word' id='word_1_128' title='bbox 331 1384 527 1423; x_wconf 83' lang='lat' dir='ltr'>informavit,</span> <span class='ocrx_word' id='word_1_129' title='bbox 551 1392 631 1424; x_wconf 88' lang='lat' dir='ltr'>quos</span> <span class='ocrx_word' id='word_1_130' title='bbox 654 1383 758 1414; x_wconf 87' lang='lat' dir='ltr'>nudos</span> <span class='ocrx_word' id='word_1_131' title='bbox 773 1392 830 1423; x_wconf 88' lang='lat' dir='ltr'>per</span> <span class='ocrx_word' id='word_1_132' title='bbox 853 1392 913 1415; x_wconf 84' lang='lat' dir='ltr'>sae-</span> 
     </span>
     <span class='ocr_line' id='line_1_23' title="bbox 134 1437 913 1478; baseline 0 -8"><span class='ocrx_word' id='word_1_133' title='bbox 134 1439 207 1470; x_wconf 88' lang='lat' dir='ltr'>cula</span> <span class='ocrx_word' id='word_1_134' title='bbox 216 1439 396 1470; x_wconf 88' lang='lat' dir='ltr'>destinavit.</span> <span class='ocrx_word' id='word_1_135' title='bbox 419 1438 546 1470; x_wconf 75' lang='lat' dir='ltr'>Vadunt</span> <span class='ocrx_word' id='word_1_136' title='bbox 568 1438 683 1477; x_wconf 75' lang='lat' dir='ltr'>fratres</span> <span class='ocrx_word' id='word_1_137' title='bbox 702 1445 764 1478; x_wconf 85' lang='lat' dir='ltr'>pro</span> <span class='ocrx_word' id='word_1_138' title='bbox 786 1437 913 1470; x_wconf 86' lang='lat' dir='ltr'>eleemo-</span> 
     </span>
     <span class='ocr_line' id='line_1_24' title="bbox 133 1493 915 1533; baseline -0.003 -8"><span class='ocrx_word' id='word_1_139' title='bbox 133 1499 219 1533; x_wconf 74' lang='lat' dir='ltr'>syna</span> <span class='ocrx_word' id='word_1_140' title='bbox 239 1493 445 1532; x_wconf 73' lang='lat' dir='ltr'>confidenter,</span> <span class='ocrx_word' id='word_1_141' title='bbox 468 1500 524 1524; x_wconf 82' lang='lat' dir='ltr'>nec</span> <span class='ocrx_word' id='word_1_142' title='bbox 548 1493 665 1532; x_wconf 77' lang='lat' dir='ltr'>oportet</span> <span class='ocrx_word' id='word_1_143' title='bbox 689 1499 739 1524; x_wconf 86' lang='lat' dir='ltr'>eos</span> <span class='ocrx_word' id='word_1_144' title='bbox 762 1499 915 1523; x_wconf 85' lang='lat' dir='ltr'>verecun-</span> 
     </span>
     <span class='ocr_line' id='line_1_25' title="bbox 134 1545 914 1587; baseline -0.001 -9"><span class='ocrx_word' id='word_1_145' title='bbox 134 1546 220 1585; x_wconf 87' lang='lat' dir='ltr'>dari,</span> <span class='ocrx_word' id='word_1_146' title='bbox 233 1547 312 1587; x_wconf 83' lang='lat' dir='ltr'>quia</span> <span class='ocrx_word' id='word_1_147' title='bbox 326 1547 481 1578; x_wconf 77' lang='lat' dir='ltr'>Dominus</span> <span class='ocrx_word' id='word_1_148' title='bbox 494 1548 599 1578; x_wconf 84' lang='lat' dir='ltr'>noster</span> <span class='ocrx_word' id='word_1_149' title='bbox 611 1553 642 1577; x_wconf 90' lang='lat' dir='ltr'>se</span> <span class='ocrx_word' id='word_1_150' title='bbox 653 1545 729 1584; x_wconf 76' lang='lat' dir='ltr'>feeit</span> <span class='ocrx_word' id='word_1_151' title='bbox 741 1553 914 1585; x_wconf 73' lang='lat' dir='ltr'>pauperem</span> 
     </span>
     <span class='ocr_line' id='line_1_26' title="bbox 135 1599 914 1639; baseline -0.004 -7"><span class='ocrx_word' id='word_1_152' title='bbox 135 1601 173 1632; x_wconf 91' lang='lat' dir='ltr'>in</span> <span class='ocrx_word' id='word_1_153' title='bbox 190 1600 247 1633; x_wconf 83' lang='lat' dir='ltr'>hoc</span> <span class='ocrx_word' id='word_1_154' title='bbox 270 1600 400 1633; x_wconf 81' lang='lat' dir='ltr'>mundo.</span> <span class='ocrx_word' id='word_1_155' title='bbox 418 1600 479 1631; x_wconf 87' lang='lat' dir='ltr'>Sed</span> <span class='ocrx_word' id='word_1_156' title='bbox 496 1599 687 1639; x_wconf 81' lang='lat' dir='ltr'>glorientur,</span> <span class='ocrx_word' id='word_1_157' title='bbox 704 1599 781 1639; x_wconf 88' lang='lat' dir='ltr'>quia</span> <span class='ocrx_word' id='word_1_158' title='bbox 802 1599 914 1630; x_wconf 87' lang='lat' dir='ltr'>datum</span> 
     </span>
     <span class='ocr_line' id='line_1_27' title="bbox 135 1652 912 1694; baseline -0.003 -9"><span class='ocrx_word' id='word_1_159' title='bbox 135 1656 183 1685; x_wconf 89' lang='lat' dir='ltr'>est</span> <span class='ocrx_word' id='word_1_160' title='bbox 199 1653 243 1685; x_wconf 86' lang='lat' dir='ltr'>eis</span> <span class='ocrx_word' id='word_1_161' title='bbox 262 1663 320 1694; x_wconf 90' lang='lat' dir='ltr'>pro</span> <span class='ocrx_word' id='word_1_162' title='bbox 340 1654 470 1685; x_wconf 90' lang='lat' dir='ltr'>nomine</span> <span class='ocrx_word' id='word_1_163' title='bbox 489 1653 563 1685; x_wconf 76' lang='lat' dir='ltr'>Jnsu</span> <span class='ocrx_word' id='word_1_164' title='bbox 583 1652 812 1684; x_wconf 88' lang='lat' dir='ltr'>contumeliam</span> <span class='ocrx_word' id='word_1_165' title='bbox 831 1653 912 1693; x_wconf 84' lang='lat' dir='ltr'>pati,</span> 
     </span>
     <span class='ocr_line' id='line_1_28' title="bbox 135 1706 693 1738; baseline -0.002 0"><span class='ocrx_word' id='word_1_166' title='bbox 135 1707 214 1738; x_wconf 89' lang='lat' dir='ltr'>nihil</span> <span class='ocrx_word' id='word_1_167' title='bbox 230 1707 423 1738; x_wconf 80' lang='lat' dir='ltr'>habentibus</span> <span class='ocrx_word' id='word_1_168' title='bbox 437 1707 471 1738; x_wconf 90' lang='lat' dir='ltr'>in</span> <span class='ocrx_word' id='word_1_169' title='bbox 486 1707 546 1738; x_wconf 87' lang='lat' dir='ltr'>hoc</span> <span class='ocrx_word' id='word_1_170' title='bbox 562 1706 693 1737; x_wconf 90' lang='lat' dir='ltr'>mundo.</span> 
     </span>
    </p>

    <p class='ocr_par' dir='ltr' id='par_1_6' title="bbox 135 1761 916 2724">
     <span class='ocr_line' id='line_1_29' title="bbox 176 1761 913 1801; baseline -0.001 -8"><span class='ocrx_word' id='word_1_171' title='bbox 176 1762 251 1793; x_wconf 84' lang='lat' dir='ltr'>Hoec</span> <span class='ocrx_word' id='word_1_172' title='bbox 265 1764 309 1794; x_wconf 83' lang='lat' dir='ltr'>est</span> <span class='ocrx_word' id='word_1_173' title='bbox 327 1762 387 1794; x_wconf 84' lang='lat' dir='ltr'>illa</span> <span class='ocrx_word' id='word_1_174' title='bbox 407 1761 562 1794; x_wconf 83' lang='lat' dir='ltr'>celsitudo</span> <span class='ocrx_word' id='word_1_175' title='bbox 585 1761 754 1793; x_wconf 77' lang='lat' dir='ltr'>altissima&gt;</span> <span class='ocrx_word' id='word_1_176' title='bbox 773 1768 913 1801; x_wconf 85' lang='lat' dir='ltr'>pauper-</span> 
     </span>
     <span class='ocr_line' id='line_1_30' title="bbox 136 1815 914 1855; baseline -0.003 -8"><span class='ocrx_word' id='word_1_177' title='bbox 136 1817 225 1854; x_wconf 80' lang='lat' dir='ltr'>tatis,</span> <span class='ocrx_word' id='word_1_178' title='bbox 241 1817 300 1846; x_wconf 78' lang='lat' dir='ltr'>etc.</span> <span class='ocrx_word' id='word_1_179' title='bbox 313 1815 417 1853; x_wconf 85' lang='lat' dir='ltr'>Quare</span> <span class='ocrx_word' id='word_1_180' title='bbox 430 1815 671 1853; x_wconf 83' lang='lat' dir='ltr'>altissimae,nisi</span> <span class='ocrx_word' id='word_1_181' title='bbox 680 1815 757 1855; x_wconf 87' lang='lat' dir='ltr'>quia</span> <span class='ocrx_word' id='word_1_182' title='bbox 768 1815 914 1845; x_wconf 86' lang='lat' dir='ltr'>amundo</span> 
     </span>
     <span class='ocr_line' id='line_1_31' title="bbox 135 1868 913 1910; baseline -0.003 -10"><span class='ocrx_word' id='word_1_183' title='bbox 135 1869 376 1908; x_wconf 76' lang='lat' dir='ltr'>remotissimae,</span> <span class='ocrx_word' id='word_1_184' title='bbox 402 1871 433 1901; x_wconf 87' lang='lat' dir='ltr'>et</span> <span class='ocrx_word' id='word_1_185' title='bbox 453 1878 509 1910; x_wconf 88' lang='lat' dir='ltr'>per</span> <span class='ocrx_word' id='word_1_186' title='bbox 534 1877 731 1908; x_wconf 83' lang='lat' dir='ltr'>consequens</span> <span class='ocrx_word' id='word_1_187' title='bbox 758 1868 913 1899; x_wconf 86' lang='lat' dir='ltr'>coelorum</span> 
     </span>
     <span class='ocr_line' id='line_1_32' title="bbox 135 1923 912 1963; baseline -0.001 -9"><span class='ocrx_word' id='word_1_188' title='bbox 135 1932 236 1963; x_wconf 85' lang='lat' dir='ltr'>regno</span> <span class='ocrx_word' id='word_1_189' title='bbox 250 1932 377 1954; x_wconf 84' lang='lat' dir='ltr'>summe</span> <span class='ocrx_word' id='word_1_190' title='bbox 385 1924 511 1962; x_wconf 71' lang='lat' dir='ltr'>vicinae,</span> <span class='ocrx_word' id='word_1_191' title='bbox 523 1923 569 1954; x_wconf 91' lang='lat' dir='ltr'>illi</span> <span class='ocrx_word' id='word_1_192' title='bbox 580 1923 677 1954; x_wconf 86' lang='lat' dir='ltr'>etiam</span> <span class='ocrx_word' id='word_1_193' title='bbox 686 1923 761 1954; x_wconf 79' lang='lat' dir='ltr'>vitae</span> <span class='ocrx_word' id='word_1_194' title='bbox 772 1924 912 1961; x_wconf 78' lang='lat' dir='ltr'>aeternae,</span> 
     </span>
     <span class='ocr_line' id='line_1_33' title="bbox 135 1977 914 2018; baseline -0.001 -10"><span class='ocrx_word' id='word_1_195' title='bbox 135 1979 173 2009; x_wconf 91' lang='lat' dir='ltr'>ut</span> <span class='ocrx_word' id='word_1_196' title='bbox 187 1980 234 2008; x_wconf 87' lang='lat' dir='ltr'>est</span> <span class='ocrx_word' id='word_1_197' title='bbox 257 1978 414 2018; x_wconf 88' lang='lat' dir='ltr'>possible,</span> <span class='ocrx_word' id='word_1_198' title='bbox 433 1978 617 2017; x_wconf 81' lang='lat' dir='ltr'>simillimae,</span> <span class='ocrx_word' id='word_1_199' title='bbox 635 1977 689 2008; x_wconf 85' lang='lat' dir='ltr'>ubi</span> <span class='ocrx_word' id='word_1_200' title='bbox 708 1977 790 2007; x_wconf 91' lang='lat' dir='ltr'>nihil</span> <span class='ocrx_word' id='word_1_201' title='bbox 813 1979 914 2008; x_wconf 88' lang='lat' dir='ltr'>terre-</span> 
     </span>
     <span class='ocr_line' id='line_1_34' title="bbox 136 2030 915 2072; baseline -0.001 -10"><span class='ocrx_word' id='word_1_202' title='bbox 136 2041 216 2063; x_wconf 90' lang='lat' dir='ltr'>num</span> <span class='ocrx_word' id='word_1_203' title='bbox 242 2034 289 2063; x_wconf 84' lang='lat' dir='ltr'>est</span> <span class='ocrx_word' id='word_1_204' title='bbox 313 2032 496 2072; x_wconf 78' lang='lat' dir='ltr'>proprium,</span> <span class='ocrx_word' id='word_1_205' title='bbox 525 2032 575 2063; x_wconf 92' lang='lat' dir='ltr'>vel</span> <span class='ocrx_word' id='word_1_206' title='bbox 605 2032 797 2063; x_wconf 81' lang='lat' dir='ltr'>commune?</span> <span class='ocrx_word' id='word_1_207' title='bbox 826 2030 915 2062; x_wconf 87' lang='lat' dir='ltr'>Unde</span> 
     </span>
     <span class='ocr_line' id='line_1_35' title="bbox 137 2085 915 2125; baseline 0 -9"><span class='ocrx_word' id='word_1_208' title='bbox 137 2085 268 2117; x_wconf 87' lang='lat' dir='ltr'>subdit:</span> <span class='ocrx_word' id='word_1_209' title='bbox 293 2086 367 2123; x_wconf 69' lang='lat' dir='ltr'>Quae</span> <span class='ocrx_word' id='word_1_210' title='bbox 389 2094 445 2118; x_wconf 84' lang='lat' dir='ltr'>vos</span> <span class='ocrx_word' id='word_1_211' title='bbox 458 2086 664 2118; x_wconf 80' lang='lat' dir='ltr'>charissimos</span> <span class='ocrx_word' id='word_1_212' title='bbox 687 2087 804 2125; x_wconf 75' lang='lat' dir='ltr'>fratres</span> <span class='ocrx_word' id='word_1_213' title='bbox 831 2093 915 2117; x_wconf 82' lang='lat' dir='ltr'>meos</span> 
     </span>
     <span class='ocr_line' id='line_1_36' title="bbox 136 2139 915 2180; baseline -0.001 -9"><span class='ocrx_word' id='word_1_214' title='bbox 136 2139 286 2178; x_wconf 63' lang='lat' dir='ltr'>haeredes,</span> <span class='ocrx_word' id='word_1_215' title='bbox 311 2142 339 2172; x_wconf 89' lang='lat' dir='ltr'>et</span> <span class='ocrx_word' id='word_1_216' title='bbox 359 2148 445 2180; x_wconf 72' lang='lat' dir='ltr'>reyes</span> <span class='ocrx_word' id='word_1_217' title='bbox 464 2141 557 2180; x_wconf 73' lang='lat' dir='ltr'>reqni</span> <span class='ocrx_word' id='word_1_218' title='bbox 578 2141 724 2173; x_wconf 81' lang='lat' dir='ltr'>coetorum</span> <span class='ocrx_word' id='word_1_219' title='bbox 748 2140 915 2172; x_wconf 71' lang='lat' dir='ltr'>instituit:</span> 
     </span>
     <span class='ocr_line' id='line_1_37' title="bbox 137 2193 914 2234; baseline 0.001 -10"><span class='ocrx_word' id='word_1_220' title='bbox 137 2193 207 2224; x_wconf 88' lang='lat' dir='ltr'>ideo</span> <span class='ocrx_word' id='word_1_221' title='bbox 222 2193 376 2233; x_wconf 80' lang='lat' dir='ltr'>hoeredes,</span> <span class='ocrx_word' id='word_1_222' title='bbox 393 2194 469 2234; x_wconf 89' lang='lat' dir='ltr'>quia</span> <span class='ocrx_word' id='word_1_223' title='bbox 484 2194 592 2225; x_wconf 87' lang='lat' dir='ltr'>omnia</span> <span class='ocrx_word' id='word_1_224' title='bbox 608 2195 842 2226; x_wconf 81' lang='lat' dir='ltr'>dimittentibus</span> <span class='ocrx_word' id='word_1_225' title='bbox 857 2203 914 2234; x_wconf 86' lang='lat' dir='ltr'>pro</span> 
     </span>
     <span class='ocr_line' id='line_1_38' title="bbox 136 2247 912 2289; baseline 0.003 -12"><span class='ocrx_word' id='word_1_226' title='bbox 136 2255 239 2286; x_wconf 87' lang='lat' dir='ltr'>regno</span> <span class='ocrx_word' id='word_1_227' title='bbox 254 2247 423 2287; x_wconf 87' lang='lat' dir='ltr'>coelorum,</span> <span class='ocrx_word' id='word_1_228' title='bbox 441 2249 639 2289; x_wconf 85' lang='lat' dir='ltr'>promittitur</span> <span class='ocrx_word' id='word_1_229' title='bbox 660 2248 763 2288; x_wconf 85' lang='lat' dir='ltr'>gloria</span> <span class='ocrx_word' id='word_1_230' title='bbox 777 2250 912 2287; x_wconf 79' lang='lat' dir='ltr'>aeterna3</span> 
     </span>
     <span class='ocr_line' id='line_1_39' title="bbox 136 2300 914 2343; baseline 0.003 -12"><span class='ocrx_word' id='word_1_231' title='bbox 136 2300 208 2331; x_wconf 91' lang='lat' dir='ltr'>ideo</span> <span class='ocrx_word' id='word_1_232' title='bbox 222 2308 318 2341; x_wconf 68' lang='lat' dir='ltr'>reyes,</span> <span class='ocrx_word' id='word_1_233' title='bbox 338 2301 413 2342; x_wconf 88' lang='lat' dir='ltr'>quia</span> <span class='ocrx_word' id='word_1_234' title='bbox 429 2302 585 2333; x_wconf 87' lang='lat' dir='ltr'>solutione</span> <span class='ocrx_word' id='word_1_235' title='bbox 606 2303 687 2333; x_wconf 82' lang='lat' dir='ltr'>facta</span> <span class='ocrx_word' id='word_1_236' title='bbox 701 2302 842 2343; x_wconf 88' lang='lat' dir='ltr'>plenaria</span> <span class='ocrx_word' id='word_1_237' title='bbox 857 2312 914 2343; x_wconf 88' lang='lat' dir='ltr'>pro</span> 
     </span>
     <span class='ocr_line' id='line_1_40' title="bbox 137 2358 913 2392; baseline 0.004 -5"><span class='ocrx_word' id='word_1_238' title='bbox 137 2366 171 2387; x_wconf 87' lang='lat' dir='ltr'>re</span> <span class='ocrx_word' id='word_1_239' title='bbox 196 2358 341 2388; x_wconf 88' lang='lat' dir='ltr'>emenda.</span> <span class='ocrx_word' id='word_1_240' title='bbox 366 2358 485 2389; x_wconf 79' lang='lat' dir='ltr'>Idcirco</span> <span class='ocrx_word' id='word_1_241' title='bbox 509 2359 543 2389; x_wconf 91' lang='lat' dir='ltr'>in</span> <span class='ocrx_word' id='word_1_242' title='bbox 566 2359 716 2392; x_wconf 74' lang='lat' dir='ltr'>Muttltceo</span> <span class='ocrx_word' id='word_1_243' title='bbox 739 2359 853 2390; x_wconf 83' lang='lat' dir='ltr'>dicitur</span> <span class='ocrx_word' id='word_1_244' title='bbox 870 2360 878 2376; x_wconf 86' lang='lat'>²</span> <span class='ocrx_word' id='word_1_245' title='bbox 906 2369 913 2390; x_wconf 93' lang='lat'>:</span> 
     </span>
     <span class='ocr_line' id='line_1_41' title="bbox 138 2411 916 2453; baseline 0.004 -11"><span class='ocrx_word' id='word_1_246' title='bbox 138 2411 230 2442; x_wconf 85' lang='lat' dir='ltr'>Beati</span> <span class='ocrx_word' id='word_1_247' title='bbox 239 2419 394 2451; x_wconf 75' lang='lat' dir='ltr'>pauperes</span> <span class='ocrx_word' id='word_1_248' title='bbox 404 2413 535 2451; x_wconf 84' lang='lat' dir='ltr'>spiritu,</span> <span class='ocrx_word' id='word_1_249' title='bbox 549 2414 703 2452; x_wconf 83' lang='lat' dir='ltr'>quoniam</span> <span class='ocrx_word' id='word_1_250' title='bbox 712 2413 855 2453; x_wconf 82' lang='lat' dir='ltr'>ipsorum</span> <span class='ocrx_word' id='word_1_251' title='bbox 870 2416 916 2445; x_wconf 82' lang='lat' dir='ltr'>est</span> 
     </span>
     <span class='ocr_line' id='line_1_42' title="bbox 137 2465 914 2508; baseline 0.003 -12"><span class='ocrx_word' id='word_1_252' title='bbox 137 2473 271 2504; x_wconf 68' lang='lat' dir='ltr'>reanum</span> <span class='ocrx_word' id='word_1_253' title='bbox 294 2465 453 2498; x_wconf 84' lang='lat' dir='ltr'>eoelorum.</span> <span class='ocrx_word' id='word_1_254' title='bbox 477 2466 559 2497; x_wconf 89' lang='lat' dir='ltr'>Sunt</span> <span class='ocrx_word' id='word_1_255' title='bbox 582 2476 660 2507; x_wconf 83' lang='lat' dir='ltr'>ergo</span> <span class='ocrx_word' id='word_1_256' title='bbox 681 2469 835 2508; x_wconf 80' lang='lat' dir='ltr'>tanquam</span> <span class='ocrx_word' id='word_1_257' title='bbox 858 2467 914 2498; x_wconf 90' lang='lat' dir='ltr'>do-</span> 
     </span>
     <span class='ocr_line' id='line_1_43' title="bbox 138 2519 916 2562; baseline 0.005 -13"><span class='ocrx_word' id='word_1_258' title='bbox 138 2519 219 2549; x_wconf 90' lang='lat' dir='ltr'>mini</span> <span class='ocrx_word' id='word_1_259' title='bbox 229 2519 395 2558; x_wconf 83' lang='lat' dir='ltr'>coelorum,</span> <span class='ocrx_word' id='word_1_260' title='bbox 410 2520 486 2560; x_wconf 80' lang='lat' dir='ltr'>quia</span> <span class='ocrx_word' id='word_1_261' title='bbox 496 2522 609 2552; x_wconf 88' lang='lat' dir='ltr'>cuncta</span> <span class='ocrx_word' id='word_1_262' title='bbox 619 2521 773 2552; x_wconf 85' lang='lat' dir='ltr'>dederunt</span> <span class='ocrx_word' id='word_1_263' title='bbox 787 2524 916 2562; x_wconf 85' lang='lat' dir='ltr'>propter</span> 
     </span>
     <span class='ocr_line' id='line_1_44' title="bbox 139 2572 916 2616; baseline 0.005 -13"><span class='ocrx_word' id='word_1_264' title='bbox 139 2572 252 2611; x_wconf 89' lang='lat' dir='ltr'>Deum,</span> <span class='ocrx_word' id='word_1_265' title='bbox 269 2574 417 2613; x_wconf 86' lang='lat' dir='ltr'>quamvis</span> <span class='ocrx_word' id='word_1_266' title='bbox 438 2574 582 2605; x_wconf 90' lang='lat' dir='ltr'>nondum</span> <span class='ocrx_word' id='word_1_267' title='bbox 605 2577 678 2606; x_wconf 89' lang='lat' dir='ltr'>sunt</span> <span class='ocrx_word' id='word_1_268' title='bbox 697 2575 730 2606; x_wconf 85' lang='lat' dir='ltr'>iu</span> <span class='ocrx_word' id='word_1_269' title='bbox 752 2577 823 2615; x_wconf 72' lang='lat' dir='ltr'>eius</span> <span class='ocrx_word' id='word_1_270' title='bbox 842 2585 916 2616; x_wconf 89' lang='lat' dir='ltr'>pos-</span> 
     </span>
     <span class='ocr_line' id='line_1_45' title="bbox 139 2626 915 2670; baseline 0.005 -13"><span class='ocrx_word' id='word_1_271' title='bbox 139 2626 287 2658; x_wconf 82' lang='lat' dir='ltr'>sessione.</span> <span class='ocrx_word' id='word_1_272' title='bbox 318 2627 410 2659; x_wconf 88' lang='lat' dir='ltr'>Hunc</span> <span class='ocrx_word' id='word_1_273' title='bbox 431 2630 538 2659; x_wconf 85' lang='lat' dir='ltr'>autem</span> <span class='ocrx_word' id='word_1_274' title='bbox 563 2629 696 2660; x_wconf 89' lang='lat' dir='ltr'>modum</span> <span class='ocrx_word' id='word_1_275' title='bbox 729 2630 915 2670; x_wconf 79' lang='lat' dir='ltr'>acquirendi</span> 
     </span>
     <span class='ocr_line' id='line_1_46' title="bbox 139 2682 913 2724; baseline 0.006 -13"><span class='ocrx_word' id='word_1_276' title='bbox 139 2689 278 2720; x_wconf 85' lang='lat' dir='ltr'>regnum</span> <span class='ocrx_word' id='word_1_277' title='bbox 292 2682 388 2719; x_wconf 89' lang='lat' dir='ltr'>addit,</span> <span class='ocrx_word' id='word_1_278' title='bbox 405 2683 511 2713; x_wconf 70' lang='lat' dir='ltr'>dicens</span> <span class='ocrx_word' id='word_1_279' title='bbox 529 2693 535 2713; x_wconf 76' lang='grc' dir='ltr'><strong><em>ι</em></strong></span> <span class='ocrx_word' id='word_1_280' title='bbox 554 2683 710 2723; x_wconf 81' lang='lat' dir='ltr'>Pauperes</span> <span class='ocrx_word' id='word_1_281' title='bbox 725 2684 814 2716; x_wconf 78' lang='lat' dir='ltr'>rebus</span> <span class='ocrx_word' id='word_1_282' title='bbox 830 2686 913 2724; x_wconf 78' lang='lat' dir='ltr'>tecit,</span> 
     </span>
    </p>
   </div>
   <div class='ocr_carea' id='block_1_3' title="bbox 175 2744 670 2777">
    <p class='ocr_par' dir='ltr' id='par_1_7' title="bbox 175 2744 670 2777">
     <span class='ocr_line' id='line_1_47' title="bbox 175 2744 670 2777; baseline 0.01 -11"><span class='ocrx_word' id='word_1_283' title='bbox 175 2744 336 2775; x_wconf 74' lang='lat' dir='ltr'>&#39;Mat!)1.,V,</span> <span class='ocrx_word' id='word_1_284' title='bbox 355 2747 376 2769; x_wconf 84' lang='grc'>3,</span> <span class='ocrx_word' id='word_1_285' title='bbox 392 2759 422 2762; x_wconf 93' lang='grc'>-</span> <span class='ocrx_word' id='word_1_286' title='bbox 437 2746 670 2777; x_wconf 72' lang='lat' dir='ltr'>²J0arz.,x111‚35.</span> 
     </span>
    </p>
   </div>
   <div class='ocr_carea' id='block_1_4' title="bbox 1689 235 1748 267">
    <p class='ocr_par' dir='ltr' id='par_1_8' title="bbox 1689 235 1748 267">
     <span class='ocr_line' id='line_1_48' title="bbox 1689 235 1748 267; baseline 0.017 -1"><span class='ocrx_word' id='word_1_287' title='bbox 1689 235 1748 267; x_wconf 74' lang='lat'>587</span> 
     </span>
    </p>
   </div>
   <div class='ocr_carea' id='block_1_5' title="bbox 968 301 1754 2719">
    <p class='ocr_par' dir='ltr' id='par_1_9' title="bbox 968 301 1752 1102">
     <span class='ocr_line' id='line_1_49' title="bbox 968 301 1749 335; baseline 0.001 -2"><span class='ocrx_word' id='word_1_288' title='bbox 968 303 999 334; x_wconf 81' lang='lat' dir='ltr'>et</span> <span class='ocrx_word' id='word_1_289' title='bbox 1013 301 1191 334; x_wconf 77' lang='lat' dir='ltr'>virtutibus</span> <span class='ocrx_word' id='word_1_290' title='bbox 1200 301 1387 335; x_wconf 79' lang='lat' dir='ltr'>sublimavit</span> <span class='ocrx_word' id='word_1_291' title='bbox 1405 311 1417 332; x_wconf 92' lang='lat'>.·</span> <span class='ocrx_word' id='word_1_292' title='bbox 1432 301 1472 333; x_wconf 88' lang='lat' dir='ltr'>ad</span> <span class='ocrx_word' id='word_1_293' title='bbox 1486 302 1548 334; x_wconf 89' lang='lat' dir='ltr'>hoc</span> <span class='ocrx_word' id='word_1_294' title='bbox 1561 302 1648 334; x_wconf 85' lang='lat' dir='ltr'>enim</span> <span class='ocrx_word' id='word_1_295' title='bbox 1662 302 1749 334; x_wconf 87' lang='lat' dir='ltr'>ordi-</span> 
     </span>
     <span class='ocr_line' id='line_1_50' title="bbox 969 356 1748 398; baseline 0.003 -12"><span class='ocrx_word' id='word_1_296' title='bbox 969 356 1066 387; x_wconf 90' lang='lat' dir='ltr'>natur</span> <span class='ocrx_word' id='word_1_297' title='bbox 1080 358 1250 396; x_wconf 87' lang='lat' dir='ltr'>paupertas</span> <span class='ocrx_word' id='word_1_298' title='bbox 1261 356 1333 395; x_wconf 86' lang='lat' dir='ltr'>ista,</span> <span class='ocrx_word' id='word_1_299' title='bbox 1348 358 1396 396; x_wconf 90' lang='lat' dir='ltr'>ut,</span> <span class='ocrx_word' id='word_1_300' title='bbox 1413 356 1516 388; x_wconf 89' lang='lat' dir='ltr'>soluto</span> <span class='ocrx_word' id='word_1_301' title='bbox 1530 366 1586 398; x_wconf 90' lang='lat' dir='ltr'>per</span> <span class='ocrx_word' id='word_1_302' title='bbox 1597 366 1668 388; x_wconf 84' lang='lat' dir='ltr'>eam</span> <span class='ocrx_word' id='word_1_303' title='bbox 1679 365 1748 398; x_wconf 88' lang='lat' dir='ltr'>pro-</span> 
     </span>
     <span class='ocr_line' id='line_1_51' title="bbox 969 408 1748 450; baseline 0.004 -11"><span class='ocrx_word' id='word_1_304' title='bbox 969 408 1100 441; x_wconf 87' lang='lat' dir='ltr'>hibente</span> <span class='ocrx_word' id='word_1_305' title='bbox 1123 409 1269 449; x_wconf 89' lang='lat' dir='ltr'>virtutis,</span> <span class='ocrx_word' id='word_1_306' title='bbox 1296 410 1445 442; x_wconf 86' lang='lat' dir='ltr'>sanctitas</span> <span class='ocrx_word' id='word_1_307' title='bbox 1468 412 1638 450; x_wconf 85' lang='lat' dir='ltr'>augeatur.</span> <span class='ocrx_word' id='word_1_308' title='bbox 1672 409 1748 442; x_wconf 92' lang='lat' dir='ltr'>Stu-</span> 
     </span>
     <span class='ocr_line' id='line_1_52' title="bbox 969 463 1749 505; baseline 0.001 -11"><span class='ocrx_word' id='word_1_309' title='bbox 969 463 1064 494; x_wconf 82' lang='lat' dir='ltr'>deant</span> <span class='ocrx_word' id='word_1_310' title='bbox 1078 472 1158 503; x_wconf 85' lang='lat' dir='ltr'>ergo</span> <span class='ocrx_word' id='word_1_311' title='bbox 1173 463 1225 495; x_wconf 89' lang='lat' dir='ltr'>isti</span> <span class='ocrx_word' id='word_1_312' title='bbox 1241 473 1408 505; x_wconf 85' lang='lat' dir='ltr'>pauperes,</span> <span class='ocrx_word' id='word_1_313' title='bbox 1431 464 1513 496; x_wconf 89' lang='lat' dir='ltr'>sicut</span> <span class='ocrx_word' id='word_1_314' title='bbox 1527 465 1602 496; x_wconf 86' lang='lat' dir='ltr'>sunt</span> <span class='ocrx_word' id='word_1_315' title='bbox 1625 464 1749 496; x_wconf 85' lang='lat' dir='ltr'>caeteris</span> 
     </span>
     <span class='ocr_line' id='line_1_53' title="bbox 969 519 1748 561; baseline 0.003 -11"><span class='ocrx_word' id='word_1_316' title='bbox 969 519 1120 551; x_wconf 87' lang='lat' dir='ltr'>arctiores</span> <span class='ocrx_word' id='word_1_317' title='bbox 1134 519 1166 551; x_wconf 89' lang='lat' dir='ltr'>in</span> <span class='ocrx_word' id='word_1_318' title='bbox 1183 521 1380 561; x_wconf 84' lang='lat' dir='ltr'>paupertate,</span> <span class='ocrx_word' id='word_1_319' title='bbox 1403 521 1447 552; x_wconf 88' lang='lat' dir='ltr'>sic</span> <span class='ocrx_word' id='word_1_320' title='bbox 1463 520 1526 552; x_wconf 92' lang='lat' dir='ltr'>sint</span> <span class='ocrx_word' id='word_1_321' title='bbox 1541 529 1607 561; x_wconf 84' lang='lat' dir='ltr'>prae</span> <span class='ocrx_word' id='word_1_322' title='bbox 1622 521 1748 552; x_wconf 87' lang='lat' dir='ltr'>caeteris</span> 
     </span>
     <span class='ocr_line' id='line_1_54' title="bbox 969 572 1748 615; baseline 0.004 -11"><span class='ocrx_word' id='word_1_323' title='bbox 969 572 1003 604; x_wconf 89' lang='lat' dir='ltr'>in</span> <span class='ocrx_word' id='word_1_324' title='bbox 1017 574 1168 605; x_wconf 86' lang='lat' dir='ltr'>omnibus</span> <span class='ocrx_word' id='word_1_325' title='bbox 1182 574 1339 606; x_wconf 89' lang='lat' dir='ltr'>celsiores.</span> <span class='ocrx_word' id='word_1_326' title='bbox 1356 574 1432 606; x_wconf 87' lang='lat' dir='ltr'>Hoec</span> <span class='ocrx_word' id='word_1_327' title='bbox 1445 575 1490 608; x_wconf 84' lang='lat' dir='ltr'>sit</span> <span class='ocrx_word' id='word_1_328' title='bbox 1508 575 1615 615; x_wconf 84' lang='lat' dir='ltr'>portio</span> <span class='ocrx_word' id='word_1_329' title='bbox 1630 578 1748 614; x_wconf 85' lang='lat' dir='ltr'>vestra,</span> 
     </span>
     <span class='ocr_line' id='line_1_55' title="bbox 969 628 1750 669; baseline 0 -10"><span class='ocrx_word' id='word_1_330' title='bbox 969 636 1040 668; x_wconf 84' lang='lat' dir='ltr'>quae</span> <span class='ocrx_word' id='word_1_331' title='bbox 1053 628 1202 668; x_wconf 80' lang='lat' dir='ltr'>perducit</span> <span class='ocrx_word' id='word_1_332' title='bbox 1215 629 1252 661; x_wconf 88' lang='lat' dir='ltr'>in</span> <span class='ocrx_word' id='word_1_333' title='bbox 1271 631 1390 661; x_wconf 85' lang='lat' dir='ltr'>terram</span> <span class='ocrx_word' id='word_1_334' title='bbox 1410 629 1602 667; x_wconf 84' lang='lat' dir='ltr'>viventium,</span> <span class='ocrx_word' id='word_1_335' title='bbox 1619 637 1657 660; x_wconf 88' lang='lat' dir='ltr'>eo</span> <span class='ocrx_word' id='word_1_336' title='bbox 1682 629 1750 669; x_wconf 87' lang='lat' dir='ltr'>ipso</span> 
     </span>
     <span class='ocr_line' id='line_1_56' title="bbox 969 683 1749 725; baseline 0.003 -11"><span class='ocrx_word' id='word_1_337' title='bbox 969 692 1033 724; x_wconf 93' lang='lat' dir='ltr'>quo</span> <span class='ocrx_word' id='word_1_338' title='bbox 1058 683 1091 714; x_wconf 90' lang='lat' dir='ltr'>in</span> <span class='ocrx_word' id='word_1_339' title='bbox 1116 685 1202 715; x_wconf 89' lang='lat' dir='ltr'>terra</span> <span class='ocrx_word' id='word_1_340' title='bbox 1242 684 1450 715; x_wconf 89' lang='lat' dir='ltr'>morientium</span> <span class='ocrx_word' id='word_1_341' title='bbox 1480 684 1563 716; x_wconf 89' lang='lat' dir='ltr'>nihil</span> <span class='ocrx_word' id='word_1_342' title='bbox 1586 686 1749 725; x_wconf 85' lang='lat' dir='ltr'>quaerunt.</span> 
     </span>
     <span class='ocr_line' id='line_1_57' title="bbox 972 736 1751 778; baseline 0.003 -10"><span class='ocrx_word' id='word_1_343' title='bbox 972 736 1041 776; x_wconf 86' lang='lat' dir='ltr'>Cui,</span> <span class='ocrx_word' id='word_1_344' title='bbox 1056 736 1278 777; x_wconf 79' lang='lat' dir='ltr'>dilectissimi,</span> <span class='ocrx_word' id='word_1_345' title='bbox 1305 737 1448 771; x_wconf 87' lang='lat' dir='ltr'>totaliter</span> <span class='ocrx_word' id='word_1_346' title='bbox 1471 738 1684 778; x_wconf 69' lang='lat' dir='ltr'>intimantes,</span> <span class='ocrx_word' id='word_1_347' title='bbox 1714 740 1751 770; x_wconf 93' lang='lat' dir='ltr'>ut</span> 
     </span>
     <span class='ocr_line' id='line_1_58' title="bbox 969 791 1752 832; baseline 0.003 -10"><span class='ocrx_word' id='word_1_348' title='bbox 969 791 1090 830; x_wconf 85' lang='lat' dir='ltr'>omnia,</span> <span class='ocrx_word' id='word_1_349' title='bbox 1102 800 1176 832; x_wconf 84' lang='lat' dir='ltr'>quae</span> <span class='ocrx_word' id='word_1_350' title='bbox 1191 791 1225 823; x_wconf 92' lang='lat' dir='ltr'>in</span> <span class='ocrx_word' id='word_1_351' title='bbox 1240 801 1301 823; x_wconf 88' lang='lat' dir='ltr'>usu</span> <span class='ocrx_word' id='word_1_352' title='bbox 1314 792 1451 823; x_wconf 82' lang='lat' dir='ltr'>fratrum</span> <span class='ocrx_word' id='word_1_353' title='bbox 1465 794 1552 830; x_wconf 87' lang='lat' dir='ltr'>sunt,</span> <span class='ocrx_word' id='word_1_354' title='bbox 1570 793 1653 823; x_wconf 87' lang='lat' dir='ltr'>hanc</span> <span class='ocrx_word' id='word_1_355' title='bbox 1669 801 1752 832; x_wconf 76' lang='lat' dir='ltr'>prae-</span> 
     </span>
     <span class='ocr_line' id='line_1_59' title="bbox 969 845 1752 887; baseline 0.004 -11"><span class='ocrx_word' id='word_1_356' title='bbox 969 845 1071 877; x_wconf 77' lang='lat' dir='ltr'>‹licent</span> <span class='ocrx_word' id='word_1_357' title='bbox 1086 847 1308 887; x_wconf 83' lang='lat' dir='ltr'>paupertatem</span> <span class='ocrx_word' id='word_1_358' title='bbox 1322 855 1330 878; x_wconf 91' lang='lat'>:</span> <span class='ocrx_word' id='word_1_359' title='bbox 1346 846 1430 878; x_wconf 78' lang='lat' dir='ltr'>nihil</span> <span class='ocrx_word' id='word_1_360' title='bbox 1441 846 1611 886; x_wconf 62' lang='lat' dir='ltr'>atinam</span> <span class='ocrx_word' id='word_1_361' title='bbox 1625 847 1752 879; x_wconf 82' lang='lat' dir='ltr'>nomine</span> 
     </span>
     <span class='ocr_line' id='line_1_60' title="bbox 970 899 1751 940; baseline 0.001 -9"><span class='ocrx_word' id='word_1_362' title='bbox 970 899 1101 932; x_wconf 87' lang='lat' dir='ltr'>Domini</span> <span class='ocrx_word' id='word_1_363' title='bbox 1123 901 1228 933; x_wconf 81' lang='lat' dir='ltr'>nostri</span> <span class='ocrx_word' id='word_1_364' title='bbox 1247 900 1319 932; x_wconf 76' lang='lat' dir='ltr'>Jnsu</span> <span class='ocrx_word' id='word_1_365' title='bbox 1345 900 1480 939; x_wconf 81' lang='lat' dir='ltr'>Christi,</span> <span class='ocrx_word' id='word_1_366' title='bbox 1507 901 1544 932; x_wconf 88' lang='lat' dir='ltr'>in</span> <span class='ocrx_word' id='word_1_367' title='bbox 1564 903 1751 940; x_wconf 85' lang='lat' dir='ltr'>perpetuum</span> 
     </span>
     <span class='ocr_line' id='line_1_61' title="bbox 969 953 1751 995; baseline 0.001 -11"><span class='ocrx_word' id='word_1_368' title='bbox 969 953 1026 984; x_wconf 84' lang='lat' dir='ltr'>sub</span> <span class='ocrx_word' id='word_1_369' title='bbox 1037 953 1112 986; x_wconf 80' lang='lat' dir='ltr'>coelo</span> <span class='ocrx_word' id='word_1_370' title='bbox 1126 954 1239 986; x_wconf 81' lang='lat' dir='ltr'>habere</span> <span class='ocrx_word' id='word_1_371' title='bbox 1252 955 1371 987; x_wconf 79' lang='lat' dir='ltr'>velitis.</span> <span class='ocrx_word' id='word_1_372' title='bbox 1389 954 1459 994; x_wconf 90' lang='lat' dir='ltr'>lpse</span> <span class='ocrx_word' id='word_1_373' title='bbox 1474 954 1562 986; x_wconf 88' lang='lat' dir='ltr'>enim</span> <span class='ocrx_word' id='word_1_374' title='bbox 1576 955 1619 985; x_wconf 87' lang='lat' dir='ltr'>ita</span> <span class='ocrx_word' id='word_1_375' title='bbox 1630 963 1751 995; x_wconf 87' lang='lat' dir='ltr'>pauper</span> 
     </span>
     <span class='ocr_line' id='line_1_62' title="bbox 975 1006 1752 1048; baseline 0.003 -11"><span class='ocrx_word' id='word_1_376' title='bbox 975 1006 1090 1046; x_wconf 82' lang='lat' dir='ltr'>extitit,</span> <span class='ocrx_word' id='word_1_377' title='bbox 1117 1008 1203 1048; x_wconf 89' lang='lat' dir='ltr'>quod</span> <span class='ocrx_word' id='word_1_378' title='bbox 1218 1008 1300 1039; x_wconf 88' lang='lat' dir='ltr'>nihil</span> <span class='ocrx_word' id='word_1_379' title='bbox 1315 1007 1444 1045; x_wconf 88' lang='lat' dir='ltr'>habuit,</span> <span class='ocrx_word' id='word_1_380' title='bbox 1470 1017 1534 1048; x_wconf 92' lang='lat' dir='ltr'>quo</span> <span class='ocrx_word' id='word_1_381' title='bbox 1549 1009 1654 1048; x_wconf 87' lang='lat' dir='ltr'>posset</span> <span class='ocrx_word' id='word_1_382' title='bbox 1676 1017 1752 1039; x_wconf 91' lang='lat' dir='ltr'>eum</span> 
     </span>
     <span class='ocr_line' id='line_1_63' title="bbox 969 1059 1551 1102; baseline 0.002 -11"><span class='ocrx_word' id='word_1_383' title='bbox 969 1059 1117 1092; x_wconf 87' lang='lat' dir='ltr'>diabolus</span> <span class='ocrx_word' id='word_1_384' title='bbox 1131 1061 1278 1102; x_wconf 85' lang='lat' dir='ltr'>spoliare,</span> <span class='ocrx_word' id='word_1_385' title='bbox 1292 1063 1329 1093; x_wconf 90' lang='lat' dir='ltr'>ut</span> <span class='ocrx_word' id='word_1_386' title='bbox 1343 1070 1440 1102; x_wconf 87' lang='lat' dir='ltr'>supra</span> <span class='ocrx_word' id='word_1_387' title='bbox 1455 1063 1551 1102; x_wconf 89' lang='lat' dir='ltr'>patet.</span> 
     </span>
    </p>

    <p class='ocr_par' dir='ltr' id='par_1_10' title="bbox 968 1112 1754 2719">
     <span class='ocr_line' id='line_1_64' title="bbox 1013 1112 1750 1155; baseline 0.003 -11"><span class='ocrx_word' id='word_1_388' title='bbox 1013 1112 1075 1145; x_wconf 89' lang='lat' dir='ltr'>Sed</span> <span class='ocrx_word' id='word_1_389' title='bbox 1089 1114 1165 1154; x_wconf 88' lang='lat' dir='ltr'>quia</span> <span class='ocrx_word' id='word_1_390' title='bbox 1180 1115 1224 1145; x_wconf 89' lang='lat' dir='ltr'>sic</span> <span class='ocrx_word' id='word_1_391' title='bbox 1236 1115 1390 1146; x_wconf 86' lang='lat' dir='ltr'>fratribus</span> <span class='ocrx_word' id='word_1_392' title='bbox 1404 1115 1626 1155; x_wconf 87' lang='lat' dir='ltr'>depauperatis</span> <span class='ocrx_word' id='word_1_393' title='bbox 1641 1123 1750 1146; x_wconf 90' lang='lat' dir='ltr'>neces-</span> 
     </span>
     <span class='ocr_line' id='line_1_65' title="bbox 970 1167 1753 1207; baseline 0.005 -9"><span class='ocrx_word' id='word_1_394' title='bbox 970 1167 1054 1198; x_wconf 76' lang='lat' dir='ltr'>sarIa</span> <span class='ocrx_word' id='word_1_395' title='bbox 1069 1170 1116 1198; x_wconf 90' lang='lat' dir='ltr'>est</span> <span class='ocrx_word' id='word_1_396' title='bbox 1130 1169 1270 1199; x_wconf 84' lang='lat' dir='ltr'>fraterna</span> <span class='ocrx_word' id='word_1_397' title='bbox 1294 1169 1478 1207; x_wconf 76' lang='lat' dir='ltr'>consolatio,</span> <span class='ocrx_word' id='word_1_398' title='bbox 1496 1169 1581 1200; x_wconf 87' lang='lat' dir='ltr'>addit</span> <span class='ocrx_word' id='word_1_399' title='bbox 1599 1180 1605 1200; x_wconf 91' lang='lat'>:</span> <span class='ocrx_word' id='word_1_400' title='bbox 1627 1170 1669 1202; x_wconf 81' lang='lat' dir='ltr'>Et</span> <span class='ocrx_word' id='word_1_401' title='bbox 1684 1169 1753 1202; x_wconf 79' lang='lat' dir='ltr'>ubi-</span> 
     </span>
     <span class='ocr_line' id='line_1_66' title="bbox 968 1222 1754 1262; baseline 0.001 -9"><span class='ocrx_word' id='word_1_402' title='bbox 968 1229 1101 1262; x_wconf 80' lang='lat' dir='ltr'>cumque</span> <span class='ocrx_word' id='word_1_403' title='bbox 1115 1222 1184 1254; x_wconf 84' lang='lat' dir='ltr'>sint</span> <span class='ocrx_word' id='word_1_404' title='bbox 1193 1223 1324 1261; x_wconf 80' lang='lat' dir='ltr'>fratres,</span> <span class='ocrx_word' id='word_1_405' title='bbox 1347 1222 1530 1262; x_wconf 81' lang='lat' dir='ltr'>ostendant,</span> <span class='ocrx_word' id='word_1_406' title='bbox 1553 1224 1625 1262; x_wconf 63' lang='lat' dir='ltr'>etc„</span> <span class='ocrx_word' id='word_1_407' title='bbox 1647 1225 1754 1254; x_wconf 86' lang='lat' dir='ltr'>osten-</span> 
     </span>
     <span class='ocr_line' id='line_1_67' title="bbox 969 1275 1754 1316; baseline 0.003 -10"><span class='ocrx_word' id='word_1_408' title='bbox 969 1275 1047 1306; x_wconf 89' lang='lat' dir='ltr'>dens</span> <span class='ocrx_word' id='word_1_409' title='bbox 1065 1276 1203 1316; x_wconf 85' lang='lat' dir='ltr'>qualiter</span> <span class='ocrx_word' id='word_1_410' title='bbox 1218 1285 1253 1307; x_wconf 90' lang='lat' dir='ltr'>se</span> <span class='ocrx_word' id='word_1_411' title='bbox 1270 1277 1385 1308; x_wconf 89' lang='lat' dir='ltr'>debent</span> <span class='ocrx_word' id='word_1_412' title='bbox 1406 1277 1524 1308; x_wconf 89' lang='lat' dir='ltr'>habere</span> <span class='ocrx_word' id='word_1_413' title='bbox 1543 1277 1583 1308; x_wconf 91' lang='lat' dir='ltr'>ad</span> <span class='ocrx_word' id='word_1_414' title='bbox 1602 1277 1680 1308; x_wconf 90' lang='lat' dir='ltr'>alios</span> <span class='ocrx_word' id='word_1_415' title='bbox 1697 1286 1705 1308; x_wconf 89' lang='lat'><strong>:</strong></span> <span class='ocrx_word' id='word_1_416' title='bbox 1723 1280 1754 1309; x_wconf 89' lang='lat' dir='ltr'>et</span> 
     </span>
     <span class='ocr_line' id='line_1_68' title="bbox 969 1330 1751 1371; baseline 0.003 -11"><span class='ocrx_word' id='word_1_417' title='bbox 969 1330 1075 1370; x_wconf 88' lang='lat' dir='ltr'>primo</span> <span class='ocrx_word' id='word_1_418' title='bbox 1091 1330 1131 1361; x_wconf 85' lang='lat' dir='ltr'>ad</span> <span class='ocrx_word' id='word_1_419' title='bbox 1145 1339 1250 1368; x_wconf 87' lang='lat' dir='ltr'>sanos,</span> <span class='ocrx_word' id='word_1_420' title='bbox 1276 1332 1308 1362; x_wconf 90' lang='lat' dir='ltr'>et</span> <span class='ocrx_word' id='word_1_421' title='bbox 1322 1332 1552 1371; x_wconf 89' lang='lat' dir='ltr'>consequenter</span> <span class='ocrx_word' id='word_1_422' title='bbox 1567 1330 1607 1361; x_wconf 90' lang='lat' dir='ltr'>ad</span> <span class='ocrx_word' id='word_1_423' title='bbox 1631 1339 1751 1370; x_wconf 81' lang='lat' dir='ltr'>aegros.</span> 
     </span>
     <span class='ocr_line' id='line_1_69' title="bbox 971 1383 1753 1425; baseline 0.001 -11"><span class='ocrx_word' id='word_1_424' title='bbox 971 1383 1058 1415; x_wconf 84' lang='lat' dir='ltr'>Circa</span> <span class='ocrx_word' id='word_1_425' title='bbox 1074 1384 1214 1425; x_wconf 88' lang='lat' dir='ltr'>primum</span> <span class='ocrx_word' id='word_1_426' title='bbox 1239 1384 1391 1416; x_wconf 88' lang='lat' dir='ltr'>informat</span> <span class='ocrx_word' id='word_1_427' title='bbox 1409 1393 1463 1415; x_wconf 89' lang='lat' dir='ltr'>eos</span> <span class='ocrx_word' id='word_1_428' title='bbox 1482 1384 1522 1415; x_wconf 89' lang='lat' dir='ltr'>ad</span> <span class='ocrx_word' id='word_1_429' title='bbox 1543 1393 1665 1423; x_wconf 86' lang='lat' dir='ltr'>veram,</span> <span class='ocrx_word' id='word_1_430' title='bbox 1687 1393 1753 1415; x_wconf 92' lang='lat' dir='ltr'>non</span> 
     </span>
     <span class='ocr_line' id='line_1_70' title="bbox 969 1438 1750 1477; baseline 0.001 -8"><span class='ocrx_word' id='word_1_431' title='bbox 969 1438 1008 1469; x_wconf 89' lang='lat' dir='ltr'>ad</span> <span class='ocrx_word' id='word_1_432' title='bbox 1034 1439 1141 1470; x_wconf 85' lang='lat' dir='ltr'>fictam</span> <span class='ocrx_word' id='word_1_433' title='bbox 1166 1439 1378 1477; x_wconf 82' lang='lat' dir='ltr'>charitatem;</span> <span class='ocrx_word' id='word_1_434' title='bbox 1402 1441 1434 1470; x_wconf 89' lang='lat' dir='ltr'>et</span> <span class='ocrx_word' id='word_1_435' title='bbox 1456 1439 1517 1470; x_wconf 87' lang='lat' dir='ltr'>hoc</span> <span class='ocrx_word' id='word_1_436' title='bbox 1541 1439 1575 1469; x_wconf 90' lang='lat' dir='ltr'>in</span> <span class='ocrx_word' id='word_1_437' title='bbox 1599 1439 1750 1470; x_wconf 88' lang='lat' dir='ltr'>duobus:</span> 
     </span>
     <span class='ocr_line' id='line_1_71' title="bbox 971 1492 1751 1532; baseline 0.003 -10"><span class='ocrx_word' id='word_1_438' title='bbox 971 1492 1076 1532; x_wconf 88' lang='lat' dir='ltr'>primo</span> <span class='ocrx_word' id='word_1_439' title='bbox 1091 1492 1194 1532; x_wconf 86' lang='lat' dir='ltr'>quoad</span> <span class='ocrx_word' id='word_1_440' title='bbox 1209 1493 1412 1531; x_wconf 83' lang='lat' dir='ltr'>familiarem,</span> <span class='ocrx_word' id='word_1_441' title='bbox 1430 1492 1591 1523; x_wconf 84' lang='lat' dir='ltr'>affabilem</span> <span class='ocrx_word' id='word_1_442' title='bbox 1606 1495 1637 1524; x_wconf 89' lang='lat' dir='ltr'>et</span> <span class='ocrx_word' id='word_1_443' title='bbox 1652 1493 1751 1524; x_wconf 88' lang='lat' dir='ltr'>socia-</span> 
     </span>
     <span class='ocr_line' id='line_1_72' title="bbox 971 1546 1751 1585; baseline 0.001 -9"><span class='ocrx_word' id='word_1_444' title='bbox 971 1546 1035 1578; x_wconf 86' lang='lat' dir='ltr'>lem</span> <span class='ocrx_word' id='word_1_445' title='bbox 1062 1546 1278 1585; x_wconf 85' lang='lat' dir='ltr'>dilectionem3</span> <span class='ocrx_word' id='word_1_446' title='bbox 1309 1546 1449 1578; x_wconf 87' lang='lat' dir='ltr'>secundo</span> <span class='ocrx_word' id='word_1_447' title='bbox 1475 1547 1579 1585; x_wconf 85' lang='lat' dir='ltr'>quoad</span> <span class='ocrx_word' id='word_1_448' title='bbox 1611 1547 1751 1577; x_wconf 86' lang='lat' dir='ltr'>necessi-</span> 
     </span>
     <span class='ocr_line' id='line_1_73' title="bbox 969 1601 1747 1641; baseline 0 -9"><span class='ocrx_word' id='word_1_449' title='bbox 969 1603 1072 1632; x_wconf 86' lang='lat' dir='ltr'>tatum</span> <span class='ocrx_word' id='word_1_450' title='bbox 1095 1602 1243 1633; x_wconf 89' lang='lat' dir='ltr'>omnium</span> <span class='ocrx_word' id='word_1_451' title='bbox 1270 1601 1511 1633; x_wconf 83' lang='lat' dir='ltr'>relevationem.</span> <span class='ocrx_word' id='word_1_452' title='bbox 1536 1601 1617 1632; x_wconf 83' lang='lat' dir='ltr'>Dicit</span> <span class='ocrx_word' id='word_1_453' title='bbox 1641 1610 1747 1641; x_wconf 86' lang='lat' dir='ltr'>ergo:</span> 
     </span>
     <span class='ocr_line' id='line_1_74' title="bbox 975 1655 1749 1696; baseline 0 -10"><span class='ocrx_word' id='word_1_454' title='bbox 975 1655 1166 1696; x_wconf 79' lang='lat' dir='ltr'>Ubicumque</span> <span class='ocrx_word' id='word_1_455' title='bbox 1187 1657 1265 1694; x_wconf 84' lang='lat' dir='ltr'>sint,</span> <span class='ocrx_word' id='word_1_456' title='bbox 1294 1656 1328 1685; x_wconf 93' lang='lat' dir='ltr'>in</span> <span class='ocrx_word' id='word_1_457' title='bbox 1351 1655 1464 1693; x_wconf 85' lang='lat' dir='ltr'>domo,</span> <span class='ocrx_word' id='word_1_458' title='bbox 1488 1655 1555 1686; x_wconf 91' lang='lat' dir='ltr'>sive</span> <span class='ocrx_word' id='word_1_459' title='bbox 1578 1656 1669 1686; x_wconf 80' lang='lat' dir='ltr'>extra</span> <span class='ocrx_word' id='word_1_460' title='bbox 1693 1655 1749 1686; x_wconf 89' lang='lat' dir='ltr'>do-</span> 
     </span>
     <span class='ocr_line' id='line_1_75' title="bbox 970 1709 1750 1748; baseline 0.004 -9"><span class='ocrx_word' id='word_1_461' title='bbox 970 1718 1074 1747; x_wconf 86' lang='lat' dir='ltr'>mum,</span> <span class='ocrx_word' id='word_1_462' title='bbox 1087 1712 1158 1742; x_wconf 84' lang='lat' dir='ltr'>etse</span> <span class='ocrx_word' id='word_1_463' title='bbox 1175 1710 1363 1742; x_wconf 84' lang='lat' dir='ltr'>invenerint</span> <span class='ocrx_word' id='word_1_464' title='bbox 1383 1710 1510 1748; x_wconf 76' lang='lat' dir='ltr'>tratres,</span> <span class='ocrx_word' id='word_1_465' title='bbox 1527 1709 1699 1742; x_wconf 84' lang='lat' dir='ltr'>ostendant</span> <span class='ocrx_word' id='word_1_466' title='bbox 1717 1718 1750 1742; x_wconf 78' lang='lat' dir='ltr'>se</span> 
     </span>
     <span class='ocr_line' id='line_1_76' title="bbox 970 1763 1750 1803; baseline 0.001 -9"><span class='ocrx_word' id='word_1_467' title='bbox 970 1763 1157 1796; x_wconf 82' lang='lat' dir='ltr'>domesticos</span> <span class='ocrx_word' id='word_1_468' title='bbox 1172 1765 1309 1796; x_wconf 84' lang='lat' dir='ltr'>invicem</span> <span class='ocrx_word' id='word_1_469' title='bbox 1324 1764 1407 1796; x_wconf 85' lang='lat' dir='ltr'>inter</span> <span class='ocrx_word' id='word_1_470' title='bbox 1423 1771 1469 1802; x_wconf 82' lang='lat' dir='ltr'>se,</span> <span class='ocrx_word' id='word_1_471' title='bbox 1486 1772 1551 1794; x_wconf 91' lang='lat' dir='ltr'>non</span> <span class='ocrx_word' id='word_1_472' title='bbox 1567 1763 1672 1794; x_wconf 85' lang='lat' dir='ltr'>solum</span> <span class='ocrx_word' id='word_1_473' title='bbox 1689 1773 1750 1803; x_wconf 91' lang='lat' dir='ltr'>pu-</span> 
     </span>
     <span class='ocr_line' id='line_1_77' title="bbox 970 1817 1747 1855; baseline 0.003 -9"><span class='ocrx_word' id='word_1_474' title='bbox 970 1817 1061 1855; x_wconf 74' lang='lat' dir='ltr'>blice,</span> <span class='ocrx_word' id='word_1_475' title='bbox 1078 1817 1132 1848; x_wconf 82' lang='lat' dir='ltr'>sed</span> <span class='ocrx_word' id='word_1_476' title='bbox 1147 1817 1344 1848; x_wconf 85' lang='lat' dir='ltr'>familiariter</span> <span class='ocrx_word' id='word_1_477' title='bbox 1352 1819 1383 1848; x_wconf 89' lang='lat' dir='ltr'>et</span> <span class='ocrx_word' id='word_1_478' title='bbox 1398 1818 1536 1855; x_wconf 83' lang='lat' dir='ltr'>secrete3</span> <span class='ocrx_word' id='word_1_479' title='bbox 1555 1819 1585 1847; x_wconf 90' lang='lat' dir='ltr'>et</span> <span class='ocrx_word' id='word_1_480' title='bbox 1600 1817 1671 1848; x_wconf 87' lang='lat' dir='ltr'>ideo</span> <span class='ocrx_word' id='word_1_481' title='bbox 1685 1817 1747 1848; x_wconf 86' lang='lat' dir='ltr'>ait:</span> 
     </span>
     <span class='ocr_line' id='line_1_78' title="bbox 971 1870 1751 1903; baseline 0.001 -1"><span class='ocrx_word' id='word_1_482' title='bbox 971 1871 1056 1902; x_wconf 85' lang='lat' dir='ltr'>inter</span> <span class='ocrx_word' id='word_1_483' title='bbox 1070 1879 1113 1902; x_wconf 89' lang='lat' dir='ltr'>se.</span> <span class='ocrx_word' id='word_1_484' title='bbox 1132 1870 1194 1901; x_wconf 87' lang='lat' dir='ltr'>Pro</span> <span class='ocrx_word' id='word_1_485' title='bbox 1209 1870 1348 1901; x_wconf 87' lang='lat' dir='ltr'>secundo</span> <span class='ocrx_word' id='word_1_486' title='bbox 1364 1870 1469 1901; x_wconf 86' lang='lat' dir='ltr'>addit:</span> <span class='ocrx_word' id='word_1_487' title='bbox 1484 1873 1512 1902; x_wconf 87' lang='lat' dir='ltr'>et</span> <span class='ocrx_word' id='word_1_488' title='bbox 1526 1878 1633 1902; x_wconf 81' lang='lat' dir='ltr'>secure</span> <span class='ocrx_word' id='word_1_489' title='bbox 1647 1872 1751 1903; x_wconf 86' lang='lat' dir='ltr'>mani-</span> 
     </span>
     <span class='ocr_line' id='line_1_79' title="bbox 969 1925 1752 1964; baseline 0 -8"><span class='ocrx_word' id='word_1_490' title='bbox 969 1925 1059 1963; x_wconf 75' lang='lat' dir='ltr'>festet</span> <span class='ocrx_word' id='word_1_491' title='bbox 1073 1932 1158 1956; x_wconf 86' lang='lat' dir='ltr'>unus</span> <span class='ocrx_word' id='word_1_492' title='bbox 1173 1925 1268 1957; x_wconf 84' lang='lat' dir='ltr'>alteri</span> <span class='ocrx_word' id='word_1_493' title='bbox 1282 1925 1503 1957; x_wconf 82' lang='lat' dir='ltr'>necessitatem</span> <span class='ocrx_word' id='word_1_494' title='bbox 1526 1932 1629 1964; x_wconf 84' lang='lat' dir='ltr'>suam,</span> <span class='ocrx_word' id='word_1_495' title='bbox 1653 1927 1684 1956; x_wconf 88' lang='lat' dir='ltr'>et</span> <span class='ocrx_word' id='word_1_496' title='bbox 1705 1935 1752 1956; x_wconf 86' lang='lat' dir='ltr'>se-</span> 
     </span>
     <span class='ocr_line' id='line_1_80' title="bbox 971 1978 1751 2018; baseline 0.001 -9"><span class='ocrx_word' id='word_1_497' title='bbox 971 1987 1057 2016; x_wconf 87' lang='lat' dir='ltr'>cure,</span> <span class='ocrx_word' id='word_1_498' title='bbox 1083 1978 1204 2018; x_wconf 87' lang='lat' dir='ltr'>inquit,</span> <span class='ocrx_word' id='word_1_499' title='bbox 1230 1978 1311 2009; x_wconf 89' lang='lat' dir='ltr'>sicut</span> <span class='ocrx_word' id='word_1_500' title='bbox 1330 1978 1417 2009; x_wconf 82' lang='lat' dir='ltr'>filius</span> <span class='ocrx_word' id='word_1_501' title='bbox 1437 1978 1531 2009; x_wconf 81' lang='lat' dir='ltr'>matri</span> <span class='ocrx_word' id='word_1_502' title='bbox 1555 1987 1634 2009; x_wconf 84' lang='lat' dir='ltr'>suae.</span> <span class='ocrx_word' id='word_1_503' title='bbox 1664 1978 1751 2010; x_wconf 86' lang='lat' dir='ltr'>Unde</span> 
     </span>
     <span class='ocr_line' id='line_1_81' title="bbox 971 2032 1752 2073; baseline 0.005 -11"><span class='ocrx_word' id='word_1_504' title='bbox 971 2032 1067 2070; x_wconf 86' lang='lat' dir='ltr'>addit,</span> <span class='ocrx_word' id='word_1_505' title='bbox 1085 2032 1165 2072; x_wconf 82' lang='lat' dir='ltr'>quia</span> <span class='ocrx_word' id='word_1_506' title='bbox 1177 2033 1208 2064; x_wconf 84' lang='lat' dir='ltr'>si</span> <span class='ocrx_word' id='word_1_507' title='bbox 1218 2035 1319 2065; x_wconf 87' lang='lat' dir='ltr'>mater</span> <span class='ocrx_word' id='word_1_508' title='bbox 1329 2034 1447 2072; x_wconf 81' lang='lat' dir='ltr'>nutrit,</span> <span class='ocrx_word' id='word_1_509' title='bbox 1468 2036 1498 2065; x_wconf 85' lang='lat' dir='ltr'>et</span> <span class='ocrx_word' id='word_1_510' title='bbox 1512 2033 1627 2073; x_wconf 66' lang='lat' dir='ltr'>aitiyit</span> <span class='ocrx_word' id='word_1_511' title='bbox 1646 2033 1752 2072; x_wconf 79' lang='lat' dir='ltr'>silium</span> 
     </span>
     <span class='ocr_line' id='line_1_82' title="bbox 970 2086 1752 2127; baseline 0 -9"><span class='ocrx_word' id='word_1_512' title='bbox 970 2094 1065 2118; x_wconf 88' lang='lat' dir='ltr'>suum</span> <span class='ocrx_word' id='word_1_513' title='bbox 1093 2086 1263 2124; x_wconf 78' lang='lat' dir='ltr'>carnalem,</span> <span class='ocrx_word' id='word_1_514' title='bbox 1293 2090 1415 2126; x_wconf 79' lang='lat' dir='ltr'>quanto</span> <span class='ocrx_word' id='word_1_515' title='bbox 1444 2086 1636 2127; x_wconf 69' lang='lat' dir='ltr'>cliliqentius</span> <span class='ocrx_word' id='word_1_516' title='bbox 1664 2087 1752 2120; x_wconf 82' lang='lat' dir='ltr'>debet</span> 
     </span>
     <span class='ocr_line' id='line_1_83' title="bbox 971 2139 1752 2179; baseline 0 -9"><span class='ocrx_word' id='word_1_517' title='bbox 971 2140 1044 2178; x_wconf 84' lang='lat' dir='ltr'>quis</span> <span class='ocrx_word' id='word_1_518' title='bbox 1067 2139 1201 2179; x_wconf 70' lang='lat' dir='ltr'>diliqere</span> <span class='ocrx_word' id='word_1_519' title='bbox 1218 2140 1344 2179; x_wconf 83' lang='lat' dir='ltr'>affectu,</span> <span class='ocrx_word' id='word_1_520' title='bbox 1363 2143 1392 2172; x_wconf 86' lang='lat' dir='ltr'>et</span> <span class='ocrx_word' id='word_1_521' title='bbox 1410 2141 1550 2178; x_wconf 84' lang='lat' dir='ltr'>nutrire,</span> <span class='ocrx_word' id='word_1_522' title='bbox 1575 2140 1692 2171; x_wconf 83' lang='lat' dir='ltr'>scilicet</span> <span class='ocrx_word' id='word_1_523' title='bbox 1707 2141 1752 2171; x_wconf 82' lang='lat' dir='ltr'>ef-</span> 
     </span>
     <span class='ocr_line' id='line_1_84' title="bbox 970 2194 1751 2234; baseline 0.001 -10"><span class='ocrx_word' id='word_1_524' title='bbox 970 2194 1073 2231; x_wconf 72' lang='lat' dir='ltr'>fectu,</span> <span class='ocrx_word' id='word_1_525' title='bbox 1103 2194 1235 2233; x_wconf 74' lang='lat' dir='ltr'>fratrem</span> <span class='ocrx_word' id='word_1_526' title='bbox 1258 2202 1352 2226; x_wconf 86' lang='lat' dir='ltr'>suum</span> <span class='ocrx_word' id='word_1_527' title='bbox 1376 2195 1611 2234; x_wconf 80' lang='lat' dir='ltr'>spiritualem?</span> <span class='ocrx_word' id='word_1_528' title='bbox 1637 2194 1751 2226; x_wconf 90' lang='lat' dir='ltr'>Conse-</span> 
     </span>
     <span class='ocr_line' id='line_1_85' title="bbox 970 2248 1752 2288; baseline 0 -9"><span class='ocrx_word' id='word_1_529' title='bbox 970 2248 1101 2288; x_wconf 86' lang='lat' dir='ltr'>quentia</span> <span class='ocrx_word' id='word_1_530' title='bbox 1115 2250 1211 2288; x_wconf 84' lang='lat' dir='ltr'>patet,</span> <span class='ocrx_word' id='word_1_531' title='bbox 1228 2249 1305 2288; x_wconf 90' lang='lat' dir='ltr'>quia</span> <span class='ocrx_word' id='word_1_532' title='bbox 1320 2257 1410 2279; x_wconf 90' lang='lat' dir='ltr'>amor</span> <span class='ocrx_word' id='word_1_533' title='bbox 1436 2249 1609 2288; x_wconf 77' lang='lat' dir='ltr'>gratuitus,</span> <span class='ocrx_word' id='word_1_534' title='bbox 1636 2248 1752 2279; x_wconf 88' lang='lat' dir='ltr'>scilicet</span> 
     </span>
     <span class='ocr_line' id='line_1_86' title="bbox 971 2301 1750 2340; baseline -0.001 -7"><span class='ocrx_word' id='word_1_535' title='bbox 971 2301 1144 2340; x_wconf 87' lang='lat' dir='ltr'>charitatis,</span> <span class='ocrx_word' id='word_1_536' title='bbox 1167 2302 1278 2333; x_wconf 82' lang='lat' dir='ltr'>fortior</span> <span class='ocrx_word' id='word_1_537' title='bbox 1300 2304 1347 2333; x_wconf 86' lang='lat' dir='ltr'>est</span> <span class='ocrx_word' id='word_1_538' title='bbox 1367 2312 1478 2334; x_wconf 87' lang='lat' dir='ltr'>amore</span> <span class='ocrx_word' id='word_1_539' title='bbox 1504 2302 1622 2333; x_wconf 87' lang='lat' dir='ltr'>carnali</span> <span class='ocrx_word' id='word_1_540' title='bbox 1647 2313 1653 2332; x_wconf 91' lang='lat'>:</span> <span class='ocrx_word' id='word_1_541' title='bbox 1681 2304 1750 2333; x_wconf 89' lang='lat' dir='ltr'>tum</span> 
     </span>
     <span class='ocr_line' id='line_1_87' title="bbox 971 2355 1751 2396; baseline -0.001 -10"><span class='ocrx_word' id='word_1_542' title='bbox 971 2355 1047 2396; x_wconf 85' lang='lat' dir='ltr'>quia</span> <span class='ocrx_word' id='word_1_543' title='bbox 1062 2355 1199 2386; x_wconf 87' lang='lat' dir='ltr'>charitas</span> <span class='ocrx_word' id='word_1_544' title='bbox 1217 2358 1346 2396; x_wconf 84' lang='lat' dir='ltr'>superat</span> <span class='ocrx_word' id='word_1_545' title='bbox 1370 2356 1484 2387; x_wconf 86' lang='lat' dir='ltr'>mortis</span> <span class='ocrx_word' id='word_1_546' title='bbox 1508 2356 1657 2386; x_wconf 86' lang='lat' dir='ltr'>innatum</span> <span class='ocrx_word' id='word_1_547' title='bbox 1677 2355 1751 2385; x_wconf 87' lang='lat' dir='ltr'>hor-</span> 
     </span>
     <span class='ocr_line' id='line_1_88' title="bbox 971 2409 1751 2449; baseline -0.003 -8"><span class='ocrx_word' id='word_1_548' title='bbox 971 2419 1094 2447; x_wconf 87' lang='lat' dir='ltr'>rorem;</span> <span class='ocrx_word' id='word_1_549' title='bbox 1113 2415 1180 2440; x_wconf 88' lang='lat' dir='ltr'>tum</span> <span class='ocrx_word' id='word_1_550' title='bbox 1197 2409 1273 2449; x_wconf 84' lang='lat' dir='ltr'>quia</span> <span class='ocrx_word' id='word_1_551' title='bbox 1291 2409 1429 2440; x_wconf 86' lang='lat' dir='ltr'>charitas</span> <span class='ocrx_word' id='word_1_552' title='bbox 1446 2409 1543 2439; x_wconf 86' lang='lat' dir='ltr'>habet</span> <span class='ocrx_word' id='word_1_553' title='bbox 1563 2409 1751 2439; x_wconf 82' lang='lat' dir='ltr'>fundamen-</span> 
     </span>
     <span class='ocr_line' id='line_1_89' title="bbox 970 2462 1750 2503; baseline -0.004 -8"><span class='ocrx_word' id='word_1_554' title='bbox 970 2467 1042 2496; x_wconf 81' lang='lat' dir='ltr'>tum</span> <span class='ocrx_word' id='word_1_555' title='bbox 1056 2464 1105 2495; x_wconf 89' lang='lat' dir='ltr'>sui</span> <span class='ocrx_word' id='word_1_556' title='bbox 1119 2464 1240 2495; x_wconf 88' lang='lat' dir='ltr'>bonum</span> <span class='ocrx_word' id='word_1_557' title='bbox 1260 2463 1434 2501; x_wconf 87' lang='lat' dir='ltr'>infinitum,</span> <span class='ocrx_word' id='word_1_558' title='bbox 1459 2464 1588 2503; x_wconf 87' lang='lat' dir='ltr'>propter</span> <span class='ocrx_word' id='word_1_559' title='bbox 1605 2463 1690 2502; x_wconf 87' lang='lat' dir='ltr'>quod</span> <span class='ocrx_word' id='word_1_560' title='bbox 1706 2462 1750 2493; x_wconf 88' lang='lat' dir='ltr'>ni-</span> 
     </span>
     <span class='ocr_line' id='line_1_90' title="bbox 971 2515 1748 2558; baseline -0.004 -9"><span class='ocrx_word' id='word_1_561' title='bbox 971 2519 1017 2550; x_wconf 89' lang='lat' dir='ltr'>hil</span> <span class='ocrx_word' id='word_1_562' title='bbox 1030 2517 1157 2549; x_wconf 89' lang='lat' dir='ltr'>finitum</span> <span class='ocrx_word' id='word_1_563' title='bbox 1168 2517 1320 2558; x_wconf 68' lang='lat' dir='ltr'>praevalet</span> <span class='ocrx_word' id='word_1_564' title='bbox 1333 2519 1442 2548; x_wconf 85' lang='lat' dir='ltr'>contra</span> <span class='ocrx_word' id='word_1_565' title='bbox 1454 2525 1536 2547; x_wconf 86' lang='lat' dir='ltr'>eam.</span> <span class='ocrx_word' id='word_1_566' title='bbox 1553 2515 1627 2546; x_wconf 79' lang='lat' dir='ltr'>Haec</span> <span class='ocrx_word' id='word_1_567' title='bbox 1640 2518 1748 2547; x_wconf 88' lang='lat' dir='ltr'>autem</span> 
     </span>
     <span class='ocr_line' id='line_1_91' title="bbox 971 2569 1750 2610; baseline -0.005 -7"><span class='ocrx_word' id='word_1_568' title='bbox 971 2572 1149 2604; x_wconf 82' lang='lat' dir='ltr'>exhortatio</span> <span class='ocrx_word' id='word_1_569' title='bbox 1170 2580 1211 2602; x_wconf 79' lang='lat' dir='ltr'>ex</span> <span class='ocrx_word' id='word_1_570' title='bbox 1228 2571 1282 2601; x_wconf 82' lang='lat' dir='ltr'>illa</span> <span class='ocrx_word' id='word_1_571' title='bbox 1302 2570 1414 2610; x_wconf 84' lang='lat' dir='ltr'>regula</span> <span class='ocrx_word' id='word_1_572' title='bbox 1439 2569 1629 2609; x_wconf 84' lang='lat' dir='ltr'>evangelica</span> <span class='ocrx_word' id='word_1_573' title='bbox 1653 2570 1750 2600; x_wconf 81' lang='lat' dir='ltr'>trahi-</span> 
     </span>
     <span class='ocr_line' id='line_1_92' title="bbox 971 2624 1749 2665; baseline -0.009 -5"><span class='ocrx_word' id='word_1_574' title='bbox 971 2628 1071 2660; x_wconf 77' lang='lat' dir='ltr'>tur2:</span> <span class='ocrx_word' id='word_1_575' title='bbox 1094 2626 1131 2656; x_wconf 83' lang='grc' dir='ltr'>1η</span> <span class='ocrx_word' id='word_1_576' title='bbox 1152 2625 1208 2657; x_wconf 80' lang='lat' dir='ltr'>hoc</span> <span class='ocrx_word' id='word_1_577' title='bbox 1233 2629 1416 2665; x_wconf 66' lang='lat' dir='ltr'>coqnoscent</span> <span class='ocrx_word' id='word_1_578' title='bbox 1440 2632 1558 2661; x_wconf 84' lang='lat' dir='ltr'>omnes,</span> <span class='ocrx_word' id='word_1_579' title='bbox 1582 2624 1666 2663; x_wconf 72' lang='lat' dir='ltr'>quod</span> <span class='ocrx_word' id='word_1_580' title='bbox 1690 2624 1749 2654; x_wconf 83' lang='lat' dir='ltr'>mei</span> 
     </span>
     <span class='ocr_line' id='line_1_93' title="bbox 972 2677 1749 2719; baseline -0.009 -4"><span class='ocrx_word' id='word_1_581' title='bbox 972 2683 1048 2715; x_wconf 80' lang='lat' dir='ltr'>estis</span> <span class='ocrx_word' id='word_1_582' title='bbox 1062 2679 1232 2719; x_wconf 74' lang='lat' dir='ltr'>discipuli,</span> <span class='ocrx_word' id='word_1_583' title='bbox 1250 2679 1280 2710; x_wconf 83' lang='lat' dir='ltr'>si</span> <span class='ocrx_word' id='word_1_584' title='bbox 1295 2678 1496 2711; x_wconf 79' lang='lat' dir='ltr'>dilectionem</span> <span class='ocrx_word' id='word_1_585' title='bbox 1511 2677 1691 2709; x_wconf 81' lang='lat' dir='ltr'>habueritis</span> <span class='ocrx_word' id='word_1_586' title='bbox 1706 2677 1749 2708; x_wconf 78' lang='lat' dir='ltr'>cut</span> 
     </span>
    </p>
   </div>
   <div class='ocr_carea' id='block_1_6' title="bbox 1007 2740 1249 2774">
    <p class='ocr_par' dir='ltr' id='par_1_11' title="bbox 1007 2740 1249 2774">
     <span class='ocr_line' id='line_1_94' title="bbox 1007 2740 1249 2774; baseline -0.012 -8"><span class='ocrx_word' id='word_1_587' title='bbox 1007 2744 1037 2774; x_wconf 78' lang='lat' dir='ltr'>(a)</span> <span class='ocrx_word' id='word_1_588' title='bbox 1050 2741 1087 2766; x_wconf 87' lang='grc' dir='ltr'>ΑΙ.</span> <span class='ocrx_word' id='word_1_589' title='bbox 1098 2740 1249 2764; x_wconf 76' lang='lat' dir='ltr'>collecturis.</span> 
     </span>
    </p>
   </div>
  </div>
 </body>
</html>
