2029 3052
692 214 743 246 DE
765 213 822 246 SS.
843 213 1029 246 ANGELIS.
1053 213 1187 246 SERMO
1211 213 1249 245 Il.

162 287 284 326 plinivs,
301 294 370 315 cum
384 284 504 314 additur
519 293 527 313 ι
543 284 652 320 Semper
665 283 760 311 vident
773 283 875 318 faciem
890 283 947 310 Ρα-

164 337 225 364 tris.
234 334 292 363 Sed
302 334 375 371 quia
383 333 416 361 in
422 330 630 369 superioribus
641 330 835 360 sermonibus
841 329 947 364 multa,

163 382 226 411 imo
254 382 340 419 quasi
366 380 468 409 omnia
496 379 534 407 de
568 378 732 407 ministerio
765 377 948 413 Angelorum

164 429 242 458 dicta
256 431 334 464 sunt,
355 436 434 456 nunc
454 428 492 456 de
507 427 758 463 contemplatione
778 425 946 453 videamus.

165 479 211 506 Est
225 484 297 512 ergo
314 475 496 510 notandum,
512 475 595 511 quod
611 474 650 502 ad
666 474 812 502 visionem
826 473 948 502 beatam

165 528 293 563 quatuor
311 525 520 561 requiruntur,
550 523 688 551 videlicet
708 522 827 559 primo,
853 523 885 548 ut
913 520 949 549 sit

164 575 266 610 aperta
274 582 282 608 ;
303 572 455 606 secundo,
478 574 511 599 ut
525 571 561 599 sit
572 570 721 607 jucunda,
737 569 840 604 tertio,
861 570 894 596 ut
914 568 950 596 sit

163 621 269 658 plena;
285 621 402 657 quarto,
417 621 448 647 ut
459 618 495 646 sit
504 621 625 646 aeterna.
637 617 856 653 Quodcumque
869 615 950 644 enim

163 667 288 696 istorum
303 666 452 698 deficeret,
477 665 553 693 visio
573 665 662 693 beata
681 673 744 693 esse
759 672 822 692 non
837 664 946 700 posset.

163 705 237 743 hum
257 714 346 749 enim,
375 712 540 741 secundum
560 711 745 740 Bernardum
759 712 778 746 ¹,
795 709 949 738 beatitudo

163 762 200 790 sit
213 761 350 789 omnium
363 760 515 789 honorum
536 759 710 796 plenitudo,
735 760 764 786 et
784 757 951 786 secundum

163 808 296 836 Boetium
310 809 331 843 ²,
346 807 382 835 sit
399 809 511 835 «status
525 807 678 835 bonorum
693 806 830 834 omnium
845 812 949 840 aggre-

163 855 282 892 gatione
298 854 461 891 perfectus;
477 865 490 881 »
506 854 531 882 si
544 856 646 890 aperta
661 853 736 881 visio
752 852 861 881 summi
877 852 950 880 boni

163 910 225 931 non
238 904 313 931 esset
328 902 408 930 clara
422 901 564 930 serenitas
574 922 582 936 ,
599 903 626 930 et
640 900 749 929 visioni
762 899 950 936 Jucunditas,

164 951 192 978 et
202 949 380 986 jucunditati
393 958 455 978 non
468 949 644 985 jungeretur
653 948 781 981 satietas,
791 948 819 975 et
826 947 951 975 satietati

163 1005 226 1026 non
249 997 426 1033 jungeretur
451 996 617 1031 aeternitas,
633 1004 695 1023 non
710 997 785 1023 esset
799 994 841 1022 ibi
857 995 952 1022 bono-

164 1053 231 1073 rum
246 1044 382 1073 omnium
398 1044 554 1081 plenitudo
573 1053 579 1072 z
597 1051 668 1079 ergo
688 1051 743 1071 nec
764 1050 835 1070 vera
855 1041 951 1070 beati-

165 1092 248 1120 tudo.
265 1093 297 1120 Ut
312 1099 382 1126 ergo
398 1091 473 1119 nihil
485 1090 748 1119 desitbeatitudini
759 1089 951 1125 Angelorum,

165 1138 264 1175 primo
289 1138 392 1166 vident
419 1139 577 1166 Dominum
601 1138 716 1165 visione
746 1137 950 1173 apertissima3

165 1186 309 1221 secundo,
325 1186 441 1214 visione
458 1185 639 1220 clarissima;
656 1185 740 1213 tertio
760 1185 875 1213 visione
890 1184 953 1220 ple-

166 1233 304 1268 nissima;
330 1235 358 1261 et
378 1233 573 1261 nihilominus
600 1234 705 1269 quarto
726 1232 763 1269 (a)
782 1232 886 1260 vident
909 1232 952 1260 vi-

166 1280 249 1309 sione
265 1281 462 1309 securissima.

204 1329 272 1356 bico
297 1328 406 1365 primo,
431 1328 515 1363 quod
538 1327 641 1363 Angeli
665 1327 769 1355 vident
794 1329 886 1355 Deum
907 1327 952 1354 vi-

167 1376 251 1405 sione
263 1375 461 1410 serenissima,
482 1374 567 1402 nullo
584 1375 741 1410 aenigmate
761 1374 952 1409 obumbrata,

166 1423 215 1450 vel
229 1422 314 1450 nullo
329 1422 430 1450 medio
446 1422 615 1449 convelata.
637 1422 664 1450 Si
678 1421 758 1449 enim
773 1430 835 1449 non
849 1422 890 1449 sic
907 1421 953 1449 vi-

168 1470 290 1504 derent,
316 1469 395 1497 beati
419 1477 480 1496 non
506 1471 618 1504 essent,
644 1469 713 1505 quia
739 1469 838 1496 adhuc
864 1471 954 1496 Deum

168 1518 270 1546 videre
285 1518 316 1545 in
331 1517 428 1554 seipso
444 1519 628 1554 appeterent,
645 1517 717 1553 quia
737 1516 842 1552 Angeli
863 1525 954 1553 appe-

169 1566 238 1593 titus
263 1565 436 1593 terminatus
459 1572 522 1592 non
545 1566 619 1592 esset
647 1573 654 1591 :
684 1572 756 1599 ergo
781 1572 836 1592 nec
857 1564 954 1591 omnis

169 1613 242 1641 boni
270 1612 489 1648 plenitudinem
518 1610 683 1646 attingeret.
711 1611 790 1639 Sicut
816 1611 851 1647 (b)
875 1611 955 1638 enim

167 1660 316 1697 Apostolis
343 1660 374 1687 iu
398 1662 475 1687 terra
501 1659 601 1687 adhuc
633 1659 801 1686 viventibus
825 1659 955 1687 Christus

170 1708 244 1737 dixit
256 1709 266 1726 ³
282 1717 288 1736 :
303 1718 316 1734 «
332 1707 410 1736 Beati
424 1707 514 1742 oculi,
531 1707 584 1743 qui
600 1707 709 1742 vident,
723 1715 790 1743 quae
803 1715 857 1735 vos
872 1707 956 1735 vide-

169 1756 221 1792 tis3
238 1767 249 1782 n
271 1757 299 1783 et
316 1755 459 1783 diciturss:
476 1754 650 1782 «Abraham
664 1754 815 1789 exultavit,
828 1756 860 1782 ut
874 1754 957 1782 vide-

169 1805 213 1831 ret
229 1803 309 1831 diem
324 1810 426 1830 meum
443 1801 546 1836 :vidit‚
562 1803 590 1829 et
602 1801 721 1837 gavisus
737 1803 797 1829 est:
813 1813 826 1828 »
843 1804 955 1838 quanto

170 1850 267 1885 magis
281 1849 324 1877 illi
338 1849 458 1877 dicendi
473 1851 541 1876 sunt
552 1849 642 1881 beati,
659 1849 710 1885 qui
726 1857 787 1876 non
809 1849 956 1877 Christum

171 1897 202 1925 in
217 1896 314 1924 forma
328 1897 443 1923 tantum
457 1896 601 1930 humana,
617 1896 670 1923 sed
686 1904 754 1923 eum
770 1896 958 1932 conspiciunt

172 1944 203 1972 in
222 1943 344 1972 divina?
361 1953 374 1968 α
389 1944 471 1971 Nunc
487 1943 579 1976 enim,
596 1953 609 1968 »
627 1942 666 1970 ait
680 1943 838 1978 Apostolus
849 1944 869 1978 ⁵,
883 1954 897 1969 a
914 1943 956 1971 vi-

173 1992 278 2019 demus
292 1999 345 2027 per
361 1990 516 2026 speculum
532 1990 563 2017 in
581 1990 751 2025 aenigmate3
773 1993 842 2018 tunc
857 1993 957 2018 autem

171 2038 246 2067 facie
268 2038 308 2066 ad
330 2038 447 2065 faciem.
464 2048 477 2063 »
501 2038 522 2066 O
545 2037 615 2065 felix
638 2037 723 2071 visio,
746 2045 763 2065 0
789 2038 957 2067 desiderata

172 2085 397 2122 contemplatio,
413 2084 497 2112 illam
508 2093 658 2112 summam
669 2085 824 2112 essentiam
840 2094 957 2114 cernere

172 2134 203 2162 in
218 2133 324 2169 seipsa,
342 2140 407 2168 quae
419 2131 516 2159 omnis
532 2139 593 2159 esse
607 2140 696 2160 causa
711 2132 820 2168 existit5
838 2136 865 2161 et
875 2133 958 2161 illam

172 2180 346 2217 potentiam,
355 2187 421 2216 quae
430 2179 466 2207 de
475 2179 569 2207 nihilo
581 2181 640 2207 tam
650 2188 760 2215 magna
770 2180 921 2216 produxit;
932 2182 959 2208 et

173 2227 258 2255 illam
269 2227 455 2262 sapientiam,
473 2235 539 2263 quae
550 2229 610 2253 tam
625 2226 728 2261 multa,
746 2229 805 2254 tam
821 2228 957 2263 pulchra,

174 2276 255 2302 tanta
270 2273 407 2302 varietate
427 2274 574 2308 distinxit3
592 2275 619 2301 et
634 2274 716 2301 illam
732 2274 894 2302 bonitatem
909 2275 958 2303 be-

175 2322 327 2354 nevolam,
337 2329 403 2357 quae
414 2321 552 2348 universa
561 2321 717 2356 persistere
724 2320 806 2349 facit!
817 2322 893 2355 Quid
902 2322 959 2350 hoc

175 2369 305 2397 melius?
321 2367 395 2404 quid
417 2367 594 2395 sublimius?
617 2368 698 2396 Unde
719 2369 897 2404 Augustinus
922 2369 959 2398 de

176 2417 291 2444 visione
310 2416 365 2443 hac
380 2414 469 2443 refert
483 2414 635 2442 Platonem
649 2415 863 2452 Philosophum
879 2425 959 2453 quee-

179 2463 249 2491 dam
265 2463 296 2499 (c)
316 2462 425 2490 dixisse
443 2470 449 2489 :
472 2471 484 2487 «
498 2463 579 2496 Tam,
592 2472 605 2487 »
624 2462 728 2498 inquit,
747 2472 760 2488 ιι
777 2463 903 2492 delicata
919 2466 960 2492 est

177 2510 252 2538 visio
279 2509 398 2543 divina,
424 2511 565 2545 tantoque
584 2517 687 2537 amore
709 2510 900 2546 dignissima,
930 2513 961 2539 ut

212 2597 218 2612 1
239 2595 360 2620 Bernard.
376 2608 406 2612 —
423 2595 431 2609 ²
453 2596 537 2625 Boet.,
556 2594 584 2617 de
605 2595 701 2618 Comol.
727 2595 829 2626 philos„
850 2597 892 2620 lib.
918 2597 959 2627 111,

181 2636 274 2662 prose
296 2644 326 2649 —
337 2632 424 2661 ³Luc.‚
439 2638 464 2662 x,
476 2633 514 2655 223,
526 2645 556 2648 —
571 2632 580 2647 '³
591 2632 673 2659 Ιοιιιι.)
688 2633 793 2661 x111‚?jfi.
805 2646 833 2650 -
848 2634 856 2649 ³⁵
872 2634 877 2656 l
891 2632 959 2662 cmx,

181 2674 244 2696 xm,
259 2669 299 2691 12.
315 2681 344 2685 -
363 2668 372 2681 ⁰
394 2668 468 2697 Aug„
487 2667 519 2690 de
539 2667 614 2691 Cz'ml.
639 2667 692 2690 Dei,
708 2681 738 2684 —
756 2668 765 2684 '¹
783 2668 851 2692 psal.
868 2675 960 2699 cmlii,

184 2705 221 2728 357.
238 2717 268 2721 —
283 2705 290 2717 ⁸
306 2703 450 2733 Eccle.,x1,
468 2704 490 2726 7.
504 2703 580 2726 *ιιι
598 2703 710 2734 Pet1·.,1,
727 2707 749 2727 ὃ.

1727 214 1785 244 119

1003 281 1154 319 quidquid
1172 283 1277 311 haberi
1298 282 1402 320 possit,
1427 281 1479 310 illa
1498 289 1561 310 non
1584 280 1698 315 habita,
1724 288 1787 309 non

1001 328 1258 358 faciathominem
1279 330 1413 365 beatum,
1436 329 1490 357 sed
1515 328 1668 357 miserum.
1693 338 1707 355 »
1726 329 1787 356 Va-

1003 376 1075 404 dant
1088 384 1160 411 ergo
1176 377 1276 404 miseri
1291 377 1436 411 homines,
1453 375 1568 410 lascivi,
1583 375 1637 403 filii
1659 375 1785 409 diaboli,

1003 425 1031 451 et
1046 425 1104 451 tota
1120 423 1168 452 die
1184 433 1263 452 vana
1284 424 1478 460 conspiciant,
1494 423 1602 460 politas
1626 422 1787 451 mulierum

1001 471 1091 499 facies
1097 471 1134 500 ad
1140 474 1261 502 vertant.
1269 474 1297 500 et
1303 481 1376 500 auro
1387 471 1567 508 cupidorum
1575 470 1613 507 (d)
1623 470 1788 498 incendan-

1003 520 1060 553 tur,
1076 522 1103 547 et
1119 519 1157 547 ab
1179 519 1230 547 illa
1245 519 1357 547 visione
1373 518 1620 547 excellentissima
1643 526 1674 546 se
1690 517 1788 546 exclu-

1003 567 1091 600 dant,
1113 568 1146 594 ut
1169 567 1198 594 in
1221 566 1320 595 futuro
1340 575 1402 595 non
1426 568 1535 601 Deum,
1559 565 1613 593 sed
1635 565 1788 593 daemones

1003 613 1138 649 videant3
1154 622 1216 642 non
1231 614 1359 650 gloriam
1378 613 1544 648 inveniant,
1561 612 1614 641 sed
1629 615 1788 649 perpetuas

1003 669 1107 698 poenas
1121 661 1214 689 luant.
1230 662 1300 695 Quae
1311 661 1391 689 enim
1405 663 1448 689 est
1463 669 1563 694 causa,
1579 660 1664 697 quod
1674 660 1706 687 in
1721 667 1788 687 sen-

1003 709 1085 737 sibus
1100 717 1156 736 nos
1166 710 1307 745 superant
1320 709 1430 737 bruta?
1446 710 1529 736 Certe
1542 716 1597 736 nos
1609 715 1704 743 caprae
1715 715 1787 744 prae-

1830 715 1910 739 Exem-

1004 756 1113 784 cedunt
1127 756 1158 784 in
1172 756 1249 790 visu,
1266 756 1330 792 lupi
1344 764 1400 784 nos
1415 757 1556 792 superant
1570 756 1601 783 in
1615 755 1738 789 olfactu,
1761 757 1789 784 et
1803 748 1848 776 1¹¹³·

1004 812 1130 839 araneae,
1146 806 1177 831 ut
1189 803 1320 839 videtur,
1337 803 1368 831 in
1382 804 1471 831 tactu.
1489 804 1520 831 Et
1533 811 1637 840 quare,
1653 805 1790 831 creatura

1004 859 1128 879 summae
1143 851 1315 886 nobilitatis,
1331 850 1363 878 in
1378 851 1515 879 sensibus
1530 849 1679 886 superaris
1691 858 1709 878 a
1721 850 1792 878 bru-

1005 898 1058 926 tis?
1079 900 1112 926 Ut
1132 899 1217 933 scias,
1236 899 1307 935 quia
1322 900 1372 927 tua
1387 899 1470 927 bona
1493 906 1555 926 non
1579 898 1717 931 externa,
1737 896 1791 925 sed

1004 946 1120 974 interna
1136 954 1219 974 :non
1238 948 1364 980 terrena,
1380 945 1433 974 sed
1458 953 1588 982 superna
1609 955 1615 973 :
1638 953 1700 973 non
1722 952 1791 972 cum

1005 993 1099 1021 brutis
1114 993 1145 1021 in
1165 996 1254 1028 terra,
1276 993 1329 1021 sed
1351 1001 1419 1021 cum
1435 991 1553 1029 Angelis
1573 993 1604 1021 in
1619 992 1695 1021 coelo
1711 999 1792 1028 quae-

1005 1041 1109 1069 reuda.
1125 1042 1158 1069 In
1173 1041 1309 1069 sensibus
1322 1049 1395 1077 ergo
1412 1044 1437 1069 te
1450 1042 1590 1077 superant
1605 1041 1703 1075 bruta,
1718 1040 1791 1076 quia

1005 1089 1082 1116 facta
1097 1090 1165 1116 sunt
1179 1089 1219 1116 ad
1233 1089 1298 1116 sola
1313 1088 1505 1117 sensibilibus
1521 1088 1554 1124 (e)
1570 1088 1652 1116 bona
1673 1096 1679 1114 :
1696 1089 1728 1115 tu
1742 1095 1793 1115 au-

1007 1138 1065 1164 tem
1082 1136 1112 1163 in
1127 1136 1262 1164 sensibus
1278 1136 1392 1170 deficis,
1409 1138 1440 1163 ut
1453 1144 1508 1172 per
1526 1136 1583 1164 hoc
1599 1135 1746 1169 docearis,
1762 1137 1794 1163 ut

1008 1183 1048 1211 ad
1062 1184 1143 1211 bona
1168 1184 1301 1217 rationis,
1323 1192 1389 1220 quae
1409 1185 1478 1211 sunt
1498 1184 1604 1210 animae
1618 1183 1732 1218 intima,
1747 1190 1794 1210 re-

1006 1231 1139 1258 vertaris.
1158 1231 1212 1264 Qui
1232 1239 1304 1266 ergo
1327 1232 1418 1258 Deum
1441 1231 1543 1258 videre
1562 1229 1729 1262 desiderat,
1755 1229 1793 1257 ab

1009 1278 1205 1306 exterioribus
1230 1278 1371 1306 omnibus
1393 1278 1496 1306 oculos
1516 1279 1639 1311 avertat,
1654 1279 1682 1305 et
1701 1277 1741 1304 ad
1764 1285 1795 1304 se

1008 1325 1121 1358 redeat,
1137 1333 1193 1353 nec
1212 1325 1242 1352 in
1259 1325 1342 1352 vanis
1363 1325 1579 1353 beatitudinem
1598 1332 1684 1352 suam
1703 1323 1796 1360 ipsius

1010 1374 1131 1409 quaerat.
1144 1373 1154 1390 ⁷
1170 1382 1184 1398 ι(
1198 1374 1302 1400 Averte
1319 1372 1424 1400 oculos
1439 1380 1532 1407 meos,
1548 1382 1561 1398 »
1578 1374 1632 1399 etc.

1044 1420 1202 1454 Secundo,
1229 1420 1331 1454 Angeli
1364 1420 1467 1447 vident
1495 1421 1587 1447 Deum
1610 1418 1724 1446 visione
1748 1418 1796 1454 ju-

1009 1468 1115 1495 cunda.
1131 1467 1208 1501 Quid
1223 1467 1303 1495 enim
1320 1467 1433 1494 valeret
1447 1468 1538 1494 Deum
1556 1466 1667 1500 videre,
1690 1473 1744 1493 nec
1759 1465 1796 1493 de

1009 1514 1123 1542 visione
1147 1514 1294 1549 gaudere?
1321 1516 1382 1542 imo
1412 1514 1568 1550 quomodo
1597 1515 1693 1550 posset
1716 1520 1796 1540 sum<

1012 1570 1095 1589 mum
1121 1561 1297 1589 delectabile
1322 1561 1434 1595 videri,
1458 1562 1485 1588 et
1506 1561 1536 1588 in
1559 1569 1594 1589 eo
1619 1569 1681 1588 non
1701 1560 1797 1588 delec-

1010 1609 1084 1637 tari‘?
1100 1609 1128 1638 Si
1144 1609 1336 1645 pulchritudo
1358 1608 1509 1644 pantherae
1531 1608 1572 1636 sic
1597 1608 1714 1636 attrahit
1735 1607 1796 1635 ani-

1011 1657 1103 1685 malia
1115 1657 1154 1685 ad
1170 1666 1200 1685 se
1216 1657 1399 1692 videndum;
1417 1657 1441 1685 si
1462 1657 1502 1684 sic
1518 1656 1645 1685 delectat
1663 1658 1797 1692 aspectus

1010 1705 1185 1738 hortorum3
1199 1704 1222 1732 si
1237 1705 1278 1732 sic
1290 1704 1420 1732 suavitas
1435 1704 1584 1739 liliorum,
1605 1712 1753 1738 rosarum,
1771 1705 1798 1731 et

1013 1752 1175 1786 violarum3
1193 1752 1216 1779 si
1233 1752 1272 1779 sic
1283 1752 1439 1780 amoenitas
1454 1760 1596 1788 agrorum
1611 1751 1796 1786 florentium3

1012 1799 1036 1826 si
1052 1799 1093 1826 sic
1112 1798 1303 1835 pulchritudo
1328 1799 1500 1827 stellarum:
1516 1802 1672 1835 quantum,
1691 1799 1799 1833 credis,

1015 1846 1142 1874 delectat
1165 1854 1285 1874 cernere
1305 1854 1456 1874 summum
1478 1847 1610 1880 bonum,
1635 1846 1800 1882 pulchritu-

1014 1893 1116 1920 dinem
1143 1893 1279 1920 omnium
1302 1893 1496 1927 saeculorum,
1522 1896 1549 1921 et
1570 1893 1801 1930 pulchritudinis

1017 1941 1114 1969 omnis
1128 1941 1310 1977 principium
1325 1942 1339 1968 ἰ)
1355 1942 1364 1958 ⁸
1381 1952 1394 1966 (ι
1411 1941 1498 1969 Dulce
1523 1941 1635 1976 lumen,
1653 1944 1681 1969 et
1703 1941 1801 1969 delec-

1015 1990 1106 2017 tabile
1123 1992 1165 2017 est
1180 1990 1274 2017 oculis
1290 1989 1392 2017 videre
1408 1989 1517 2017 Solem.
1532 2000 1544 2014 »
1561 1990 1593 2016 Et
1608 1989 1632 2016 si
1650 1989 1691 2016 sic
1706 1988 1802 2016 delec-

1014 2039 1054 2065 tat
1076 2039 1208 2064 creatum
1228 2036 1309 2064 hunc
1324 2036 1470 2072 respicere
1489 2036 1598 2069 Solem,
1614 2036 1684 2072 quid
1701 2036 1800 2063 delec-

1015 2084 1134 2112 tationis
1150 2086 1236 2120 putas
1252 2084 1309 2111 illis
1324 2092 1401 2117 esse,
1421 2084 1471 2120 qui
1487 2086 1635 2112 creantem
1650 2084 1802 2111 intuentur

1015 2132 1135 2159 Solem?
1150 2131 1256 2159 Dicitur
1277 2131 1357 2158 enim
1377 2131 1414 2159 de
1434 2131 1546 2167 aquila,
1568 2131 1651 2167 quod
1667 2134 1735 2158 tunc
1750 2131 1802 2158 ha-

1015 2179 1066 2206 bet
1086 2178 1314 2206 delectationem
1337 2186 1432 2212 suam,
1458 2178 1581 2214 quando
1607 2178 1706 2206 Solem
1731 2185 1801 2206 con-

1016 2226 1102 2262 spicit
1116 2226 1146 2253 in
1169 2228 1256 2253 rota:
1279 2234 1350 2261 ergo
1371 2225 1445 2261 quid
1469 2228 1511 2254 est
1532 2225 1631 2254 videre
1652 2233 1801 2253 summam

1018 2273 1195 2306 essentiam,
1220 2273 1361 2300 omnibus
1385 2273 1633 2301 delectationibus
1653 2273 1775 2309 plenam
1788 2273 1802 2300 ἱ)

1016 2322 1080 2348 Non
1105 2320 1184 2348 enim
1207 2320 1322 2356 absque
1346 2328 1464 2348 summa
1487 2320 1682 2348 delectatione
1707 2322 1803 2356 potest

1017 2368 1096 2395 cerni
1113 2367 1217 2394 divina
1233 2367 1368 2395 essentia.
1386 2367 1467 2396 Unde
1491 2367 1598 2395 dicitur
1610 2368 1638 2394 ⁹:
1660 2377 1672 2393 «
1694 2367 1802 2394 Viden-

1016 2417 1058 2443 tes
1081 2415 1118 2450 (f)
1141 2414 1311 2442 exultabitis
1333 2414 1432 2442 laetitia
1454 2414 1663 2447 inenarrabili;
1689 2424 1702 2440 n
1731 2413 1802 2450 quia

1018 2462 1057 2490 ad
1070 2470 1136 2490 eam
1161 2461 1389 2498 exprimendam
1412 2462 1512 2490 deficit
1526 2462 1624 2490 omnis
1637 2461 1752 2497 lingua.
1773 2461 1801 2489 Si

1017 2509 1097 2537 enim
1115 2509 1156 2536 sic
1182 2509 1308 2536 delectat
1333 2511 1450 2544 gustum
1480 2517 1547 2537 esus
1573 2508 1708 2536 carnium
1729 2516 1802 2545 qua-

1018 2556 1205 2592 drupedum,
1232 2556 1353 2590 avium,
1378 2556 1518 2592 piscium,
1545 2558 1573 2584 et
1594 2564 1754 2592 saporum3
1778 2555 1801 2583 si

1019 2604 1060 2632 sic
1084 2605 1236 2632 contactus
1260 2603 1423 2631 carnalium
1447 2612 1566 2639 rerum,
1589 2603 1664 2640 quid
1686 2605 1729 2631 est
1750 2598 1807 2630 de-'

1052 2667 1084 2697 (α)
1103 2667 1165 2691 Coet.
1181 2666 1242 2690 edit.
1259 2667 1375 2691 tertio.—
1391 2666 1420 2694 (h)
1432 2666 1486 2697 Leq.
1500 2666 1565 2691 St-
1581 2667 1609 2698 (c)
1628 2666 1801 2698 quondam.—

1022 2703 1059 2734 (d)
1070 2703 1125 2727 auri
1133 2703 1298 2735 cupidine.—
1308 2703 1335 2734 (ν)
1345 2702 1515 2727 sensibilia—
1525 2703 1560 2735 (f)
1576 2703 1647 2734 Γαίῃ.
1658 2702 1801 2727 credentes.

1840 1613 1919 1632 Exem-

1812 1644 1856 1671 pla.
