2029 3052
243 260 304 290 2¹0

535 357 663 386 Pennus
681 357 726 385 ¹15.

273 423 362 451 Notus
376 421 408 450 in
421 421 522 450 sudoea
534 421 608 449 neus
622 429 630 449 ι
644 419 676 449 in
689 418 779 449 lsrael
792 417 1024 448 honorificentia

238 469 335 499 Matris
349 469 423 505 ejus.

274 515 371 545 Dulcis
386 517 429 545 est
443 514 590 544 memoria
603 514 668 551 ejus
680 521 770 551 super
784 512 885 542 metet
897 512 1002 541 favum
1013 521 1020 540 :

238 566 267 593 et
280 571 366 593 amor
381 563 446 599 eJus
459 570 550 599 super
565 561 668 590 omnia
682 563 828 590 aromata.

273 611 357 640 Salus
372 612 401 639 et
419 609 479 638 vita
498 609 530 638 in
550 609 645 638 domo
667 608 747 638 illius
763 617 770 636 :
787 609 816 636 et
834 607 865 636 in
886 606 1024 636 taberna-

238 658 307 687 culo
323 657 387 694 eius
400 665 460 694 pax
471 658 500 686 et
513 656 610 694 gloria
624 656 814 693 sempiterna.

274 704 470 734 llonorificate
485 703 583 740 illam,
604 703 671 732 eoeli
687 705 715 731 et
734 704 813 731 terra
829 711 836 730 :
856 701 928 738 quia
943 708 1024 729 sum-

239 761 306 782 mus
317 752 427 781 Artifex
438 752 516 781 hanc
530 751 706 780 mirabiliter
719 749 888 778 honoravit.

273 802 354 836 Date,
369 799 424 834 illi,
446 807 550 828 omnes
569 801 722 833 creaturas,
744 796 867 826 laudem
890 806 896 822 :
917 798 945 824 et
965 797 1026 824 stu·

238 848 371 886 pendam
389 847 627 876 misericordiam
648 846 712 882 ejus
727 844 858 874 extollite
873 842 1024 880 gratulan—

238 898 292 925 ter.
308 895 407 925 Gloria
421 895 508 930 l’atri‚
524 897 579 923 etc.

537 978 664 1005 Psuuus
683 976 728 1003 76.

277 1043 353 1070 Voce
367 1048 435 1069 mea
452 1039 491 1068 ad
508 1038 665 1068 Dominam
681 1035 808 1065 clamavi
826 1045 832 1064 :
849 1037 877 1064 et
890 1043 944 1064 sua
959 1042 1026 1071 gra·

242 1089 282 1118 tia
296 1088 421 1117 intendit
432 1086 516 1116 mihi.

276 1136 402 1166 Abstulit
411 1143 429 1164 a
440 1134 531 1164 eorde
542 1141 610 1161 meo
621 1131 791 1161 moestitiam
804 1132 832 1158 et
847 1137 1007 1158 moerorem
1018 1139 1024 1158 ς

241 1187 271 1214 et
285 1184 429 1213 suavitate
444 1190 498 1210 sua
513 1189 564 1210 cor
580 1188 682 1209 meum
697 1177 874 1207 dulcoravit.

278 1230 480 1260 Formidinem
494 1236 591 1257 meam
602 1226 695 1256 erexit
706 1226 736 1254 in
749 1225 962 1254 confidentiam
973 1224 1029 1253 bo-

242 1287 334 1308 nam:
352 1280 381 1306 et
400 1285 456 1306 suo
478 1277 597 1313 aspectu
621 1274 766 1303 mellifluo
784 1274 913 1302 mentem
928 1280 1027 1300 meam

242 1326 399 1356 serenavit.

280 1373 434 1410 Adjutorio
449 1374 550 1400 saneto
572 1378 627 1399 suo
644 1369 723 1398 evasi
747 1368 878 1406 pericula
899 1367 1003 1396 mortis
1020 1376 1026 1394 :

245 1424 273 1451 et
287 1422 325 1450 de
341 1429 432 1449 manu
447 1418 560 1448 crudeli
575 1415 749 1452 subterfugi.

282 1468 394 1498 Gratias
410 1469 468 1495 Deo
483 1469 511 1495 et
534 1465 603 1500 tibi,
621 1466 707 1493 Mater
730 1463 791 1500 pia,
814 1462 851 1490 da
875 1461 1027 1496 omnibus,

246 1526 312 1555 quoe
327 1518 478 1545 assecutus
492 1522 575 1542 sum:
591 1513 628 1541 de
649 1512 756 1549 pietate
779 1512 807 1539 et
829 1508 1029 1538 misericordia

246 1567 307 1594 tua.
321 1564 420 1594 Gloria
435 1562 521 1597 Patri,
538 1563 592 1589 etc.

546 1646 670 1672 l‘simms
689 1645 733 1670 77.

285 1707 440 1742 Attendite,
457 1705 568 1743 popule
589 1705 647 1738 Dei,
668 1704 815 1740 praecepta
838 1702 886 1730 l)ei
905 1711 910 1729 :
929 1704 955 1730 et
977 1703 1030 1730 Re-

250 1756 327 1792 ginu‘,
341 1754 441 1791 gratiae
453 1753 543 1781 nolite
556 1751 702 1780 oblivisci.

285 1803 399 1840 Aperite
415 1810 466 1830 eor
487 1800 526 1828 ad
543 1798 784 1834 investigandum
799 1805 865 1826 eam
885 1807 891 1824 ;
909 1799 936 1825 et
952 1796 1032 1825 labia

249 1851 287 1880 ad
301 1849 531 1887 glorificandum
547 1848 640 1875 illam.

286 1897 447 1927 Descendat
463 1904 548 1924 amor
560 1896 622 1930 ejus
633 1894 662 1922 in
673 1893 815 1922 cordibus
829 1891 930 1920 vestris
945 1901 950 1919 z
963 1899 1033 1920 con-

249 1946 388 1983 cupiscite
404 1945 520 1981 placere
536 1943 587 1970 illi.

287 1992 476 2021 pulchritudo
505 1991 568 2025 ojus
594 1989 683 2016 vineit
711 1987 810 2015 Solem
836 1990 862 2014 et
891 1989 1001 2014 Lunam
1023 1996 1030 2013 τ

250 2040 427 2076 compositio
443 2039 505 2073 ejus
521 2037 559 2065 ad
575 2038 749 2064 ornamenta
765 2035 915 2062 virtutum.

287 2089 419 2117 Miserere
440 2086 516 2119 mel,
539 2084 648 2119 Regina
671 2083 771 2118 glorim
794 2084 821 2109 et
846 2081 968 2109 lionoris
985 2090 990 2108 :
1008 2083 1035 2109 et

251 2136 289 2164 ab
305 2135 387 2164 omni
403 2132 534 2170 periculo
551 2131 666 2159 custodi
683 2133 810 2158 mentem
824 2137 932 2157 meam.

287 2183 384 2212 Gloria
401 2180 487 2215 Patri,
503 2182 557 2208 ete.

552 2264 674 2290 l'suncs
694 2262 737 2288 78.

290 2327 424 2361 Domina,
437 2326 581 2353 venerunt
596 2324 696 2358 gentes
709 2322 735 2348 in
750 2319 950 2348 haereditatem
964 2319 1010 2346 Dei
1026 2329 1031 2346 z

252 2384 328 2413 quas
346 2377 377 2403 tn
393 2373 503 2402 meritis
519 2372 573 2399 tuis
589 2370 702 2397 christo
719 2368 937 2396 conlwderasti.

288 2423 327 2452 Sit
342 2421 496 2458 cloquium
511 2421 594 2446 tuum
610 2417 696 2444 dulce
711 2424 811 2443 coram
826 2415 890 2451 ipso
905 2424 910 2441 :
924 2417 951 2442 et
965 2422 1035 2442 eon-

250 2473 340 2507 junge
357 2478 403 2497 me
419 2467 473 2501 illi,
489 2466 538 2503 qui
557 2473 602 2493 me
618 2463 752 2491 redemit.

289 2516 417 2545 Extende
434 2513 589 2542 brachium
614 2514 695 2539 tunm
716 2511 817 2537 contra
840 2509 954 2536 hostem
969 2515 1036 2535 eru-

254 2565 351 2594 delem
367 2573 372 2591 :
391 2566 417 2591 et
433 2561 554 2589 denuda
568 2559 640 2587 milii
657 2558 814 2585 versutiam
830 2556 919 2583 illius.

289 2614 349 2640 Vox
366 2614 414 2639 tun
429 2608 524 2637 duleis
539 2614 627 2643 super
638 2613 754 2633 omnem
769 2604 932 2631 melodiam
947 2612 952 2630 z
971 2603 1036 2630 liur-

253 2659 355 2688 monia
369 2657 504 2693 angelica
518 2656 544 2683 ei
560 2662 621 2682 non
643 2652 719 2680 valet
735 2651 911 2687 comparari.

285 2758 318 2787 (ut
336 2755 397 2779 Caer.
414 2753 474 2777 calis.
491 2753 570 2776 sonte.

588 255 845 290 PSALTERIUM
864 252 992 288 MAJIJS
1012 252 1159 287 BEATAE
1180 254 1330 289 MARIAE-
1342 255 1529 290 vfflGthS.

1116 323 1229 371 Distilla
1245 324 1320 353 mihi
1341 324 1519 354 suavitatem
1537 323 1701 361 gratiarum
1721 325 1842 354 marum
1857 334 1865 350 :

1079 371 1109 399 et
1123 371 1244 400 tuorum
1258 371 1472 401 charismatum
1485 371 1680 408 fragrantiam
1689 372 1719 400 et
1727 370 1864 400 odorem.

1115 417 1216 448 Gloria
1228 418 1317 455 Patri,
1333 420 1390 448 etc.

1377 501 1504 530 Pulsus
1522 502 1569 529 ’19-

1116 558 1171 593 Qui
1192 559 1270 596 regis
1299 561 1407 596 lsrael,
1430 561 1552 591 intende
1573 560 1615 590 ad
1637 567 1687 590 me
1709 569 1717 589 :
1747 557 1868 590 Matrem

1079 607 1160 634 tuam
1176 606 1363 637 collaudare.

1115 653 1326 689 Expergiscere
1342 654 1381 684 de
1396 654 1532 692 pulvere,
1553 655 1656 684 anima
1670 661 1739 684 mea
1753 663 1761 684 :
1777 661 1869 692 perge

1079 699 1112 728 in
1128 707 1290 729 occursum
1305 701 1424 738 Reginae
1438 701 1514 731 eoeli.

1117 746 1204 776 Solve
1233 748 1352 778 vincula
1377 749 1447 778 colli
1476 749 1534 784 tui,
1562 749 1747 786 paupercula
1769 748 1871 778 anima

1081 801 1149 822 mea
1162 805 1169 822 :
1188 797 1217 823 et
1230 795 1369 831 gloriosis
1383 795 1525 825 laudibus
1539 796 1642 833 accipe
1657 795 1750 825 illam.

1117 842 1198 872 Odor
1212 843 1278 871 vitae
1294 843 1332 872 de
1348 843 1399 872 illa
1414 843 1624 880 progreditur:
1641 845 1669 872 et
1683 843 1782 872 omnis
1791 843 1871 872 salus

1081 889 1119 918 de
1134 890 1225 918 eorde
1241 890 1320 919 illius
1334 891 1500 920 scaturizat.

1118 937 1335 966 Charismatum
1346 945 1472 966 suorum
1481 937 1644 974 fragrantia
1651 938 1735 967 suavi
1747 947 1754 966 :
1764 937 1871 967 animae

1083 986 1208 1014 mortuoe
1224 984 1412 1014 suscitantur.
1428 985 1528 1014 Gloria
1541 985 1628 1022 Patri,
1644 987 1700 1014 etc.

1385 1067 1512 1095 Psnuus
1531 1066 1576 1095 80.

1121 1126 1254 1156 Exultate
1276 1127 1407 1156 Dominae
1433 1127 1570 1164 adjutrici
1589 1129 1697 1156 nostrae
1718 1136 1726 1156 :
1745 1127 1872 1164 iubilate

1084 1174 1115 1202 in
1128 1173 1227 1203 loetitia
1239 1174 1339 1203 cordis
1352 1174 1452 1203 vestri.

1121 1221 1327 1251 Accendantur
1347 1222 1470 1250 affectus
1487 1221 1577 1250 vestri
1600 1221 1631 1250 in
1653 1221 1757 1251 illam:
1773 1224 1802 1251 et
1815 1222 1872 1250 ini-

1085 1269 1178 1297 micos
1193 1271 1304 1297 vestros
1315 1269 1418 1297 induet
1433 1268 1617 1297 confusione.

1122 1317 1272 1344 lmitemur
1293 1316 1490 1344 humilitatem
1513 1316 1597 1352 ejus:
1619 1315 1824 1345 obedientiam
1846 1318 1875 1344 et

1086 1363 1346 1392 mansuetudinem
1358 1363 1449 1392 illins.

1123 1413 1231 1440 Omnes
1249 1411 1349 1447 grutioe
1368 1410 1487 1439 radiant
1508 1411 1538 1438 in
1562 1410 1615 1439 illa
1631 1419 1638 1439 :
1665 1409 1875 1447 capacisssima

1087 1459 1167 1487 enim
1183 1459 1235 1486 suit
1249 1458 1398 1495 capacitas
1413 1457 1503 1486 illius.

1120 1508 1231 1535 Currite
1247 1506 1286 1534 ad
1302 1505 1384 1534 illam
1399 1513 1468 1533 cum
1483 1504 1643 1533 devotione
1658 1506 1778 1533 sancta:
1793 1506 1822 1533 et
1836 1504 1874 1533 de

1088 1553 1176 1582 bonis
1189 1553 1249 1581 suis
1273 1552 1463 1589 participabit
1478 1551 1575 1581 vobis.

1124 1600 1223 1629 Gloria
1242 1600 1332 1634 Patri,
1348 1602 1402 1628 etc.

1388 1683 1513 1709 Psiincs
1533 1681 1562 1708 8¹
1573 1700 1579 1706 .

1126 1743 1239 1771 neusin
1249 1750 1406 1779 synagoga
1418 1741 1589 1770 Judoeorum
1602 1750 1608 1768 :
1622 1740 1659 1768 de
1673 1748 1745 1777 qua,
1761 1742 1793 1769 ut
1808 1748 1877 1769 rosa

1090 1791 1126 1820 de
1142 1790 1284 1824 sentibus,
1303 1797 1460 1826 progressa
1475 1791 1518 1817 est
1532 1790 1619 1816 Mater
1635 1787 1695 1816 Dei.

1125 1840 1215 1873 Terge
1232 1837 1393 1865 [militatem
1408 1844 1516 1868 meam.
1541 1835 1665 1864 Domina
1684 1844 1691 1863 :
1715 1843 1782 1872 quae
1796 1843 1875 1864 sem-

1092 1895 1144 1923 per
1159 1886 1261 1914 rutilas
1276 1885 1412 1922 puritate.

1127 1936 1246 1962 Fontem
1266 1934 1301 1969 (a)
1318 1933 1382 1960 vitae
1400 1932 1491 1960 inssue
1505 1932 1533 1959 in
1550 1940 1584 1960 os
1604 1939 1705 1959 meum

1093 1982 1223 2009 viventes
1238 1989 1323 2017 aqum
1338 1981 1491 2017 protluunt
1503 1981 1530 2007 et
1545 1981 1695 2007 emanant.

1127 2035 1235 2057 omnes
1249 2029 1388 2061 sitientes,
1404 2028 1500 2055 venite
1515 2025 1553 2054 ad
1570 2026 1652 2054 illam
1675 2034 1681 2053 ε
1698 2028 1726 2053 et
1741 2025 1778 2053 de
1796 2025 1875 2054 sonte

1091 2085 1145 2104 suo
1160 2078 1308 2112 gratanter
1322 2083 1374 2103 vos
1390 2074 1514 2111 potabit.

1128 2123 1182 2157 Qui
1199 2123 1313 2150 hauriet
1335 2130 1370 2150 ex
1387 2130 1433 2156 eo,
1455 2121 1537 2149 saliet
1557 2120 1587 2148 iu
1604 2120 1694 2148 vitam
1711 2122 1852 2148 aeternam
1869 2129 1875 2147 :

1091 2174 1118 2199 et
1134 2171 1184 2207 qui
1200 2170 1282 2198 bibet
1298 2178 1333 2197 ex
1350 2177 1397 2204 eo,
1413 2176 1474 2197 non
1490 2168 1566 2196 sitiet
1586 2175 1730 2204 unquam.

1127 2218 1225 2247 Gloria
1240 2217 1326 2252 Patri,
1340 2219 1394 2246 ete.

1727 1941 1733 1959 :
1760 1939 1796 1959 ex
1815 1939 1876 1968 quo

1389 2300 1516 2327 rsimus
1536 2298 1579 2325 82.

1130 2361 1254 2388 Domina
1270 2368 1347 2394 mea,
1364 2360 1431 2396 quis
1443 2358 1547 2386 similis
1557 2358 1610 2386 erit
1621 2357 1689 2385 tibi:
1703 2364 1770 2393 quoe
1783 2355 1877 2392 gratia

1095 2410 1123 2436 et
1137 2408 1234 2443 gloria
1246 2407 1450 2443 superemines
1467 2406 1644 2434 universos?

1129 2456 1206 2483 Sicut
1220 2455 1385 2483 exaltantur
1397 2454 1462 2481 eoeli
1479 2461 1496 2481 a
1509 2456 1601 2481 terra:
1615 2451 1655 2479 sic
1672 2454 1700 2478 tu
1711 2450 1878 2486 proecelsior

1093 2503 1215 2536 cunctis,
1231 2506 1257 2530 ct
1272 2502 1358 2530 [liniis
1371 2502 1507 2529 exaltata.

1131 2550 1257 2577 Vulnera
1273 2558 1322 2577 cor
1340 2557 1440 2577 meum
1459 2547 1598 2575 charitate
1614 2548 1663 2574 tua
1682 2556 1687 2571 :
1712 2545 1757 2572 fac
1772 2552 1819 2573 me
1835 2544 1878 2572 di-

1093 2607 1185 2634 gnum
1201 2598 1294 2633 gratia
1310 2600 1337 2625 et
1351 2596 1525 2624 muneribus
1540 2595 1606 2622 tuis.

1130 2646 1251 2682 Liqueat
1265 2653 1337 2673 cura
1359 2652 1427 2672 mea
1451 2643 1481 2670 in
1503 2642 1607 2670 timore
1630 2644 1680 2670 tno
1697 2651 1705 2668 ε
1723 2642 1751 2669 et
1771 2647 1879 2669 concu-

1094 2693 1236 2729 piscentia
1252 2695 1301 2720 tua
1317 2699 1368 2719 cor
1384 2698 1484 2718 meum
1500 2690 1709 2718 inflammetur.

1131 2742 1184 2767 Fae
1202 2748 1248 2767 me
1260 2739 1430 2767 desiderare
1446 2737 1701 2767 honorificentiam
1714 2738 1742 2765 et
1751 2735 1879 2772 gloriam
