2029 3052
213 202 274 232 550

211 267 269 307 qui
290 276 357 299 non
379 268 478 300 hahet
496 269 551 309 J'us
569 268 605 300 in
629 267 774 307 ecclesia,
791 268 878 309 quod
892 268 990 310 possit

210 320 302 353 alteri
315 321 474 362 delegare.

252 375 335 407 Sunt
349 377 381 407 et
396 376 451 407 alii
465 385 568 414 casus,
583 385 642 416 pro
663 375 783 416 quibus
796 376 991 417 quandoque

211 429 310 461 etiam
321 429 466 461 honestae
479 438 625 470 personae
640 429 755 462 timent
769 429 836 461 suis
850 430 992 462 sacerdo-

209 483 297 516 tibus
309 483 450 516 confiteri
463 493 471 515 :
483 486 498 515 1
506 507 514 515 .
529 483 605 524 quia
613 484 724 516 vicarii
733 484 989 524 suntinstabiles,

209 539 241 569 et
264 537 385 578 saepius
407 538 595 577 mutantur,
625 538 696 570 ideo
721 547 786 570 non
805 539 923 570 audent
945 539 991 571 eis

209 601 269 623 sua
289 591 434 624 revelare
460 594 601 632 secreta,
617 601 692 624 cum
714 593 806 624 toties
830 594 991 634 oporteret

209 655 263 677 eos
277 645 406 686 ignotos
420 646 539 678 habere
548 646 754 679 confessores.
765 649 796 678 2.
805 646 897 686 Item,
913 647 989 688 quia

207 699 352 740 plerique
367 699 514 740 ipsorum
527 701 594 731 tam
608 700 715 732 vitiosi
730 702 818 740 sunt,
834 701 920 741 quod
933 700 990 732 ho-

207 755 298 785 nesta
311 753 445 785 foemina
458 752 548 785 timet
567 753 737 793 infamari,
754 754 781 785 si
796 756 916 786 secrete
931 764 986 786 su-

207 807 384 840 surraverit
393 817 467 839 cum
483 817 532 839 eo.
543 811 573 840 3.
589 807 680 847 ltem,
696 808 773 848 quia
784 808 893 849 plures
902 809 987 850 ipso-

207 871 282 893 rum
290 861 395 902 ignoti
401 863 488 901 sunt,
499 863 531 893 et
539 861 672 893 timetur
685 854 773 903 quod'
781 865 856 894 sunt
868 863 906 903 (a)
916 872 988 903 apo-

207 917 310 955 statae,
326 916 377 948 vel
391 916 425 947 in
440 916 548 948 officio
563 916 749 948 sacerdotali
763 917 918 958 impediti,
935 917 987 949 vel

206 970 285 1002 forte
291 980 354 1002 non
363 970 516 1002 habentes
523 971 666 1002 ordinem
674 972 885 1003 sacerdotii.3.
894 971 985 1011 Item,

205 1024 304 1065 aliqui
325 1024 444 1056 habent
464 1024 540 1056 talia
570 1027 698 1065 peccata
718 1026 753 1056 in
781 1026 984 1064 conscientia,

205 1078 291 1119 quod
305 1078 412 1119 potius
427 1078 541 1111 volunt
558 1088 625 1110 non
641 1080 797 1119 confiteri,
809 1089 908 1120 quam
917 1080 984 1120 ple-

205 1132 297 1163 banis
319 1132 385 1164 suis
406 1142 444 1164 ea
465 1133 624 1173 pandere,
650 1133 706 1174 qui
727 1142 852 1174 semper
875 1134 986 1166 vident

205 1195 277 1226 eos,
297 1188 329 1218 et
351 1195 459 1218 eoram
482 1187 601 1227 quihus
623 1187 737 1218 timent
760 1189 826 1218 tota
840 1187 891 1219 die
907 1197 984 1219 con-

204 1240 306 1280 fundi,
330 1240 412 1272 sicut
435 1250 520 1282 saepe
543 1241 754 1281 percepimus.
772 1241 828 1272 His
846 1241 881 1272 in
897 1243 985 1274 tanto

205 1295 345 1336 periculo
368 1304 409 1326 ex
429 1295 646 1336 compassione
665 1297 711 1326 est
729 1296 984 1327 succurrendum

204 1349 322 1389 potius,
344 1358 443 1389 quam
466 1349 500 1379 in
524 1349 777 1389 desperationem
796 1352 982 1390 ponantur:

205 1402 266 1434 hoc
278 1403 331 1434 tali
341 1403 435 1435 modo
443 1405 514 1443 apte
523 1404 568 1442 fit,
583 1406 619 1434 ut
630 1404 842 1435 confiteantur
856 1404 983 1444 talibus,

205 1467 287 1498 quos
310 1467 376 1489 non
396 1458 525 1497 timent,
553 1458 611 1489 ubi
636 1458 814 1489 consulitur
839 1458 984 1498 ipsorum

206 1511 409 1544 verecundiae
423 1514 455 1542 et
471 1511 575 1543 saluti.
592 1511 661 1543 Non
676 1514 724 1543 est
744 1512 857 1544 leviter
871 1513 983 1553 praeci-

207 1565 355 1606 pitandus
372 1566 405 1596 in
420 1565 597 1604 interitum,
614 1575 671 1606 pro
685 1575 749 1606 quo
765 1566 909 1598 Christus
923 1567 985 1599 Do-

207 1619 314 1650 minus
328 1619 435 1660 potius
456 1619 559 1651 voluit
583 1622 720 1652 mortem
743 1621 845 1652 crucis
866 1622 984 1660 subire,

207 1683 304 1714 quam
318 1674 515 1713 permitteret
530 1683 605 1705 eum
621 1675 736 1714 perire.
751 1675 789 1706 Et
803 1676 893 1715 rigor
903 1677 987 1716 Juris

208 1728 347 1768 positivi,
362 1728 416 1758 ubi
432 1728 569 1768 expedit,
585 1729 762 1760 servandus
776 1732 838 1767 est;
856 1731 910 1761 ubi
925 1740 986 1762 au-

207 1784 272 1813 tem
287 1781 423 1813 salutem
438 1782 588 1822 impedit,
609 1783 818 1815 remittendus
834 1787 890 1815 est.
907 1784 986 1816 Cum

208 1835 295 1866 enim
309 1837 446 1875 potestas
459 1836 669 1867 ecclesiastica
679 1837 751 1868 data
765 1838 805 1868 sit
818 1847 837 1868 a
852 1838 986 1869 Domino

207 1890 362 1930 praelatis,
380 1891 458 1921 teste
474 1890 624 1930 Apostolo
638 1892 658 1928 ¹,
675 1892 711 1923 in
726 1891 987 1931 (edificationem,

208 1947 238 1976 ec
254 1951 318 1976 non
334 1945 371 1975 in
390 1943 639 1976 destructionem
662 1945 773 1976 salutis
793 1946 986 1985 animarum,

209 1997 409 2037 ubicumque
429 2001 536 2037 aperte
551 1998 622 2037 quis
643 2008 680 2029 ca
700 1999 802 2030 utitur
817 2000 850 2030 in
865 2000 987 2031 destru-

210 2053 364 2091 ctionem,
381 2053 533 2084 virtutem
555 2063 648 2084 suam
673 2054 787 2085 amittit
802 2064 809 2093 ;
826 2055 989 2086 5101111110-

210 2107 324 2145 dicina,
339 2116 405 2137 non
420 2107 501 2137 sicut
515 2107 642 2147 expedit
657 2117 746 2147 mgro
762 2111 915 2148 porrecta,
934 2118 988 2150 po-

211 2160 274 2192 tius
287 2160 373 2191 laedit
387 2170 461 2191 011111
472 2185 479 2199 ,
495 2170 592 2201 quam
608 2164 716 2200 sanet,
732 2171 807 2193 011111
823 2163 988 2195 medicina¹

211 2215 251 2245 ad
266 2215 445 2245 sanandum
457 2217 486 2245 et
500 2216 726 2255 reparandum,
744 2219 774 2247 et
789 2227 854 2248 uon
868 2218 907 2249 ad
918 2228 989 2249 sau-

213 2268 380 2306 ciandum,
410 2269 461 2299 vel
492 2269 719 2301 destruendum
748 2272 811 2302 sint
843 2275 987 2312 repertae.

213 2322 359 2352 Cessante
372 2322 458 2352 enim
470 2332 575 2360 causa,
595 2327 693 2355 cessat
711 2326 740 2355 ct
751 2325 881 2356 effectus
895 2337 900 2357 z
915 2327 990 2366 quia

214 2376 305 2415 rigor
320 2385 377 2416 pro
391 2376 525 2406 utilitate
542 2377 724 2409 animarum
741 2381 894 2418 statutus,
911 2381 991 2411 sicut

215 2430 392 2461 servandus
407 2432 464 2467 est,
482 2430 537 2461 ubi
554 2430 605 2461 illa
619 2431 736 2462 utilitas
748 2433 818 2463 inde
830 2435 988 2473 provenit,

215 2493 272 2523 pro
286 2493 347 2523 qua
361 2484 524 2523 statuitur,
544 2485 586 2515 ita
600 2485 756 2516 laxandus
771 2489 828 2525 est,
845 2488 900 2518 ubi
921 2488 992 2519 talis

215 2538 345 2568 effectus
362 2547 427 2568 non
444 2539 588 2577 sequitur
599 2563 606 2576 ‚
623 2539 673 2570 sed
692 2541 796 2579 potius
813 2542 990 2574 contrarius

216 2594 323 2631 aperte
339 2592 484 2622 sentitur.

253 2645 342 2681 Quod
357 2646 383 2675 si
398 2645 512 2685 aliquis
530 2645 683 2685 plebanus
699 2648 845 2687 prohihet
861 2659 992 2690 quoquo

252 2709 255 2721 ¹
274 2709 290 2731 ll
309 2708 378 2732 Cor„
394 2714 417 2736 11,
434 2709 543 2738 *NL—(11)
561 2709 616 2739 Less,
633 2709 691 2733 sint.

623 199 757 239 QUARE
778 200 962 233 FRATRES
982 200 1159 234 MLNORES
1180 202 1415 236 PRAEDIGENT

1045 270 1159 310 modo,
1180 280 1221 304 ne
1246 272 1366 304 subditi
1385 272 1437 304 sui
1457 274 1671 306 confiteantur
1693 274 1821 316 talibus,

1046 325 1102 365 qui
1116 325 1156 357 ab
1167 326 1323 368 episcopo,
1337 327 1389 360 vel
1398 337 1416 360 a
1427 327 1560 360 Domino
1576 329 1660 370 Papa
1671 330 1822 370 mediate,

1046 387 1104 410 seu
1116 379 1299 412 immediate
1312 381 1434 413 habent
1446 382 1669 414 auctoritatem
1684 392 1822 424 genera-

1046 432 1112 465 lem
1131 434 1345 467 confessiones
1364 435 1533 475 audiendi3
1553 437 1626 468 talis
1646 437 1822 478 prohibitio

1046 493 1111 516 non
1132 485 1235 525 valet,
1250 495 1309 518 nec
1324 496 1420 528 poena
1440 487 1476 518 in
1495 488 1709 528 prohibitione
1721 498 1823 530 appo-

1045 539 1106 570 sita
1126 541 1172 571 est
1193 539 1355 580 timenda;
1371 543 1402 572 et
1419 541 1481 573 hoc
1501 542 1671 584 multiplici
1685 543 1820 584 ratione,

1045 603 1184 634 quarum
1198 595 1263 626 tres
1276 596 1405 627 tantum
1418 595 1471 627 hie
1484 605 1614 637 ponam.

1085 647 1204 688 Prima,
1220 649 1296 689 quia
1309 658 1375 681 non
1395 652 1497 690 potest
1509 651 1643 683 inferior
1657 652 1708 683 sui
1721 661 1821 693 supe-

1044 701 1140 733 rioris
1153 702 1375 735 auctoritatem
1389 713 1524 744 cassare,
1539 707 1577 737 ut
1590 706 1676 746 quod
1686 705 1739 738 ille
1749 715 1822 738 con-

1044 757 1148 796 cessit,
1164 757 1222 789 iste
1234 757 1412 798 prohibeat.

1084 810 1250 851 Secunda,
1273 812 1351 853 quia
1371 812 1398 843 si
1420 813 1537 853 aliquis
1563 814 1820 854 supradictorum

1043 866 1225 898 defectuum
1236 866 1318 898 inest
1328 867 1388 907 ipsi
1398 867 1546 908 plebano,
1558 867 1676 899 scilicet
1686 869 1820 909 imperi-

1041 921 1095 952 tiae
1107 944 1116 959 ‚
1132 920 1359 961 suspensionis,
1383 921 1642 961 irregularitatis,
1660 922 1815 962 criminis,

1042 973 1272 1014 negligentiae,
1294 974 1345 1005 vel
1369 973 1500 1005 alterius
1514 974 1721 1014 ›impotentiae
1735 999 1744 1014 ‚
1764 984 1822 1016 per

1041 1037 1139 1069 quem
1160 1028 1279 1060 subditi
1299 1028 1339 1059 ab
1353 1037 1391 1059 eo
1406 1028 1512 1060 debito
1530 1029 1624 1060 modo
1639 1038 1704 1061 non
1723 1039 1822 1071 expe-

1041 1082 1174 1113 diuntur
1187 1083 1219 1112 in
1234 1081 1443 1120 confessione,
1459 1082 1586 1122 debent,
1601 1083 1698 1114 etiam
1716 1084 1816 1116 eoin-

1041 1136 1119 1175 vito,
1135 1136 1175 1167 ad
1189 1135 1268 1167 alios
1282 1135 1412 1167 idoneos
1427 1144 1602 1175 recurrere,
1620 1137 1647 1168 si
1661 1146 1727 1169 non
1741 1138 1818 1170 velit

1040 1192 1152 1231 sponte
1168 1190 1350 1230 concedere,
1367 1199 1425 1222 nec
1441 1200 1499 1231 pro
1509 1191 1580 1231 ejus
1593 1190 1817 1224 malevolentia

1040 1245 1160 1284 seipsos
1174 1243 1284 1276 salutis
1297 1244 1438 1276 remedio
1455 1244 1594 1285 privare.

1081 1297 1206 1337 Tertia,
1228 1298 1305 1339 quia
1323 1299 1380 1330 etsi
1406 1298 1562 1339 plebanus
1583 1299 1659 1330 satis
1682 1299 1723 1331 sit
1748 1300 1817 1331 ido-

1041 1361 1133 1390 neus,
1149 1355 1257 1384 tamen
1271 1352 1388 1384 subditi
1398 1376 1406 1390 ‚
1423 1354 1592 1393 postquam
1604 1355 1660 1394 jus
1675 1363 1772 1385 suum
1787 1354 1818 1385 ei

1040 1406 1265 1445 reddiderunt,
1282 1406 1460 1438 confitendo
1472 1431 1480 1445 ,
1498 1408 1529 1438 et
1545 1406 1608 1438 alia
1620 1407 1726 1439 debita
1746 1416 1819 1448 pere

1040 1460 1212 1499 solvendo,
1230 1460 1256 1491 si
1278 1461 1391 1492 volunt
1407 1463 1438 1491 et
1457 1460 1535 1492 alios
1553 1461 1592 1492 de
1614 1461 1726 1493 salutis
1749 1471 1817 1494 suae

1040 1514 1189 1545 remediis
1198 1514 1374 1552 consulere,
1384 1523 1450 1545 uon
1459 1514 1562 1552 debet,
1571 1524 1630 1546 nec
1641 1515 1756 1556 poterit
1765 1525 1819 1547 eos

1041 1568 1221 1609 prohibere.
1247 1567 1285 1599 Et
1306 1568 1332 1598 si
1357 1577 1484 1609 poenam
1512 1568 1656 1609 aliquam
1690 1571 1820 1610 propter

1041 1623 1102 1654 1100
1118 1623 1163 1654 015
1178 1623 1356 1662 infligeret,
1373 1622 1435 1653 tale
1448 1625 1539 1659 esset,
1555 1623 1637 1655 sicut
1655 1624 1712 1664 qui
1726 1625 1821 1664 punit

1041 1677 1173 1708 omuino
1199 1677 1416 1715 innocentem,
1434 1678 1466 1707 et
1487 1676 1618 1708 damnat
1639 1680 1723 1709 recte
1744 1687 1819 1718 ope-

1041 1732 1166 1761 rantem
1183 1739 1190 1761 :
1208 1730 1293 1770 quod
1309 1732 1355 1761 est
1368 1739 1458 1761 error
1472 1730 1693 1770 intolerabilis,
1710 1734 1740 1762 et
1755 1732 1820 1771 juri

1042 1784 1152 1815 divino
1168 1784 1357 1822 contrarius,
1370 1786 1401 1815 et
1416 1784 1486 1815 ideo
1496 1792 1563 1815 nou
1580 1785 1739 1822 serendus,
1754 1785 1820 1816 imo

1044 1838 1188 1877 graviter
1203 1838 1385 1878 puniendus
1399 1849 1406 1875 ;
1424 1840 1454 1869 et
1470 1839 1597 1869 tenetur
1611 1838 1689 1869 laeso
1703 1838 1742 1869 de
1757 1838 1822 1870 illa-

1042 1895 1074 1924 ta
1089 1893 1267 1924 satisfacere
1278 1892 1405 1933 injuria,
1418 1894 1448 1923 et
1463 1892 1643 1933 propalavit
1658 1893 1820 1933 propriam

1043 1947 1239 1988 imperitiam
1252 1971 1259 1985 ,
1280 1947 1423 1977 nesciens
1445 1946 1522 1987 quid
1541 1946 1672 1985 debeat,
1693 1949 1723 1977 et
1745 1947 1822 1987 quid

1043 2001 1154 2042 possit,
1172 2011 1208 2032 ac
1221 2001 1337 2032 limites
1351 2010 1418 2032 suae
1435 2001 1597 2041 potestatis
1612 2001 1820 2032 contundens.

1084 2057 1162 2087 Cum
1180 2056 1327 2088 contritio
1337 2081 1346 2095 ‚
1363 2056 1518 2088 confessio
1533 2058 1563 2087 et
1576 2055 1746 2086 satisfactio
1760 2055 1823 2086 sint

1043 2110 1216 2151 integrales
1236 2113 1341 2150 partes
1366 2109 1570 2150 poenstentiae,
1589 2111 1619 2141 et
1634 2110 1822 2141 necessariae

1043 2166 1081 2196 ad
1097 2165 1231 2196 salutem
1254 2165 1341 2195 omni
1362 2164 1547 2205 poeniteuti;
1566 2164 1647 2195 sicut
1672 2174 1738 2196 non
1751 2173 1823 2196 con-

1044 2219 1118 2250 trito
1132 2228 1197 2250 non
1212 2219 1306 2250 datur
1317 2219 1460 2250 remissio
1473 2221 1689 2259 peccatorum,
1706 2219 1749 2250 ita
1765 2228 1823 2250 nec

1043 2283 1108 2305 non
1123 2273 1285 2304 confitenti
1310 2275 1435 2313 peccata
1457 2282 1524 2310 sua,
1543 2273 1568 2303 si
1584 2275 1686 2313 potest
1702 2272 1820 2304 habere

1045 2327 1235 2358 catholicum
1256 2326 1462 2364 sacerdotem,
1479 2327 1560 2357 sieut
1578 2328 1687 2357 sancta
1702 2327 1820 2357 consti-

1044 2381 1103 2412 tuit
1120 2380 1254 2411 Ecclesia
1266 2380 1402 2420 Spiritus
1417 2380 1516 2411 sancti
1531 2381 1650 2411 auctori
1658 2382 1719 2411 tate
1727 2382 1822 2421 juxta

1045 2435 1265 2475 evangelicam
1279 2434 1466 2472 doctrinam,
1480 2443 1554 2465 cum
1567 2434 1709 2465 Christus
1719 2434 1823 2465 claves

1045 2490 1138 2529 regui
1164 2489 1319 2520 coelorum
1339 2497 1395 2529 per
1419 2488 1584 2528 Apostolos
1606 2487 1820 2519 sacerdotibus

1046 2543 1208 2574 tradiderit
1225 2543 1265 2573 ad
1288 2543 1411 2573 animas
1431 2542 1578 2582 ligandas
1593 2544 1624 2573 et
1641 2541 1819 2572 solvendas.

1047 2598 1124 2627 Cum
1142 2606 1220 2636 ergo
1240 2605 1365 2627 necesse
1385 2596 1426 2626 sit
1451 2596 1612 2633 confiteri,
1635 2604 1761 2626 necesse
1775 2599 1822 2627 est

1046 2652 1142 2682 eliani
1167 2650 1288 2690 aliquos
1312 2658 1398 2688 esso,
1415 2650 1471 2690 qui
1487 2650 1673 2681 confitentes
1687 2650 1820 2681 audiant

1047 2707 1075 2734 ct
1091 2704 1255 2734 absolvant
1276 2704 1343 2734 vice
1367 2703 1490 2734 Christi.
1513 2702 1577 2733 Aut
1598 2712 1678 2742 ergo
1693 2703 1821 2735 eonfite-
