2029 3052
174 800 209 823 Ad
221 801 281 824 XIV·

174 1713 206 1733 Ad
233 1713 281 1734 XV·

183 2472 216 2495 Ad
231 2472 290 2494 XVI.

299 242 358 272 388

297 307 435 349 publicae
460 306 539 338 tales
564 315 583 337 a
611 304 842 336 mendicatione
870 303 1016 342 arcebat,
1041 304 1074 334 et

297 370 392 402 poena
421 359 612 400 gravissima
643 358 807 399 puniebat.
838 357 936 389 Secus
965 358 1073 388 autem

297 416 429 446 omnino
443 414 476 445 in
490 411 693 454 pauperculis
706 411 886 451 Religiosis,
904 411 939 441 in
955 410 1072 451 quibus

296 477 355 499 nec
377 467 539 499 simulatio
561 466 701 505 inertiae,
723 475 782 497 nec
803 474 895 497 amor
918 464 990 504 otii,
1014 473 1073 495 nec

297 520 475 562 periculum
493 520 616 560 rapinae
627 544 635 559 ,
663 529 699 551 ac
726 529 784 560 per
805 519 866 551 hoc
894 527 954 550 nec
981 518 1072 549 dam-

296 584 376 606 num
399 573 560 611 Ecclesiae,
594 573 648 605 sed
680 573 786 614 potius
819 581 910 604 amor
942 572 1072 604 virtutis

296 628 443 669 perfectae
457 627 615 668 reperitur
632 639 639 659 :
661 627 732 659 ideo
749 636 814 658 non
829 627 977 658 arcentur
996 625 1071 665 lege

296 682 455 722 humana,
480 682 536 713 sed
557 681 664 722 potius
684 681 898 722 praedicantur
922 679 996 719 lege
1022 678 1071 710 di-

295 736 382 768 vina.

335 790 383 821 Ad
397 789 477 821 illud
492 789 578 830 quod
595 789 756 830 objicitur,
780 787 865 828 quod
890 786 1071 818 mendicare

295 843 342 873 est
356 841 551 880 indifferens,
565 840 750 877 dicendum,
769 839 855 880 quod
878 838 1070 877 mendicare,

295 896 452 936 quantum
466 896 514 926 est
526 895 564 926 de
579 903 622 934 se,
639 903 705 925 non
720 895 767 925 est
781 892 991 934 perfectionis,
1010 891 1072 922 nisi

294 948 524 989 praesupposita
532 948 705 981 universali
715 946 993 979 abrenuntiatione
1003 954 1070 976 om-

293 1003 396 1041 nium,
414 1011 487 1043 quae
509 1003 638 1042 quidem
659 1003 706 1032 est
727 1000 904 1032 secundum
924 999 1071 1031 divinum

293 1056 472 1095 consilium,
499 1056 532 1087 in
555 1065 619 1096 quo
642 1055 797 1087 Dominus
818 1054 973 1095 expressit
993 1053 1071 1084 ado-

293 1109 433 1149 lescenti,
450 1110 535 1150 quod
555 1110 582 1140 si
600 1109 679 1140 illud
701 1109 857 1149 impleret,
873 1108 934 1138 hoc
947 1107 1016 1147 ipso
1031 1106 1071 1138 ad

293 1163 491 1206 perfectionis
501 1163 668 1195 cumulum
679 1163 871 1203 perveniret.
880 1161 933 1192 Ait
942 1161 1029 1192 enim
1040 1162 1048 1178 ¹
1061 1171 1068 1192 :

295 1216 330 1248 Si
344 1217 394 1249 vis
406 1217 564 1257 perfectus
579 1225 657 1256 esse,
673 1216 766 1256 vade,
789 1218 818 1248 et
833 1215 933 1248 vende
947 1215 1069 1247 omnia.

294 1269 356 1301 Nec
366 1271 452 1302 addit
468 1281 475 1302 :
491 1270 592 1302 Trade
610 1271 650 1311 (α)
660 1270 750 1309 mihi,
761 1271 800 1301 ut
812 1269 974 1300 inloculos
988 1277 1075 1299 meos

293 1333 422 1363 ponam,
436 1326 467 1355 et
477 1324 540 1355 sint
549 1325 657 1355 omnia
668 1323 865 1360 communia;
883 1322 936 1353 sed
950 1322 1069 1362 potius:

293 1378 344 1409 Da
355 1377 563 1417 pauperibus.
580 1377 642 1408 Nec
656 1376 825 1417 subJunxit
841 1387 847 1406 :
865 1375 951 1407 Vade
965 1375 1003 1406 ad
1018 1375 1069 1406 lu—

292 1432 446 1463 crandum
474 1432 596 1463 victum
625 1433 717 1462 tuum
746 1439 803 1470 per
829 1429 972 1460 laborem
1001 1438 1070 1459 ma-

292 1494 396 1516 nuum
405 1496 413 1523 ;
439 1485 493 1516 sed
515 1485 646 1525 potius:
674 1484 768 1522 Veni,
794 1491 921 1524 sequere
948 1490 1008 1514 me.
1036 1482 1072 1513 In

293 1548 376 1578 quo,
401 1539 579 1570 secundum
600 1538 685 1579 quod
711 1538 820 1569 Glossa
845 1537 990 1578 exponit,
1021 1536 1070 1567 in-

293 1594 450 1633 telligitur
479 1593 602 1624 vocatio
623 1593 662 1623 ad
688 1591 988 1632 contemplandum,
1015 1600 1073 1621 seu

294 1647 332 1678 ad
348 1647 508 1678 Christum
523 1647 713 1677 imitandum
728 1648 759 1677 et
769 1644 1070 1684 evangelizandum.

335 1701 383 1731 Ad
397 1701 475 1731 illud
492 1700 577 1740 quod
596 1700 755 1739 objicitur,
772 1699 855 1739 quod
872 1698 1072 1738 perfectionis

296 1757 343 1786 est
356 1754 528 1785 liberaliter
541 1754 673 1792 servire,
690 1755 721 1784 et
740 1753 914 1783 oblationes
931 1752 966 1791 (b)
989 1752 1073 1782 resu-

298 1818 385 1848 gere,
402 1808 583 1846 dicendum,
601 1807 686 1847 quod
697 1809 743 1838 est
757 1806 874 1838 oblatio
891 1806 925 1845 (c)
941 1805 1073 1837 veniens

297 1872 336 1892 ex
351 1864 442 1893 reatu
458 1862 572 1902 empse,
589 1864 619 1892 et
634 1870 674 1892 ex
695 1861 811 1891 affectu
827 1859 992 1891 charitatis
1005 1867 1074 1899 per-

298 1917 396 1947 fectae.
416 1915 524 1946 Prima
538 1915 654 1947 oblatio
669 1915 707 1955 (e)
727 1917 773 1945 est
790 1914 937 1952 vitanda3
955 1913 1008 1944 sed
1025 1921 1075 1943 se-

299 1970 403 2000 cunda
417 1972 464 2000 est
478 1969 680 2009 acceptanda,
697 1970 792 2008 juxta
806 1968 891 2008 quod
906 1967 1020 1998 dicitur
1033 1968 1044 1983 ἵ
1062 1976 1069 1997 :

298 2024 430 2055 Nemini
443 2023 621 2064 quidquam
637 2022 788 2061 debeatis,
803 2023 871 2054 nisi
886 2025 922 2053 ut
937 2021 1074 2053 invicem

298 2079 458 2118 diliqazis.
476 2078 596 2109 Laudat
611 2077 697 2108 euim
713 2077 867 2108 Dominus
878 2076 888 2093 ³
903 2076 1075 2106 amicitiam

299 2132 514 2172 spiritualium
527 2132 685 2170 virorum,
702 2140 775 2171 qucc
791 2132 826 2161 fit
840 2130 878 2161 (lc
894 2136 1075 2161 mammona

300 2187 508 2226 iniquilatis;
529 2187 560 2216 et
579 2186 619 2216 ad
643 2184 786 2225 corporis
809 2183 926 2214 Christi
951 2182 1076 2223 mystici

300 2240 523 2280 perfectionem
538 2241 667 2280 spectat,
683 2239 768 2279 quod
785 2238 928 2268 membra
949 2236 1011 2267 sibi
1026 2236 1076 2266 in-

301 2294 403 2326 vicem
439 2293 677 2323 communicent
710 2292 887 2323 secuudum
920 2290 1078 2321 rationem

302 2348 367 2379 dati
383 2349 413 2378 et
428 2347 556 2387 accepti,
569 2348 605 2377 ut
620 2348 734 2377 mutua
747 2345 871 2376 dilectio
887 2344 928 2384 (d)
941 2344 1079 2375 vicissim

303 2401 402 2441 possit
416 2400 553 2441 impleri.

345 2455 391 2486 Ad
407 2455 486 2486 illud
501 2453 586 2495 quod
601 2453 761 2493 objicitur,
779 2452 864 2492 quod
879 2451 934 2491 qui
952 2451 1077 2482 mendi-

305 2511 378 2540 cant
393 2518 433 2539 ex
448 2507 659 2548 professione,
682 2508 737 2537 aut
761 2506 820 2536 hoc
843 2505 977 2542 faciunt,
1004 2505 1080 2544 quia

306 2571 470 2602 pauperes,
494 2563 550 2592 aut
581 2560 656 2600 quia
694 2559 900 2599 praedicantes
921 2570 928 2596 3
971 2558 1077 2589 dicen-

306 2616 383 2647 dum
393 2640 404 2655 ‚
438 2615 523 2655 quod
552 2615 612 2645 hoc
644 2613 783 2649 faciunt,
816 2613 893 2652 quia
924 2622 1080 2652 pauperes

339 2697 458 2724 winuli„
475 2702 529 2725 xix,
544 2697 582 2718 Ξῖ.
600 2707 626 2712 -·
643 2695 651 2707 ⁹
667 2695 742 2720 Rom„
760 2699 817 2721 λιιι,
834 2696 857 2716 ὃ.
875 2707 905 2710 -
922 2694 927 2705 l
943 2694 1010 2719 Luc..
1025 2699 1079 2722 xvi,

307 2736 330 2757 ει.
348 2746 375 2750 —
391 2733 400 2748 ὁ
418 2734 424 2754 ι
442 2728 489 2755 cm·
504 2752 508 2757 ,
525 2738 560 2761 ικ,
582 2733 617 2755 ιι.
629 2744 658 2747 -
673 2731 680 2744 ‘⁴
694 2729 793 2753 anath„
810 2735 844 2759 w,
861 2731 898 2751 2:23.

853 236 903 268 DE
925 234 1191 268 PAUPERTATE
1213 235 1367 268 CHRISTI

1130 302 1246 335 Christi
1259 303 1435 334 imitatores
1463 305 1494 334 et
1517 303 1802 344 evangelizatores.
1827 305 1910 344 Quia

1129 357 1216 388 enim
1230 357 1391 389 Christum
1411 356 1579 388 imitantur
1591 366 1648 398 per
1669 359 1907 391 observantiam

1128 410 1303 451 disciplinae
1315 410 1487 450 regularis,
1504 410 1538 442 in
1560 420 1624 451 qua
1647 413 1762 443 vacant
1786 411 1904 444 divinis

1128 464 1289 502 laudibuS,
1305 463 1515 503 orationibus,
1533 464 1666 504 vigiliis,
1682 466 1714 496 et
1727 465 1797 496 aliis
1811 474 1908 506 regu-

1127 516 1248 548 laribus
1262 516 1448 557 disciplinis,
1465 519 1497 548 et
1515 517 1617 549 Deum
1637 518 1757 557 colunt,
1779 521 1811 550 et
1829 519 1907 551 hos-

1128 572 1193 602 tem
1208 570 1415 610 impugnant,
1431 571 1463 602 et
1478 580 1516 602 ea
1531 580 1605 612 quae
1628 573 1704 603 sunt
1721 572 1862 611 infirma,
1878 575 1910 605 et

1127 633 1193 656 non
1214 623 1340 655 munita
1361 623 1395 655 in
1417 624 1528 656 castris
1554 625 1713 665 Ecclesiae,
1729 627 1910 666 protegunt

1128 679 1160 709 et
1171 677 1349 716 defensant;
1365 687 1489 718 rursus,
1509 679 1585 719 quia
1607 679 1642 720 (e)
1667 679 1805 711 verbum
1828 679 1910 712 veri-

1128 732 1201 763 tatis
1214 731 1420 771 annuntiant,
1435 731 1581 764 similiter
1597 720 1698 765 Deum
1715 732 1860 773 laudant,
1877 735 1910 765 et

1128 785 1252 817 hostem
1267 786 1473 826 impugnant,
1498 788 1529 817 et
1549 786 1714 818 audientes
1738 786 1908 826 aedificant,

1128 839 1159 868 et
1174 837 1348 869 informant
1360 847 1368 869 :
1380 840 1412 869 et
1425 838 1506 877 ideo,
1520 847 1594 870 cum
1606 838 1678 870 haec
1687 847 1785 879 opera
1796 848 1910 870 eorum

1128 891 1192 922 sint
1207 891 1355 922 Ecclesiae
1370 891 1464 923 valde
1487 891 1588 931 utilia,
1611 893 1642 923 et
1661 892 1907 933 pernecessaria,

1129 944 1210 975 nulli
1221 945 1356 976 dubium
1369 947 1426 984 est,
1448 944 1527 985 quin
1547 947 1731 976 mereantur
1750 947 1907 977 sustenta-

1127 998 1249 1029 tionem
1259 1007 1349 1029 suam
1367 1008 1374 1029 :
1398 999 1429 1029 et
1443 998 1513 1029 ideo
1528 1007 1593 1030 non
1609 998 1717 1029 illicite
1732 999 1863 1037 faciunt,
1879 998 1908 1029 si

1127 1051 1211 1082 hanc
1226 1051 1394 1082 humiliter
1418 1053 1448 1082 et
1471 1051 1653 1092 suppliciter
1673 1053 1796 1092 petunt.
1821 1051 1910 1083 Sicut

1130 1105 1217 1135 enim
1227 1104 1349 1143 oculus,
1362 1104 1511 1144 videndo,
1525 1105 1742 1145 operationem
1757 1105 1831 1136 facit
1843 1114 1909 1136 ma—

1129 1158 1187 1189 nui
1207 1159 1488 1199 pernecessariam,
1504 1159 1548 1190 ita
1566 1159 1652 1199 quod
1675 1168 1792 1190 manus
1815 1158 1908 1190 oculo

1128 1221 1194 1243 non
1215 1215 1315 1252 potest
1332 1212 1562 1253 improperare,
1581 1221 1639 1243 nec
1661 1213 1764 1244 dicere
1780 1222 1788 1244 :
1806 1212 1908 1254 Opera

1128 1267 1183 1297 tua
1197 1275 1261 1297 non
1275 1266 1404 1306 indigeo
1416 1277 1423 1304 3
1441 1266 1589 1306 quinimo
1601 1267 1688 1298 utilis
1699 1269 1746 1298 est
1760 1267 1817 1298 toti
1833 1275 1907 1298 eor—

1128 1320 1197 1360 pori
1212 1321 1281 1360 ejus
1295 1320 1446 1360 operatio,
1463 1320 1550 1352 etsie
1566 1323 1707 1352 meretur
1723 1320 1905 1359 sustentari,

1128 1373 1209 1405 sicut
1224 1383 1339 1406 manus
1361 1377 1392 1405 et
1416 1383 1483 1415 pes,
1511 1377 1542 1412 et
1567 1374 1713 1406 membra
1739 1374 1811 1414 alia,
1833 1383 1908 1415 quae

1128 1431 1202 1459 suut
1217 1429 1362 1469 exposita
1375 1428 1492 1467 labori;
1510 1428 1555 1460 sic
1574 1431 1605 1460 et
1620 1429 1659 1460 de
1673 1428 1740 1460 istis
1754 1428 1909 1460 memhris

1128 1481 1274 1513 Ecclesiae
1289 1491 1354 1514 non
1369 1482 1506 1514 absurde
1529 1483 1622 1514 debet
1642 1484 1673 1514 et
1696 1484 1797 1523 potest
1818 1481 1908 1513 intel—

1127 1535 1199 1576 ligi,
1216 1537 1242 1567 si
1253 1537 1324 1577 quis
1337 1536 1389 1577 pio
1399 1536 1493 1568 oculo
1503 1536 1580 1569 velit
1591 1537 1727 1567 istorum
1741 1536 1908 1568 oculorum

1128 1599 1258 1630 operam
1274 1594 1304 1621 et
1320 1590 1523 1630 vigilantiam
1540 1590 1669 1621 intuerI.

1169 1643 1216 1674 Ad
1236 1643 1310 1674 illud
1337 1644 1421 1683 quod
1443 1644 1604 1684 objicitur,
1626 1643 1711 1683 quod
1732 1642 1808 1674 tales
1833 1645 1908 1674 sunt

1129 1697 1211 1727 Giezi
1226 1697 1413 1735 imitatores,
1429 1698 1505 1738 quia
1520 1697 1696 1737 spiritualia
1709 1706 1767 1737 pro
1789 1698 1910 1737 tempo-

1129 1751 1250 1781 ralibus
1270 1750 1451 1781 ministrant
1458 1761 1466 1788 ;
1484 1750 1523 1781 ad
1542 1750 1603 1781 hoc
1617 1750 1693 1781 satis
1716 1749 1909 1782 sufficienter

1128 1803 1296 1844 respondet
1317 1804 1426 1835 Glossa
1447 1813 1542 1844 super
1556 1803 1636 1834 illud
1650 1803 1661 1820 ⁸
1679 1814 1686 1834 :
1702 1803 1907 1843 Dispensatio

1130 1858 1209 1889 mim·
1224 1857 1348 1890 credita
1364 1860 1410 1890 est
1426 1867 1436 1889 .·
1457 1869 1471 1887 <1
1485 1857 1554 1889 Non
1569 1857 1723 1889 debemus
1732 1857 1802 1889 ideo
1810 1866 1908 1888 evan-

1130 1911 1267 1951 gelizare
1289 1914 1325 1942 ut
1340 1911 1581 1949 manducemus,
1606 1911 1660 1942 sed
1679 1911 1748 1942 ideo
1769 1911 1909 1942 mandu-

1132 1974 1203 1996 care
1219 1967 1254 1995 ut
1276 1965 1544 2004 evangelizemus,
1561 1967 1597 1996 ut
1612 1965 1702 1996 cibus
1716 1974 1782 1995 non
1797 1965 1836 1995 sit
1852 1965 1908 1996 bo·

1133 2029 1213 2050 num
1229 2018 1313 2059 quod
1328 2018 1498 2058 appetitur,
1520 2018 1573 2049 sed
1596 2018 1811 2049 necessarium
1827 2017 1910 2056 quod

1133 2073 1296 2112 adjicitur;
1313 2083 1327 2100 ι)
1354 2074 1389 2102 ut
1414 2071 1490 2102 illud
1512 2071 1681 2112 impleatur
1706 2072 1740 2101 ⁵:
1767 2071 1911 2103 Primum

1132 2127 1264 2165 quoerz'ce
1291 2133 1421 2165 reginum
1439 2126 1508 2163 Dei,
1533 2128 1563 2157 et
1582 2125 1752 2164 justiciam
1774 2124 1859 2164 ejus,
1882 2126 1911 2156 el

1132 2180 1197 2211 herc
1212 2180 1321 2211 omnia
1332 2178 1531 2219 adjicientur
1549 2178 1650 2211 vobis.
1669 2178 1757 2210 Unde
1772 2179 1797 2209 si
1813 2178 1910 2209 finem

1133 2234 1336 2264 constitueret
1360 2233 1432 2273 quis
1460 2233 1493 2263 in
1519 2241 1554 2263 re
1578 2232 1762 2272 temporali,
1793 2231 1911 2272 praedi-

1134 2288 1234 2318 cando
1258 2287 1395 2318 verbum
1417 2286 1483 2324 Dei,
1508 2286 1628 2326 absque
1652 2286 1749 2317 dubio
1768 2285 1820 2316 hic
1839 2293 1911 2324 per-

1134 2351 1247 2372 versus
1273 2343 1366 2379 esset,
1392 2341 1467 2381 quia
1487 2340 1526 2371 de
1546 2340 1599 2371 via
1617 2340 1732 2371 faceret
1756 2339 1863 2376 finem,
1881 2340 1912 2369 et

1134 2398 1214 2426 esset
1226 2395 1337 2425 similis
1352 2394 1487 2432 Giezi‚et
1504 2393 1643 2431 Balaam,
1662 2393 1717 2433 qui
1732 2391 1911 2423 mercedem

1135 2449 1310 2489 iniquitatis
1333 2448 1463 2486 amavit,
1489 2450 1520 2478 et
1541 2447 1611 2478 aliis
1634 2445 1909 2487 pseudo-prophe-

1135 2503 1186 2541 tis⁷
1204 2503 1259 2542 qui
1275 2503 1307 2532 iu
1323 2501 1467 2532 mercede
1483 2500 1647 2537 docebant,
1664 2501 1694 2529 et
1714 2499 1747 2529 in
1767 2499 1912 2529 muneri-

1136 2556 1196 2587 bus
1219 2555 1415 2587 divinabant.
1450 2554 1483 2585 Si
1508 2555 1615 2584 autem
1646 2552 1910 2583 sustentationem

1136 2611 1287 2650 quaerunt
1301 2609 1382 2640 sieut
1397 2608 1482 2640 viam
1500 2607 1678 2638 ordinatam
1701 2606 1740 2637 ad
1763 2605 1910 2646 Evange-

1169 2693 1201 2722 (ιι)
1219 2692 1279 2716 Οτεί.
1295 2690 1355 2714 edit.
1370 2689 1511 2713 Tradite—
1527 2688 1559 2719 (b)
1576 2688 1783 2719 obligationes.—
1803 2687 1834 2719 (c)
1850 2687 1910 2711 Item

1137 2728 1266 2758 obligatio.
1280 2740 1306 2744 —-
1323 2726 1357 2756 (d)
1374 2727 1434 2748 Item
1449 2724 1587 2755 diligentia.
1604 2738 1634 2742 —
1649 2725 1678 2755 (e)
1697 2725 1756 2748 Item
1769 2724 1821 2755 qui.

1923 1660 1955 1681 Ad
1969 1660 2029 1681 XVII
