2029 3052
504 178 759 214 PSALTERIUM
781 178 908 212 MAJUS
931 177 1075 212 BEATAE
1097 178 1238 212 MARIAE
1259 179 1448 214 VIRGINIS.

168 246 250 275 tuam
268 255 276 275 ε
291 248 324 276 ut
336 255 390 285 per
405 248 433 277 te
447 248 574 286 recipiar
588 248 628 278 ad
637 256 743 286 pacem
755 250 822 277 Jesu
837 247 950 277 Christi.

205 293 305 324 Gloria
319 295 405 331 Patri,
420 297 475 325 etc.

465 378 589 406 PsAmus
608 378 653 405 83.

206 438 300 472 Quam
315 437 424 468 dilecta
438 437 630 467 tabernacula
645 438 707 473 tua,
721 436 848 465 Domina
862 436 952 465 virtu-

170 485 248 514 tum!
262 493 354 522 quam
364 485 506 514 amabilia
515 486 640 514 tentoria
654 484 869 521 redemptionis
878 485 935 512 tuae
945 485 951 512 l

207 534 355 562 Honorate
364 533 459 569 illam,
475 535 665 570 peccatores:
682 535 710 561 et
723 531 894 569 impetrabit
902 539 955 560 vo-

170 581 217 609 bis
233 581 359 617 gratiam
374 583 402 610 et
412 581 547 610 salutem.

208 629 301 665 Super
319 629 387 658 thus
408 631 437 657 et
456 629 626 658 balsamum
651 628 746 657 oratio
768 628 831 664 eJus
852 627 955 656 incen-

171 683 238 704 sum
254 685 261 704 :
277 683 381 713 preces
400 676 464 712 eJus
480 684 542 705 non
560 677 748 704 revertuntur
765 683 878 710 vacuae,
900 683 955 703 nec

170 722 285 752 inanes.

208 770 356 798 Intercede
379 778 435 807 pro
454 778 514 805 me,
540 770 680 805 Domina,
706 770 787 806 apud
810 769 956 798 Christum

171 819 256 845 tuum
274 827 280 845 :
297 825 395 854 neque
412 817 603 854 derelinquas
622 826 670 846 me
685 818 716 846 in
735 819 842 853 morte,
857 826 956 854 neque

171 865 202 893 in
214 865 285 894 vita.

208 912 355 948 Benignus
370 914 414 940 est
432 912 512 941 enim
533 913 652 949 spiritus
674 915 742 942 tuus
762 922 768 941 :
791 913 885 949 gratia
907 914 957 941 tua

172 960 266 997 replet
280 960 385 990 orbem
400 963 557 990 terrarum.
573 961 673 991 Gloria
687 961 774 997 Patri,
790 963 844 995 etc.

471 1045 597 1072 Pssmus
616 1045 659 1072 84.

210 1104 402 1140 Benedixisti,
424 1105 562 1141 Domine,
586 1105 711 1133 domum
735 1107 837 1134 tuam:
855 1112 958 1133 conse-

173 1151 261 1179 crasti
271 1151 486 1180 habitationem
500 1155 592 1181 tuam.

209 1200 276 1227 Haec
297 1200 339 1227 est
353 1199 487 1236 speciosa
502 1200 577 1228 inter
595 1200 672 1228 filias
687 1200 867 1228 Hierusalem
884 1209 889 1227 :
908 1207 959 1228 cu-

170 1246 219 1281 jus
233 1247 379 1275 memoria
393 1249 436 1275 est
450 1246 481 1274 in
495 1247 713 1275 benedictione.

216 1294 420 1322 Beatissimam
460 1288 711 1331 praedicaverunt
739 1295 822 1322 illam
857 1295 960 1330 Angeli

173 1341 280 1369 sancti:
290 1341 680 1377 glorificateillam,Virtutes
690 1344 717 1370 et
726 1342 958 1370 Dominationes.

210 1388 315 1424 Populi
330 1389 478 1424 gentium,
496 1389 641 1425 exquirite
664 1389 856 1426 prudentiam
872 1389 935 1425 ejus
951 1399 957 1416 :

174 1437 202 1464 et
217 1435 389 1471 investigate
404 1436 558 1464 thesauros
573 1436 784 1464 misericordiae
797 1436 885 1464 illius.

212 1480 318 1508 Sentite
334 1480 371 1508 de
390 1480 441 1509 illa
457 1480 488 1508 in
506 1481 637 1509 bonitate
654 1491 662 1508 e
677 1483 705 1509 et
722 1481 753 1508 in
775 1480 960 1517 simplicitate

175 1527 274 1556 cordis
289 1527 434 1565 exquirite
447 1528 540 1556 illam.
557 1528 657 1557 Gloria
672 1528 758 1565 Patri,
774 1531 828 1558 etc.

472 1613 599 1640 Psimus
619 1613 663 1640 85.

211 1672 334 1708 Inclina,
350 1673 488 1708 Domina,
503 1681 606 1701 aurem
621 1675 714 1709 tuam,
730 1675 758 1702 et
768 1673 877 1702 exaudi
893 1681 941 1701 me
954 1682 959 1701 :

175 1722 314 1748 converte
327 1721 452 1756 vultum,
469 1722 497 1749 et
511 1721 650 1749 miserere
665 1721 734 1753 mei.

211 1768 363 1797 Distillatio
380 1768 510 1797 dulcoris
532 1769 573 1797 tui
598 1769 728 1798 oblectat
746 1769 862 1797 animas
877 1776 962 1797 sanc-

176 1817 275 1844 torum
289 1825 295 1843 :
316 1818 343 1843 et
356 1815 464 1844 infusio
479 1816 627 1844 charitatis
642 1818 698 1844 tuae
718 1824 807 1852 super
821 1815 881 1844 mel
897 1815 963 1843 dul-

177 1862 340 1890 eissimum.

214 1910 367 1938 irradiatio
389 1909 492 1946 gloriae
509 1912 565 1938 tuae
588 1910 732 1939 dilucidat
754 1911 934 1939 intellectum
954 1920 960 1938 :

177 1958 206 1985 et
226 1957 279 1985 lux
301 1957 528 1998 miserationum
552 1959 669 1986 tuarum
693 1958 830 1994 perducit
853 1958 892 1986 ad
914 1967 961 1986 sa-

176 2003 279 2033 lutem.

214 2053 290 2080 Fons
304 2052 445 2080 bonitatis
467 2054 524 2080 tuae
549 2052 677 2080 inebriat
699 2052 827 2081 sitientes
844 2062 850 2080 :
868 2055 895 2081 et
916 2061 963 2081 as-

177 2101 279 2134 pectus
293 2098 379 2127 faciei
394 2102 449 2127 tuae
464 2099 584 2128 retrahit
598 2107 615 2128 a
630 2101 762 2136 peccato.

215 2146 292 2173 Scire
312 2148 340 2174 et
360 2154 541 2182 cognoscere
563 2149 590 2174 te
612 2149 654 2174 cst
677 2147 763 2175 radix
786 2147 963 2175 immortali-

180 2192 243 2221 tatis
260 2202 266 2220 :
284 2194 312 2220 et
326 2201 461 2221 enarrare
483 2194 603 2222 virtutes
628 2196 691 2222 tuas
713 2196 756 2222 est
778 2195 827 2223 via
851 2195 962 2223 salutis.

217 2239 315 2268 Gloria
330 2240 416 2275 Patri,
432 2242 486 2268 etc.
512 2236 517 2240 '

478 2324 601 2350 PSALuus
621 2324 664 2350 86.

218 2382 422 2411 Fundamenta
432 2382 499 2410 vitae
512 2383 543 2410 in
559 2383 659 2411 anima
668 2384 737 2419 justi
754 2394 759 2410 :
772 2392 961 2420 perseverare

181 2430 211 2457 in
227 2429 367 2458 charitate
382 2438 476 2466 usque
492 2430 523 2458 in
538 2430 639 2458 finem.

217 2477 313 2505 Gratia
323 2479 373 2505 tua
385 2477 496 2505 relevat
508 2478 544 2513 (a)
556 2485 720 2513 pauperem
730 2478 759 2506 in
771 2479 962 2509 adversitate:

183 2525 210 2551 et
228 2524 377 2553 invocatio
400 2525 441 2553 tui
461 2524 589 2553 nominis
610 2525 740 2554 immittit
763 2527 789 2554 ei
812 2528 965 2556 conliden-

184 2570 253 2599 tiam
268 2571 390 2600 bonam.

217 2668 248 2697 (a)
266 2667 326 2691 Caee.
342 2667 402 2692 edit.
419 2668 523 2692 revelat.
540 2682 570 2686 —
586 2668 620 2699 (b)
637 2669 693 2700 Leq.
710 2669 772 2699 pias.

1731 185 1785 214 ‘21¹1

1042 247 1277 277 miserationibus
1298 249 1356 277 tuis
1374 248 1504 286 repletur
1523 249 1683 286 paradisus
1700 259 1706 278 z
1731 253 1759 279 et
1774 259 1791 279 a

1006 295 1118 323 terrore
1134 298 1184 324 tuo
1198 295 1291 325 hostis
1305 296 1499 325 confunditur
1513 296 1676 325 infernalis.

1044 342 1098 376 Qui
1113 344 1212 378 sperat
1226 343 1256 371 in
1272 345 1308 379 te,
1326 344 1458 373 inveniet
1470 343 1624 373 thesauros
1642 344 1725 381 pacis
1741 353 1748 373 :
1765 347 1794 374 et

1008 389 1061 425 qui
1081 391 1107 417 te
1128 397 1190 418 non
1207 391 1326 420 invocat
1342 391 1372 420 in
1387 391 1443 420 hac
1462 391 1538 427 vita,
1558 399 1620 420 non
1640 392 1795 428 perveniet

1008 435 1047 464 ad
1060 444 1186 472 regnum
1199 437 1258 465 Dei.

1045 485 1111 516 Fac,
1136 484 1279 520 Domina,
1303 487 1334 513 ut
1355 485 1491 515 vivamus
1503 486 1538 522 ⁴in
1560 487 1656 523 gratia
1671 487 1795 524 Spiritus

1008 530 1101 559 saneti
1119 540 1125 558 :
1143 532 1171 558 et
1188 532 1302 567 perduc
1326 533 1441 562 animas
1465 535 1580 563 nostras
1604 534 1643 563 ad
1659 536 1795 564 sanctum

1009 577 1111 606 finem.
1126 577 1225 607 Gloria
1235 579 1322 616 Patri,
1337 582 1391 608 etc.

1308 663 1435 690 PsALmus
1454 664 1498 691 87.

1049 722 1184 756 Domina,
1200 721 1370 750 auxiliatrix
1390 722 1492 752 salutis
1512 731 1586 752 meae
1603 733 1609 752 ε
1626 724 1657 752 in
1673 725 1721 754 dic
1735 725 1796 754 cla-

1011 769 1091 797 mavi
1107 771 1134 797 et
1149 771 1234 797 nocte
1250 777 1353 798 coram
1368 771 1404 798 te.

1047 817 1232 852 IngredIatur
1256 817 1350 846 oratio
1380 826 1448 846 mea
1471 819 1501 846 in
1526 821 1687 856 conspectu
1711 822 1762 848 tuo
1789 830 1795 848 :

1012 864 1167 892 consolare
1183 873 1252 892 eum
1266 865 1340 894 facie
1358 867 1407 894 lua
1421 866 1590 895 moestitiam
1605 875 1713 896 meam.

1048 911 1237 947 Multiplicata
1251 913 1319 940 sunt
1332 913 1412 942 mala
1428 913 1460 941 in
1473 913 1573 943 anima
1584 923 1651 944 mea
1666 925 1674 942 :
1689 924 1798 952 expur-

1012 967 1050 995 ga
1065 967 1132 987 eam
1147 959 1184 987 de
1198 960 1338 988 sordibus
1353 963 1382 988 et
1396 962 1533 997 peccatis.

1049 1007 1143 1035 Virtus
1159 1009 1209 1035 tua
1224 1010 1420 1044 persequatur
1440 1009 1577 1038 inimicos
1596 1012 1714 1040 nostros
1732 1021 1737 1040 :
1761 1020 1798 1040 ne

1012 1062 1067 1082 nos
1082 1054 1248 1091 impediant
1262 1055 1301 1083 ad
1314 1055 1450 1084 salutem.

1051 1101 1157 1130 Confer
1181 1102 1307 1138 gratiam
1327 1103 1434 1132 animae
1460 1104 1499 1132 ad
1518 1105 1716 1134 resistendum
1732 1107 1774 1134 eis
1791 1116 1797 1134 :

1014 1149 1149 1177 conforta
1170 1157 1221 1177 cor
1254 1151 1389 1178 nostrum
1416 1153 1519 1180 contra
1543 1153 1799 1190 concupiscentias

1014 1197 1119 1226 carnis.
1137 1197 1235 1225 GlorIa
1250 1197 1337 1232 Patri,
1353 1200 1408 1226 etc.

1314 1283 1441 1311 Psamins
1461 1284 1504 1311 88.

1051 1341 1264 1370 Misericordias
1284 1344 1361 1378 tuas,
1380 1344 1506 1372 Domina
1520 1353 1527 1372 :
1542 1345 1572 1372 in
1587 1346 1802 1382 sempiternum

1016 1389 1193 1418 decantabo.

1053 1438 1204 1473 Unguento
1214 1437 1330 1473 pietatis
1342 1440 1399 1466 tuce
1413 1439 1533 1467 medere
1549 1440 1679 1469 contritis
1695 1442 1783 1470 eorde
1795 1452 1801 1471 τ

1017 1486 1045 1512 et
1059 1484 1126 1512 oleo
1142 1485 1353 1514 misericordiae
1364 1488 1420 1514 tuae
1430 1486 1531 1515 refove
1543 1488 1663 1516 dolores
1674 1492 1800 1518 nostros

1053 1532 1202 1560 Gratiosus
1216 1532 1284 1560 tu'us
1299 1534 1399 1561 vultus
1415 1534 1488 1562 mihi
1504 1538 1647 1571 appareat
1661 1536 1692 1564 in
1709 1539 1804 1566 extre-

1017 1579 1073 1607 mis
1097 1589 1103 1607 :
1127 1579 1296 1608 formositas
1323 1580 1408 1609 faciei
1440 1583 1495 1610 tuae
1516 1582 1642 1611 laetificet
1667 1585 1803 1620 spiritum

1017 1635 1118 1654 meum
1138 1627 1350 1663 egredientem.

1054 1675 1154 1703 Excita
1177 1675 1312 1711 spiritum
1340 1684 1440 1704 meum
1456 1677 1495 1705 ad
1511 1678 1673 1707 amandam
1688 1679 1804 1709 honita-

1017 1722 1077 1750 tem
1093 1723 1174 1750 tuam
1191 1731 1196 1750 :
1220 1723 1315 1751 excita
1330 1726 1460 1752 mentem
1473 1725 1512 1752 ad
1528 1726 1731 1755 extollendam
1748 1736 1804 1756 no-

1017 1768 1163 1797 bilitatem
1179 1771 1207 1797 et
1220 1770 1433 1806 pretiositatem
1449 1774 1541 1800 tuam.

1055 1816 1159 1844 Libera
1175 1825 1222 1845 me
1243 1817 1282 1845 ab
1298 1818 1380 1845 omni
1396 1819 1588 1848 tribulatione
1605 1822 1686 1849 mala
1704 1831 1709 1849 :
1727 1825 1753 1850 et
1767 1823 1805 1851 ab

1019 1863 1101 1891 omni
1130 1866 1252 1899 peccato
1283 1865 1398 1893 custodi
1421 1866 1551 1895 animam
1574 1876 1683 1897 meam.
1707 1870 1806 1898 Gloria

1019 1912 1103 1942 Patri,
1122 1914 1175 1939 etc.

1323 1988 1448 2016 PsALths
1467 1989 1512 2016 89.

1056 2055 1194 2090 Domina,
1211 2056 1399 2092 refrigerium
1416 2058 1492 2086 faeta
1513 2067 1543 2086 es
1563 2059 1651 2087 nobis
1665 2069 1671 2087 :
1687 2060 1719 2088 in
1734 2069 1807 2089 cuu-

1020 2103 1073 2131 ctis
1088 2103 1313 2131 necessitatibus
1328 2105 1445 2132 nostris.

1057 2150 1178 2178 Diffusio
1211 2151 1310 2186 gratim
1348 2154 1404 2179 tuae
1443 2152 1583 2188 producit
1621 2156 1809 2191 operationes

1019 2199 1084 2225 tuas
1109 2198 1145 2233 ([ι)
1164 2206 1169 2225 z
1188 2200 1215 2225 et
1237 2198 1420 2226 stillicidium
1437 2200 1569 2228 dulcoris
1583 2202 1624 2229 tui
1639 2202 1809 2231 affectiones

1018 2244 1089 2273 facit
1104 2245 1316 2273 sanctissimas.

1057 2292 1279 2320 Miserationum
1300 2296 1429 2329 tuarum,
1451 2295 1586 2330 Domina,
1601 2299 1784 2326 recordabor
1801 2308 1807 2326 1

1021 2339 1201 2367 sacrificium
1236 2339 1334 2368 laudis
1363 2343 1391 2369 et
1416 2350 1536 2371 carmen
1557 2343 1661 2372 laetitiae
1683 2345 1809 2380 psallam

1020 2386 1087 2414 thi.

1059 2434 1113 2467 Qui
1130 2434 1281 2463 honorant
1295 2437 1338 2470 te,
1354 2444 1496 2465 coronam
1516 2446 1677 2473 perennem
1698 2449 1753 2476 pro
1769 2442 1811 2469 ci-

1022 2489 1094 2508 nere
1117 2481 1297 2510 obtinebunt
1316 2492 1321 2510 :
1345 2485 1371 2511 et
1386 2484 1510 2519 pallium
1526 2485 1624 2514 laudis
1639 2495 1694 2522 pro
1709 2488 1813 2524 spiritu

1022 2537 1172 2557 mceroris.

1060 2576 1115 2609 Qui
1135 2579 1257 2612 sperant
1271 2578 1302 2605 in
1319 2580 1355 2613 te,
1379 2579 1477 2607 amicti
1501 2580 1613 2609 lumine
1628 2581 1789 2611 induentur
1806 2593 1812 2611 :
1832 2612 1834 2615 ,

1025 2623 1170 2659 gaudium
1185 2626 1212 2652 et
1226 2628 1402 2662 perpetuam
1418 2626 1550 2656 laetitiam
1566 2629 1734 2658 sortientur.
1749 2631 1814 2660 Glo-

1026 2671 1068 2699 ria
1084 2671 1170 2705 Patri,
1185 2674 1238 2699 etc.
