2029 3052
262 247 322 279 626

262 313 434 347 Matthaeus
447 314 458 331 ¹
475 323 484 346 :
504 312 578 346 Non
595 320 668 346 sum
687 311 810 354 dianus
830 312 1047 347 calceamenta

262 368 333 410 qius
364 369 506 410 portare.
542 366 652 400 Glossa
672 366 685 385 ²
705 378 714 399 ι
737 377 754 397 a
775 366 964 400 Intendehat
995 366 1048 399 hic

263 416 432 456 ostendere
445 421 668 455 excellentiam
681 419 811 462 Christi,
829 422 862 454 et
875 421 926 454 sui
937 421 1048 454 humi-

262 476 396 510 litatem.
421 487 438 506 »
463 476 503 509 Ε1
531 475 567 508 10
592 475 705 508 eadem
739 475 849 508 Glossa
875 475 1047 517 exponitur

261 531 435 573 allegorice
467 531 504 563 ut
533 529 636 571 prius.
661 529 756 563 Forte
776 531 886 563 autem
908 529 1048 562 Joannes

262 585 404 627 Baptista
426 585 460 616 in
479 584 587 617 verbis
601 585 773 627 propositis
787 585 828 617 ad
842 584 983 616 litteram
997 584 1048 616 10-

261 639 396 672 tellectis
410 648 477 672 non
492 638 655 672 Christum
677 639 855 672 calceatum
875 638 981 671 dicere
994 638 1047 670 in-

261 693 383 733 tendit,
417 692 472 726 sed
496 693 594 734 Juxta
624 692 810 734 praedictam
834 692 976 725 Glossam
991 692 1046 724 Ιη-

262 746 424 787 cendebat,
443 748 518 787 etc„
533 747 734 789 maJ‘estatem
757 746 873 779 Christi
894 746 1046 788 magnifl-

262 811 350 841 0005,
361 802 393 834 et
406 811 500 834 suam
515 801 731 834 humilitatem
741 801 932 843 praedicans‚
945 801 1047 833 usita-

261 857 333 887 tum
352 855 485 888 modum
505 855 657 897 loquendi
680 855 801 894 tenuit,
820 855 903 887 sicut
919 855 958 887 de
986 855 1046 887 ho·

261 909 350 942 mine
375 909 468 943 valde
488 909 588 942 nobili
610 918 675 942 non
698 909 825 941 lavante
840 918 956 942 manus
970 919 1046 941 suas

262 966 367 1005 posset
383 964 488 996 dicere
506 973 628 1006 pauper
644 963 778 995 humilis
794 975 801 996 z
822 963 890 996 Non
906 973 979 996 sum
995 964 1043 996 di-

263 1027 352 1059 gnus
377 1027 496 1060 aquam
522 1017 689 1050 effundere
713 1027 811 1059 super
827 1027 943 1050 manus
963 1020 1044 1060 eJus.

261 1071 327 1104 Nisi
342 1073 423 1105 sorte
442 1072 602 1114 quispiam
621 1072 721 1104 verba
745 1073 905 1114 proposita
934 1072 1047 1105 volens

260 1135 422 1168 exponere
432 1151 441 1167 ,
457 1127 556 1165 dicat,
573 1126 657 1168 quod
675 1125 820 1158 Christus
835 1135 873 1157 eo
889 1128 1044 1168 tempore,

260 1189 327 1222 quo
356 1180 496 1213 Joannes
528 1180 670 1222 Baptista
704 1180 878 1211 sententias
915 1181 1048 1221 protulit

261 1236 335 1266 ante
357 1235 472 1274 dictas,
498 1235 641 1266 nonduin
677 1234 803 1276 publice
834 1235 1046 1275 praedicabat,

262 1288 407 1321 nondum
431 1289 580 1329 regulam
605 1288 757 1328 ediderat,
775 1289 918 1320 nondum
943 1289 976 1320 in
993 1290 1046 1320 ci·-

263 1345 358 1383 serto,
382 1343 569 1384 exemplum
589 1342 669 1374 dans
685 1343 903 1384 poenitentiae,
916 1345 1047 1384 ,101000-

263 1400 365 1430 verat.
385 1397 476 1435 Quod
491 1397 605 1438 utique
621 1406 736 1429 verum
757 1399 814 1429 051.
831 1397 868 1429 Et
889 1398 960 1429 ideo
980 1398 1049 1430 vult

264 1453 391 1491 dicere,
419 1452 506 1493 quod
541 1452 763 1484 calceamentis
791 1454 868 1483 tunc
897 1454 1049 1494 temporis

266 1508 426 1540 utebatur.
447 1507 537 1545 Quod
554 1507 667 1547 utique
685 1507 813 1538 videtur
827 1516 846 1538 a
859 1507 973 1547 glossis
983 1517 1049 1539 oin-

266 1562 374 1601 nibus,
386 1564 418 1593 et
428 1564 613 1594 sanctorum
629 1562 882 1603 expositionibus
892 1563 1047 1595 alienum.

266 1616 341 1648 Sive
357 1618 465 1648 autem
482 1616 543 1648 hoc
559 1616 670 1655 suerit,
691 1617 759 1648 sive
780 1626 842 1648 non
854 1641 861 1655 ,
878 1627 918 1648 ex
937 1618 1050 1658 pru‘di-

267 1671 325 1702 ctis
338 1671 503 1703 manifeste
522 1670 735 1704 concluditur.
753 1672 856 1712 quod,
875 1674 943 1712 post
959 1673 1050 1703 insti-

268 1726 426 1757 tutionem
440 1725 621 1766 apostolo-m
633 1726 767 1765 regular,
777 1725 921 1756 Christus
936 1727 1049 1767 suique

268 1779 415 1820 discipuli
439 1780 507 1810 sine
527 1779 749 1810 calceamentis
772 1779 810 1809 ad
841 1779 979 1811 litteram
1001 1780 1051 1811 in-

268 1835 444 1865 cesserunt.
470 1832 551 1865 Nam
576 1833 754 1864 secundum
772 1833 1007 1874 hieronymum
1020 1835 1048 1865 ἐ

303 1953 310 1969 ¹
326 1953 428 1983 Mutua„
444 1959 482 1983 ιιι,
501 1955 536 1977 tl.
551 1965 580 1970 —
600 1952 706 1977 ¹1:10ss.
721 1965 749 1970 —
765 1952 894 1976 εἰ1110100.

767 243 819 276 DE
839 238 1052 276 SANDALns
1071 238 1377 277 APOSTOLORUM.

1103 323 1119 342 (ι
1134 311 1280 346 Christus
1292 321 1359 345 non
1371 310 1498 352 hahuit,
1511 310 1600 353 quod
1612 319 1680 345 non
1693 307 1882 346 habendum

1100 365 1228 406 docuit,
1250 366 1308 409 qui
1329 366 1435 409 primo
1450 366 1546 410 coepit
1559 365 1663 401 tacere
1677 367 1710 400 et
1723 367 1849 400 docere.
1863 377 1879 398 n

1102 420 1222 454 Idcirco
1236 421 1454 464 periculosum
1467 422 1517 454 est
1533 420 1640 463 valde,
1654 421 1722 455 imo
1734 420 1885 455 ridiculo-

1101 485 1176 508 sum
1183 485 1327 508 asserere
1333 475 1427 508 aliter
1435 475 1610 516 Christum,
1619 475 1712 509 aliter
1725 475 1885 519 apostolos

1102 529 1220 562 vixisse
1232 555 1242 570 ,
1258 532 1290 562 et
1303 530 1466 563 Christum
1480 530 1633 572 regulam
1647 540 1713 564 000
1725 540 1882 572 servasse,

1101 585 1133 615 et
1151 583 1310 626 apostolos
1334 584 1423 617 aliud
1442 594 1543 627 quam
1556 584 1720 618 Christum
1731 585 1886 618 habuisse

1102 638 1302 679 perfectionis
1341 638 1529 681 exemplum
1540 664 1550 680 ,
1585 649 1662 672 cum
1689 639 1885 682 discipulum

1101 701 1169 725 esse
1182 693 1372 735 perfectum,
1388 693 1416 725 si
1427 693 1470 726 sit
1483 693 1566 726 sicut
1581 693 1738 736 magister
1750 703 1843 734 51105,
1853 695 1887 727 et

1101 756 1233 780 servum
1259 757 1326 780 non
1354 757 1423 781 esse
1453 747 1591 781 Domino
1618 757 1679 781 suo
1703 750 1863 791 majorem
1873 772 1884 789 ,

1101 802 1290 844 evangelica
1312 803 1431 836 veritas
1451 805 1664 843 contestetur,
1679 806 1712 836 et
1732 806 1771 837 ut
1783 803 1887 836 simus

1102 857 1279 890 imitatores
1303 857 1442 897 Domini,
1455 858 1540 890 sicut
1553 860 1586 890 et
1601 858 1669 900 ipse
1681 857 1811 898 Christi,
1825 867 1886 890 nos

1103 911 1223 944 Paulus
1235 911 1408 954 Apostolus
1423 911 1627 944 exhortetur.
1643 911 1694 944 Tu
1703 912 1818 954 igitur,
1826 911 1885 954 qui

1103 965 1271 1007 Evangelii
1281 966 1392 998 doctor
1401 975 1436 998 es
1443 967 1475 998 et
1484 967 1632 1005 sectator,
1643 965 1671 997 si
1681 965 1783 1006 hujus
1791 959 1887 999 evan-

1103 1021 1218 1061 gelicae
1233 1021 1436 1062 perfectionis
1450 1021 1572 1062 apicem
1583 1029 1648 1052 non
1664 1019 1799 1060 attingis
1810 1028 1885 1060 usu,

1102 1074 1246 1115 attingas
1267 1075 1380 1107 saltem
1395 1075 1512 1107 affectu
1532 1074 1584 1115 pio
1594 1099 1603 1114 ,
1619 1073 1721 1106 affatu
1733 1073 1885 1114 veridico,

1102 1131 1134 1160 et
1148 1129 1303 1161 catholico
1318 1128 1492 1168 intellectu,
1509 1130 1541 1160 et
1554 1128 1621 1160 noli
1635 1127 1804 1169 Evangelii
1817 1136 1889 1160 can-

1103 1183 1300 1215 didissimam
1309 1183 1519 1223 margaritam
1530 1182 1622 1214 101115
1631 1181 1888 1224 expositionibus

1105 1238 1293 1270 conculcare
1304 1263 1312 1277 ,
1329 1237 1395 1270 noli
1413 1240 1524 1269 contra
1543 1237 1810 1277 evangelieorum
1836 1245 1889 1278 pe-

1104 1292 1183 1324 dum
1213 1292 1394 1323 nuditatem
1422 1290 1520 1332 pelles
1541 1292 1686 1322 mortuas
1710 1290 1887 1323 defensare.

1105 1346 1139 1377 Si
1161 1346 1247 1377 001ιο
1265 1348 1375 1377 contra
1388 1344 1561 1377 sententias
1579 1343 1751 1385 Evangelii
1765 1344 1890 1377 calcea-

1107 1402 1215 1432 menta
1237 1399 1426 1439 defenderis,
1450 1398 1631 1431 timendum
1659 1400 1722 1438 est,
1744 1408 1786 1430 ne
1809 1398 1890 1431 duas

1107 1455 1230 1486 tunicas
1241 1479 1249 1493 ‚
1275 1457 1306 1485 et
1324 1463 1398 1486 cum
1423 1463 1499 1494 pera
1522 1452 1694 1494 pecuniam
1719 1452 1890 1486 defendere

1106 1508 1290 1540 contendas.
1314 1508 1425 1540 Doceat
1440 1517 1520 1548 ergo
1535 1509 1566 1540 te
1581 1507 1692 1539 unctio
1707 1507 1888 1547 veritatem,

1108 1566 1142 1594 01
1153 1563 1178 1593 51
1195 1563 1271 1604 quid
1289 1562 1448 1594 incautius
1463 1561 1680 1602 Evangelium
1694 1561 1887 1603 praedicasti,

1108 1618 1237 1649 studeas
1261 1627 1423 1649 revocare.
1446 1617 1491 1649 Ne
1511 1618 1732 1657 contemptum
1753 1619 1783 1648 te
1797 1625 1890 1657 repu—

1110 1675 1166 1711 tos,
1183 1672 1267 1713 quod
1283 1672 1315 1703 in
1333 1672 1392 1703 hac
1407 1670 1540 1713 epistola
1556 1673 1663 1702 tecum
1679 1669 1889 1710 singulariter

1108 1726 1169 1757 sim
1185 1727 1311 1758 locutus
1327 1736 1335 1757 ε
1355 1727 1415 1757 hoc
1430 1726 1516 1757 enim
1534 1724 1612 1755 inihi
1625 1733 1716 1756 amor
1726 1724 1891 1756 charitatis

1111 1781 1242 1821 privata,¹
1262 1780 1374 1819 suasit,
1400 1779 1579 1821 praesertim
1599 1778 1676 1819 quia
1697 1778 1797 1810 malui
1817 1786 1891 1810 con-

1109 1836 1311 1867 suetudinem
1334 1835 1452 1866 imitari
1469 1834 1640 1866 Doctorum
1656 1832 1844 1872 illustrium,
1860 1834 1892 1864 et

1110 1892 1306 1929 sanctorum,
1328 1899 1428 1930 quam
1445 1889 1616 1927 vulgarem
1632 1887 1777 1919 facetiam
1792 1896 1892 1928 popu-

1112 1944 1229 1975 lorum.
1248 1943 1323 1976 Vale
1339 1944 1372 1975 in
1388 1943 1533 1975 Domino.
