2029 3052
605 164 890 199 RESPONSIONIS
911 165 1084 204 QUARTAE
1104 166 1235 200 CAPUT
1256 167 1310 200 Ill.

148 244 215 268 non
237 235 314 277 quia
333 233 452 267 otiosos
474 235 530 266 aut
556 234 659 267 otium
685 233 899 275 approbemus
912 257 922 273 ‚

148 298 222 321 cum
245 289 350 330 pollus
376 287 579 328 castigandos
603 287 813 329 hujusmodi,
831 289 862 319 et
884 288 925 319 ad

148 352 246 384 opera
269 341 503 383 compellendos
531 351 733 377 censeamus:
765 341 820 372 sed
848 341 925 381 quia

148 398 278 438 propter
291 396 512 428 difficultatem
527 397 622 428 studii
636 395 820 436 spiritualis,
839 395 925 435 quod

147 451 282 492 requirit
302 450 467 482 hominem
487 453 608 490 totum,
624 453 655 482 et
670 452 798 491 propter
812 449 925 481 debili-

148 506 245 536 tatem
268 513 459 545 corporum,
475 506 507 536 et
523 504 784 545 inexperientiam
806 503 925 534 artium

148 558 420 596 mechanicarum,
437 567 528 589 rarus
541 558 717 597 invenitur,
733 560 788 589 aut
803 557 922 596 nullus,

148 612 205 653 qui
220 621 310 644 more
333 612 474 653 Apostoli
499 613 591 644 Pauli
611 612 751 643 manuali
767 612 878 650 labori,
895 613 926 643 et

148 666 312 706 sapientise
328 667 434 698 studio
450 667 637 707 septiformi,
649 666 817 697 efficaciter
827 665 926 707 possit

147 719 325 752 intendere.
341 720 380 752 Et
398 720 469 752 ideo
483 719 671 760 compellere
687 720 833 751 homines
851 719 926 751 huic

147 773 252 806 studi0
259 776 349 814 aptos
359 773 399 805 ad
408 783 505 814 opera
515 773 689 812 manualia,
700 783 765 804 non
778 776 825 805 est
838 773 926 804 aliud

147 837 245 868 quam
261 837 279 858 a
295 828 451 868 sapientia
473 836 634 866 revocare,
661 829 692 858 et
717 827 792 858 siliis
817 827 924 865 lsrael,

145 881 247 913 instar
275 881 446 913 philistiim
459 906 467 921 ,
505 882 689 913 divinorum
722 881 926 921 eloquiorum

146 945 236 967 arma
251 936 433 976 praeripere,
451 935 502 966 vel
525 945 612 966 more
634 935 808 966 Pharaonis
824 934 927 975 operi-

146 989 207 1021 bus
228 989 317 1020 duris
336 990 396 1020 luti
419 991 450 1020 et
472 989 751 1029 lateris,jugoque
765 989 926 1019 servitutis

146 1043 356 1084 importabilis
370 1043 525 1074 violenter
534 1052 713 1083 oppressos,
724 1043 763 1073 ab
774 1042 925 1082 ingressu

145 1096 311 1136 religionis
325 1097 507 1136 retrahere,
525 1099 556 1128 et
570 1098 608 1128 ad
626 1106 793 1137 egressum
810 1097 926 1128 incita-

146 1159 192 1189 re,
210 1150 480 1190 quemadmodum
501 1151 681 1182 insinuatur
697 1151 731 1182 iu
747 1151 855 1182 Exodo
871 1160 927 1191 per

146 1203 207 1235 hoc
219 1204 305 1244 quod
327 1204 452 1235 Pharao
474 1205 556 1235 dixit
571 1205 579 1222 ¹
597 1214 604 1236 ε
625 1205 739 1244 Quare,
757 1205 883 1244 Moyses
898 1208 927 1236 et

147 1259 268 1296 Aaron,
306 1258 492 1292 sollicitatis
524 1260 680 1299 populum
708 1259 747 1290 ab
779 1258 927 1299 operibus

147 1312 241 1344 suis?
257 1312 302 1344 Ite
318 1312 362 1344 ad
385 1321 482 1345 onera
502 1316 618 1345 vestra.
639 1312 697 1344 Ubi
718 1312 827 1343 Glossa
846 1313 927 1343 sacri

147 1366 332 1397 Ambrosii:
356 1366 484 1398 «Hodie
509 1367 536 1398 si
562 1367 686 1408 Moyses
712 1369 742 1398 et
761 1367 879 1405 Aaron,
895 1366 926 1397 id

148 1421 207 1458 est,
223 1420 429 1460 propheticus
450 1423 481 1451 et
502 1421 704 1452 sacerdotalis
726 1429 844 1458 sermo,
869 1420 927 1451 ali-

148 1482 245 1514 quem
269 1473 414 1505 sollicitet
437 1475 476 1505 ad
496 1475 663 1506 servitium
685 1475 758 1513 Dei,
779 1474 867 1505 exire
888 1474 927 1504 de

149 1527 278 1565 saeculo,
297 1528 483 1559 renuntiare
503 1528 666 1566 omuibuS,
683 1528 844 1559 attendere
860 1527 927 1567 legi

148 1583 180 1612 et
206 1582 307 1613 verbo
337 1581 411 1622 Dei,
440 1582 591 1613 continuo
620 1582 727 1613 audiet
757 1582 927 1613 unanimes

148 1635 245 1666 etiam
270 1636 388 1667 amicos
419 1636 594 1667 Pharaonis
620 1637 759 1668 dleentes
785 1647 791 1667 ε
820 1635 927 1667 Videte

147 1689 309 1729 quomodo
319 1690 475 1721 seducunt
488 1690 645 1728 homines,
655 1690 791 1730 qualiter
800 1699 929 1730 perver-

147 1745 221 1775 tunt
242 1743 472 1783 adolescentes,
489 1754 529 1775 ne
548 1745 703 1782 laborent,
725 1754 764 1775 ne
779 1744 926 1782 militent,

147 1806 188 1828 ne
202 1800 301 1837 agant
315 1798 437 1838 aliquid
452 1799 538 1839 quod
551 1800 596 1830 eis
612 1799 726 1839 prosit3
748 1799 863 1829 rellctis
877 1808 927 1830 re-

147 1850 209 1881 bus
226 1851 423 1890 necessariiS,
441 1851 574 1892 ineptias
588 1854 748 1883 sectantur
763 1854 793 1882 et
810 1852 926 1891 otium,

148 1904 294 1936 laborare
322 1905 446 1944 nolunt,
471 1908 502 1936 et
525 1906 580 1937 otii
608 1906 789 1937 occasiones
813 1906 927 1946 requi-

148 1961 237 1989 runt.
255 1969 270 1987 »
289 1958 364 1990 Haec
388 1959 495 1990 Glossa
507 1983 514 1997 ,
535 1969 600 2000 qua
619 1960 719 1991 hostis
747 1969 926 2000 pauperum

149 2011 241 2042 dolus
263 2014 406 2051 patenter
428 2013 599 2052 detegitur,
631 2013 717 2054 quod
741 2023 824 2052 non,
845 2014 927 2045 sicut

149 2065 263 2096 Christi
279 2066 464 2106 discipuIUS,
481 2067 519 2097 ad
535 2067 686 2098 exercitia
705 2067 863 2099 virtutum
879 2077 928 2098 co-

147 2123 245 2151 natur
264 2121 405 2160 erigere,
424 2121 475 2152 sed
490 2145 498 2158 ‚
523 2123 678 2162 tanquam
704 2122 827 2153 amicus
850 2122 928 2153 Pha-

148 2174 274 2212 raonis,
292 2174 473 2214 spirituales
495 2175 591 2206 Israel
617 2176 698 2206 filios
719 2176 926 2216 impugnare.

188 2227 259 2258 Alio
278 2237 406 2268 quoque
429 2229 524 2260 modo
547 2229 759 2260 calumniator
778 2230 831 2261 hio
847 2240 926 2270 pau-

149 2289 264 2321 perum
278 2284 395 2312 statum
409 2282 552 2322 ipsorum
568 2283 742 2323 depravare
754 2284 926 2322 contendit,

148 2343 207 2375 pro
227 2343 264 2365 eo
283 2335 369 2374 quod
391 2335 473 2366 nihil
494 2336 553 2367 sibi
572 2337 708 2367 retinent
724 2337 757 2367 in
779 2338 926 2377 proprio,

149 2389 200 2420 vel
216 2390 391 2428 communi,
410 2400 474 2430 quo
489 2400 554 2421 non
570 2391 720 2422 videntur
739 2392 866 2422 virtutis
881 2394 927 2422 te-

150 2452 226 2474 nere
250 2444 411 2481 medium,
446 2445 500 2476 sed
525 2446 703 2476 vitiositatis
725 2448 927 2484 extremum,

152 2504 224 2526 cum
239 2495 323 2526 dicat
336 2496 541 2535 Ambrosius,
558 2498 644 2538 quod
661 2507 725 2528 non
740 2500 815 2528 sunt
829 2498 931 2528 effun-

153 2548 264 2580 dendae
282 2559 368 2591 opes,
386 2551 440 2582 sed
456 2551 685 2591 dispensandae.
698 2551 817 2582 Verum
832 2551 931 2582 consi-

154 2602 223 2633 mili
241 2604 363 2635 ratione
378 2607 485 2645 posset
500 2608 608 2636 sancta
624 2605 795 2644 virginitas
808 2604 931 2635 ostendi

187 2667 196 2684 ¹
211 2667 302 2699 Ezocl„
318 2674 342 2699 v,
358 2670 381 2693 4.
394 2682 424 2687 —
442 2670 452 2686 ²
467 2670 551 2700 Prov„
569 2675 637 2700 xxx,
653 2670 678 2693 8.
697 2682 728 2687 -
750 2669 759 2684 ³
773 2669 866 2699 Eccle.‚
885 2675 930 2699 vu,

1705 171 1760 202 511

981 244 1046 266 non
1058 235 1162 274 laude,
1179 235 1233 267 sed
1249 235 1409 277 vituperio
1423 235 1538 276 digna,
1554 236 1647 277 quasi
1662 239 1764 269 extre-

982 298 1091 326 mum,
1113 299 1179 326 uon
1202 290 1342 321 medium
1368 291 1489 327 teneat,
1509 290 1588 322 dum
1610 291 1650 322 ab
1675 291 1764 323 omni

981 344 1164 382 concubitu,
1179 344 1246 375 sive
1258 344 1377 382 illicito,
1394 345 1462 376 sive
1475 354 1635 382 concesso,
1648 355 1681 377 se
1695 348 1762 377 tam

982 400 1104 436 mente,
1121 408 1218 439 quam
1235 408 1328 430 carne
1352 401 1539 440 sequestrat.
1565 400 1764 441 Quapropter

981 450 1120 490 diligens
1148 452 1364 484 considerator
1388 453 1547 490 advertat,
1573 453 1659 491 quod
1683 453 1765 484 sicut

981 503 1066 534 aliud
1082 506 1129 535 est
1145 505 1285 536 medium
1300 507 1459 546 pudicitiae
1470 506 1664 546 conjugalis,
1677 506 1763 537 aliud

981 557 1199 589 sanctimoniae
1216 559 1400 598 virginalis,
1418 560 1463 591 sic
1480 562 1510 590 et
1525 559 1611 590 aliud
1629 559 1764 598 largita-

982 611 1021 642 tis
1044 611 1196 652 politicae,
1222 612 1309 644 aliud
1333 614 1528 654 paupertatis
1553 613 1762 653 evangelicae.

981 665 1126 706 Largitas
1148 676 1290 707 namque
1314 667 1458 707 politica,
1481 668 1557 708 quia
1572 668 1654 699 circa
1669 677 1766 698 muu-

981 720 1063 751 dana
1080 724 1237 760 versatur,
1252 722 1488 762 possessionum
1501 723 1700 753 terrenarum
1714 730 1767 752 ne-

981 785 1145 816 quaquam
1162 776 1274 808 suadet
1287 776 1597 807 abrenuntiationem
1612 786 1632 807 a
1644 775 1766 808 Christo

981 830 1180 868 consultam,
1205 830 1258 861 sed
1281 831 1387 870 potius
1409 831 1566 861 bonorum
1587 831 1675 870 Juste
1693 838 1766 870 pos-

982 892 1143 914 sessorum
1157 884 1359 915 dilectionem
1375 884 1581 922 moderatam,
1598 886 1630 915 et
1645 884 1768 924 dispen-

982 936 1137 967 sationem
1153 937 1278 976 largam
1295 940 1325 968 et
1347 938 1445 978 piam.
1470 938 1603 977 Propter
1618 937 1765 968 dilectio-

981 990 1032 1021 nis
1046 991 1278 1022 moderantiam
1302 992 1376 1022 dicit
1395 991 1547 1022 Salomon
1572 991 1606 1021 in
1631 991 1766 1023 Prover-

983 1044 1057 1082 biis,
1074 1045 1107 1076 in
1124 1055 1258 1085 persona
1283 1046 1343 1077 viri
1367 1046 1483 1086 politici
1510 1047 1531 1076 ²:
1558 1046 1628 1077 Duo
1651 1046 1767 1086 roffam·

982 1102 1025 1137 te,
1043 1107 1082 1130 ne
1100 1099 1230 1139 deneges
1245 1100 1344 1138 milti,
1372 1099 1610 1132 mendicitatem
1630 1102 1659 1132 et
1674 1099 1767 1131 divt-

983 1153 1049 1185 tias
1064 1161 1102 1184 ue
1116 1153 1244 1184 dederis
1260 1152 1353 1191 mihi,
1370 1153 1425 1185 sed
1441 1156 1567 1185 tantum
1582 1154 1685 1185 victui
1699 1161 1766 1185 meo

982 1206 1085 1239 tribue
1108 1208 1312 1247 uecessarta;
1330 1207 1440 1238 volens
1455 1208 1487 1238 in
1508 1208 1568 1238 hoc
1582 1208 1762 1247 ostendere,

982 1261 1068 1300 quod
1088 1261 1190 1291 virtus
1215 1261 1342 1301 politica
1354 1264 1440 1292 tenet
1455 1262 1612 1298 medium,
1630 1264 1661 1292 et
1680 1262 1766 1300 fugit

982 1313 1275 1354 extrema.Proptcr
1283 1315 1526 1354 dispensationis
1532 1315 1681 1356 pietatem
1690 1315 1766 1346 dicit:

983 1367 1018 1398 in
1027 1368 1215 1400 Ecclesiaste
1224 1377 1281 1407 pro
1293 1377 1427 1408 persona
1439 1369 1571 1399 rectoris
1583 1368 1727 1399 Ecclesiae
1737 1368 1764 1399 ἐ

987 1422 1105 1455 Utilior
1119 1426 1163 1455 est
1181 1423 1346 1462 saptentta
1360 1432 1432 1455 cum
1447 1423 1597 1462 divitiis,
1617 1426 1646 1456 et
1662 1424 1766 1463 magis

981 1476 1111 1516 prodest
1126 1477 1311 1509 videntibus
1326 1477 1434 1509 solem.
1456 1476 1545 1514 Quod
1561 1477 1630 1508 ideo
1646 1477 1766 1508 dictum

983 1533 1040 1569 est,
1053 1531 1129 1570 quia
1142 1534 1248 1571 pastor
1259 1531 1384 1571 sapiens
1399 1531 1494 1562 etiam
1511 1531 1632 1571 absque
1647 1531 1766 1562 divitiis

982 1584 1103 1615 utiliter
1117 1585 1233 1624 pascit,
1252 1585 1328 1615 dum
1344 1594 1481 1624 gregem
1497 1585 1631 1615 aedificat
1651 1594 1765 1615 exem-

983 1637 1034 1678 plo
1050 1640 1080 1669 et
1094 1639 1210 1677 verbo·,
1234 1639 1289 1670 sed
1304 1648 1378 1670 cum
1394 1639 1446 1679 pia
1465 1639 1702 1679 dispensatione
1716 1638 1764 1669 di-

982 1691 1135 1722 vitiarum
1155 1692 1254 1732 pascit
1274 1692 1402 1730 utiliuS,
1424 1692 1502 1723 dum
1519 1693 1633 1731 verbo,
1655 1701 1766 1723 exem-

983 1744 1045 1784 plo,
1060 1746 1090 1775 et
1101 1745 1269 1785 temporali
1284 1745 1424 1776 subsidio
1441 1746 1534 1785 gregi
1548 1746 1693 1786 providet
1705 1746 1765 1777 sibi

982 1799 1162 1830 commisso.
1184 1799 1222 1830 Et
1241 1799 1302 1830 hoc
1319 1802 1383 1837 cst,
1409 1800 1495 1839 quod
1519 1798 1623 1830 Canon
1646 1799 1720 1830 dicit
1734 1800 1764 1830 ⁶:

986 1863 1001 1881 (ι
1026 1851 1161 1892 Expedit
1190 1852 1355 1883 facultates
1384 1852 1532 1883 Ecclesiae
1566 1853 1730 1892 possideri.
1748 1863 1762 1881 »

984 1905 1155 1946 Propterea
1176 1906 1380 1938 Ecclesiastes
1395 1906 1526 1946 praefato
1547 1907 1646 1937 verbo
1670 1906 1766 1946 paulo

982 1962 1055 1990 ante
1071 1960 1233 2000 praemittit
1250 1961 1260 1978 ⁸
1275 1971 1282 1990 ε
1305 1959 1350 1992 Ne
1361 1959 1472 1991 dieas:
1490 1959 1571 2000 quid
1585 1963 1679 1999 putas
1694 1968 1767 1991 eau-

982 2021 1026 2045 3oe
1040 2017 1094 2052 est,
1112 2013 1197 2053 quod
1212 2015 1376 2053 praeterita
1396 2017 1539 2053 tempora
1553 2014 1686 2052 fuerunt
1701 2022 1766 2045 me-

981 2067 1066 2099 liora
1091 2076 1189 2108 quam
1204 2076 1289 2098 neme
1314 2068 1413 2099 sunt?
1432 2068 1530 2099 stulta
1546 2071 1591 2099 est
1606 2068 1691 2098 enim
1708 2067 1767 2098 liu-

979 2121 1125 2162 Jusmoclt
1141 2122 1364 2161 interrogatio.
1389 2120 1424 2151 ln
1440 2130 1503 2160 quo
1517 2121 1626 2160 arguit
1641 2121 1767 2152 haereti-

982 2184 1094 2206 corum
1105 2175 1285 2211 stultitiam,
1295 2174 1540 2214 approbantium
1549 2173 1695 2204 Ecclesiae
1707 2177 1768 2205 sta-

982 2232 1052 2260 tum
1074 2232 1246 2269 antequam
1274 2238 1292 2259 a
1317 2228 1512 2268 principibus
1537 2228 1710 2266 dotaretur,
1736 2231 1767 2259 et

982 2283 1225 2323 reprobantium
1249 2285 1418 2322 postquam
1434 2282 1542 2313 dotata
1561 2284 1617 2312 est.
1645 2282 1765 2319 Quibus

982 2337 1167 2377 respondet,
1194 2337 1279 2376 quod
1304 2336 1418 2369 utilior
1444 2339 1489 2368 est
1511 2336 1676 2376 sapientia
1694 2344 1765 2367 cam

984 2391 1117 2422 divictis
1129 2415 1136 2429 ,
1159 2390 1220 2421 hoc
1240 2392 1302 2427 est,
1320 2390 1504 2430 reipublicae
1520 2392 1636 2420 sanclae
1652 2390 1764 2420 matris

985 2445 1133 2476 Ecclesiae
1144 2445 1248 2484 magis
1261 2445 1433 2484 expedIens
1441 2447 1568 2484 propter
1581 2444 1685 2475 varias
1693 2453 1765 2475 con-

985 2499 1135 2536 ditiones,
1157 2498 1372 2536 necessitates,
1396 2498 1614 2536 infirmitates,
1631 2500 1661 2528 et
1676 2507 1763 2528 com-

986 2553 1152 2583 moditates
1163 2552 1409 2583 multiformium
1417 2552 1530 2582 Christi
1542 2552 1684 2582 fidelium
1693 2561 1764 2582 con-

987 2634 1024 2657 12.
1040 2646 1071 2650 —
1085 2633 1095 2650 '0
1110 2633 1183 2657 Caus.
1200 2639 1242 2664 xV,
1256 2641 1281 2665 q.
1297 2636 1317 2664 1,
1332 2640 1354 2658 c.
1366 2634 1406 2664 13,
1424 2639 1454 2657 ex
1466 2632 1511 2656 lib.
1523 2631 1552 2655 de
1569 2632 1618 2656 Vit.
1632 2620 1763 2662 contempl.

985 2683 1016 2686 —
1033 2669 1042 2685 ⁵
1060 2668 1149 2698 Eccle„
1165 2676 1210 2700 vll,
1230 2672 1266 2693 ll.
