2029 3052
586 252 869 286 RESPONSIONIS
891 251 1066 291 QUARTAE
1089 250 1216 284 CAPUT
1240 253 1291 285 ΙΙΙ.
1697 257 1756 288 507

139 323 201 355 fide
214 322 406 354 christianus
421 322 558 363 populus
570 321 671 353 factus
686 323 733 353 est
743 322 811 362 Jain
827 321 917 352 simi-

139 377 178 409 lis
193 377 326 409 aedificio
344 376 492 415 ruinoso,
509 376 581 417 quis
603 376 757 417 providus
780 376 916 407 archite-

141 433 210 463 ctus
227 431 456 462 coaedificautes
470 432 502 461 et
517 431 789 461 consustentantes
812 429 917 470 repel-

140 486 186 524 lit,
202 485 264 516 nisi
277 485 356 516 adeo
372 484 431 515 sibi
446 484 571 525 sapiens
587 484 744 524 videatur,
761 484 846 525 quod
867 492 920 514 so-

141 540 192 571 lus
215 539 274 570 sibi
296 538 452 577 sufficiat,
469 538 519 569 vel
535 538 613 570 adeo
628 538 745 569 stultus
760 538 816 577 sit,
833 537 919 578 quod

141 593 218 625 velit
239 594 276 624 ut
299 593 358 623 sub
378 601 475 623 manu
502 602 560 623 sua
578 592 693 623 domus
708 591 921 623 ecclesiastica

141 648 235 678 ruat?
255 646 372 678 lterum
388 646 414 677 si
430 648 559 687 propter
578 646 736 677 defectum
757 645 920 686 sapientiae

142 702 173 732 et
187 701 344 732 virtutum
366 700 400 731 in
425 700 558 740 plebeiis
573 699 768 738 hominibus,
790 709 918 740 compa-

141 757 232 786 ratur
247 754 314 794 ipsa
328 754 417 794 plebs
428 753 522 784 horto
538 753 671 792 inculto,
689 755 721 784 et
736 753 876 793 spinoso,
891 755 920 784 et

141 809 247 846 arido,
269 807 341 848 quis
364 807 502 846 diligens
524 809 554 837 et
577 807 756 838 laboriosus
780 807 922 846 agricola

141 870 249 894 servos
261 861 490 892 collaborantes
504 861 639 900 repellit,
654 860 794 891 maxime
808 860 863 900 qui
878 860 922 891 la-

142 917 257 948 borant
278 917 319 955 (a)
341 915 375 946 in
396 923 491 954 opere
507 917 538 945 et
553 915 705 953 doctrina,
724 915 786 945 nisi
801 915 836 945 in
851 916 921 945 tan-

141 973 211 1002 tum
234 969 388 1009 desipiat,
405 970 444 1000 ut
462 968 539 999 velit
562 968 647 1008 quod
670 978 766 1008 super
782 968 920 999 humum

143 1034 235 1056 suam
252 1024 351 1064 spinae
368 1025 399 1055 et
416 1033 527 1064 vepres
542 1023 735 1054 ascendant?
751 1023 923 1064 Propterea

142 1079 168 1109 si
186 1080 313 1118 propter
334 1078 548 1109 deviationem
564 1087 582 1107 a
597 1078 718 1108 semitis
738 1077 923 1109 divinarum

141 1132 254 1172 logum
267 1156 274 1170 ,
295 1132 468 1163 multitudo
490 1132 600 1172 populi
621 1132 784 1163 christiani
811 1132 924 1162 similis

143 1188 190 1218 est
208 1186 303 1226 gregi
326 1186 507 1217 errabundo
527 1188 558 1217 et
574 1186 709 1226 perdito,
725 1188 756 1217 et
770 1186 804 1216 in
821 1186 924 1217 medio

142 1240 295 1280 luporum
311 1239 497 1278 constituto,
514 1240 587 1279 quis
602 1239 741 1270 clemens
756 1241 863 1280 pastor
874 1240 925 1270 su-

146 1293 305 1333 gahitase
312 1293 429 1324 harum
444 1293 555 1323 ovium
571 1293 754 1324 reductores
769 1292 809 1323 ad
826 1293 924 1331 viam,

143 1350 175 1378 et
193 1356 258 1378 non
279 1347 385 1387 potius
401 1346 555 1386 gaudebit
570 1356 644 1377 cum
659 1346 794 1386 angelis,
812 1356 925 1377 exem-

143 1401 195 1442 plo
207 1401 279 1432 honi
296 1401 442 1441 pastoris,
461 1401 515 1441 qui
532 1401 608 1432 dicit
620 1404 629 1420 ¹
646 1412 652 1432 :
673 1400 926 1441 Conqratulamz'-

143 1456 181 1487 m·
197 1456 277 1487 mihi
288 1479 296 1493 ,
323 1456 402 1495 quia
422 1455 536 1486 inveni
564 1462 652 1486 ovem
674 1463 744 1495 quoe
761 1456 926 1495 perierat?

146 1509 293 1549 Amplius
306 1510 342 1548 si,
360 1511 489 1549 propter
512 1509 753 1540 multitudinem
775 1511 926 1540 reatuum

144 1563 245 1604 plebis
259 1563 527 1602 transgredientis
543 1563 693 1593 mandata
707 1563 772 1602 Dei,
789 1563 927 1603 populus

145 1616 339 1647 christianus
360 1616 471 1647 similis
495 1618 541 1647 est
561 1616 639 1648 viris
662 1616 765 1647 alieno
787 1625 851 1647 aere
866 1625 926 1656 op-

145 1671 278 1711 pressis,
295 1670 368 1710 quis
387 1670 558 1710 fidejussor
576 1672 721 1701 sensatus
741 1671 926 1701 abhorrebit

145 1724 243 1764 hujus
253 1724 360 1755 oner1s
370 1724 603 1756 alleviationem
615 1733 670 1764 per
686 1734 715 1755 m
721 1725 923 1765 ultiplicatio-

145 1787 220 1809 nem
237 1778 483 1809 intercessorum
500 1778 538 1809 ad
556 1778 655 1809 Deum
668 1802 675 1816 ,
693 1779 809 1818 partim
824 1778 926 1818 impe-

146 1832 302 1863 trantium
319 1833 552 1870 remissionem,
573 1832 689 1872 partim
704 1832 927 1863 inducentium

145 1888 177 1917 et
192 1885 416 1925 adjuvantium
437 1885 476 1916 ad
500 1885 692 1916 solutionem
711 1886 927 1925 spiritualium

146 1940 351 1971 debitorum?
376 1939 509 1979 Insuper
531 1940 575 1978 si,
595 1942 724 1980 propter
739 1940 927 1971 varietatem

146 1993 391 2034 perversitatum
416 1993 448 2023 in
472 1993 609 2033 populo,
636 1995 724 2024 tanta
750 1995 797 2024 est
825 1994 925 2032 tabes,

146 2049 234 2077 tanta
255 2046 432 2086 pestilentia
453 2046 647 2086 spiritualis,
664 2049 701 2077 ut
723 2046 814 2086 quasi
837 2055 927 2079 omne

147 2104 243 2142 caput
256 2102 299 2133 sit
314 2101 519 2140 ἰαηςιιίάιινη,
533 2104 562 2133 ec
580 2109 670 2133 omne
687 2109 739 2132 cor
756 2109 889 2132 moerens
904 2102 926 2139 ²,

148 2156 193 2186 ita
214 2156 298 2195 quod
315 2164 335 2187 α
352 2155 468 2195 planta
484 2155 579 2195 pedis
599 2163 697 2195 usque
716 2155 760 2187 ad
782 2157 928 2188 verticem

149 2209 209 2240 vix
228 2210 325 2241 estin
342 2216 375 2240 eo
394 2210 522 2240 sanitas
534 2232 543 2246 ‚
559 2209 631 2248 quis
651 2209 752 2239 fidelis
773 2209 926 2249 medicus,

148 2270 213 2292 non
228 2262 298 2292 dico
318 2262 434 2302 peritos
454 2262 600 2293 homines
620 2263 653 2292 in
669 2264 736 2293 arte
757 2263 929 2302 spiritualis

150 2315 331 2352 medicinae,
352 2315 406 2346 sed
427 2316 478 2347 vel
503 2325 596 2346 canes
620 2316 728 2346 ulcera
751 2316 928 2348 lambentes

150 2369 279 2400 audebit
294 2369 450 2408 effugare,
474 2369 536 2400 nisi
558 2369 816 2408 vulneratorum,
835 2373 930 2410 atque

149 2423 377 2462 languentium
403 2423 502 2454 vitam
526 2423 603 2454 velit
627 2424 841 2463 extinguere?
863 2424 928 2455 Ad-

150 2477 214 2507 huc
228 2477 265 2514 si,
278 2479 406 2517 propter
419 2477 702 2508 multiformitatem
715 2478 929 2509 tentationum

152 2531 294 2571 undique
309 2531 519 2562 circumstant
535 2531 658 2561 insidiae
673 2531 852 2562 crudelium
869 2533 928 2563 ho-

152 2584 266 2621 stium,
290 2587 321 2616 et
343 2585 432 2625 quasi
453 2594 549 2625 super
568 2585 670 2625 capita
692 2585 811 2616 civium
829 2586 931 2625 gladii

185 2684 192 2699 ¹
207 2683 274 2713 Luc,
291 2690 333 2715 xV,
349 2686 372 2708 6.
390 2697 420 2702 —
438 2684 445 2698 ²
461 2685 520 2714 Isca,
538 2690 554 2715 1,
570 2685 593 2707 5.
612 2696 642 2701 —
657 2684 777 2715 ³1Cor.,
792 2691 827 2715 iv,
851 2687 885 2709 15.
902 2699 933 2703 —-

154 2719 254 2779 ΞἾΟΞΞΛ,
277 2725 312 2750 1v‚
333 2722 371 2744 19.
385 2733 416 2739 —
435 2721 445 2737 ⁵
469 2721 475 2744 1
496 2720 564 2751 Cor„
586 2725 631 2751 111,
653 2721 675 2745 2.
696 2733 727 2738 —
746 2720 756 2735 ὅ
773 2721 874 2752 Malta„
897 2728 931 2754 ix,

970 321 1039 361 Jam
1054 320 1239 361 vibrantur,
1257 321 1328 362 quis
1346 320 1500 362 providus
1521 322 1700 362 speculator
1721 323 1756 355 in

974 375 1141 415 prosundoe
1156 377 1188 406 et
1203 376 1371 407 horrendae
1389 376 1489 407 noctis
1512 377 1684 407 teterrimis
1707 379 1755 408 te-

974 429 1083 460 nebris
1098 429 1216 461 habere
1240 439 1349 461 secum
1367 429 1483 469 vigiles
1507 430 1682 469 recusabit,
1699 431 1756 471 qui

975 485 1078 513 castra
1093 483 1294 514 custodiant?
1310 483 1472 515 Postremo
1483 484 1520 523 si,
1531 486 1659 525 propter
1669 494 1757 516 scan-

974 536 1119 568 dalorum
1149 537 1362 577 frequentias,
1391 538 1633 569 adinventiones
1657 539 1755 570 scele-

975 599 1065 628 rum,
1081 592 1111 621 et
1125 590 1330 622 inimicorum
1348 592 1532 632 tyrannides
1543 617 1551 630 ‚
1568 593 1756 624 innumera-

976 644 1049 674 bilis
1074 644 1288 675 multitudinis
1309 648 1433 685 strages
1447 646 1538 686 quasi
1556 647 1706 678 continue
1721 648 1757 678 sit

975 699 1008 730 in
1021 699 1132 730 castris
1144 699 1299 738 fidelium,
1316 701 1347 731 et
1361 700 1455 731 draco
1470 710 1545 731 cum
1561 702 1662 733 bestia
1673 702 1756 733 mul-

976 753 1152 784 tiformium
1174 753 1314 794 capitum
1330 754 1572 785 eeclesiasticam
1591 756 1691 786 aciem
1708 757 1757 787 ni-

976 806 1056 838 titur
1077 815 1284 847 oppugnare,
1308 810 1345 839 ut
1370 808 1567 840 truculenter
1589 809 1756 850 discerpat,

977 860 1098 891 occidat
1113 862 1144 891 et
1159 861 1307 900 devoret,
1325 862 1397 902 quis
1422 862 1563 899 prudens
1583 863 1649 894 dux
1666 873 1760 894 exer-

978 914 1058 944 citus
1075 914 1200 945 Domini
1221 916 1379 946 recusabit
1400 916 1634 947 commilitones
1650 926 1759 948 secum

978 968 1164 999 dimicantes
1183 969 1321 1008 habere,
1347 971 1404 1011 qui
1425 971 1509 1002 ultro
1531 980 1564 1002 se
1582 971 1759 1003 discrimini

978 1022 1130 1060 offerant,
1147 1025 1178 1053 et
1199 1033 1330 1055 murum
1347 1034 1404 1065 pro
1419 1025 1514 1056 domo
1530 1025 1627 1056 Israel
1642 1026 1761 1066 seipsos

979 1078 1164 1116 opponent?
1188 1077 1305 1115 Porro,
1331 1079 1406 1119 quia
1433 1079 1565 1110 affectus
1591 1080 1760 1120 pontificis,

979 1129 1048 1160 sive
1062 1131 1232 1161 sacerdotis
1243 1156 1250 1169 ‚
1266 1132 1306 1162 ad
1329 1132 1455 1172 plebem
1470 1133 1562 1164 debet
1576 1142 1645 1164 esse
1657 1134 1763 1165 consi-

981 1183 1066 1213 milis
1091 1183 1219 1215 affectui
1248 1185 1346 1224 patris
1372 1186 1411 1216 ad
1439 1186 1561 1224 filium,
1587 1187 1699 1217 matris
1723 1188 1763 1219 ad

980 1237 1126 1276 prolem,
1151 1238 1284 1269 nutricis
1305 1239 1345 1270 ad
1365 1239 1520 1270 infantem
1534 1264 1542 1278 ,
1571 1240 1654 1271 sicut
1676 1240 1763 1281 Apo-

980 1291 1080 1322 stolus
1110 1292 1276 1323 manifeste
1304 1293 1457 1331 declarat,
1485 1293 1539 1333 qui
1571 1294 1679 1325 fideles
1702 1304 1763 1335 per

980 1345 1087 1385 ipsum
1103 1355 1273 1377 conversos
1290 1347 1385 1377 modo
1408 1355 1442 1377 se
1464 1347 1562 1378 dicit³
1584 1348 1619 1378 in
1639 1348 1762 1380 Christo

983 1399 1149 1439 genuisse,
1172 1400 1266 1430 modo
1283 1402 1318 1430 ut
1337 1400 1418 1430 filios
1442 1402 1602 1440 parturire
1623 1401 1643 1441 Β,
1669 1403 1763 1434 modo

981 1453 1061 1483 sicut
1078 1453 1230 1492 parvulos
1250 1454 1283 1484 in
1300 1453 1422 1485 Christo
1442 1454 1558 1486 lactare
1569 1456 1599 1486 ⁵:
1615 1455 1764 1495 quemad-

982 1507 1115 1537 modum
1136 1507 1239 1538 filium
1255 1508 1489 1547 pauperculum
1510 1510 1694 1548 sustentari,
1712 1510 1762 1540 in-

981 1561 1120 1592 validam
1136 1560 1260 1601 prolem
1276 1561 1391 1598 foveri,
1410 1564 1440 1592 ct
1459 1566 1643 1601 gementem
1659 1564 1764 1595 infan—

981 1616 1046 1645 tem
1060 1615 1182 1653 lactari,
1203 1624 1409 1655 nequaquam
1425 1618 1472 1646 est
1488 1618 1580 1656 patri,
1591 1617 1642 1648 vel
1657 1618 1762 1656 matri,

982 1669 1033 1700 vel
1047 1669 1162 1699 nutrici
1180 1669 1361 1707 molestum,
1383 1670 1436 1701 sed
1452 1670 1672 1709 desiderabile,
1691 1672 1765 1703 clia-

981 1733 1056 1754 rum
1071 1726 1101 1754 et
1119 1723 1270 1763 placitum
1286 1734 1292 1761 3
1317 1724 1362 1754 sic
1377 1724 1472 1754 etiam
1489 1725 1638 1756 omnibus
1656 1736 1763 1757 sacer-

982 1777 1109 1808 dotibus
1132 1777 1249 1807 sanctis
1272 1780 1302 1808 et
1325 1778 1384 1817 piis
1410 1787 1567 1817 magnum
1589 1779 1681 1811 debet
1697 1790 1766 1812 esse

983 1831 1143 1869 solatium,
1170 1832 1294 1871 quoties
1317 1831 1402 1862 salus
1417 1835 1606 1872 procuratur
1621 1834 1764 1874 plebium

983 1885 1211 1924 subjectarum.
1231 1884 1363 1924 Propter
1378 1886 1462 1925 quod
1475 1886 1626 1917 Dominus
1636 1888 1667 1917 in
1680 1889 1763 1920 Μαι-

984 1939 1075 1975 ῐΙιίέο,
1093 1938 1252 1979 apostolos
1267 1938 1433 1978 alloquens
1455 1941 1485 1969 et
1501 1949 1696 1972 successores
1711 1951 1764 1973 eo-

984 2002 1057 2023 rum
1069 1996 1099 2023 6;
1122 1992 1256 2030 Messis,
1272 1992 1332 2030 ait,
1350 1993 1451 2024 multa
1464 2017 1471 2031 ‚
1494 1995 1638 2033 operaria·
1659 1998 1766 2028 autem

982 2047 1081 2087 pauci
1092 2058 1104 2082 ;
1118 2048 1224 2086 rogate
1250 2047 1425 2078 Dominum
1449 2049 1580 2086 messis,
1599 2052 1635 2081 ut
1656 2050 1766 2083 mittat

984 2101 1146 2141 operarios
1162 2101 1198 2132 in
1216 2108 1343 2132 messem
1358 2109 1451 2132 suam
1462 2110 1472 2132 :
1488 2102 1667 2141 insinuans,
1681 2104 1767 2144 quod

984 2156 1141 2186 bonorum
1163 2154 1349 2194 pontificum
1376 2164 1441 2184 non
1463 2157 1526 2185 tam
1548 2160 1595 2186 est
1612 2157 1767 2196 patienter

985 2210 1086 2246 ferre,
1103 2218 1201 2248 quam
1218 2208 1434 2238 desideranter
1449 2211 1599 2248 appetere
1616 2220 1765 2251 coopera-

986 2265 1069 2293 tores
1096 2261 1310 2300 evangelistas
1335 2262 1373 2292 ad
1397 2262 1618 2294 multitudines
1642 2265 1765 2295 divina-

987 2326 1060 2347 rum
1081 2315 1234 2346 messium
1260 2315 1466 2355 colligendas
1490 2316 1578 2353 Quod
1602 2319 1767 2349 attendens

987 2370 1101 2401 Christi
1124 2369 1264 2400 vicarius
1280 2368 1429 2409 Petrique
1445 2379 1628 2409 successor,
1646 2375 1679 2402 ut
1696 2375 1767 2412 pote

987 2424 1087 2454 sancti
1103 2422 1242 2462 Spiritus
1257 2422 1470 2454 illustratione
1491 2427 1685 2463 praeventus,
1703 2428 1768 2456 sta-

987 2480 1057 2508 tum
1078 2477 1165 2507 hunc
1187 2477 1479 2515 evangelizantium
1504 2487 1694 2517 pauperum,
1712 2480 1768 2519 qui

987 2530 1082 2562 saluti
1097 2530 1280 2560 animarum
1296 2530 1506 2568 intenderent,
1532 2533 1685 2571 tanquam
1702 2542 1766 2564 (ἰοὶ-

987 2585 1064 2615 litus
1084 2584 1146 2613 sibi
1172 2584 1306 2614 missum
1320 2608 1327 2621 ‚
1343 2593 1416 2613 cum
1433 2583 1591 2614 hilaritate
1612 2587 1776 2626 suscepit‚.

988 2639 1103 2678 pietate
1119 2638 1270 2675 confovit,
1288 2637 1477 2668 auctoritate
1488 2638 1661 2677 roboravit,
1675 2642 1705 2670 et
1717 2649 1769 2679 po-

989 2693 1099 2723 testate
1114 2691 1263 2730 defendit,
1283 2693 1314 2721 et
1331 2694 1365 2722 ut
1380 2691 1559 2731 patriarcha
1572 2691 1679 2732 Jacob,
1696 2696 1766 2726 tan-

1022 2754 1055 2786 (a)
1074 2754 1133 2779 Caet.
1148 2754 1208 2778 edit.
1224 2753 1331 2778 laborat.
