2029 3052
122 1516 214 1537 Fructus

107 1545 163 1566 uteri
173 1546 214 1567 vir-

119 1577 201 1603 ginalis

113 1609 204 1630 delicio-

106 1640 215 1662 sissimus.

237 204 298 245 2'82

235 326 364 356 fructum
375 328 603 365 percipiendum
623 327 758 358 collecta..
769 330 857 365 Tuus,
875 329 1014 367 inquam,

234 375 312 404 tuus.
336 376 415 404 Tuus
438 377 516 403 certe
539 375 734 412 corporaliter
756 383 812 413 per
831 379 1015 414 assumptam

234 423 390 458 naturam,
405 423 474 451 tuus
494 421 684 458 spiritualiter
697 430 753 459 per
779 423 906 459 gratiam
913 433 922 460 ;
945 426 1014 453 tuus

233 468 484 497 sacramentaliter
498 475 552 505 per
565 468 776 498 Eucharistiam
784 479 794 505 3
811 471 880 498 tuus
893 472 1015 499 aeterna-

232 515 299 544 liter
312 523 367 552 per
381 515 518 551 gloriam.
539 516 582 543 Ex
601 523 650 544 me
665 517 765 544 tamen
780 518 848 545 tuus
866 519 919 553 est,
942 518 1014 554 quia

232 570 270 591 ex
284 570 352 590 meo
367 563 452 590 utero
467 561 582 598 genitus
594 564 646 597 est,
661 562 737 592 sicut
749 563 781 592 in
794 564 912 593 Psalmo
922 565 1014 602 scrip-

231 611 296 638 tum
314 611 357 637 est
372 608 381 625 ¹
402 618 408 637 :
433 610 478 637 Em
497 611 571 638 utero
586 612 651 638 cmte
676 611 819 644 luciferum
833 613 915 646 genui
940 614 976 640 te.
991 612 1014 640 Ο

230 664 301 685 vere
314 655 404 684 nimis
415 656 593 685 admiranda
609 656 757 694 nimisque
770 658 944 686 veneranda
957 666 1014 686 no-

230 703 339 738 bilitas,
356 702 441 740 quod
461 703 571 732 fructus
585 704 695 732 ventris
713 705 840 733 materni
862 707 905 733 est
924 705 1013 734 Filius

229 750 305 779 uteri
320 750 420 779 aeterni
438 751 468 778 et
481 750 630 787 Sapientia
644 751 744 780 cordis
757 751 884 788 paterni,
896 751 972 780 sicut
986 754 1014 780 et

230 798 260 825 Β.
276 797 443 826 Bernardus
464 797 501 826 de
525 797 581 826 isto
603 797 702 827 fructu
721 798 761 826 ait
779 799 791 815 ²
816 807 822 826 :
847 808 861 825 ιι
884 798 978 834 illius,
994 807 1013 828 o

230 844 331 879 Maria,
347 844 404 872 eris
418 846 522 880 mater,
539 845 623 881 cujus
646 846 720 873 Deus
738 847 781 873 est
796 846 880 874 Pater
895 855 902 874 ε
925 845 1013 874 Filius

228 893 359 929 paternae
373 891 537 927 charitatis,
560 891 615 920 erit
633 899 746 920 corona
769 894 827 921 tuae
849 893 988 921 castitatis
1004 902 1011 920 :

230 938 380 975 Sapientia
394 938 509 974 paterni
528 938 638 974 cordis,
661 939 715 967 erit
728 939 840 967 tructus
860 940 936 968 uteri
950 940 1012 968 vir-

229 985 348 1022 ginalis.
364 995 378 1012 »
392 986 448 1014 Ista
462 992 534 1021 ergo
548 985 660 1014 fructus
683 986 903 1021 generosissimi
923 987 1012 1022 hujus

228 1032 368 1061 nobilitas
382 1032 510 1069 primam
527 1034 556 1060 et
569 1033 733 1062 secundam
749 1033 780 1061 in
794 1033 942 1062 infinitum
957 1041 1012 1062 sua

228 1080 370 1116 dignitate
384 1080 534 1116 praecedit,
558 1082 586 1108 et
605 1088 726 1108 omnem
749 1080 931 1108 intellectum
952 1081 1010 1108 hu—

226 1135 351 1156 manum
365 1129 394 1156 et
408 1126 577 1163 angelicum
589 1135 657 1155 cum
673 1135 727 1155 sua
735 1127 915 1156 sublimitate
928 1135 1011 1156 exce-

227 1175 279 1203 dit.
307 1175 437 1212 ldeoque
461 1175 537 1203 bene
568 1174 606 1202 de
629 1174 686 1202 hoc
714 1174 812 1202 fructu
839 1175 946 1203 dicitur
971 1175 1010 1203 ab

226 1221 301 1251 lsaia
313 1222 324 1240 ³
340 1231 347 1250 ε
372 1223 435 1250 Erit
459 1230 564 1256 qermen
586 1223 694 1249 Domini
711 1223 741 1248 in
756 1223 960 1256 mafflu‘ficeutia
983 1226 1008 1250 et

227 1270 327 1304 aleria,
343 1271 368 1297 et
381 1270 486 1302 fructus
502 1271 582 1296 terroe
597 1268 722 1296 sublimis
739 1278 746 1296 :
768 1268 798 1296 in
819 1268 1009 1303 magnificen-

227 1316 276 1351 tia,
291 1318 413 1352 propter
423 1316 569 1351 regalem3
586 1315 616 1343 in
630 1315 735 1350 gloria,
749 1317 871 1352 propter
883 1316 1011 1351 virgina-

227 1363 300 1398 lem;
316 1363 462 1396 sublimis,
479 1365 600 1399 propter
615 1362 785 1391 aeternalem
797 1362 858 1390 sive
874 1365 1010 1398 paterna-

229 1411 288 1439 lem
303 1411 542 1446 generositatem.

264 1457 400 1486 Seeundo
415 1457 649 1492 consideremus,
665 1457 840 1492 charissimi,
852 1457 1009 1494 quomodo

229 1505 339 1533 fructus
355 1504 430 1533 uteri
444 1504 598 1540 virginalis
614 1503 856 1532 deliciosissimus
870 1504 917 1532 sit.
935 1504 1010 1532 Deli-

228 1552 326 1580 ciosus
341 1551 464 1588 quidem
479 1554 520 1579 cst
535 1551 564 1579 in
580 1552 685 1586 odore,
701 1551 872 1579 deliciosior
890 1551 920 1579 in
942 1559 1008 1587 spe-

229 1599 287 1634 cie,
315 1599 557 1627 deliciosissimus
579 1607 651 1626 vero
678 1599 707 1626 in
729 1606 845 1635 sapore.
870 1600 1009 1627 llecorem

228 1648 327 1675 autem
352 1646 415 1681 ejus
444 1645 520 1680 tide,
546 1645 670 1673 odorem
693 1653 759 1681 spe,
783 1653 922 1681 saporem
946 1647 1010 1681 ejus

228 1693 367 1722 charitate
390 1693 580 1729 percipimus.
613 1693 698 1724 Dico,
723 1692 902 1727 charissimi,
925 1693 1009 1729 quod

227 1741 337 1769 fructus
352 1740 447 1768 Mariae
467 1739 626 1767 deliciosus
646 1740 688 1766 est
703 1739 786 1766 suavi
807 1740 910 1768 odore.
929 1740 1009 1768 Unde

227 1787 264 1815 de
279 1787 344 1823 ipso
359 1787 436 1815 benc
455 1788 550 1822 potest
565 1786 663 1814 dicere
680 1788 772 1814 mater
787 1787 850 1822 ejus
864 1787 941 1814 illud
958 1788 1009 1814 Ec-

227 1834 394 1863 clesiastz'cffl
411 1842 417 1861 ε
434 1834 490 1868 Εςιο
515 1835 595 1869 quasi
616 1834 683 1860 vitis
704 1834 871 1868 fructificari
887 1837 1009 1861 suavita-

227 1886 279 1909 tem
307 1881 406 1909 odor-is.
433 1881 552 1907 Fructus
582 1880 648 1907 vitis
675 1882 716 1907 est
744 1880 844 1916 proles
873 1881 1007 1916 Virginis.

226 1928 312 1962 Quod
335 1930 432 1955 tamen
455 1935 523 1954 vere
548 1926 657 1954 mirum
678 1929 730 1961 est,
757 1930 785 1954 et
806 1928 880 1955 mire
906 1936 1009 1956 verum

227 1978 285 2010 est,
318 1977 387 2002 teste
411 1974 588 2009 Augustino,
618 1974 669 2010 qui
699 1974 736 2001 tle
761 1974 817 2002 hoc
846 1974 941 2002 t'ructu
969 1976 1009 2003 sic

227 2022 267 2050 ait
285 2023 295 2038 r.
324 2032 329 2050 :
357 2031 370 2048 «
398 2023 435 2049 De
460 2023 595 2049 creatura
624 2023 743 2049 Creator
777 2022 912 2050 omnium
941 2031 1010 2058 pro-

227 2071 342 2097 creatus
365 2068 510 2103 nascitur,
532 2068 569 2095 de
593 2068 690 2095 rivulo
715 2076 769 2095 suo
799 2069 864 2097 sons
883 2077 1010 2104 magnus

228 2116 362 2144 educitur
378 2137 386 2150 ,
421 2115 505 2143 radix
542 2115 676 2143 omnium
711 2115 748 2143 de
782 2115 911 2151 virgulto
955 2125 1008 2144 suo

227 2163 373 2195 nascitur,
403 2164 431 2190 et
463 2162 529 2189 vitis
562 2170 631 2189 vera
665 2161 794 2198 palmitis
826 2163 871 2190 sui
899 2163 1009 2192 fructus

227 2210 361 2238 eflicitur.
398 2220 411 2235 u>
448 2211 567 2237 Fructus
599 2209 664 2236 vitis
700 2209 802 2237 vinum
833 2212 876 2237 cst
892 2220 898 2240 z
934 2211 1009 2239 odor

227 2257 287 2285 vini
305 2257 488 2285 delectabilis
505 2259 556 2284 est.
583 2256 627 2283 Sic
652 2258 729 2284 certe
757 2256 834 2284 odor
856 2258 1008 2293 exemplo-

227 2313 293 2332 rum
306 2303 426 2331 Christi.
451 2303 526 2331 odor
545 2303 783 2331 consolationum
803 2304 917 2338 Christi,
933 2305 1009 2333 odor

227 2351 461 2388 promissionum
495 2351 596 2379 Christi
626 2351 712 2379 valde
747 2351 933 2379 delectabilis
967 2355 1010 2380 cst

228 2399 334 2427 animm
346 2399 491 2426 Christum
507 2398 623 2426 sitienti.
639 2401 669 2426 Et
686 2399 753 2426 ideo
770 2400 845 2427 sicut
861 2399 938 2427 odor
949 2400 1009 2427 vini

228 2446 392 2481 sitientem,
414 2445 455 2473 sic
481 2445 558 2473 odor
578 2446 680 2473 Christi
704 2446 789 2474 trahit
818 2449 884 2482 post
911 2446 1009 2482 ipsum

261 2509 266 2524 ¹
283 2507 349 2531 I’sal.
365 2513 419 2537 ‹th,
435 2508 457 2530 3.
470 2520 499 2524 —-
516 2507 524 2521 '⁶'
541 2508 626 2536 llum„
644 2515 698 2537 sup.
717 2508 808 2530 Almus
821 2509 870 2534 ml.
883 2507 954 2531 honi.
969 2514 1009 2538 ιιι,

229 2551 254 2568 n.
274 2546 296 2567 s.
318 2557 347 2561 —
361 2543 371 2559 ³
391 2543 450 2572 lxm,
473 2549 507 2573 iv,
523 2544 545 2566 2.
565 2556 587 2559 --
608 2543 616 2558 δ
638 2542 725 2568 Evcli..
745 2549 816 2573 xxiv,
834 2546 872 2567 23.
887 2557 915 2560 —
930 2545 939 2560 ⁵
956 2545 1008 2567 imo

230 2582 328 2609 auctor,
341 2579 455 2610 quisquis
471 2578 509 2603 illc
526 2579 571 2609 sit,
583 2586 660 2602 serni.
681 2579 708 2601 (Ic
732 2579 823 2610 Temp..
848 2586 883 2609 tx,
895 2580 927 2603 ul.
939 2586 1009 2611 cxlx,

229 2623 254 2639 u.
275 2617 303 2645 2,
325 2615 348 2639 in
372 2615 488 2646 Appeunl.
508 2617 569 2639 loni.
587 2615 629 2644 Vl,
647 2616 718 2645 Oprr.
740 2616 765 2639 S.
785 2616 909 2644 Augu—‘⁵
924 2616 1009 2645 Cant„

231 2658 256 2681 1,
275 2652 297 2674 3.
314 2664 341 2668 —-
363 2651 370 2666 ‘¹
390 2653 476 2681 Boi-u„
491 2650 533 2674 uhi
548 2658 603 2681 sup.
626 2650 757 2681 proxime,
775 2658 799 2674 n.
819 2654 842 2674 ti.
858 2664 888 2668 —
907 2651 918 2667 ⁸
939 2652 1009 2681 Geth,

231 2693 319 2718 xxvii,
335 2688 372 2711 27.
392 2701 415 2703 -r
436 2688 446 2703 ¹³
462 2687 550 2717 Lern..
566 2692 646 2716 xxiii,
669 2688 706 2710 40.
726 2699 754 2703 -—-
774 2687 794 2703 ¹⁰
818 2687 951 2716 Bernard„
968 2688 1010 2711 ubi

239 250 241 252 Ι
669 213 878 247 SPECULUM
899 210 1045 248 BEATAE
1065 215 1206 250 MARIAE
1226 217 1414 251 VIRGINIS.

223 279 548 318 ‘diligendumilleotm
573 283 650 316 tuus,
673 289 692 310 o
716 281 855 318 Ecclesia,
873 282 913 312 ad
933 283 1015 312 hunc

1069 286 1238 314 currentem
1252 287 1282 315 et
1294 286 1444 316 dicentem
1456 287 1468 306 ⁸
1483 295 1491 316 :
1508 287 1594 317 nahe
1607 295 1652 318 me
1665 292 1728 326 pout
1742 293 1778 324 te.
1794 293 1850 320 etc.

1069 331 1156 366 Quod
1175 340 1232 362 nos
1250 333 1361 369 miseri,
1375 333 1452 363 heu!
1470 342 1534 363 non
1552 334 1712 372 currimus,
1733 337 1788 366 sed
1800 339 1852 368 vix

1069 379 1236 417 sex-pimus,
1259 380 1380 417 signum
1403 383 1457 417 est,
1482 381 1566 419 quod
1589 381 1629 411 de
1649 382 1744 412 odore
1761 383 1852 422 hujus

1067 425 1190 461 fructus,
1197 427 1256 456 heu
1265 428 1272 455 t
1281 435 1390 465 parum
1396 428 1591 465 suscepimus.
1603 428 1662 458 Oh!
1677 429 1702 458 si
1710 429 1853 461 olfactum

1068 473 1148 502 Isaac
1160 473 1352 510 haberemus,
1363 475 1416 511 qui
1426 475 1516 512 hujus
1525 475 1637 505 fructus
1651 476 1778 506 odorem
1790 482 1852 508 tam

1067 519 1159 556 longe
1178 521 1340 557 praesensit,
1362 523 1434 550 teste
1456 522 1545 551 beato
1568 523 1719 553 Bernardo
1733 525 1787 562 qui
1809 525 1853 554 sic

1069 566 1140 595 dicit
1156 567 1168 585 '¹
1193 576 1200 596 ε
1219 577 1233 594 α
1253 568 1344 604 Hujus
1365 568 1507 598 odoriferi
1525 569 1638 599 fruetus
1657 570 1852 608 fragrantiam

1068 613 1223 650 sentiebat,
1238 614 1291 651 qui
1304 614 1442 644 dicebat⁸
1455 625 1462 644 :
1478 617 1546 644 Ecce
1554 616 1621 645 odor·
1632 618 1688 652 filii
1700 619 1766 654 mei,
1780 620 1854 648 sicut

1068 661 1135 688 odor
1150 663 1214 696 αρν-ι’
1229 662 1321 698 pleni,
1339 663 1386 690 cui
1408 662 1547 691 benedixit
1568 664 1697 693 Dominus
1708 667 1718 693 !
1729 675 1745 692 ι»
1769 666 1850 702 item,

1068 707 1243 742 charissimi,
1252 708 1364 737 fructus
1375 708 1428 737 iste
1442 716 1505 738 non
1519 709 1619 739 solum
1633 710 1796 741 deliciosus
1809 715 1854 742 est

1068 754 1174 789 odore,
1195 754 1248 783 sed
1263 755 1352 784 etiam
1369 755 1541 785 deliciosior
1560 759 1603 785 est
1626 758 1724 794 specie
1748 761 1778 788 et
1797 759 1851 788 de-

1068 808 1147 829 core.
1165 802 1203 829 De
1222 801 1280 830 hoc
1300 804 1372 831 nota
1386 803 1471 840 quod
1495 803 1603 833 dicitur
1623 804 1655 832 in
1678 806 1799 834 Levitico
1814 807 1826 824 ⁹
1842 815 1850 834 ε

1066 848 1236 884 sumetisque
1249 848 1294 877 die
1304 853 1394 885 primo
1409 851 1516 884 fructus
1530 851 1635 879 arboris
1649 853 1848 887 pulcherrimoe,

1067 895 1181 924 Primus
1203 895 1267 924 dics
1290 896 1423 925 animam
1445 897 1618 926 illuminans
1643 901 1687 927 est
1710 899 1794 928 fides.
1818 901 1852 929 Et

1067 944 1143 970 certe
1158 942 1182 970 si
1197 949 1315 971 sumere
1338 943 1484 972 debemus
1506 944 1620 973 fruetus
1642 945 1759 975 arboris
1780 947 1850 984 pul-

1067 990 1229 1025 cherrimae,
1242 990 1333 1019 arbor
1342 990 1542 1027 pulcherrima
1552 993 1596 1020 est
1602 992 1693 1021 Maria
1704 1002 1711 1022 :
1723 993 1851 1030 pulchra

1067 1036 1191 1073 quidem
1204 1036 1235 1065 in
1250 1037 1330 1065 toliis
1344 1037 1404 1065 oris
1411 1047 1420 1072 ;
1434 1038 1588 1074 pulchrior
1602 1040 1702 1068 autem
1716 1039 1748 1068 in
1766 1040 1850 1069 flori-

1066 1083 1124 1111 bus
1141 1083 1240 1112 cordis
1247 1093 1256 1119 ;
1278 1083 1480 1120 pulcherrima
1500 1093 1572 1114 vero
1594 1086 1624 1114 in
1646 1086 1849 1123 pulcherrimo

1065 1130 1161 1159 fructu
1177 1131 1296 1159 ventris.
1309 1133 1346 1159 Dc
1362 1139 1423 1168 quo
1438 1133 1468 1160 B.
1484 1133 1651 1161 Bernardus
1664 1133 1848 1163 infertsic¹⁰:

1069 1187 1083 1203 u
1097 1177 1136 1211 Si,
1155 1177 1261 1214 inquit,
1276 1178 1386 1206 tructus
1397 1178 1446 1207 ille
1461 1180 1564 1208 mortis
1581 1187 1643 1208 non
1662 1180 1762 1208 solum
1780 1189 1849 1210 sua—

1066 1224 1111 1252 vis
1127 1224 1181 1253 tuit
1195 1225 1235 1253 ad
1250 1225 1443 1261 vescendum,
1457 1226 1510 1254 sed
1532 1227 1638 1262 etiam,
1662 1229 1731 1256 teste
1754 1228 1850 1265 Scrip-

1065 1272 1132 1299 tura
1148 1272 1178 1306 ¹¹,
1196 1272 1364 1301 delectabilis
1381 1277 1492 1309 aspectu
1502 1282 1512 1306 ,·
1528 1276 1641 1310 quanto
1656 1275 1752 1311 magis
1761 1275 1850 1311 huJus

1066 1318 1163 1346 vitalis
1178 1319 1289 1347 tructus
1310 1320 1462 1348 vivificum
1483 1320 1623 1349 decorem
1644 1321 1790 1350 debemus
1804 1322 1849 1350 in-

1066 1365 1182 1401 quirere
1198 1366 1283 1394 illum
1301 1366 1331 1401 ¹²,
1348 1369 1375 1394 iu
1399 1376 1476 1403 quem
1495 1368 1653 1396 desiderant
1673 1370 1764 1404 anqeli
1785 1378 1849 1405 pro-

1066 1413 1190 1447 spicere?
1204 1423 1218 1439 »
1231 1413 1356 1441 Pulcher
1371 1413 1474 1450 utique
1495 1414 1606 1443 fructus
1634 1415 1764 1444 Christus
1788 1419 1847 1449 est,

1066 1459 1117 1495 qui
1132 1461 1154 1477 Ν
1168 1462 1303 1495 speciosus
1317 1462 1407 1494 forma
1423 1469 1480 1496 proe
1502 1462 1571 1496 filiis
1593 1462 1730 1490 hominum
1748 1465 1800 1491 est.
1821 1464 1849 1492 Si

1065 1508 1165 1534 autem
1182 1507 1299 1543 plenius
1314 1515 1494 1543 cognoscere
1510 1508 1651 1538 volumus
1666 1510 1776 1538 fructus
1793 1511 1850 1539 hu-

1062 1553 1111 1588 jus
1126 1553 1388 1589 pulchritudinem,
1411 1563 1598 1584 recurramus
1618 1557 1658 1584 ad
1681 1557 1778 1594 ipsam
1802 1565 1849 1586 ar-

1066 1600 1172 1628 borem
1188 1601 1436 1637 pulcherrimam,
1458 1602 1646 1639 requiramus
1663 1604 1758 1640 ipsam
1780 1604 1849 1641 pul-

1066 1647 1243 1675 cherrimum
1259 1649 1321 1684 ejus
1337 1651 1472 1684 matrem,
1490 1652 1517 1677 et
1533 1650 1667 1678 dicamus
1682 1651 1759 1679 illud
1779 1653 1849 1680 Gan-

1066 1696 1178 1722 {icor-um
1195 1694 1234 1722 ¹⁸:
1249 1695 1343 1728 Qualis
1366 1699 1405 1724 est
1428 1697 1541 1725 dilectus
1562 1700 1624 1725 tuus
1644 1707 1677 1725 επ
1696 1698 1810 1733 dilecto,
1833 1707 1848 1727 ο

1065 1742 1246 1777 pulcherrima
1266 1744 1434 1770 mulierum?
1451 1745 1481 1771 Et
1496 1751 1563 1772 ecce
1580 1745 1644 1781 ipsa
1663 1745 1849 1781 respondens

1065 1788 1162 1816 statim
1174 1788 1245 1816 dicit
1256 1790 1278 1806 ¹⁶
1294 1798 1300 1816 :
1315 1791 1433 1818 Dilectus
1448 1799 1520 1818 meus
1530 1791 1663 1819 candidus
1678 1795 1704 1819 et
1718 1792 1849 1820 rubicun-

1066 1836 1128 1870 dus,
1138 1837 1235 1863 electus
1246 1844 1280 1863 ez·
1291 1837 1422 1865 millibus.
1433 1838 1496 1873 lpse
1507 1837 1527 1854 ¹⁰
1537 1838 1638 1866 candor
1648 1839 1716 1866 Iuris
1731 1842 1848 1874 oeterrue,

1066 1882 1214 1910 candidus
1227 1882 1351 1918 quidem
1361 1886 1402 1911 est
1419 1883 1582 1919 divinitate,
1599 1885 1785 1914 rubicundus
1797 1893 1849 1914 au-

1067 1933 1125 1958 tem
1152 1930 1349 1965 humanitate3
1376 1931 1522 1959 candidus
1546 1940 1668 1968 quoque
1694 1941 1849 1962 conversa-

1066 1977 1158 2011 tione,
1174 1977 1359 2005 rubicundus
1374 1978 1521 2013 passione.
1538 1980 1610 2006 Ecce
1621 1987 1713 2015 quam
1728 1979 1850 2016 pulcher

1067 2024 1186 2052 fructus.
1205 2026 1325 2060 Propter
1341 2025 1397 2053 hoc
1418 2025 1494 2053 bene
1511 2025 1547 2053 de
1564 2025 1628 2061 ipso
1650 2026 1720 2054 dicit
1734 2029 1848 2062 Augus-

1068 2072 1145 2099 tinus
1160 2072 1179 2088 '7
1197 2081 1203 2099 ;
1223 2084 1235 2097 «
1255 2072 1378 2099 Pulcher
1393 2072 1422 2099 in
1439 2072 1531 2107 cwlis,
1554 2073 1679 2108 pulcher
1699 2073 1729 2100 in
1753 2073 1847 2108 terris,

1066 2118 1190 2154 pulcher
1214 2118 1243 2145 in
1275 2120 1355 2146 Patre
1383 2119 1525 2153 Verbum,
1550 2119 1673 2155 pulcher
1696 2120 1727 2148 in
1755 2122 1848 2149 matre

1068 2173 1137 2193 caro
1154 2167 1181 2192 et
1197 2165 1338 2193 Verbum.
1354 2175 1367 2191 ι)
1390 2166 1452 2193 tloec
1469 2168 1569 2194 autem
1585 2167 1788 2202 pulcherrima
1801 2175 1848 2196 ar-

1067 2212 1123 2240 bor
1137 2212 1224 2240 Maria
1240 2221 1301 2240 non
1316 2213 1413 2241 solum
1429 2214 1762 2250 habetpulcherrimum
1773 2215 1848 2243 fruc-

1068 2261 1130 2286 tum
1156 2259 1282 2294 ventris,
1310 2260 1363 2287 scd
1391 2260 1479 2288 etiam
1514 2261 1731 2297 pulcherrimos
1759 2263 1849 2291 habet

1067 2306 1177 2333 tructus
1193 2306 1308 2334 mentis
1326 2309 1364 2334 lle
1381 2307 1493 2343 quibus
1508 2309 1664 2344 Apostolus
1679 2309 1718 2337 ad
1733 2309 1848 2338 Galatas

1067 2353 1200 2380 scribens
1218 2354 1257 2381 ait
1272 2353 1292 2371 ¹³
1308 2363 1313 2381 :
1332 2356 1445 2383 Fructus
1465 2359 1555 2383 autem
1570 2358 1686 2391 spiritus
1703 2360 1742 2384 est
1762 2357 1848 2384 chari·-

1068 2403 1120 2431 las,
1136 2401 1278 2436 gaudium,
1301 2411 1369 2437 pti-r,
1390 2404 1539 2438 patientia,
1554 2404 1717 2438 bent‘ynitas,
1732 2404 1847 2438 bonitas,

1068 2447 1272 2483 Iouqatu'mz'tas,
1294 2450 1482 2484 umusuetudo,
1504 2450 1580 2484 fides,
1605 2450 1747 2484 modestia,
1761 2452 1847 2477 conti-

1069 2552 1125 2576 sup.
1151 2546 1277 2576 proxime.
1293 2560 1324 2564 —
1341 2548 1357 2563 ¹¹
1376 2547 1503 2577 Gen.,111,
1519 2549 1584 2571 6.-
1602 2547 1622 2563 ¹²
1640 2547 1658 2570 ll
1674 2547 1752 2576 Petra,
1768 2553 1787 2577 1,
1809 2549 1846 2572 12.

1067 2594 1098 2598 —
1111 2580 1130 2597 ¹³
1146 2581 1213 2605 psal.
1227 2588 1296 2611 xhiv,
1313 2584 1336 2606 3.
1348 2596 1375 2600 -
1394 2583 1409 2596 ¹⁴
1426 2583 1509 2612 Cane„
1527 2588 1550 2613 v,
1564 2584 1585 2606 9.
1599 2595 1629 2600 -
1644 2583 1664 2599 ¹⁵
1679 2582 1753 2613 thid„
1767 2585 1805 2607 10.
1819 2597 1848 2602 -

1069 2617 1088 2632 ¹⁴³
1111 2618 1181 2648 Sap„
1207 2624 1252 2648 vu,
1271 2621 1307 2643 16.
1321 2632 1351 2636 —
1367 2620 1385 2635 ¹⁷
1409 2620 1461 2642 {nio
1484 2621 1584 2649 auctor,
1608 2618 1722 2650 quisquis
1738 2618 1778 2643 illc
1802 2619 1847 2648 sit,

1070 2660 1147 2678 sorni.
1166 2654 1195 2678 ‹Ie
1217 2654 1308 2686 Tenui„
1328 2661 1385 2685 xm,
1410 2655 1442 2679 at.
1467 2660 1578 2685 cxxvnt,
1600 2662 1627 2678 n.
1650 2657 1672 2679 5.
1688 2668 1718 2673 —
1735 2655 1756 2672 ¹⁸
1777 2655 1846 2685 Gal„

1070 2695 1094 2718 v,
1111 2691 1149 2713 22.

1948 308 1952 323 l
