2029 3052
634 188 684 220 DE
707 186 789 220 UNA
812 186 844 218 S.
869 186 1043 219 VIRGINE.
1070 187 1203 219 SERMO
1227 187 1265 219 ll.
1724 193 1763 221 95

142 265 160 285 a
174 256 298 285 canibus
313 256 498 293 deprehendi
514 256 628 291 valeat3
644 256 698 284 sed
710 257 738 284 et
748 255 778 284 in
789 254 924 283 dextram

143 304 291 332 claudicat
314 306 439 340 partem,
465 305 494 332 et
513 303 544 332 in
568 303 686 332 sinistra
714 312 744 331 se
769 303 876 337 elevat,
896 305 925 331 et

142 351 261 387 gallinis
283 351 416 379 insidiari
435 359 497 379 non
517 352 619 379 cessat.
645 351 690 380 Sic
711 353 739 379 et
766 350 924 379 homiuum

142 399 213 433 vita,
228 398 278 426 vel
292 398 351 432 via,
368 399 431 426 tota
452 400 495 426 est
515 399 659 433 tortuosa,
682 399 710 426 et
729 397 848 426 malitiis
864 399 925 425 tota

141 446 250 482 plena3
268 445 415 473 claudicat
427 445 465 473 ad
480 445 582 474 omnia
591 445 684 480 bona,
699 447 770 473 etse
785 444 870 480 erigit
885 444 925 472 ad

144 493 246 521 omnia
259 492 339 520 mala
349 502 358 528 ς
376 494 404 520 et
418 494 522 521 contra
542 493 714 529 proximum
736 494 796 520 tota
816 491 865 520 die
883 493 926 519 est

142 539 293 568 insidiosa.

178 587 322 623 Secundo,
340 589 482 616 coronata
497 587 551 616 fuit
564 595 676 616 corona
690 587 839 624 speciosa,
855 595 924 623 pro-

141 636 206 671 pter
220 634 474 671 pulchritudinem
488 634 643 671 virginalis
657 635 818 671 pudicitiae,
833 642 925 670 quam

142 681 279 709 servavit.
296 683 317 710 O
333 690 424 718 quam
440 681 575 718 speciosa
588 682 652 717 fuit,
669 682 741 710 dum
757 681 853 710 carnis
869 681 925 709 im—

142 729 322 756 munditiam
337 729 506 764 declinavit,
517 729 588 757 dum
603 729 728 757 luxuriae
740 729 860 757 foetores
873 729 925 756 ab·

141 775 266 810 horruit,
279 777 307 803 et
318 776 389 804 du'm
403 784 489 804 suam
504 784 622 804 carnem
635 784 652 804 a
663 775 855 813 corruptione
866 783 926 803 ser-

141 824 238 852 vavit!
256 824 332 852 nihil
346 824 471 860 turpius,
485 824 532 852 vel
542 823 683 859 foetidius,
700 832 802 860 quam,
818 831 925 859 porco-

141 879 209 898 rum
234 879 328 906 more,
350 879 457 899 nasum
477 871 508 899 in
530 871 593 899 luto
613 873 722 899 tenere.
746 871 774 898 Si
799 878 870 906 apes
894 878 924 897 se

142 918 313 954 custodiunt
326 919 465 954 virgines,
482 919 556 955 quid
571 921 678 947 nostrae
695 918 806 946 debent
826 917 924 945 facere

143 965 305 994 mulieres?
320 965 347 995 Si
360 966 489 1002 virgines
505 966 605 994 multae
620 968 771 1000 Romanae,
788 965 925 1001 quamvis

141 1021 277 1049 paganae,
295 1014 496 1049 virginitatem
524 1022 609 1042 suam
631 1013 721 1041 idolis
737 1013 924 1047 dedicarunt,

142 1062 216 1098 quid
244 1062 377 1098 Virgines
404 1070 460 1098 pro
490 1062 602 1090 Christo
630 1062 729 1091 facere
770 1062 924 1096 deberent,

143 1109 317 1137 ostenditur.
333 1111 406 1138 Nam
421 1110 496 1138 sicut
511 1109 621 1138 albedo
638 1110 774 1138 omnium
788 1109 925 1137 colorum

143 1158 186 1184 est
206 1156 446 1191 fundamentum,
472 1157 546 1184 sicut
570 1157 734 1185 ostenditur
749 1157 779 1184 in
796 1159 857 1184 arte
881 1156 926 1192 pi-

143 1205 268 1239 ctorum,
297 1204 338 1232 sic
365 1204 513 1232 munditia
538 1205 691 1232 bonorum
720 1204 856 1232 omnium
883 1205 926 1231 est

142 1251 381 1279 fundamentum.
404 1251 485 1279 Unde
500 1252 666 1287 Gregorius,
683 1259 836 1288 exponens
850 1250 925 1278 illud

143 1298 271 1326 verbum
293 1298 410 1326 Domini
425 1298 433 1314 ¹
452 1307 458 1326 :
475 1299 538 1326 Sint
559 1299 644 1326 lumbi
671 1301 753 1326 veslrz'
770 1299 922 1334 proecz‘nctz',

146 1346 213 1379 etc.,
225 1345 266 1373 sic
276 1345 316 1373 ait
325 1346 336 1362 2
348 1355 354 1373 :
371 1356 383 1371 a
392 1346 522 1373 Lumbos
533 1346 612 1374 enim
623 1345 843 1382 praecingimus,
856 1353 925 1372 cum

143 1394 239 1421 carnis
254 1393 404 1422 luxuriam
419 1402 472 1430 per
486 1394 700 1422 continentiam
720 1395 923 1427 coarctamus,

144 1442 171 1468 et
186 1440 321 1468 lucernas
337 1441 473 1469 ardentes
484 1441 515 1468 in
529 1441 668 1469 manibus
680 1443 845 1477 portamus,
857 1448 925 1467 cum

143 1495 196 1523 per
211 1487 293 1516 bona
308 1496 400 1524 opera
414 1488 558 1524 proximis
573 1488 681 1516 nostris
698 1487 771 1515 lueis
787 1487 926 1523 exempla

143 1537 359 1563 monstramus:
371 1535 443 1572 quia
457 1535 598 1563 nimirum
610 1543 663 1563 nec
679 1535 794 1563 castitas
810 1534 925 1571 aliquid

144 1585 185 1610 est
208 1583 271 1610 sine
293 1583 375 1611 bono
396 1591 496 1619 opere,
516 1591 568 1610 nec
585 1583 701 1611 bonum
716 1590 792 1618 opus
808 1582 925 1618 penitus

143 1629 260 1666 aliquid
283 1632 324 1658 est
350 1630 413 1657 sine
436 1630 576 1658 castitate.
597 1640 610 1656 »
633 1631 692 1657 Hoc
708 1629 787 1657 enim
803 1631 924 1664 attento,

143 1677 204 1704 haec
220 1677 308 1713 Virgo
320 1680 420 1705 sancta
435 1677 548 1705 studuit
562 1685 615 1713 per
630 1677 732 1705 onmia
751 1685 814 1704 esse
834 1679 924 1711 casta,

143 1726 172 1752 et
186 1724 322 1760 pulchra,
333 1726 360 1752 et
368 1725 492 1760 munda,
510 1725 625 1761 absque
641 1724 770 1759 macula,
781 1726 814 1752 ut
826 1727 926 1760 posset

143 1771 286 1807 attingere
314 1772 354 1800 ad
377 1780 521 1800 coronam
547 1772 693 1807 fulgidam
716 1780 752 1799 ex
772 1779 846 1799 auro
868 1771 924 1798 sibi

143 1820 350 1855 praeparatam.
374 1819 452 1847 Nihil
474 1819 552 1847 enim
577 1819 653 1847 inter
677 1819 779 1846 omnia
804 1818 925 1846 metalla

143 1874 217 1893 auro
233 1866 386 1902 pulchrius
400 1876 407 1901 ς
424 1866 484 1894 imo
500 1866 584 1894 nulla
600 1866 723 1894 omnino
736 1866 850 1902 pictura
862 1866 924 1893 sine

144 1921 217 1940 auro
233 1915 274 1940 est
288 1913 424 1949 pulchra,
442 1913 514 1949 quia
529 1921 636 1940 aurum
657 1916 699 1941 est
719 1913 855 1941 omnium
875 1905 925 1940 οό-

144 1959 243 1987 lorum
257 1959 460 1996 pulchritudo.
477 1961 547 1988 Item
562 1960 637 1988 nihil
653 1962 695 1988 est
705 1968 778 1988 auro
789 1960 924 1995 solidius,

145 2010 172 2034 et
188 2007 274 2043 quasi
289 2007 364 2035 nihil
380 2009 421 2035 est
437 2016 472 2035 eo
487 2007 696 2043 ponderosius,
717 2008 749 2035 ut
768 2007 838 2035 dicit
858 2007 924 2034 Phi-

145 2054 288 2090 losophus
305 2055 337 2082 ³:
359 2064 371 2080 α
394 2056 486 2083 Omne
512 2062 630 2090 corpuS,
654 2057 767 2090 quanto
795 2056 837 2082 est
860 2053 928 2081 soli-

145 2101 222 2136 dius,
235 2103 316 2129 tanto
333 2104 375 2130 est
391 2101 584 2138 compactius,
603 2103 631 2129 ct
645 2102 744 2129 minus
758 2109 902 2137 porosum
919 2110 925 2128 :

146 2150 173 2176 et
192 2148 260 2176 ideo
280 2148 490 2185 ponderosius.
514 2160 526 2175 »
546 2151 578 2177 Et
594 2149 674 2184 dicit,
696 2149 778 2184 quod
798 2148 860 2175 haee
881 2156 927 2175 re-

145 2195 217 2229 gula
227 2195 325 2223 solum
336 2195 410 2223 fallit
425 2196 455 2224 in
467 2196 593 2232 plumbo
606 2198 633 2224 et
645 2196 722 2224 ferro
737 2197 756 2222 4.
772 2198 844 2223 Nam
858 2203 926 2222 cum

145 2242 256 2270 ferrum
272 2243 308 2270 sit
321 2243 417 2278 magis
433 2243 576 2278 solidum,
590 2252 681 2279 quam
696 2242 868 2279 plumbum,
884 2245 926 2270 est

145 2291 245 2317 tamen
260 2289 358 2317 minus
373 2290 589 2325 ponderosum,
605 2290 679 2318 sicut
698 2292 857 2325 utrumque
873 2297 926 2324 pa-

146 2338 184 2364 tet
199 2336 238 2364 ad
253 2345 383 2364 sensum.
402 2337 525 2372 Dignum
543 2345 614 2372 ergo
630 2337 698 2371 fuit,
714 2339 745 2364 ut
760 2337 822 2364 herc
838 2337 925 2371 Virgo

146 2386 256 2417 sancta,
271 2386 393 2420 propter
417 2384 670 2419 pulchritudinem
690 2386 718 2411 et
746 2384 924 2412 munditiam

145 2439 205 2458 suae
221 2431 327 2466 carnis,
345 2438 463 2458 necnon
479 2432 506 2458 et
520 2431 716 2468 integritatem
729 2439 825 2465 suam,
841 2439 925 2459 coro-

145 2485 216 2506 nam
231 2479 268 2506 de
284 2487 357 2506 auro
374 2478 489 2514 fulgido
520 2480 548 2505 et
569 2478 742 2513 incorrupto
764 2479 925 2514 susciperet

179 2564 268 2594 ¹Luc.,
285 2571 332 2595 x11‚
349 2566 389 2589 35.
404 2578 434 2582 —
450 2565 459 2579 ²
478 2566 597 2595 Gregor„
613 2565 638 2587 in
655 2564 761 2595 Ecauy„
776 2564 846 2588 hom.
866 2570 925 2595 xxii,

146 2606 173 2622 n.
191 2602 212 2623 1.
228 2614 258 2617 —
273 2600 283 2616 ³
295 2601 382 2631 Arist.,
399 2600 507 2631 Physica,
521 2600 565 2623 lib.
584 2600 626 2629 tV,
642 2600 704 2624 text.
723 2602 761 2630 85,
778 2601 843 2630 part.
859 2601 881 2623 4.
896 2613 925 2617 —

146 2636 153 2649 ⁴
171 2635 275 2659 Ferrum
293 2639 331 2660 est
351 2637 436 2660 minus
450 2637 626 2667 ponderosum
643 2642 719 2666 quam
736 2636 879 2666 plumbum.
894 2649 925 2653 —

149 2672 156 2686 '⁴
178 2672 267 2701 Eccli.y
287 2678 348 2702 XLV,
370 2674 407 2696 14.
424 2686 454 2691 —
475 2672 484 2688 θ
503 2673 588 2703 Agma,
610 2677 677 2701 xxn,
696 2673 732 2697 15.
750 2684 780 2688 —-
795 2671 805 2688 Ὗ
820 2671 923 2702 ΕρΙιεε.,

979 255 1048 284 loco
1059 256 1216 284 mercedis.
1232 255 1314 284 Unde
1328 256 1425 292 potest
1437 256 1462 284 ei
1472 256 1632 286 convenire
1645 257 1720 286 illud
1735 259 1762 285 ⁵:

984 312 997 328 «
1012 304 1130 331 Corona
1145 311 1236 332 aurea
1250 310 1339 340 super
1354 304 1443 339 caput
1457 303 1529 339 ejus,
1542 314 1555 328 n
1567 304 1683 341 supple,
1699 305 1764 333 mit-

981 350 1059 377 titur.
1076 350 1133 378 Sed
1149 350 1216 387 quis
1235 350 1273 378 ad
1289 351 1366 378 hanc
1378 350 1469 378 hodie
1480 353 1610 379 meretur
1620 359 1764 380 coronam

979 397 1159 432 pervenire?
1180 397 1249 432 Quis
1269 398 1360 426 hodie
1381 397 1513 425 mundus
1534 405 1551 426 a
1570 398 1680 426 sorde?
1695 399 1765 433 Quis

979 443 1159 472 munditiam
1183 445 1280 472 carnis
1306 446 1422 473 servat?
1442 445 1511 479 Quis
1532 453 1593 473 non
1612 454 1696 474 more
1712 446 1765 474 be-

980 491 1115 526 stiarum,
1140 491 1251 520 scilicet
1275 500 1384 520 canum
1407 494 1435 520 et
1458 500 1617 529 equorum,
1640 493 1765 521 luxuriae

980 538 1089 566 vacat?
1104 539 1181 574 Ergo
1196 539 1219 566 si
1235 547 1347 567 corona
1371 547 1462 568 aurea
1481 540 1616 576 speciosa
1630 540 1766 568 redditur

981 586 1067 613 castis
1082 587 1110 613 et
1125 585 1237 621 nitidis,
1253 586 1354 614 nullus
1371 586 1544 615 immundus
1558 587 1636 615 hanc
1651 587 1767 615 obtine-

980 632 1033 659 bit.
1049 633 1131 660 Unde
1144 632 1252 661 dicitur
1266 633 1276 650 ‘³
1293 642 1298 660 :
1316 643 1328 659 «
1341 633 1422 661 Foris
1433 641 1521 662 canes
1534 634 1569 670 (a)
1582 634 1763 671 impudici.»

981 680 1013 707 Et
1035 680 1194 716 Apostolus
1208 681 1218 697 ⁷
1235 689 1242 707 ε
1265 689 1278 706 «
1299 680 1504 708 Fornicatores
1525 682 1552 708 et
1572 681 1699 710 adulteri
1718 690 1762 709 re-

981 734 1074 762 gnum
1092 727 1142 754 Dei
1157 735 1217 754 non
1240 727 1444 763 possidebunt.
1462 738 1475 754 n
1494 728 1552 757 Sed
1567 729 1677 764 anima,
1699 737 1766 765 quae

980 774 1054 802 vixit
1083 776 1170 809 caste,
1198 774 1306 811 poterit
1328 775 1427 802 dicere
1446 775 1521 802 illud
1540 776 1550 792 ⁸
1570 785 1575 803 :
1597 785 1610 801 κ
1630 776 1767 804 Gaudens

981 821 1122 855 gaudebo
1138 821 1169 849 in
1184 821 1323 856 Domino,
1339 823 1366 849 et
1381 822 1526 850 exultabit
1541 823 1642 850 anima
1654 831 1722 851 mea
1736 823 1766 850 in

981 869 1040 896 Deo
1055 877 1124 896 meo
1143 877 1149 896 z
1166 870 1237 905 quia
1256 869 1354 897 induit
1369 877 1416 897 me
1431 870 1606 898 vestimento
1621 870 1734 905 salutis,
1750 881 1764 897 »

981 915 1092 943 scilicet
1114 916 1273 950 charitzite;
1293 926 1306 942 α
1323 918 1351 944 et
1371 916 1548 945 indumento
1570 917 1688 952 justitiae
1710 918 1766 945 cir-

981 963 1136 991 cumdedit
1155 971 1213 998 me,
1229 974 1242 990 »
1261 963 1293 991 id
1307 966 1358 999 est,
1375 964 1517 999 castitate,
1533 973 1586 1001 per
1602 973 1694 1001 quam
1713 965 1767 993 ho-

981 1018 1043 1044 mo,
1060 1010 1131 1046 quia
1145 1010 1290 1046 peccavit,
1304 1011 1381 1046 juste
1395 1019 1426 1039 sc
1441 1011 1546 1047 punit:
1561 1023 1573 1037 (ι
1585 1014 1766 1049 ettanquam

981 1064 1123 1092 sponsam
1139 1057 1292 1086 decoravit
1307 1066 1353 1085 me
1367 1066 1490 1093 corona,
1506 1068 1520 1085 »
1534 1058 1565 1086 id
1581 1060 1634 1091 est,
1651 1059 1766 1095 specio-

981 1104 1074 1132 sitate.
1104 1104 1180 1132 Nihil
1206 1105 1286 1132 enim
1314 1105 1468 1141 pulchrius
1496 1105 1593 1134 forma
1624 1106 1766 1140 rotunda,

982 1160 1048 1187 quae
1063 1152 1199 1187 splendet
1212 1152 1343 1180 maxime
1357 1152 1388 1180 in
1404 1161 1526 1181 corona.
1543 1155 1767 1182 consueverunt

982 1200 1062 1227 enim
1075 1200 1181 1236 puellae
1202 1203 1335 1236 tempore
1355 1202 1470 1236 aestatis,
1495 1202 1568 1229 dum
1594 1211 1662 1230 suas
1683 1211 1768 1231 coro-

980 1255 1034 1274 nas
1050 1249 1225 1275 construunt
1238 1248 1277 1276 ad
1292 1248 1481 1284 bellandum,
1496 1257 1545 1277 eas
1561 1250 1687 1285 gemmis
1699 1258 1768 1286 par-

980 1294 1068 1329 vulis,
1085 1297 1113 1322 et
1128 1303 1214 1330 auro,
1231 1297 1258 1323 et
1272 1298 1408 1331 argento,
1424 1296 1503 1324 binis
1527 1297 1610 1324 sertis
1630 1300 1658 1325 et
1677 1297 1767 1325 corri-

982 1341 1037 1376 giis
1055 1341 1191 1377 pretiosis
1211 1350 1329 1371 ornare.

1018 1388 1122 1424 Tert10,
1140 1388 1195 1416 fuit
1211 1391 1354 1418 coronata
1369 1398 1482 1418 corona
1500 1390 1641 1427 pretiosa,
1665 1399 1701 1419 ex
1725 1391 1768 1419 la-

981 1435 1104 1471 pidibus
1119 1437 1256 1472 pretiosis
1272 1438 1299 1464 et
1315 1438 1389 1465 caris
1404 1438 1541 1473 formata,
1565 1440 1688 1475 propter
1707 1438 1767 1467 for-

981 1483 1139 1510 titudinem
1162 1484 1319 1519 patientiae,
1341 1493 1433 1520 quam
1455 1485 1485 1512 in
1505 1494 1606 1521 pugna
1628 1486 1764 1514 servavit.

982 1531 1066 1566 Lapis
1083 1531 1162 1558 enim
1178 1531 1286 1567 aliquis
1300 1532 1447 1567 pretiosus
1461 1534 1573 1560 tantam
1587 1533 1767 1561 soliditatem

981 1577 1081 1612 habet,
1104 1580 1132 1605 et
1151 1577 1265 1606 fortiter
1286 1579 1343 1606 sibi
1365 1581 1463 1614 partes
1484 1579 1636 1615 inhaerent,
1662 1583 1694 1608 ut
1712 1589 1766 1608 nec

981 1624 1059 1652 ferro
1081 1624 1265 1660 dividantur,
1288 1634 1343 1653 nec
1365 1626 1434 1661 igne
1454 1629 1631 1662 rumpantur
1646 1628 1666 1653 ⁹.
1684 1627 1766 1655 Unde

981 1679 1035 1706 per
1059 1680 1203 1700 coronam
1227 1672 1380 1708 lapideam
1399 1673 1560 1709 pretiosam
1587 1676 1629 1702 est
1650 1675 1765 1709 signata

981 1719 1132 1754 patientia,
1146 1727 1213 1755 quae
1222 1719 1379 1756 pretiosior
1391 1723 1433 1748 est
1444 1722 1525 1748 omni
1540 1730 1669 1756 gemma,
1682 1724 1710 1749 et
1722 1730 1767 1750 so-

981 1765 1072 1793 lidior
1093 1766 1175 1794 omni
1196 1769 1290 1802 petra,
1311 1767 1378 1795 licet
1397 1768 1515 1795 nullum
1531 1769 1566 1796 sit
1580 1777 1674 1803 genus
1688 1769 1764 1805 lapi-

982 1814 1039 1849 dis,
1059 1815 1145 1851 quod
1161 1815 1263 1851 aliqua
1279 1819 1340 1843 arte
1355 1816 1450 1851 frangi
1473 1825 1534 1844 non
1553 1817 1646 1853 possit
1662 1826 1668 1844 :
1685 1817 1765 1845 unde

981 1863 1105 1891 adamas
1122 1865 1143 1880 ¹0
1158 1863 1302 1898 sanguine
1318 1863 1433 1891 hircino
1453 1863 1608 1899 frangitur,
1624 1867 1652 1892 et
1666 1866 1765 1899 etiam,

981 1911 1004 1937 si
1016 1910 1090 1938 inter
1101 1910 1260 1946 plumbum
1276 1910 1448 1945 collocetur,
1464 1913 1492 1938 et
1506 1912 1616 1939 malleo
1632 1911 1762 1939 feriatur.

982 1958 1028 1986 Sic
1040 1965 1094 1984 nec
1107 1958 1250 1993 patientia
1261 1966 1332 1985 vera
1343 1958 1485 1993 exuritur,
1497 1967 1552 1986 nec
1563 1959 1641 1987 ferro
1652 1959 1764 1995 rumpi-

982 2007 1039 2039 tur,
1053 2012 1108 2032 nec
1121 2004 1207 2040 aquis
1220 2004 1254 2040 (b)
1266 2004 1448 2032 irruentibus
1459 2007 1625 2041 superatur,
1638 2006 1765 2042 necipsa

981 2054 1077 2079 morte
1092 2052 1236 2086 vincitur3
1261 2051 1313 2079 sed
1329 2052 1367 2079 ad
1382 2052 1508 2079 modum
1529 2053 1594 2080 auri
1614 2053 1764 2089 purissimi

982 2107 1138 2134 nunquam
1153 2098 1209 2126 sub
1225 2098 1335 2126 malleo
1351 2099 1506 2133 frangitur,
1523 2107 1680 2135 nunquam
1693 2100 1765 2127 sein-

983 2146 1076 2180 ditur3
1094 2145 1146 2173 sed
1163 2145 1372 2173 tantummodo
1390 2146 1540 2174 dilatatur.
1566 2149 1640 2174 Nam
1660 2147 1764 2175 insulae

983 2195 1025 2220 est
1037 2192 1199 2226 simillima,
1217 2201 1283 2228 quae
1299 2200 1378 2228 aqua
1394 2193 1529 2229 undique
1545 2201 1685 2229 percussa
1703 2202 1764 2221 non

983 2239 1164 2274 dissolxitur,
1181 2239 1233 2266 sed
1249 2239 1379 2275 amplius
1398 2240 1554 2268 solidatur.
1578 2243 1650 2268 Nam
1674 2243 1702 2268 et
1725 2242 1763 2269 ad

982 2287 1109 2314 modum
1124 2287 1183 2314 ursi
1200 2287 1306 2315 ictibus
1323 2287 1527 2322 impinguatur
1547 2288 1616 2324 quia
1631 2288 1693 2315 haec
1707 2289 1764 2316 Vir-

983 2343 1021 2370 go
1037 2337 1138 2362 sancta
1154 2335 1195 2362 sic
1210 2334 1238 2361 in
1251 2334 1411 2362 tentatione
1426 2335 1557 2370 pinguis,
1569 2337 1597 2362 et
1607 2336 1694 2363 bellis
1705 2336 1764 2364 for-

983 2382 1104 2416 tissima,
1121 2383 1148 2409 et
1162 2381 1343 2409 solidissima
1363 2381 1429 2415 fuit,
1446 2382 1514 2410 ideo
1531 2390 1674 2410 coronam
1692 2383 1765 2419 lapi-

983 2429 1072 2456 deam
1088 2430 1115 2456 et
1129 2428 1291 2464 pretiosam
1312 2429 1427 2465 accepit
1440 2429 1458 2444 ¹¹
1473 2438 1479 2456 :
1496 2440 1508 2453 «
1521 2430 1654 2464 Posuisti,
1666 2430 1763 2458 Domi-

985 2525 1008 2549 v,
1025 2520 1048 2542 33.
1064 2531 1094 2535 —
1109 2518 1117 2531 ⁸
1132 2518 1189 2545 Isa..
1208 2524 1261 2548 lxi,
1280 2519 1316 2541 10.
1333 2531 1363 2535 —
1376 2518 1568 2549 ⁹111eronymus
1583 2518 1613 2542 de
1629 2518 1763 2543 adamante

982 2554 1033 2577 hoc
1052 2553 1121 2583 dicit,
1137 2554 1162 2577 z‘rz
1176 2554 1271 2584 Amos„
1288 2561 1310 2577 c.
1330 2559 1373 2577 νιι,
1390 2567 1420 2570 -
1439 2554 1456 2569 '0
1473 2556 1547 2584 Aug„
1565 2554 1595 2577 de
1614 2554 1689 2578 szz‘t.
1707 2555 1762 2586 Dei,
1779 2564 1782 2566 ·

983 2590 1025 2613 lit).
1043 2590 1114 2620 XXI,
1136 2596 1159 2613 c.
1180 2595 1214 2619 ιν,
1235 2596 1260 2613 n.
1279 2592 1309 2620 13
1327 2589 1402 2619 Ptin„
1418 2590 1481 2614 HM.
1498 2591 1561 2619 nat„
1576 2589 1620 2614 lib.
1637 2590 1762 2622 XXXth,

983 2633 1005 2649 c.
1024 2632 1113 2650 V11.—
1133 2625 1151 2642 ¹1
1172 2625 1238 2648 Psal.
1253 2631 1298 2655 xx,
1313 2626 1336 2649 4.

1016 2671 1048 2701 (α)
1065 2669 1153 2701 Suppl.
1170 2671 1203 2694 et.
1218 2683 1248 2687 —
1266 2669 1298 2700 (b)
1319 2670 1379 2694 Cret.
1394 2669 1457 2693 edit.
1472 2669 1608 2701 aliquibus.
