2029 3052
654 253 938 287 RESPONSIONIS
961 255 1152 288 SECUNDAE
1174 255 1303 289 CAPUT
1326 257 1348 289 1.

193 322 255 355 hoc
267 323 404 356 naturali
424 323 540 356 timore
561 325 734 364 urgentur,
758 323 804 354 nil
819 323 906 355 aliud
919 332 972 355 re-

193 381 254 410 stat
266 379 441 411 secundum
457 379 540 410 hanc
553 378 752 420 prophanam
769 378 947 410 doctrinam
961 401 969 416 ‚

193 432 256 463 nisi
271 435 306 464 ut
319 441 430 464 omnes
445 432 477 464 in
493 433 604 473 fugam
619 433 859 464 convertantur.
878 431 971 463 Nulla

193 486 295 526 igitur
309 487 370 518 erit
383 487 416 518 in
428 487 581 527 fugiendo
595 486 773 519 differentia
791 486 929 517 Pastoris
941 488 972 517 et

192 540 394 580 mercenarii,
409 550 482 572 cum
499 543 635 582 uterque
651 540 768 581 pariter
783 539 898 571 habeat
913 549 971 571 na-

193 593 330 626 turalem
346 595 494 626 timorem
514 594 682 626 moriendi.
704 594 746 626 De
766 596 879 634 quarto
895 603 971 626 vero

192 647 352 679 disserens
374 649 470 687 addit,
495 648 581 690 quod
600 649 713 688 fugere
736 657 776 679 ex
791 648 971 679 humilitate

194 702 328 740 mentis,
353 712 418 743 qua
439 703 538 734 homo
564 702 725 743 propriam
751 701 971 733 infirmitatem

193 757 369 795 cognoscit,
386 758 417 788 et
429 757 468 788 ad
483 758 620 787 mortem
635 756 856 787 sustinendam
867 755 973 786 humi-

191 807 264 840 liter
285 818 319 840 se
341 810 564 850 imperfectum
587 809 698 848 credit,
721 809 872 849 competit
893 809 972 841 viris

191 862 348 902 perfectis.
363 862 444 894 Nam
457 863 518 894 hoc
532 863 637 901 modo,
651 865 686 894 ut
697 863 751 901 ait,
764 862 848 902 fugit
859 861 972 893 Petrus

192 924 211 946 a
231 916 309 947 facie
323 915 468 955 Neronis,
486 918 518 947 et
531 916 634 948 Judaei
653 916 890 957 persecutiones
903 916 969 947 An-

193 969 302 1008 tiochi,
320 972 351 1001 et
364 970 575 1002 Anachoretae
594 970 831 1010 persecutiones
845 970 928 1001 Decii
942 971 973 1001 et

193 1023 363 1055 Valeriani.
380 1023 418 1055 Et
432 1026 502 1064 post
515 1024 633 1063 subdit,
660 1024 746 1064 quod
760 1025 842 1055 hanc
856 1024 971 1064 fugam

193 1077 300 1108 docuit
315 1077 471 1117 Christus,
493 1081 524 1110 et
538 1078 685 1119 exemplo
705 1079 918 1116 confirmavit,
941 1080 972 1109 et

192 1133 239 1163 est
254 1132 409 1163 imitanda
424 1133 578 1173 perlectis.
596 1132 663 1164 Hoc
677 1135 786 1164 autem
797 1133 823 1164 si
836 1134 909 1173 quis
922 1133 970 1164 di-

191 1185 326 1225 ligenter
355 1187 548 1225 consideret,
580 1187 745 1218 scribentis
778 1187 971 1227 imperitiam

192 1239 359 1271 manifeste
383 1241 567 1280 perpendet.
592 1240 673 1272 Nam
696 1242 838 1281 primum
861 1251 969 1272 exem-

191 1293 280 1333 plum
296 1294 334 1325 de
348 1294 442 1325 Petro
459 1297 506 1325 est
524 1294 653 1326 falsum.
678 1294 709 1326 Si
734 1295 819 1326 enim
836 1295 949 1326 Petrus
961 1319 968 1333 ,

191 1348 229 1378 ut
243 1347 328 1386 dicit,
345 1357 378 1379 se
387 1349 785 1388 reputabatimperfectum
798 1349 837 1379 ad
854 1352 972 1389 marty-

190 1401 288 1440 rium,
309 1402 379 1442 pari
402 1403 526 1433 ratione
550 1404 581 1433 et
603 1403 736 1443 quilibet
765 1402 969 1433 christianus

191 1455 224 1486 Si
237 1455 337 1495 igitur
356 1465 396 1487 ex
415 1456 475 1487 hac
491 1457 745 1488 consideratione
768 1457 880 1496 sugere
895 1466 970 1496 per-

190 1508 310 1540 fectum
334 1512 390 1549 est,
413 1510 547 1550 quilibet
569 1511 700 1541 omnino
724 1510 818 1541 debet
842 1510 968 1550 fugere,

191 1561 366 1603 nullusque
383 1563 423 1594 ad
443 1563 637 1603 passionem,
661 1565 816 1603 tanquam
839 1563 877 1594 ad
901 1572 971 1594 rem

189 1617 334 1657 proprias
349 1617 434 1648 vires
450 1618 739 1655 transcendentem,
754 1617 906 1657 aspirare.
924 1617 972 1648 Ex

189 1679 255 1710 quo
270 1671 367 1702 etiam
380 1671 461 1702 illud
476 1671 623 1709 insertur,
640 1671 725 1711 quod
740 1673 972 1711 praesumptuo—

190 1734 245 1756 sus
262 1725 322 1756 suit
335 1726 387 1757 ille
402 1726 509 1757 fervor
523 1729 719 1765 sanctorum,
742 1727 797 1767 qui
812 1727 906 1758 corde
920 1727 971 1757 in-

190 1779 312 1820 trepido
328 1780 368 1811 ad
390 1782 550 1811 tormenta
572 1780 766 1811 ferebantur.
787 1780 970 1812 Secundum

191 1835 299 1864 autem
308 1833 491 1874 exemplum
503 1837 550 1864 est
559 1834 592 1864 in
604 1843 637 1864 se
647 1834 730 1864 ambi
736 1843 852 1873 gnum,
870 1837 900 1866 et
914 1835 972 1865 im-

191 1887 352 1926 pertinens
373 1887 413 1918 ad
434 1887 646 1927 propositum,
668 1888 744 1927 qnia
764 1897 831 1919 non
850 1891 971 1920 constat

189 1939 316 1971 Judaeos
334 1941 404 1972 illos
426 1950 466 1971 ex
488 1940 672 1972 humilitate
693 1941 826 1981 fugisse,
852 1952 909 1973 nec
931 1943 970 1973 ad

189 1995 390 2035 perfeetionis
417 1995 605 2035 exemplum
622 2004 736 2026 eorum
765 1995 842 2035 suga
868 1998 970 2036 potest

189 2049 321 2087 assumi,
344 2049 401 2089 qui
426 2048 582 2080 materiali
605 2049 711 2088 gladio
727 2049 890 2089 propriam
904 2052 971 2081 tue-

189 2102 309 2133 bantur
320 2102 468 2141 salutem,
486 2104 518 2133 et
532 2102 744 2141 adversarios,
770 2104 898 2143 quando
910 2104 969 2135 sibi

190 2154 322 2186 facultas
337 2156 456 2194 aderat,
475 2156 750 2196 persequebantur
765 2157 803 2187 ad
820 2160 967 2188 mortem.

190 2207 384 2249 Exemplum
397 2219 474 2240 vero
487 2210 619 2241 tertium
631 2210 669 2241 de
679 2209 900 2250 Anachoretis,
914 2212 969 2242 ubi

189 2261 306 2301 allegat
339 2263 560 2294 auctoritatem
588 2263 777 2304 Hieronymi
806 2274 863 2304 pro
891 2265 969 2304 suga

189 2314 281 2346 Pauli
307 2315 404 2355 primi
433 2315 603 2354 Eremitae,
634 2326 692 2347 suo
718 2318 881 2357 proposito
903 2328 969 2349 non

189 2369 356 2409 competit;
373 2369 452 2409 quin
464 2370 569 2409 potius
581 2370 779 2402 adversatur.
792 2371 872 2403 Nam
889 2372 969 2403 Pau-

188 2422 250 2462 lus,
267 2425 303 2453 ut
317 2423 436 2454 ibidem
451 2423 526 2453 dicit
539 2423 768 2464 Hieronymus,
784 2425 968 2456 adolescens

188 2479 256 2507 erat
270 2477 423 2508 delicatus
437 2479 468 2508 et
483 2476 582 2515 dives,
600 2486 665 2508 non
680 2479 882 2518 anachoreta,
903 2489 968 2510 non

188 2532 377 2570 monachus,
394 2531 448 2562 sed
463 2530 568 2561 adhuc
582 2530 616 2561 in
632 2532 749 2563 saeculo
773 2533 904 2573 degens
927 2534 968 2565 De

189 2595 253 2625 quo
274 2586 392 2617 ibidem
416 2585 631 2625 Hieronymus
655 2586 780 2625 subdit,
806 2588 892 2627 quod
911 2598 966 2619 ne-

189 2640 365 2671 cessitatem
376 2640 411 2670 111
423 2639 622 2671 voluntatem
634 2641 802 2679 convertit,
816 2642 892 2672 dum
906 2642 969 2681 pri-

189 2703 243 2724 mo
269 2694 362 2734 quasi
391 2694 574 2734 compulsus
589 2717 596 2731 ,
626 2696 734 2734 postea
767 2694 968 2727 voluntarius

189 2749 306 2779 mansit
323 2749 356 2779 in
379 2757 498 2779 eremo.
522 2748 564 2778 De
587 2748 657 2778 aliis
683 2758 758 2780 vero
780 2749 967 2781 Christianis

1749 265 1808 295 435

1028 323 1084 364 qui
1104 325 1171 365 ¹iam
1197 326 1325 365 perfecti
1349 327 1460 365 erant,
1487 327 1571 358 idem
1594 327 1810 370 Hieronymus

1028 379 1123 418 paulo
1138 382 1212 411 aute
1227 381 1391 421 praemittit
1406 383 1414 398 ¹
1433 393 1440 413 :
1462 393 1476 411 «
1491 382 1607 414 Votum
1628 385 1704 416 tunc
1718 385 1808 416 Chri-

1028 432 1138 464 stianis
1153 435 1231 471 erat,
1252 444 1309 474 pro
1324 436 1454 467 nomine
1470 435 1595 467 Domini
1611 437 1717 476 gladio
1737 448 1809 479 per-

1028 487 1104 517 cuti.
1122 486 1238 519 Verum
1257 489 1357 520 hostis
1370 489 1501 521 callidus
1512 490 1602 522 tarda
1618 491 1654 522 ad
1673 495 1810 524 mortem

1028 540 1183 580 supplicia
1207 543 1410 583 conquirens,
1439 544 1563 576 animas
1581 545 1735 586 ,iugulare
1754 556 1810 578 eu-

1028 594 1144 634 piebat,
1163 604 1229 626 non
1251 605 1395 636 corpora,
1418 600 1448 629 et
1468 600 1503 630 ut
1524 598 1609 639 ipse,
1630 600 1686 640 qui
1709 600 1749 631 ab
1773 609 1810 632 eo

1028 657 1138 688 passus
1160 651 1216 688 est,
1241 649 1417 690 Cyprianus
1440 653 1494 691 ait,
1521 652 1702 684 volentibus
1727 654 1810 685 mori

1029 711 1095 733 non
1118 703 1362 743 permittebatur
1390 706 1523 737 occidi.»
1552 706 1628 738 Haec
1650 707 1810 749 Hierony-

1027 765 1112 787 mus„
1139 757 1261 794 Quibus
1286 758 1409 798 praefati
1429 760 1548 791 erroris
1571 761 1727 792 sententia
1746 771 1811 794 non

1027 809 1175 849 fulcitur,
1198 811 1252 842 sed
1268 812 1470 852 confutatur,
1493 813 1572 845 dum
1586 815 1708 854 asserit,
1725 816 1811 856 quod

1027 862 1114 894 illius
1127 865 1281 905 temporis
1297 868 1467 906 martyres,
1485 876 1549 898 non
1564 868 1669 899 solum
1685 878 1750 900 non
1766 870 1812 900 fu-

1029 917 1160 956 giebant
1169 942 1179 957 ,
1209 919 1264 950 sed
1298 921 1395 951 etiam
1426 921 1635 954 vehementer
1662 923 1811 955 dolebant

1028 972 1113 1011 quod
1137 973 1237 1004 occidi
1258 983 1323 1005 non
1348 977 1511 1015 poterant,
1537 979 1810 1017 quemadmodum

1029 1025 1161 1064 gloriosi
1182 1028 1333 1068 martyris
1347 1029 1485 1060 doctoris
1500 1030 1651 1070 Cypriani
1665 1033 1765 1063 verbo
1779 1035 1811 1064 et

1028 1080 1175 1120 exemplo
1190 1082 1369 1113 confirmat.
1388 1084 1546 1121 Quartum
1571 1088 1680 1117 autem
1699 1096 1811 1118 exem-

1028 1133 1130 1173 plum,
1149 1136 1235 1175 qnod
1252 1137 1340 1176 ponit
1357 1138 1396 1169 de
1412 1138 1547 1178 Christo,
1566 1140 1759 1172 horrendam
1776 1142 1810 1173 in

1028 1187 1087 1226 piis
1102 1189 1236 1220 auribus
1250 1190 1386 1222 includit
1404 1192 1640 1232 blasphemiam
1656 1205 1662 1225 :
1682 1195 1757 1235 quia
1782 1196 1810 1226 si

1028 1240 1173 1273 Christus
1189 1252 1228 1275 ex
1247 1244 1429 1276 humilitate
1445 1255 1477 1277 se
1492 1247 1530 1277 ad
1549 1248 1695 1288 martyrii
1711 1249 1812 1280 susti-

1028 1296 1171 1327 nentiam
1185 1297 1408 1338 imperfectum
1425 1301 1573 1339 putabat,
1591 1304 1646 1332 aut
1661 1312 1736 1334 vere
1751 1303 1812 1334 hoc

1028 1351 1217 1390 aestimabat,
1237 1355 1292 1384 aut
1309 1353 1385 1384 false
1400 1365 1407 1385 z
1425 1355 1451 1384 si
1466 1364 1553 1394 vere,
1569 1365 1649 1396 ergo
1666 1357 1811 1389 Christus

1028 1406 1183 1436 veraciter
1199 1406 1258 1437 fuit
1274 1406 1498 1447 imperfectus;
1516 1409 1542 1440 si
1558 1410 1644 1449 false,
1662 1413 1739 1442 tunc
1752 1421 1810 1442 ne-

1028 1459 1162 1490 cessario
1183 1460 1348 1500 sequitur,
1372 1463 1456 1502 quod
1479 1463 1576 1494 fuerit
1599 1473 1666 1495 suae
1689 1465 1811 1505 perfec-

1027 1513 1121 1543 tionis
1147 1513 1303 1553 ignarus:
1331 1518 1362 1546 et
1386 1516 1505 1548 horum
1528 1521 1704 1559 utrumque
1728 1520 1811 1551 blas-

1026 1567 1192 1607 phemum.
1217 1568 1360 1609 Insuper,
1378 1571 1403 1600 si
1426 1573 1530 1602 omnis
1552 1573 1607 1612 qui
1622 1572 1740 1604 Filium
1756 1574 1810 1605 Dei

1026 1622 1134 1653 ι10511111
1152 1623 1312 1654 Christum
1329 1625 1551 1664 imperfectum
1565 1627 1649 1665 dicit,
1667 1628 1811 1659 110110511-

1027 1679 1103 1715 mat,
1130 1677 1163 1708 in
1185 1677 1287 1709 Deum
1312 1678 1522 1719 blasphemat,
1553 1681 1608 1720 qui
1638 1682 1727 1721 ponit
1750 1683 1811 1714 hoc

1027 1730 1189 1762 Christum
1205 1733 1243 1763 de
1258 1742 1291 1764 se
1304 1734 1452 1772 sensisse,
1467 1744 1532 1765 non
1547 1735 1652 1766 solum
1666 1736 1809 1777 blasphe-

1027 1787 1093 1815 mat
1108 1785 1140 1816 in
1159 1786 1333 1825 Christum,
1350 1797 1466 1818 verum
1482 1789 1579 1819 etiam
1595 1790 1706 1821 asserit
1722 1790 1809 1821 Chri-

1027 1841 1113 1869 stum
1138 1839 1235 1870 1111550
1261 1841 1487 1881 blasphemum
1506 1853 1511 1872 z
1537 1844 1623 1883 quod
1638 1845 1698 1884 piae
1715 1854 1809 1876 aures

1025 1892 1137 1923 audire
1153 1902 1217 1924 11011
1233 1898 1376 1934 possunt.
1391 1895 1543 1936 Quisquis
1555 1897 1656 1936 igitur
1666 1898 1726 1929 hoc
1739 1909 1809 1939 per-

1025 1946 1170 1978 tinaciter
1194 1950 1338 1987 senserit,
1364 1950 1537 1981 tradendus
1554 1954 1600 1982 est
1616 1954 1746 1992 satanae,
1773 1956 1809 1984 ut

1025 2001 1122 2031 discat
1135 2011 1200 2032 non
1215 2002 1450 2042 blasphemare.
1468 2003 1509 2034 De
1525 2005 1637 2044 quinto
1649 2015 1727 2037 vero
1744 2016 1808 2038 1110-

1024 2055 1064 2085 do
1083 2055 1239 2095 fugiendi,
1262 2057 1317 2096 qui
1341 2059 1387 2088 est
1409 2067 1449 2088 ex
1473 2058 1642 2098 prudentia
1667 2060 1808 2091 eircum-

1024 2111 1128 2149 specta
1140 2133 1147 2147 ,
1185 2109 1333 2140 diffusius
1365 2113 1518 2150 tractans,
1556 2112 1806 2152 imprudentiam

1025 2171 1117 2193 suam
1142 2165 1286 2203 patenter
1304 2164 1450 2202 ostendit,
1468 2165 1546 2196 dnm
1569 2175 1627 2206 pro
1644 2167 1745 2198 nihilo
1761 2170 1807 2199 tot

1024 2216 1123 2247 verba
1143 2217 1337 2248 disseminat.
1354 2217 1468 2248 Nullus
1488 2219 1574 2250 enim
1598 2224 1708 2259 negat,
1726 2222 1806 2261 quin

1023 2279 1080 2310 pro
1093 2271 1310 2310 expectatione
1323 2272 1583 2312 opportunitatis,
1595 2273 1647 2305 vel
1659 2274 1805 2306 utilitatis

1022 2324 1165 2363 majoris,
1185 2324 1348 2354 interdum
1369 2325 1465 2355 etiam
1494 2326 1545 2357 vir
1571 2328 1729 2367 perfectus
1761 2329 1805 2359 fu-

1024 2386 1101 2416 gere
1116 2378 1225 2417 possit,
1245 2378 1326 2408 sicut
1340 2378 1512 2418 Apostolus
1527 2380 1565 2411 de
1583 2381 1736 2412 Damasco
1751 2382 1803 2413 fu-

1024 2431 1083 2469 git.
1102 2431 1161 2462 Sed
1177 2432 1230 2462 1110
1249 2432 1362 2463 modus
1387 2434 1427 2464 ab
1451 2434 1521 2464 aliis
1543 2434 1636 2466 licitis
1658 2436 1803 2475 fugiendi

1023 2485 1125 2515 modis
1142 2494 1206 2516 non
1227 2486 1319 2516 debet
1339 2486 1505 2526 distingui,
1526 2488 1603 2528 quia
1620 2490 1725 2520 omnis
1747 2500 1803 2521 ra-

1022 2538 1150 2569 tionalis
1168 2541 1198 2570 et
1219 2539 1303 2570 licita
1326 2540 1406 2579 fuga
1428 2544 1475 2571 est
1494 2550 1534 2572 ex
1555 2542 1725 2581 prudentia
1740 2545 1801 2575 eir,-

1023 2595 1215 2632 cumspecta,
1232 2602 1305 2633 quae
1322 2596 1368 2624 est
1384 2594 1539 2633 magistra
1566 2595 1747 2627 directionis
1768 2598 1802 2628 111

1023 2645 1110 2675 omni
1122 2646 1173 2676 via
1185 2646 1307 2677 salutis.
1326 2647 1379 2677 Est
1394 2649 1502 2677 autem
1519 2649 1688 2688 prudentia
1703 2651 1802 2682 direc-

1022 2698 1088 2728 tiva
1103 2699 1201 2738 fugae,
1220 2709 1276 2739 pro
1291 2699 1359 2730 1000
1374 2702 1406 2730 et
1421 2703 1574 2742 tempore,
1591 2713 1655 2735 non
1672 2707 1737 2736 tam
1752 2714 1802 2736 se-

1056 2763 1059 2775 ·
1078 2762 1194 2791 Hieron,
1214 2763 1253 2785 Vll
1283 2763 1307 2786 B.
1328 2762 1401 2786 I’wtli'
1419 2764 1513 2795 Erem,
1529 2766 1577 2790 col.
1596 2774 1629 2790 111,
1648 2770 1702 2792 5314.
