2029 3052
267 263 329 298 888

268 329 420 363 invicem.
434 327 514 359 Item
526 328 535 345 ¹
552 337 560 359 ε
577 328 622 360 Et
635 328 671 360 tu
685 327 862 368 aliquando
875 335 1047 361 conversus

269 383 427 423 confirma
441 382 558 422 fratres
574 383 657 414 tuos.
675 380 738 413 Sed
752 390 810 421 pro
824 381 957 422 aegrotis
969 382 1045 414 suh-

269 438 316 470 dit
331 448 340 469 2
358 437 401 470 Et
408 437 439 469 si
446 435 520 476 quis
527 443 635 468 eorum
645 436 683 468 in
693 435 920 475 infirmitatem
935 436 1048 469 cecide-

270 493 329 531 rit,
341 491 403 524 aliz·
409 491 527 530 fratres
532 489 646 522 debent
653 490 684 522 ez·
693 490 826 529 servire,
837 491 924 523 sicut
932 490 1048 524 vellent

270 546 336 579 sibi
348 543 478 577 serviri.
497 543 536 575 Et
549 543 610 574 hoc
621 543 718 574 etiam
733 543 773 575 ad
785 544 931 576 eamdem
945 544 1049 576 chari-

271 600 370 630 tatem
384 597 532 639 pertinet.
554 597 644 629 Unde
663 597 698 628 in
722 598 948 632 Ecclesiastico
969 599 1047 631 dici-

271 654 326 684 tur
337 653 349 669 ²
361 663 368 684 :
386 651 458 684 Non
467 653 494 684 te
501 651 612 692 piqeat
622 651 757 684 visitare
768 653 928 692 infirmos,
946 661 988 686 ex·
997 653 1050 685 his

272 706 407 739 enimin
421 705 588 738 dilectione
601 705 791 746 firmaberis.
807 706 897 738 Unde
905 707 1051 738 Salvator

272 760 316 791 ait
329 760 340 777 ³
356 771 363 792 ι
382 760 499 792 Omnia
516 768 720 801 quoecumque
749 761 848 794 vultis
870 764 908 794 ut
925 762 1052 801 faciant

273 814 362 848 vobis
377 814 531 854 homines,
549 816 578 847 et
589 822 645 847 vos
663 813 772 847 eadem
788 815 884 854 tacite
898 815 977 854 illis,
989 817 1050 847 etc.

540 925 684 960 CAPUT
709 926 782 961 VII.

273 1010 312 1037 De
335 1009 497 1044 poenitentia
522 1008 657 1041 fratribus
679 1009 852 1044 peccantibus
878 1008 1051 1044 imponenda.

315 1086 348 1118 Si
363 1086 419 1127 qui
430 1086 577 1124 fratrum,
589 1086 762 1127 instigante
775 1087 916 1126 inimico,
931 1088 1052 1118 morta·

273 1141 346 1172 liter
360 1141 572 1181 peccaverint,
589 1150 647 1181 pro
662 1141 723 1172 illis
737 1141 872 1182 peccatis
886 1141 925 1173 de
937 1141 1054 1182 quihus

275 1195 458 1226 ordinatum
471 1194 567 1226 fuerit
581 1195 664 1226 inter
679 1195 803 1233 fratres,
819 1198 855 1227 ut
869 1196 1055 1227 recurratur

274 1248 314 1280 ad
336 1248 419 1280 solos
443 1247 603 1280 Ministros
627 1248 855 1288 provinciales,
885 1250 1056 1280 teneantur

274 1301 417 1342 praedicti
431 1301 544 1333 fratres
560 1301 599 1333 ad
619 1310 673 1333 eos
693 1311 870 1341 recurrere,
887 1311 985 1343 quam
1010 1303 1055 1333 ci-

274 1356 340 1387 tius
354 1356 515 1395 poterunt,
533 1355 601 1386 sine
615 1364 717 1386 mora.
736 1355 797 1396 Ipsi
814 1365 890 1387 vero
905 1355 1053 1395 Ministri‚

275 1409 301 1440 si
317 1409 492 1450 presbyteri
506 1411 592 1448 sunt,
614 1418 687 1441 cum
706 1409 923 1441 misericordia
946 1410 1055 1449 injun-

276 1465 357 1503 gant
381 1463 442 1494 illis
467 1463 699 1503 poenitentiam.
724 1463 757 1494 Si
779 1472 855 1494 vero
877 1463 1056 1504 presbyteri

275 1526 342 1548 non
357 1518 462 1555 sunt‘,
477 1516 608 1557 injungi
624 1517 739 1548 saciant
754 1525 811 1557 per
824 1517 902 1548 alios
917 1517 1057 1548 sacerdo-

275 1575 323 1603 tes
338 1571 475 1609 Ordinis,
488 1571 570 1602 sicut
580 1572 626 1603 eis
639 1571 815 1603 secundum
829 1571 930 1602 Deum
942 1571 1057 1603 melius

276 1626 437 1658 videbitur
453 1625 618 1666 expedire;
633 1628 664 1656 et
677 1635 790 1657 cavere
805 1625 931 1663 debent,
947 1634 987 1656 ne
999 1625 1058 1656 ira-

276 1682 407 1711 scantur
429 1681 460 1710 et
484 1679 716 1710 conturbentur
740 1681 870 1720 propter
894 1683 1056 1719 peccatum

277 1733 414 1774 alicujus
431 1745 436 1762 :
455 1733 531 1773 quia
546 1733 593 1764 ira
613 1735 644 1763 et
660 1733 860 1764 conturbatio
875 1733 906 1763 in
923 1742 967 1770 se,
982 1732 1057 1763 etin

278 1787 348 1817 aliis
364 1786 544 1827 impediunt
559 1787 757 1818 charitatem.

554 1881 780 1909 EXPOSlTlO.

318 1950 354 1981 Si
368 1950 426 1988 qui
440 1949 591 1988 fratrum,
617 1949 794 1988 insciqante
810 1949 955 1986 inimico,
973 1955 1058 1980 mor-

279 2003 387 2036 taliter
405 2004 617 2043 peccaverint.
643 2003 797 2034 stabilitis
811 2002 937 2033 duobus
953 2002 1059 2032 civita-

279 2058 319 2088 tis
341 2058 494 2089 lateribus
515 2067 555 2088 ex
579 2066 634 2088 sex
659 2057 802 2097 partibus
824 2056 983 2095 figuratis,
1008 2056 1059 2086 hic

279 2112 389 2151 agitur
409 2112 448 2142 de
472 2111 564 2142 tertio
583 2111 681 2142 latere
706 2110 904 2142 occidentali.
929 2109 966 2140 Et
991 2109 1060 2140 haec

280 2175 352 2205 pars
367 2166 462 2196 habet
478 2167 540 2196 tres
550 2167 656 2205 partes
673 2176 679 2196 ε
697 2165 773 2205 quia
784 2165 816 2194 in
832 2164 937 2205 prima
949 2163 1060 2202 agitur

280 2219 318 2250 de
333 2220 495 2259 lapsorum
510 2219 702 2250 relevatione
717 2228 735 2249 a
751 2228 825 2249 casu
842 2218 1057 2258 fugientium;

280 2274 313 2304 in
329 2274 468 2305 secunda
487 2274 595 2313 agitur
616 2273 654 2304 ‹lo
676 2273 843 2313 principali
866 2272 985 2303 ordinis
1001 2281 1060 2311 gu-

280 2328 480 2365 bernatione,
499 2329 529 2357 et
544 2327 776 2366 pertinentibus
798 2326 837 2356 ad
860 2326 956 2356 totius
980 2325 1062 2355 ordi-

281 2381 331 2411 nis
352 2380 549 2412 immobilem
565 2382 702 2418 statum3
727 2380 761 2410 in
785 2380 877 2410 tertia
900 2379 1009 2418 agitur
1024 2379 1061 2409 de

281 2435 438 2466 erectione
456 2434 593 2465 aliorum
620 2443 638 2464 a
659 2443 745 2471 casu,
770 2433 971 2473 praedicando
994 2441 1062 2463 ver-

281 2489 358 2519 bum
369 2489 526 2531 divinum.
546 2487 653 2518 Prima
664 2496 736 2527 pars
750 2487 846 2517 habet
862 2489 925 2517 tres
938 2497 944 2516 z
958 2486 1062 2525 primo

282 2543 368 2573 enim
392 2542 536 2581 tangitur
561 2543 763 2582 peccatorum
780 2541 885 2572 debita
907 2541 1061 2580 pondera-

285 2598 341 2636 tio3
366 2597 504 2628 secundo
525 2597 712 2628 eorumdem
729 2596 875 2628 ordinata
898 2596 1061 2632 correctio,

318 2697 325 2712 ¹
343 2696 409 2723 Luc,
432 2702 504 2726 xxii,
524 2698 561 2720 32.
578 2710 608 2714 —
628 2697 636 2712 Ξ
656 2695 744 2724 Eccli„
764 2701 814 2725 vu,
831 2696 869 2719 39.
889 2709 918 2712 —
938 2696 947 2709 ³
962 2695 1063 2724 Mutua,

286 2739 337 2762 vn,
364 2734 401 2756 12.
421 2745 450 2749 —
469 2733 477 2746 ⁴
501 2732 574 2761 ibid„
594 2739 623 2762 x,
648 2734 670 2756 8.
687 2745 717 2750 —
738 2732 747 2748 ⁵
767 2731 864 2757 Ezech„
889 2737 977 2761 xxxiv,
999 2733 1021 2755 4.
1035 2744 1065 2749 -

287 2769 295 2781 ¹⁴
313 2767 380 2791 Psal.
398 2773 432 2795 ῐν,
452 2769 474 2791 5.

972 260 1180 295 EXPOSITIO

1100 329 1146 361 ihi
1161 340 1169 362 ι
1185 330 1256 370 Ipsi
1271 337 1346 363 vero
1367 330 1516 363 ministri
1534 331 1567 363 si
1589 331 1766 374 presbyteri
1783 335 1880 374 sunu

1100 383 1195 416 tertio
1213 384 1362 416 subditur
1383 384 1605 416 ministrorum
1627 386 1757 427 propria
1777 387 1877 418 infor-

1102 439 1211 478 matio,
1224 438 1268 469 ibi
1285 446 1294 468 ε
1310 439 1354 472 Et
1366 447 1477 472 cavere
1492 439 1612 473 debent.

1142 491 1222 523 Dicit
1235 500 1316 532 ergo
1330 491 1376 523 sie
1390 503 1398 523 ε
1410 492 1448 524 Si
1461 493 1518 533 qui
1531 493 1684 534 fratrum,
1700 494 1879 535 instiqante

1102 546 1259 584 inimico,
1286 548 1345 578 etc.
1371 546 1496 584 Quanto
1516 547 1603 578 enim
1628 547 1745 589 aliquis
1775 549 1880 589 majus

1103 599 1254 631 habuerit
1267 599 1410 631 studium
1430 600 1618 641 perfectum,
1640 603 1728 633 tanto
1746 601 1882 633 fortiori-

1103 653 1165 686 bus
1180 655 1291 685 contra
1305 663 1381 685 eum
1395 654 1599 687 machinatur
1612 655 1746 687 insidiis.
1764 655 1883 688 Morta-

1105 707 1180 741 liter
1201 709 1415 748 peccaverint,
1437 708 1523 749 quod
1544 709 1581 740 fit
1604 709 1638 740 in
1659 709 1748 741 omni
1771 709 1884 741 volun-

1104 761 1187 793 taria
1204 762 1460 802 transgressione
1484 762 1633 803 praecepti
1659 762 1741 803 legis
1764 762 1884 794 divinae

1105 817 1137 846 et
1155 815 1342 856 disciplinae.
1366 816 1426 848 Pro
1449 816 1517 848 illis
1536 817 1678 857 peccatis
1704 816 1743 848 cle
1768 816 1886 857 quibus

1107 869 1296 902 ordinatum
1317 869 1416 909 tuerit
1431 870 1518 903 inter
1533 871 1662 910 tratres,
1678 873 1714 903 ut
1737 877 1885 903 recurra-

1108 926 1162 956 tur
1174 923 1219 956 ad
1237 923 1319 956 solos
1343 923 1511 956 Ministros
1532 923 1750 956 Provinciales
1764 934 1775 954 .·
1790 925 1888 965 juxta

1107 977 1193 1018 quod
1204 977 1360 1009 Dominus
1371 978 1560 1018 ejectionem
1570 978 1807 1010 daemoniorum
1817 978 1886 1009 suis

1109 1030 1272 1062 miraculis
1293 1032 1472 1063 reservavit
1493 1031 1514 1063 ‘.
1535 1032 1716 1064 Teneantur
1727 1031 1889 1072 prce-dicti

1110 1085 1229 1124 tratres
1244 1085 1288 1117 ad
1306 1092 1357 1118 eos
1375 1093 1544 1124 recurrere,
1567 1094 1664 1126 quam
1684 1086 1784 1119 citius
1804 1088 1886 1126 pote-

1109 1142 1206 1178 runt,
1232 1140 1302 1172 sine
1325 1147 1425 1171 mora.
1451 1139 1518 1171 Hoc
1541 1139 1580 1170 de
1604 1139 1737 1172 notoriis
1761 1141 1888 1171 tantum

1110 1194 1245 1234 peccatis
1260 1193 1465 1233 intelligitur,
1487 1194 1562 1234 quia
1579 1202 1653 1234 quae
1667 1195 1786 1224 secreta
1801 1196 1887 1232 sunt,

1110 1256 1177 1278 non
1192 1249 1269 1278 sunt
1283 1247 1486 1287 publicanda.
1503 1247 1640 1279 Gravius
1653 1247 1739 1278 enim
1753 1249 1801 1278 est
1815 1256 1890 1287 pec-

1111 1303 1230 1339 catum,
1247 1301 1335 1341 quod
1349 1301 1382 1331 in
1405 1301 1591 1333 scandalum
1607 1301 1745 1332 aliorum
1763 1300 1890 1341 publice

1111 1356 1323 1395 perpetratur,
1347 1363 1446 1395 quam
1465 1354 1639 1393 occultum,
1661 1353 1784 1385 caeteris
1807 1354 1892 1397 pari-

1111 1409 1171 1440 bus
1187 1419 1193 1438 z
1208 1410 1239 1439 et
1254 1408 1324 1439 ideo
1339 1408 1473 1448 gravius
1487 1410 1533 1439 est
1547 1407 1757 1448 puniendum.

1153 1462 1303 1502 Sequitur
1318 1462 1514 1493 secundum:
1533 1462 1603 1502 Ipsi
1615 1469 1688 1494 vero
1703 1462 1850 1494 ministri
1863 1462 1893 1494 si

1111 1516 1288 1557 presbytera·
1303 1519 1379 1548 sunt
1395 1525 1406 1547 .·
1420 1516 1507 1556 quod
1518 1516 1711 1556 regulariter
1724 1517 1772 1547 est
1785 1517 1893 1546 tenen—

1113 1570 1202 1608 dum,
1217 1578 1291 1600 cum
1307 1569 1446 1600 habeant
1458 1578 1569 1601 curam
1583 1569 1778 1606 animarum,
1794 1570 1825 1599 et
1835 1577 1893 1608 per

1113 1632 1312 1664 consequens
1322 1623 1461 1654 habeant
1472 1623 1581 1654 vultus
1591 1631 1742 1663 pecorum
1759 1630 1893 1653 suorum

1114 1686 1316 1717 cognoscere,
1332 1679 1363 1707 et
1382 1677 1413 1707 in
1436 1677 1495 1707 tide
1510 1686 1546 1707 ac
1570 1676 1713 1707 moribus
1730 1676 1890 1707 ordinare.

1115 1731 1201 1762 Istud
1228 1733 1335 1761 autem
1351 1730 1471 1761 dictum
1495 1732 1541 1761 est
1560 1739 1619 1770 pro
1634 1729 1753 1761 ordinis
1777 1729 1894 1770 princi-

1114 1785 1178 1825 pio,
1195 1784 1229 1815 in
1244 1793 1308 1824 quo
1319 1786 1385 1815 erat
1398 1784 1512 1814 raritas
1527 1783 1738 1820 sacerdotum,
1751 1783 1894 1814 maxime

1114 1839 1190 1879 quia
1205 1841 1332 1869 sanctus
1356 1837 1543 1868 Franciscus
1556 1846 1598 1867 cx
1617 1836 1797 1868 humilitate
1810 1836 1892 1876 legi—

1115 1895 1168 1924 tur
1180 1892 1391 1923 sacerdotium
1407 1891 1540 1930 fugisse,
1557 1891 1639 1921 sicut
1654 1893 1685 1921 et
1699 1892 1825 1922 sanctus
1840 1890 1896 1922 Be-

1115 1946 1271 1977 nedictus.
1291 1945 1368 1977 Cum
1383 1944 1610 1977 vn‘serz'corclz‘a
1628 1945 1804 1985 injungant
1824 1943 1892 1976 illis

1114 2001 1348 2041 poenitentiam.
1367 1999 1446 2030 Cum
1468 1998 1696 2036 misericordia,
1722 1998 1837 2039 inquit,
1854 2007 1895 2029 ne

1116 2055 1242 2086 eveniat
1264 2054 1349 2094 quod
1371 2053 1486 2084 dicitur
1506 2053 1516 2069 ¹⁵
1539 2063 1546 2083 ε
1576 2064 1589 2082 (ι
1612 2053 1690 2083 Cum
1714 2052 1896 2083 austeritate

1117 2108 1322 2148 imperabatis
1337 2107 1393 2145 eis,
1411 2109 1441 2137 ct
1459 2115 1533 2137 cum
1553 2106 1706 2146 potentia,
1723 2107 1753 2136 et
1777 2105 1897 2146 disper-

1117 2171 1172 2193 sus
1184 2164 1230 2193 est
1241 2170 1321 2200 grex
1334 2169 1435 2197 meuS,
1445 2169 1482 2191 eo
1492 2160 1577 2200 quod
1589 2169 1653 2191 non
1664 2161 1745 2190 esset
1756 2161 1892 2200 pastor.»

1117 2218 1153 2248 Si
1167 2224 1238 2248 vero
1250 2215 1427 2255 presbyteri
1442 2222 1506 2246 non
1531 2215 1611 2251 sint,
1629 2213 1760 2254 insuam*
1771 2213 1898 2253 faciam

1116 2279 1174 2311 per
1186 2270 1267 2302 alios
1280 2269 1459 2302 sacerdotes
1472 2268 1611 2301 ordinis,

1160 2325 1221 2356 Pro
1244 2324 1335 2354 tertia
1349 2325 1437 2363 parte
1453 2322 1562 2353 subdit
1578 2331 1585 2352 :
1606 2321 1647 2354 Ec
1663 2329 1771 2353 cavere
1787 2321 1898 2353 debent

1118 2387 1157 2410 ne
1174 2379 1370 2410 irascantur.
1388 2376 1448 2414 Ira,
1466 2384 1538 2416 quae
1554 2378 1599 2407 est
1618 2375 1748 2406 habitus
1762 2384 1836 2406 cum
1851 2384 1898 2405 as-

1119 2442 1215 2464 sensu
1229 2432 1320 2462 liberi
1343 2431 1466 2462 arbitrii
1488 2431 1520 2461 in
1539 2429 1808 2461 malevolentiam.
1832 2427 1898 2458 Hoc

1120 2487 1235 2518 idcirco
1254 2486 1401 2523 dixerim,
1425 2485 1499 2525 quia
1524 2484 1626 2515 vitare
1648 2491 1758 2514 omnes
1782 2481 1898 2521 passio-

1120 2550 1175 2572 nes
1190 2539 1390 2579 surreptitias
1411 2539 1468 2569 irae
1492 2547 1556 2569 non
1577 2540 1622 2568 est
1642 2537 1675 2567 in
1688 2535 1830 2566 hominis
1846 2544 1899 2574 po-

1121 2596 1245 2631 testate;
1273 2593 1389 2623 sufficit
1416 2594 1524 2623 autem
1547 2589 1720 2622 voluntatis
1741 2588 1901 2619 rectitudi-

1121 2657 1196 2680 nem
1220 2647 1390 2685 custodire,
1414 2649 1445 2677 et
1468 2647 1574 2676 motus
1597 2643 1782 2684 hujusmodi
1808 2642 1900 2673 ratio-

1123 2702 1244 2733 nabiles
1265 2701 1348 2732 circa
1369 2707 1559 2731 consensum
1584 2697 1720 2729 viriliter
1740 2696 1898 2728 cohibere.

1124 2756 1212 2787 Unde
1227 2754 1371 2786 Psalmus
1385 2757 1395 2773 ⁶
1412 2763 1419 2784 ε
1441 2764 1456 2782 «
1478 2751 1652 2783 Irascimini
1667 2753 1698 2782 et
1718 2750 1814 2782 nolite
1829 2759 1901 2790 pec-
