2029 3052
583 215 869 249 RESPONSIONIS
893 215 1051 248 TERTIAE
1073 216 1203 249 CAPUT
1226 217 1280 250 ΠΙ.

123 286 310 327 hujusmodi
317 284 514 327 paupertatis
520 284 699 326 pretiositas
706 293 770 315 non
779 285 906 315 tantum

123 340 306 381 multiplex,
323 340 376 372 sed
391 341 423 371 et
442 348 582 380 magna,
596 340 627 370 et
647 338 906 379 incomparabilis

123 394 213 426 omni
235 393 424 434 pretiositati
444 395 580 424 terrenae
605 394 641 424 ut
656 393 700 423 ait
719 392 906 433 Chrysosto-

123 456 197 479 mus
212 448 221 465 ¹
236 456 245 479 :
262 459 277 476 (ι
288 447 370 485 Quid
380 449 500 486 autem,
512 447 537 478 si
553 447 626 488 quis
641 446 698 478 tibi
713 448 906 487 proponeret

122 501 225 532 facere
241 501 363 532 foenum
380 510 515 540 aurum,
533 503 563 532 et
577 509 669 541 posse
688 509 799 532 omnes
813 510 906 541 pecu-

123 555 194 586 nias
208 556 246 586 ut
258 555 381 586 foenum
397 556 621 586 contemnere?
639 564 701 586 nou
717 555 829 596 utique
845 555 906 586 hoc

124 609 300 650 susciperes
315 609 422 649 magis
432 610 447 640 ’ἒ
462 611 492 640 et
503 609 595 641 valde
610 609 769 648 decenter,
786 609 905 640 etenim

123 662 184 694 hoc
191 662 339 694 homines
349 663 460 703 utique
472 663 671 694 attraxisset:
684 663 808 694 sienim
819 663 906 695 vide-

123 718 196 747 rent
210 716 334 747 foenum
347 725 466 747 aurum
480 716 579 755 effici,
597 717 858 756 concupiscerent
874 719 907 749 et

124 770 184 810 ipsi
206 770 289 801 hanc
310 770 473 807 virtutem,
490 771 526 800 ut
541 769 585 800 sic
601 772 784 801 moveretur
799 772 830 801 et
844 781 903 802 au-

126 825 258 863 geretur
282 823 393 864 utique
418 823 464 854 eis
483 823 694 862 pecuniarum
717 823 844 863 cupido.
870 824 904 855 Si

123 879 231 908 autem
257 877 403 909 viderent
426 886 556 913 omnes,
573 879 610 908 ut
629 877 766 916 foenum,
785 887 904 909 aurum

123 930 341 971 despicientes,
359 931 436 962 olim
450 931 562 971 utique
582 931 621 962 ab
638 932 696 962 hac
711 932 905 971 aegritudine

124 984 206 1015 eruti
231 986 377 1016 essent.»
400 984 487 1016 Idem
513 995 664 1025 quoque,
693 986 825 1017 homilia
852 987 903 1017 ul—

124 1038 203 1069 tima
228 1042 239 1058 ¹
269 1049 276 1070 ε
298 1050 312 1068 α
331 1039 364 1070 Si
389 1039 461 1080 quis
486 1039 542 1070 tibi
566 1040 781 1080 principatus,
810 1042 840 1071 et
864 1041 905 1071 ci-

124 1092 205 1124 viles
233 1095 424 1132 potestates,
451 1095 482 1124 et
505 1093 633 1124 divitias
650 1117 659 1131 ,
685 1096 715 1125 et
739 1093 905 1125 lasciviam

123 1149 333 1187 proponeret,
368 1147 482 1178 deinde
513 1149 734 1187 paupertatem
769 1157 901 1188 ponens,

123 1199 308 1231 electionem
330 1201 419 1231 daret
436 1201 576 1242 accipere
596 1202 822 1242 quodcumque
843 1203 906 1234 vel-

124 1253 181 1292 les,
199 1253 281 1284 hanc
290 1254 455 1285 confestim
468 1264 605 1294 raperes,
618 1256 642 1285 si
658 1257 766 1286 tamen
782 1265 904 1295 cogno-

124 1318 226 1340 sceres
253 1311 323 1350 ejus
348 1310 633 1350 pulchritudinem.
659 1313 669 1330 ³
695 1311 771 1342 Mihi
796 1314 905 1343 autem

124 1365 293 1403 paupertas
315 1364 429 1404 puellae
445 1365 612 1405 cujusdam
632 1365 777 1405 pulchrae
793 1367 824 1396 et
838 1375 907 1405 spe-

125 1417 218 1448 ciosae
244 1417 356 1448 similis
380 1427 447 1449 esse
471 1418 608 1450 videtur.
634 1418 714 1449 Cum
739 1419 799 1450 hac
823 1419 906 1450 Elias

124 1470 276 1502 educatus
302 1474 367 1511 est,
400 1472 493 1503 beata
519 1473 573 1503 illa
595 1474 727 1513 raptura
749 1473 806 1513 (a);
831 1483 905 1504 cum

123 1523 182 1555 hac
215 1524 349 1556 Elisaeus
380 1526 513 1564 claruit,
547 1536 620 1557 cum
648 1527 708 1557 hac
743 1526 882 1558 Joannes
894 1552 904 1566 ,

123 1587 198 1609 cum
228 1579 288 1610 hac
321 1580 465 1620 Apostoli
498 1589 621 1611 omnes.
654 1579 714 1611 Sed
743 1583 774 1611 et
802 1581 906 1621 ipsam

122 1632 238 1672 puellae
270 1633 369 1673 hujus
405 1634 677 1673 pulchritudinem
708 1634 904 1665 intueamur.

123 1686 247 1716 Etenim
278 1687 392 1718 oculus
423 1689 494 1727 ejus
515 1690 562 1718 est
584 1697 685 1727 purus
716 1690 747 1718 et
773 1688 905 1728 praecla—

121 1750 189 1779 rus,
212 1741 293 1772 nihil
320 1742 442 1773 habens
465 1743 698 1782 turbulentum,
733 1744 788 1774 sed
816 1753 906 1774 man-

122 1798 260 1834 suetum,
286 1797 492 1837 tranquillus,
510 1797 715 1836 ‹ielectabili5,
736 1798 776 1828 ad
793 1807 905 1828 omnes

123 1849 306 1888 respiciens,
323 1851 419 1889 mitis,
436 1851 577 1889 humilis,
603 1851 731 1882 nullum
753 1852 826 1882 odio
843 1851 905 1882 ha-

124 1902 213 1940 bens,
227 1903 353 1934 nullum
365 1906 512 1935 avertens
529 1915 534 1935 :
552 1913 587 1935 os
599 1905 643 1935 ilii
657 1907 687 1935 et
702 1905 817 1944 lingua
830 1914 906 1936 sana

123 1958 181 1994 est,
192 1958 343 1989 continua
358 1959 539 1998 gratiarum
555 1960 678 1990 actione
694 1959 796 1999 plena,
810 1962 840 1991 et
855 1961 906 1991 he-

123 2010 302 2042 nedictioue
313 2036 324 2051 ,
340 2014 371 2043 et
386 2013 528 2050 nutibus,
543 2013 651 2044 verbis
671 2014 903 2046 amicabilibus.

124 2063 158 2095 Si
175 2067 283 2096 autem
303 2067 353 2097 vis
369 2068 400 2097 et
421 2067 660 2107 proportionem
683 2068 904 2099 membrorum

123 2123 193 2161 eJus
207 2121 326 2159 videre,
343 2121 439 2160 longa
458 2122 515 2159 est,
537 2123 569 2152 et
589 2120 728 2152 multum
750 2122 904 2153 excelsior

124 2184 221 2215 quam
245 2175 546 2214 superabundantia.
573 2174 606 2205 Si
634 2177 741 2205 autem
772 2175 904 2214 fugiunt

124 2238 194 2260 eam
210 2229 314 2267 multi,
331 2238 371 2259 ne
383 2229 528 2259 mireris:
544 2229 664 2259 etenim
675 2229 811 2260 virtutes
826 2230 903 2260 alias

124 2283 252 2323 fugiunt
262 2283 456 2323 insipientes.
468 2282 529 2314 Sed
540 2283 740 2313 contumeliis
752 2284 901 2323 afficitur,

125 2337 181 2375 ais,
199 2345 319 2377 pauper
334 2346 352 2367 a
366 2336 538 2367 divitibus?
555 2336 678 2367 Rursus
693 2337 773 2368 mihi
785 2338 902 2378 inopiae

124 2390 252 2421 laudem
273 2390 366 2429 dicis,
383 2391 536 2430 quoniam
552 2391 663 2422 beatus
682 2394 738 2430 est,
756 2393 811 2432 qui
827 2402 902 2424 con-

125 2445 240 2476 vitium
255 2444 384 2484 patitur.
409 2444 469 2475 Sed
489 2445 548 2475 hoc
572 2446 654 2475 forre
673 2446 823 2477 admonet
836 2447 904 2478 ino-

125 2498 186 2538 pia.
205 2498 237 2529 Si
249 2498 349 2528 esurit
362 2507 493 2538 pauper,
509 2501 540 2529 et
553 2499 672 2529 Paulus
688 2501 858 2539 esuriebat,
874 2503 905 2532 et

125 2552 159 2582 in
180 2552 263 2583 fame
280 2555 357 2583 erat.
380 2552 441 2583 Sed
467 2561 532 2583 non
560 2553 672 2591 habet,
702 2553 828 2593 inquis,
853 2564 903 2586 re-

126 2606 258 2646 quiem?
281 2606 389 2647 Neque
414 2606 513 2638 Filius
533 2607 675 2638 hominis
696 2607 833 2639 habehat
847 2609 904 2639 ubi

161 2688 165 2701 ¹
181 2687 322 2718 Chrysost„
340 2689 365 2712 z‘n
379 2688 482 2718 Matth„
501 2688 571 2712 hom.
589 2695 663 2719 xnvn,
682 2689 715 2713 al.
732 2695 817 2720 xnvu,
832 2697 859 2713 n.
880 2692 902 2714 4.

126 2735 157 2741 —
172 2724 180 2737 ²
198 2724 270 2755 ibid„
285 2724 356 2748 hom.
372 2732 414 2756 xc,
429 2725 460 2748 al.
480 2731 533 2754 xer,
552 2731 578 2748 n.
595 2726 617 2749 3.
633 2738 663 2743 -
681 2725 692 2742 ³
708 2725 780 2755 ibid„
795 2733 820 2750 n.
837 2728 858 2750 4.
872 2739 902 2744 —

1686 223 1746 254 ⁴89

963 286 1059 325 caput
1079 285 1257 318 reclinaret.
1281 297 1296 315 1>
1318 285 1354 317 ln
1375 286 1425 317 his
1444 295 1593 328 expresse
1609 288 1747 321 declarat

963 337 1004 370 Os
1017 348 1172 378 aureum,
1192 340 1277 381 quod
1303 340 1484 372 voluntaria
1502 350 1611 372 rerum
1637 342 1746 383 inopia

962 401 1029 424 non
1056 393 1162 424 solum
1190 396 1238 425 est
1267 403 1398 435 magnae
1433 395 1637 435 pretiositatis
1656 407 1664 434 ;
1690 396 1746 428 sed

962 447 1057 478 etiam
1081 448 1330 488 pulchritudinis
1356 449 1459 480 mirae.
1489 449 1543 480 Est
1565 449 1682 488 etiam,
1715 453 1747 482 et

962 501 1049 541 quod
1063 501 1135 541 plus
1150 503 1207 541 est,
1224 502 1335 542 magni
1351 503 1495 542 honoris,
1509 503 1589 534 sicut
1599 503 1683 534 idem
1695 504 1746 535 vir

962 556 1090 586 sanctus
1111 555 1155 586 ait
1178 564 1273 595 super
1289 556 1466 588 ,Ιοαηνιενηιδ
1482 567 1494 588 .·
1512 568 1526 586 «
1541 557 1658 588 Anima
1674 559 1742 588 ino-

962 608 1011 648 pis
1025 608 1157 648 quidem
1180 609 1353 640 voluntarii
1377 610 1482 650 fulget
1504 611 1593 642 velut
1612 620 1743 650 aurum,

961 661 1104 702 splendet
1118 664 1154 693 ut
1168 664 1347 703 margarita
1365 664 1511 703 fulgens,
1528 665 1665 696 florescit
1686 675 1745 697 au-

962 717 1027 747 tem
1039 717 1074 746 ut
1085 725 1168 747 rosa.
1182 716 1252 748 Non
1266 717 1353 748 enim
1370 720 1417 748 est
1428 718 1491 749 illic
1501 718 1596 756 tinea,
1608 728 1672 750 non
1682 719 1744 758 fur,

962 778 1028 800 non
1044 769 1224 801 sollicitudo
1240 770 1316 802 vitae
1331 771 1433 811 huJus
1448 772 1653 811 negotiorum
1668 784 1675 810 3
1693 774 1746 804 sed

962 823 1042 855 sicut
1065 824 1210 864 angelus,
1237 824 1281 855 ita
1303 827 1524 856 conversatur.
1554 825 1608 857 Vis
1636 826 1748 867 hujus-

962 877 1048 908 modi
1080 878 1198 909 animae
1233 878 1510 918 pulchritudinem
1535 880 1669 911 videre?
1699 881 1748 912 vis

960 931 1060 971 ipsius
1085 932 1211 963 divitias
1233 933 1412 964 addiscere?
1429 933 1499 965 Non
1522 935 1667 975 subjacet
1681 935 1748 966 dae-

961 986 1122 1024 monibus,
1139 987 1194 1017 sed
1203 987 1321 1018 assistIt
1335 987 1418 1019 Deo:
1443 997 1510 1019 non
1529 989 1646 1019 militat
1673 998 1748 1020 cum

961 1040 1159 1078 hominibus,
1171 1041 1226 1072 sed
1239 1050 1314 1072 cum
1323 1050 1362 1072 an
1368 1041 1449 1081 gelis
1461 1053 1467 1073 :
1480 1051 1545 1073 non
1554 1043 1650 1074 habet
1659 1052 1748 1074 arcas

961 1095 1052 1134 duaS,
1070 1095 1122 1126 vel
1135 1097 1212 1133 tres,
1228 1095 1281 1126 vel
1296 1095 1434 1135 viginti,
1457 1096 1511 1127 sed
1531 1097 1626 1128 talem
1642 1098 1746 1128 abun-

963 1149 1118 1186 dantiam,
1136 1152 1172 1180 ut
1189 1149 1276 1180 hunc
1288 1149 1448 1180 mundum
1463 1150 1651 1181 universum
1664 1152 1747 1182 nihil

962 1211 1029 1233 esse
1053 1203 1190 1234 aestimet
1215 1214 1221 1234 z
1247 1212 1311 1234 non
1338 1203 1435 1234 habet
1456 1204 1666 1244 thesaurum,
1692 1206 1746 1237 sed

961 1255 1078 1286 coelum
1097 1267 1104 1286 ;
1123 1265 1187 1287 non
1211 1256 1336 1296 indiget
1354 1257 1455 1288 servis
1471 1281 1479 1294 ‚
1505 1258 1610 1297 magis
1637 1261 1746 1290 autem

962 1310 1059 1341 habet
1073 1320 1183 1342 servos
1197 1311 1358 1351 passiones
1378 1314 1409 1342 et
1427 1312 1654 1352 cogitationes,
1672 1323 1746 1354 quae

960 1373 1079 1403 regum
1095 1364 1323 1403 dominantur;
1341 1374 1482 1405 regnum
1500 1368 1621 1405 autem,
1639 1370 1669 1398 et
1686 1377 1744 1398 au-

961 1427 1047 1457 rum,
1064 1420 1095 1449 et
1110 1418 1219 1449 omnia
1235 1418 1322 1457 talia,
1339 1420 1611 1459 quemadmodum
1628 1430 1745 1461 puero-

961 1480 1036 1501 rum
1061 1471 1200 1502 ludibria
1221 1472 1361 1510 deridet,
1379 1474 1410 1503 et
1433 1472 1513 1503 sicut
1536 1476 1623 1504 rotas
1644 1474 1684 1505 ad
1699 1474 1746 1514 pi-

961 1524 1025 1555 lam
1036 1549 1045 1563 ,
1061 1525 1132 1556 haec
1152 1526 1261 1556 omnia
1283 1526 1420 1557 aestimat
1435 1536 1503 1558 esse
1518 1528 1745 1568 contemptibi-

961 1578 1015 1609 lia.
1033 1578 1136 1610 Habet
1156 1579 1243 1610 enim
1268 1580 1444 1618 muudum,
1461 1591 1558 1621 quem
1576 1591 1680 1622 neque
1694 1583 1743 1614 vi-

961 1633 1046 1669 dere,
1063 1633 1119 1673 qui
1134 1633 1169 1664 in
1185 1633 1235 1664 his
1247 1633 1375 1672 ludunt,
1392 1637 1537 1674 possunt.
1553 1634 1633 1672 Quid
1646 1636 1746 1675 igitur

961 1687 1021 1718 hoc
1032 1697 1171 1728 paupere
1189 1688 1304 1719 melius
1320 1690 1366 1719 est
1387 1691 1557 1729 unquam?
1576 1690 1745 1721 Pavimen-

947 1743 1030 1781 *tum
1053 1742 1189 1782 denique
1211 1742 1308 1773 habet
1324 1743 1453 1774 coelum.
1471 1743 1502 1774 Si
1522 1746 1630 1775 autem
1652 1745 1744 1784 pavi-

961 1798 1107 1827 mentum
1128 1796 1190 1827 tale
1213 1800 1275 1834 est,
1292 1797 1441 1837 excogita
1456 1800 1585 1828 tectum.
1602 1798 1663 1829 Sed
1678 1808 1745 1830 nou

960 1850 1067 1888 habet,
1076 1851 1193 1890 inquiS,
1208 1859 1308 1890 equos
1319 1853 1349 1881 et
1362 1860 1488 1882 curruS.
1500 1851 1581 1888 Quid
1596 1854 1704 1883 autem
1715 1854 1744 1884 ei

960 1903 1010 1933 his
1025 1912 1106 1943 opus
1122 1906 1180 1942 est,
1197 1904 1253 1944 qui
1272 1913 1370 1944 supra
1386 1905 1489 1935 nubes
1507 1905 1581 1936 vehi
1594 1906 1697 1944 debet,
1714 1908 1745 1937 et

960 1966 1028 1988 esse
1051 1967 1126 1988 cum
1150 1957 1296 1988 Christo?
1315 1968 1330 1986 ι)
1352 1957 1525 1998 Hucusque
1549 1958 1685 1991 joannes
1704 1959 1744 1991 Os

962 2019 1109 2048 aureum,
1125 2011 1252 2050 ignitis,
1269 2011 1415 2050 fulgidis,
1433 2012 1620 2051 ponderosis
1632 2014 1663 2042 et
1676 2022 1745 2052 pre-

960 2064 1049 2094 tiosis
1064 2064 1210 2104 eloquiis,
1228 2065 1421 2095 voluntariae
1445 2066 1652 2105 paupertatis,
1670 2075 1744 2106 quae

960 2118 1130 2157 penuriam
1146 2127 1256 2148 rerum
1271 2118 1366 2149 habet
1384 2128 1557 2158 annexam,
1576 2120 1746 2151 admirabi-

959 2171 1022 2202 lem
1047 2172 1287 2210 celsitudInem,
1306 2172 1577 2212 pulchritudinem
1598 2174 1745 2214 pretiosi-

960 2228 1124 2266 tatenique
1143 2227 1356 2258 commendat.
1375 2226 1456 2265 Quia
1471 2230 1578 2259 tamen
1592 2228 1663 2259 haec
1679 2238 1744 2259 non

959 2281 1146 2312 revelantur
1170 2281 1284 2312 mundi
1311 2282 1528 2322 sapientibus,
1546 2283 1642 2322 juxta
1665 2283 1744 2314 illud

960 2335 1086 2366 Domini
1101 2335 1133 2365 in
1151 2334 1301 2366 Matthaeo
1311 2336 1321 2352 ⁵
1334 2347 1340 2366 :
1355 2336 1564 2369 Abscondistz'
1581 2337 1646 2368 hoec
1657 2346 1677 2369 a
1689 2345 1742 2369 Sa-

957 2389 1122 2429 mentibus
1137 2391 1164 2421 et
1179 2389 1402 2429 prudentibus
1420 2394 1447 2422 et
1456 2390 1609 2423 revelasti
1620 2399 1655 2422 ea
1664 2399 1743 2430 par-

959 2444 1044 2475 vulis
1058 2454 1068 2474 .·
1080 2452 1144 2473 non
1158 2446 1384 2483 proponuntur
1399 2444 1593 2482 carnalibus,
1611 2444 1665 2475 sed
1680 2445 1744 2484 spi-

958 2497 1139 2535 ritualibus,
1152 2498 1247 2536 juxta
1257 2498 1336 2528 iilud
1347 2498 1375 2528 ⁶:
1392 2498 1495 2530 Nolite
1505 2501 1653 2530 semotum
1661 2498 1742 2531 clare

959 2551 1112 2589 canibus,
1136 2559 1234 2591 neque
1264 2553 1404 2584 mittatis
1436 2553 1633 2592 margaritas
1668 2556 1741 2585 ante
1793 2570 1796 2571 ν

961 2638 968 2652 ⁴
989 2638 1036 2667 1d.‚
1057 2638 1082 2661 in
1098 2638 1179 2668 Joan.⁷
1195 2638 1263 2662 hom.
1280 2652 1312 2657 —
1329 2639 1338 2655 ⁵
1353 2638 1455 2669 Mami„
1473 2645 1499 2663 xl
1511 2657 1517 2669 ‚
1533 2641 1572 2664 25.
1591 2653 1621 2657 -
1640 2640 1649 2656 ⁶
1667 2640 1739 2670 ibid„

961 2681 1007 2706 vn,
1022 2676 1045 2699 6.

992 2725 1027 2755 (a)
1044 2724 1131 2756 Suppl.
1147 2727 1234 2756 raptus
1249 2727 1295 2750 est.
