2029 3052
225 171 284 202 186

233 1742 287 1769 XV.
319 1741 452 1775 Fiqurata
479 1741 536 1773 suit
559 1746 608 1774 per
632 1737 743 1770 Esther,
765 1744 825 1771 quw
844 1736 933 1762 Arnon
950 1736 1016 1767 fecit

273 1784 410 1820 suspendi,
437 1784 462 1810 et
479 1780 677 1809 Mardochoeum
701 1787 759 1806 cum
783 1779 883 1814 populo
905 1778 1016 1805 liberari

652 150 654 152 ’
713 163 816 197 mus
838 161 984 196 aalma
1003 160 1179 196 vinantis
1199 160 1351 195 mmai.

349 235 500 266 salvando
514 242 546 264 se
557 233 735 272 praeparavit
743 252 754 268 ‚

349 284 439 313 Nocte
453 289 579 319 surgens
592 279 772 315 delectum,

347 331 464 360 vocans
477 329 583 359 abram
596 327 769 365 properavit
776 336 785 363 ;

349 377 501 408 Holoferni
515 375 705 414 praesentavit

349 426 385 455 Se
398 432 455 462 pro
469 423 564 462 gentis
577 421 722 460 periculo.

350 474 463 502 Necans
474 478 560 506 eum,
575 469 715 498 liberavit

349 520 434 549 Cives
447 526 466 547 a
481 516 586 547 mortis
597 516 711 553 jaculo.

386 567 434 595 Est
447 564 551 594 civitas
565 563 699 592 Bethulia
705 584 715 600 ,

349 615 445 649 Quam
459 611 577 641 obsidet
591 610 736 640 dissensio
747 631 756 646 ‚

351 659 560 696 Daemonisque
574 657 720 695 perfidia,

349 709 383 737 Et
395 706 516 736 haeresis
531 705 686 742 deceptio:

350 755 515 791 conjuncta
529 755 580 782 tuo
594 752 679 788 Filio,

350 803 454 832 Nostra
469 803 564 830 mater
577 799 722 835 Ecclesia,

350 851 412 879 Tuo
434 850 498 878 tuta
517 847 671 882 subsidio,

350 896 460 926 Munita
482 897 533 925 tua
555 894 659 931 gratia.

385 945 427 972 Tu
442 950 474 971 es
487 941 588 971 iudith
601 939 819 978 pulcherrima,

350 992 421 1026 Quae
432 989 543 1019 liberas
556 988 734 1022 Ecclesiam,

352 1037 518 1067 Holofernis
533 1036 678 1066 acerrima
695 1038 740 1070 (a),

352 1087 385 1114 Ut
399 1093 452 1122 per
467 1084 602 1113 divinam
616 1083 743 1120 gratiam

354 1133 535 1169 Hoeresisque
554 1130 730 1168 perfidiam,

353 1179 539 1209 confutas...

355 1228 443 1264 Spem
464 1226 658 1255 certissimam

354 1273 491 1303 Fundens
507 1280 596 1310 super
610 1272 766 1301 familiam.

390 1321 537 1357 Benignus
557 1320 709 1356 sapientiae

354 1369 493 1406 Spiritus,
510 1369 538 1396 et
552 1366 734 1396 dulcedinis,

354 1416 490 1449 Consilii,
513 1414 641 1443 scientim
652 1435 660 1449 ‚

354 1463 493 1498 Timoris,
512 1461 711 1496 tortitudinis,

355 1512 466 1539 Lumen
479 1509 572 1538 divini
588 1508 735 1543 numinis,

356 1558 458 1587 omnis
473 1565 581 1594 genere
596 1556 696 1592 gratiae

355 1607 392 1633 Te
408 1605 543 1641 replevit,
560 1607 591 1632 ut
606 1603 737 1632 hominis

356 1654 451 1681 Causa
466 1652 505 1679 sis
520 1650 722 1686 indulgentioe.

270 1827 392 1866 (Esther,
407 1824 470 1860 vn).

279 2658 313 2684 (ἀ)
332 2657 390 2680 LOt'.

395 1890 497 1919 Edissu
512 1896 565 1925 per
578 1887 764 1916 connubium

361 1943 485 1968 Assuero
501 1935 691 1971 conjungitur
704 1956 710 1961 .

360 1986 536 2015 Thalamum
556 1983 636 2011 subit
650 1982 764 2016 regium
775 2002 782 2014 ‚

362 2034 543 2066 Coronatur,
561 2030 718 2067 proeticitur

363 2081 489 2110 Cunctis.
507 2078 583 2107 Vasti
597 2077 756 2114 deponitur
765 2099 772 2109 ,

364 2128 473 2158 Amittit
486 2126 570 2162 regni
585 2125 704 2154 solium.

363 2175 497 2212 Superba
513 2173 589 2201 Vasti
606 2172 731 2201 tollitur:

367 2223 465 2251 Esther
481 2221 572 2250 habet
586 2219 763 2248 dominium.

400 2271 484 2298 Notat
499 2268 600 2296 Esther
614 2274 665 2295 cor
684 2267 717 2301 (tn)
735 2264 858 2298 humile,

365 2320 422 2346 Cor
437 2316 594 2344 contritum
609 2312 760 2342 humiliter
771 2334 780 2348 ‚

367 2367 422 2393 Cor
438 2363 525 2391 dulce
536 2383 544 2397 ,
561 2369 612 2390 cor
627 2360 768 2394 amabile,

366 2414 422 2441 Cor
437 2410 565 2446 diligens
577 2408 720 2436 veraciter
732 2428 739 2440 ,

367 2462 423 2488 Cor
439 2455 644 2492 contemplans
659 2455 834 2482 sublimiter.

370 2506 445 2535 Vasti
459 2506 541 2534 notat
557 2511 608 2532 cor
623 2502 726 2538 fragile
740 2523 749 2535 ,

369 2553 506 2583 Exaltans
521 2560 551 2580 se
566 2549 737 2588 perniciter,

409 2655 489 2679 nittt'il.
506 2667 535 2672 —
549 2653 584 2684 (b)
597 2652 658 2675 emt.
676 2650 738 2674 vdit.
754 2649 818 2673 devs!
836 2656 886 2673 mr,

1186 229 1355 267 Superbum
1370 229 1400 258 et
1412 227 1556 258 indocile.
1651 255 1654 258 ,

1220 278 1254 306 Et
1266 277 1295 306 te
1310 275 1386 314 quid
1400 277 1444 306 est
1456 274 1602 305 humilius

1186 326 1240 354 Per
1255 325 1362 353 euncta
1374 323 1483 352 mundi
1497 322 1641 352 elimata?

1187 371 1325 408 Dulcius,
1339 370 1516 406 amabilius,
1623 368 1628 372 ”

1189 419 1345 448 nesti-uene
1358 419 1465 447 cuncta
1483 416 1644 446 schismata
1652 418 1668 444 ἰ*

1187 467 1225 495 Te
1239 473 1324 495 sacra
1337 464 1468 502 probant
1482 464 1626 501 dogmata

1188 511 1234 542 Nil
1246 519 1312 542 esse
1326 511 1500 549 gratiosius3

1188 561 1283 590 Sacra
1290 558 1421 596 probant
1434 558 1593 595 aenigmata

1188 608 1226 636 Te
1241 605 1315 635 nihil
1332 613 1396 635 esse
1410 605 1564 634 mundius.

1225 653 1364 690 Designat
1377 653 1479 682 Esther
1493 652 1583 689 igitur

1189 704 1227 731 Te
1238 722 1248 737 ‚
1265 709 1327 739 qua
1341 708 1496 738 nunquam
1509 699 1652 730 humilior

1191 750 1223 778 ln
1237 748 1379 778 creaturis
1393 747 1501 784 legitur

1190 796 1302 832 Fuisse,
1317 803 1372 824 nec
1387 795 1526 830 suavior,

1191 844 1345 874 Pulchrior
1353 865 1363 880 ‚
1376 842 1537 872 amabilior
1545 863 1555 879 ‚

1191 891 1310 922 Dulcior
1323 891 1409 920 nulla
1424 890 1543 919 dieitur.

1190 941 1224 969 Et
1238 942 1360 977 propter
1373 939 1432 967 hoe
1446 937 1605 967 sublimior

1136 991 1142 998 '
1192 990 1259 1018 Esse
1275 987 1362 1017 nulla
1374 989 1402 1016 te
1416 987 1560 1016 noscitur.

1229 1036 1260 1064 ln
1274 1035 1394 1064 Judaeos
1406 1033 1522 1063 invidia

1192 1083 1277 1112 Saevit
1295 1085 1390 1110 Aman
1404 1081 1597 1118 perversitas,

1193 1131 1319 1159 Damnat
1334 1137 1386 1158 eos
1398 1128 1528 1165 perfidia

1193 1177 1388 1213 Crudelisque
1403 1175 1558 1205 dolositas.

1192 1224 1367 1253 mardochaei
1381 1223 1551 1259 benignitas

1193 1271 1294 1300 Esther
1306 1271 1408 1300 scribit
1423 1269 1581 1307 euprepia,

1193 1321 1315 1348 Mutetur
1330 1320 1361 1346 ut
1376 1317 1536 1346 crudelitas

1194 1366 1304 1395 Decreti
1319 1365 1407 1401 Regis
1417 1365 1519 1401 impia.

1229 1412 1376 1442 condolet
1390 1413 1493 1441 Esther
1506 1411 1646 1441 [ratribus

1194 1461 1293 1490 Totius
1306 1460 1351 1488 sui
1367 1459 1491 1496 generis.

1197 1508 1245 1536 llis
1259 1508 1369 1536 auditis
1384 1506 1559 1536 rumoribus
1575 1515 1582 1534 ε

1195 1557 1305 1591 Regem
1321 1555 1403 1589 adit,
1419 1554 1471 1591 qui
1483 1553 1601 1582 foederis
1611 1575 1618 1588 ,

1196 1602 1320 1638 Signum
1335 1601 1428 1636 dedit,
1445 1601 1587 1638 pestiferis

1197 1649 1278 1678 Morti
1295 1649 1370 1677 datis
1385 1648 1600 1685 complicibus3

1198 1697 1358 1724 Damnatur
1378 1699 1472 1724 Aman
1496 1695 1634 1729 sceleris,

1199 1744 1266 1779 Ejus
1281 1744 1358 1772 notis
1373 1743 1557 1771 criminibus.

1234 1794 1274 1819 Tu
1290 1799 1321 1818 es
1336 1791 1450 1825 Esther,
1471 1790 1630 1826 perfidiam

1199 1841 1292 1867 Aman
1307 1838 1473 1875 reprimens
1488 1837 1615 1873 graviter
1625 1858 1634 1872 ‚

1200 1886 1392 1914 Famulorum
1408 1885 1559 1913 miseriam

1201 1933 1404 1961 Exterminans
1424 1932 1600 1968 benigniter.

1202 1981 1271 2017 Regi
1289 1988 1407 2008 summo
1423 1980 1545 2008 feliciter

1202 2030 1384 2064 Desponsata
1400 2035 1453 2063 per
1467 2027 1611 2062 gratiam,

1201 2077 1348 2105 Coronata
1371 2074 1555 2110 perenniter,

1204 2122 1325 2157 Regiam
1341 2123 1422 2149 tenes
1436 2121 1610 2157 potentiam.

1238 2171 1309 2197 Vere
1330 2170 1413 2197 notat
1434 2168 1591 2196 inimicum

1203 2220 1297 2245 Aman
1312 2216 1435 2244 humani
1451 2215 1584 2252 genem,

1205 2264 1305 2292 Dirum
1320 2266 1487 2299 serpentem
1503 2263 1670 2296 lubricum,

1203 2312 1269 2339 lure
1285 2311 1406 2346 pulsum
1422 2310 1459 2338 de
1479 2310 1610 2346 superis,

1203 2357 1441 2386 condemnatum
1456 2357 1486 2385 in
1501 2357 1618 2391 interis,

1204 2407 1412 2433 Accusatorem
1434 2405 1569 2441 iniquum
1579 2425 1587 2438 ,

1204 2454 1297 2486 Quem
1311 2455 1341 2480 tu
1357 2453 1454 2480 calcas
1469 2455 1497 2480 et
1511 2451 1655 2485 conteris,

1208 2502 1299 2528 Deum
1314 2499 1415 2528 reddis
1430 2499 1600 2536 pacificum.

1244 2547 1322 2575 Sicut
1338 2546 1487 2583 pupillam
1503 2545 1599 2580 oculi,

1207 2598 1313 2624 Servos
1337 2601 1436 2623 servas
1457 2600 1542 2621 servo
1558 2592 1661 2628 Regis:

1207 2646 1247 2673 Tu
1262 2643 1396 2672 solamen
1411 2650 1442 2670 es
1457 2641 1555 2670 saeculi
1566 2662 1574 2677 ‚
