2029 3052
267 246 328 278 640

265 313 322 345 tur
334 313 442 345 tecum
451 315 696 355 monasterium,
707 325 783 349 cum
791 325 851 358 pro
859 317 1052 350 visitationis

265 366 372 399 officio
395 366 494 400 fuerit
524 371 757 411 opportunum.
788 370 905 404 Forma
935 373 1048 404 autem

265 429 362 462 super
383 421 575 454 visitationis
592 423 710 464 officio,
726 433 800 466 quae
815 425 874 457 tibi
888 426 1050 458 transmit-

264 474 344 506 titur
358 483 416 516 per
429 475 551 508 dictum
566 476 739 510 Dominum
757 478 968 519 Cardinalem,
984 481 1051 512 tam

264 529 371 570 quoad
391 529 518 571 regulae
540 532 789 573 susceptionem,
811 542 912 575 quam
931 534 995 566 alia
1016 535 1051 567 in

264 582 335 624 ipsa
357 586 520 624 contenta,
536 585 711 626 diligenter
723 587 887 627 observes,
901 591 933 621 et
946 589 1050 621 effica-

263 637 353 676 citer,
371 639 550 671 secundum
575 641 715 680 gratiam
729 651 749 673 a
764 642 901 675 Domino
918 643 978 676 tibi
991 643 1049 676 da-

264 692 344 730 tam,
358 692 530 725 observare
545 703 697 735 procures
719 707 726 727 :
749 705 866 728 cavens
881 697 922 729 ab
945 698 1046 730 intro-

263 744 412 778 ductione
436 745 587 779 Fratrum
609 748 643 780 iu
668 750 738 790 ipsa
758 752 965 792 monasteria,
991 762 1048 785 ex-

262 799 363 840 ceptis
378 799 504 833 duobus
518 803 549 833 te
563 803 794 836 associantibus
811 805 850 836 ad
866 807 961 838 tuum
977 807 1047 838 offi-

262 853 348 885 cium
363 856 603 896 exequendum,
627 857 669 888 ab
689 859 779 890 omni
795 860 892 891 etiam
906 863 1049 902 accepta-

262 907 350 940 tione
368 909 652 950 munusculorum,
669 914 730 943 eta
743 913 867 944 caeteris
881 915 1046 955 omnibus,

261 970 336 1003 quae
355 962 431 994 mali
446 964 585 1004 speeiem
600 969 734 1006 possunt
754 968 953 1008 praetendere
970 979 1048 1010 quo-

261 1024 326 1057 quo
342 1017 447 1049 modo.
462 1017 572 1059 Neque
581 1028 638 1060 pro
647 1019 836 1061 hujusmodi
848 1022 1047 1056 absolutione

261 1070 357 1102 officii
370 1071 410 1102 ad
421 1080 472 1103 me
489 1073 613 1112 venias,
625 1075 680 1106 sed
695 1084 795 1116 quam
807 1077 900 1108 citius
914 1079 1045 1118 poteris,

261 1124 339 1156 illud
361 1126 478 1167 exequi
505 1127 634 1160 studeas
655 1128 840 1170 diligenter.
866 1130 918 1163 Sic
937 1134 1045 1164 autem

261 1178 394 1212 sollicite
422 1189 459 1211 ac
486 1181 671 1214 solemniter
695 1184 874 1224 praemissis
901 1186 1043 1226 insistas,

261 1233 348 1274 quod
363 1235 458 1266 tuum
473 1235 616 1267 officium
632 1246 700 1268 esse
715 1238 814 1278 possit
827 1239 860 1270 in
875 1244 1043 1282 conspectu

261 1286 380 1320 divinae
403 1290 578 1330 majestatis
590 1294 769 1333 acceptum,
785 1302 822 1325 ac
844 1294 1045 1328 fructuosum

260 1343 290 1373 et
317 1343 568 1376 consolatorium
603 1348 804 1379 monasteriis
840 1351 1043 1390 memoratis,

260 1396 457 1438 praefatoque
480 1398 616 1432 Domino
638 1400 813 1441 Cardinali,
839 1403 894 1443 qui
916 1405 1043 1436 firmam

261 1451 345 1490 gerit
358 1452 520 1491 fiduciam,
533 1454 618 1494 quod
630 1454 818 1495 hujusmodi
832 1458 973 1489 osticium
987 1469 1044 1500 per

261 1506 290 1535 te
304 1505 438 1538 sollicite
454 1507 565 1539 dobeat
576 1510 717 1540 exerceri
732 1522 738 1542 ε
754 1520 877 1543 necnon
893 1516 922 1544 et
934 1513 1043 1545 Ordiui

260 1562 380 1599 nostro,
397 1561 451 1601 qui
468 1562 529 1593 sibi
544 1563 582 1594 ad
607 1566 863 1605 supportandum
884 1567 944 1598 hoc
961 1577 1043 1599 onus

259 1613 346 1653 quod
366 1614 512 1647 humeris
535 1617 602 1648 suis
623 1618 786 1659 imposuit,
816 1621 848 1651 in
872 1621 933 1652 hac
955 1626 1043 1662 parte

259 1667 362 1699 voluit
376 1670 484 1700 afferri
505 1671 676 1710 juvamen,
702 1673 781 1704 nihil
807 1674 849 1706 ob
874 1678 967 1707 tuum
992 1677 1043 1709 de-

259 1721 376 1753 sectum
392 1725 497 1764 quoad
512 1725 614 1757 Deum
630 1726 681 1758 vel
702 1728 849 1760 homines
864 1730 968 1762 valeat
980 1731 1041 1762 iln-

258 1776 363 1815 putari
380 1787 386 1807 ι
403 1778 485 1818 quin
501 1778 566 1811 imo
579 1782 643 1811 tam
661 1783 853 1814 conscientia
868 1784 968 1824 ipsius
984 1785 1041 1816 Do-

258 1829 336 1860 mini
354 1830 539 1870 Cardinalis,
551 1843 650 1874 quam
664 1837 718 1866 tua
730 1838 761 1867 et
776 1836 926 1869 Fratrum
942 1840 1040 1870 nostri

259 1882 396 1923 Ordinis,
419 1886 475 1926 qui
498 1887 558 1918 sibi
583 1888 622 1920 de
641 1889 770 1930 speciali
793 1892 897 1931 gratia
924 1893 956 1924 in
981 1893 1042 1925 hoc

693 248 746 281 AD
767 248 960 282 FRATREM
978 249 1241 284 LAURENTlUM
1263 251 1470 286 EPISTOLA.

1105 318 1273 353 humiliter
1283 320 1518 362 condemndit‚
1535 320 1572 354 in
1585 322 1656 354 tuto
1667 322 1801 364 proinde
1815 332 1889 357 oon-

1105 373 1259 414 quiescat.
1284 374 1401 408 Forma
1422 384 1501 408 vero
1521 375 1728 409 instrumenti
1752 377 1886 418 publici,
1901 389 2011 443 ”¹1:332

1902 452 2009 475 exhiben-

1145 481 1209 515 Nos
1227 482 1338 516 talis...
1364 483 1546 525 Abbatissa,
1570 486 1603 516 et
1622 494 1748 517 sorores
1774 485 1885 519 talis...
1902 484 1943 506 ‘¹‘-

1106 436 1164 460 seu
1177 427 1357 461 litterarum
1371 431 1490 462 nostrae
1505 429 1671 471 libertatis,
1685 430 1756 463 baec
1765 433 1825 464 est.

1106 537 1305 577 monasterii,
1321 547 1379 579 pro
1393 538 1486 570 nobis
1506 540 1538 571 et
1559 539 1754 572 monasterio
1775 542 1887 573 nostro

1104 590 1252 631 dicimus,
1272 593 1305 623 et
1326 592 1532 633 confitemur,
1557 594 1590 625 et
1609 593 1707 626 etiam
1724 603 1886 635 recogno-

1104 645 1236 684 scimus,
1255 645 1342 688 quod
1356 645 1440 678 Ordo
1462 646 1616 679 Fratrum
1638 647 1812 687 Mimrum,
1834 649 1888 682 vel

1104 697 1233 731 Fratres
1247 700 1393 741 eJusdem
1413 700 1540 733 Ordinis
1561 701 1668 741 nobis,
1689 711 1748 734 seu
1770 712 1884 735 mona-

1103 753 1212 793 sterio,
1229 763 1288 786 seu
1300 755 1443 796 personis
1456 755 1490 787 in
1503 764 1542 787 eo
1556 755 1759 796 degentibus,
1775 757 1816 788 ad
1831 757 1886 790 ob-

1103 808 1259 849 sequialis
1273 809 1467 841 monasterio
1481 809 1664 842 exhibenda
1683 810 1886 852 aliquatenus

1103 871 1144 893 ex
1159 861 1266 895 debito
1281 872 1346 895 non
1361 865 1520 896 tenentur.
1546 863 1585 896 Et
1599 864 1716 896 idcirco
1729 865 1805 897 dicti
1827 864 1885 898 Or-

1103 915 1188 948 dinis
1206 916 1374 949 Fratribus
1389 927 1571 959 praecavere
1594 918 1748 959 volentes,
1769 928 1812 952 ne
1826 929 1885 962 per

1102 971 1211 1012 aliqua
1232 971 1403 1012 obsequia,
1423 971 1475 1003 vel
1500 971 1688 1011 ministeria,
1704 981 1779 1014 quae
1792 973 1885 1006 nobis

1102 1025 1178 1057 dicti
1202 1024 1328 1057 Fratres
1349 1025 1388 1057 de
1414 1025 1508 1065 sacto,
1529 1035 1587 1058 seu
1610 1025 1810 1066 liberalitate,
1831 1027 1885 1060 vel

1102 1088 1192 1111 mera
1205 1079 1312 1120 gratia
1333 1079 1544 1119 exhibebunt,
1565 1089 1606 1112 ex
1620 1082 1884 1122 quantacumque

1101 1133 1312 1165 diuturnitate
1323 1133 1476 1175 temporis
1487 1134 1590 1175 possit
1599 1134 1644 1166 eis
1656 1127 1884 1176 praej‘udicium

1101 1187 1263 1228 generari,
1275 1188 1494 1229 promittimus
1508 1187 1567 1219 tibi
1582 1187 1684 1220 Fratri
1697 1188 1735 1221 N.
1751 1189 1883 1222 nomine

1101 1242 1228 1274 Ordinis
1243 1244 1274 1274 et
1288 1241 1438 1274 Fratrum
1453 1242 1630 1283 recipienti,
1651 1245 1683 1274 et
1704 1243 1882 1284 stipulanti,

1101 1296 1187 1337 quod
1212 1296 1401 1335 ministeria,
1425 1296 1477 1328 vel
1491 1296 1646 1338 obsequia
1664 1296 1705 1328 ab
1720 1297 1766 1329 eis
1780 1297 1884 1330 taliter

1100 1350 1299 1389 exhibenda,
1327 1350 1418 1382 nullo
1441 1360 1586 1392 unquam
1607 1355 1770 1391 tempore,
1791 1360 1881 1383 occa-

1100 1405 1189 1437 sione
1215 1405 1450 1446 procurationis
1471 1405 1571 1446 hujus
1594 1405 1691 1444 modi,
1713 1415 1754 1437 ex
1775 1405 1882 1437 debito

1100 1469 1166 1491 non
1199 1463 1366 1501 petemus,
1395 1469 1453 1491 nec
1481 1469 1578 1501 super
1605 1460 1651 1491 eis
1679 1460 1883 1492 movebimus

1099 1517 1210 1546 contra
1224 1515 1374 1546 eumdem
1390 1514 1554 1551 Ordinem,
1571 1514 1622 1545 vel
1641 1513 1768 1546 Fratres
1781 1514 1882 1555 ipsius

1102 1569 1229 1601 Ordinis
1249 1568 1390 1609 aliquam
1406 1569 1630 1609 quaestionem.
1654 1568 1692 1599 Et
1711 1568 1744 1600 in
1768 1568 1882 1609 huJus-

1101 1623 1187 1654 modi
1212 1623 1257 1655 rei
1283 1623 1521 1662 testimonium,
1548 1622 1700 1654 volumus
1726 1622 1795 1654 fieri
1820 1622 1881 1654 hoc

1098 1677 1263 1718 publicum
1274 1677 1538 1715 instrumentum,
1550 1679 1581 1708 et
1591 1676 1690 1717 sigilli
1702 1679 1881 1708 conventus

1099 1732 1199 1763 nostri
1216 1732 1395 1763 munimine
1411 1731 1565 1763 roborari.

1141 1785 1254 1817 Datum
1268 1786 1379 1817 Assisii
1397 1795 1440 1817 ιιι.
1459 1784 1542 1817 Non.
1557 1784 1701 1817 Octobris
1715 1793 1800 1816 anno
1816 1784 1876 1816 Do-

1099 1840 1176 1871 mini
1194 1841 1284 1879 1264,
1306 1839 1514 1872 pontificatus
1537 1838 1664 1871 Domini
1689 1837 1810 1872 Urbani
1825 1838 1876 1879 lV,

1097 1903 1183 1926 anno
1198 1896 1228 1926 3.
