<?xml version="1.0" encoding="UTF-8"?>
<!DOCTYPE html PUBLIC "-//W3C//DTD XHTML 1.0 Transitional//EN"
    "http://www.w3.org/TR/xhtml1/DTD/xhtml1-transitional.dtd">
<html xmlns="http://www.w3.org/1999/xhtml" xml:lang="en" lang="en">
 <head>
  <title>
</title>
<meta http-equiv="Content-Type" content="text/html;charset=utf-8" />
  <meta name='ocr-system' content='tesseract 3.04.00' />
  <meta name='ocr-capabilities' content='ocr_page ocr_carea ocr_par ocr_line ocrx_word'/>
</head>
<body>
  <div class='ocr_page' id='page_1' title='image "./operaomniasixtiv14bonauoft/operaomniasixtiv14bonauoft_0042.png"; bbox 0 0 2060 3052; ppageno 0'>
   <div class='ocr_carea' id='block_1_1' title="bbox 162 1783 271 1961">
    <p class='ocr_par' dir='ltr' id='par_1_1' title="bbox 162 1783 271 1930">
     <span class='ocr_line' id='line_1_1' title="bbox 162 1783 270 1804; baseline -0.009 -1"><span class='ocrx_word' id='word_1_1' title='bbox 162 1783 220 1804; x_wconf 81' lang='lat' dir='ltr'><strong>Sella</strong></span> <span class='ocrx_word' id='word_1_2' title='bbox 229 1783 270 1803; x_wconf 81' lang='lat' dir='ltr'><strong>ter-</strong></span> 
     </span>
     <span class='ocr_line' id='line_1_2' title="bbox 162 1814 270 1835; baseline -0.009 0"><span class='ocrx_word' id='word_1_3' title='bbox 162 1820 209 1835; x_wconf 79' lang='lat' dir='ltr'><strong>ram</strong></span> <span class='ocrx_word' id='word_1_4' title='bbox 226 1814 270 1834; x_wconf 74' lang='lat' dir='ltr'><strong>val-</strong></span> 
     </span>
     <span class='ocr_line' id='line_1_3' title="bbox 186 1845 245 1866; baseline 0 -1"><span class='ocrx_word' id='word_1_5' title='bbox 186 1845 245 1866; x_wconf 87' lang='lat' dir='ltr'><strong>dein</strong></span> 
     </span>
     <span class='ocr_line' id='line_1_4' title="bbox 175 1877 260 1903; baseline 0 -6"><span class='ocrx_word' id='word_1_6' title='bbox 175 1877 260 1903; x_wconf 85' lang='lat' dir='ltr'><strong>quanti-</strong></span> 
     </span>
     <span class='ocr_line' id='line_1_5' title="bbox 164 1911 271 1930; baseline 0 -1"><span class='ocrx_word' id='word_1_7' title='bbox 164 1911 209 1929; x_wconf 85' lang='lat' dir='ltr'><strong>tate</strong></span> <span class='ocrx_word' id='word_1_8' title='bbox 235 1915 271 1930; x_wconf 82' lang='lat' dir='ltr'><strong>ex-</strong></span> 
     </span>
    </p>

    <p class='ocr_par' dir='ltr' id='par_1_2' title="bbox 165 1941 230 1961">
     <span class='ocr_line' id='line_1_6' title="bbox 165 1941 230 1961; baseline -0.015 0"><span class='ocrx_word' id='word_1_9' title='bbox 165 1941 230 1961; x_wconf 83' lang='lat' dir='ltr'><strong>cedit.</strong></span> 
     </span>
    </p>
   </div>
   <div class='ocr_carea' id='block_1_2' title="bbox 279 233 1496 287">
    <p class='ocr_par' dir='ltr' id='par_1_3' title="bbox 279 233 1496 287">
     <span class='ocr_line' id='line_1_7' title="bbox 279 233 1496 287; baseline -0.006 -5"><span class='ocrx_word' id='word_1_10' title='bbox 279 248 300 281; x_wconf 60' lang='lat' dir='ltr'><strong>a</strong></span> <span class='ocrx_word' id='word_1_11' title='bbox 683 234 893 280; x_wconf 63' lang='lat' dir='ltr'><strong>sanniones</strong></span> <span class='ocrx_word' id='word_1_12' title='bbox 915 243 967 278; x_wconf 74' lang='lat' dir='ltr'><strong>nr:</strong></span> <span class='ocrx_word' id='word_1_13' title='bbox 987 235 1154 276; x_wconf 67' lang='lat' dir='ltr'><strong>silucris</strong></span> <span class='ocrx_word' id='word_1_14' title='bbox 1177 235 1217 276; x_wconf 77' lang='lat' dir='ltr'><strong>m</strong></span> <span class='ocrx_word' id='word_1_15' title='bbox 1237 233 1432 276; x_wconf 69' lang='lat' dir='ltr'><strong>commui.</strong></span> <span class='ocrx_word' id='word_1_16' title='bbox 1454 235 1496 287; x_wconf 73' lang='grc' dir='ltr'><strong>ῃ.</strong></span> 
     </span>
    </p>
   </div>
   <div class='ocr_carea' id='block_1_3' title="bbox 561 346 774 379">
    <p class='ocr_par' dir='ltr' id='par_1_4' title="bbox 561 346 774 379">
     <span class='ocr_line' id='line_1_8' title="bbox 561 346 774 379; baseline -0.014 0"><span class='ocrx_word' id='word_1_17' title='bbox 561 347 690 379; x_wconf 86' lang='lat' dir='ltr'><strong>SERMO</strong></span> <span class='ocrx_word' id='word_1_18' title='bbox 713 347 738 377; x_wconf 91' lang='lat'><strong>11</strong></span> <span class='ocrx_word' id='word_1_19' title='bbox 750 346 774 376; x_wconf 89' lang='lat'><strong>¹.</strong></span> 
     </span>
    </p>
   </div>
   <div class='ocr_carea' id='block_1_4' title="bbox 271 408 1076 2653">
    <p class='ocr_par' dir='ltr' id='par_1_5' title="bbox 271 408 1059 1198">
     <span class='ocr_line' id='line_1_9' title="bbox 309 408 1058 444; baseline -0.007 -4"><span class='ocrx_word' id='word_1_20' title='bbox 309 411 401 440; x_wconf 83' lang='lat' dir='ltr'><strong>Steltae</strong></span> <span class='ocrx_word' id='word_1_21' title='bbox 414 413 552 440; x_wconf 78' lang='lat' dir='ltr'><strong>manentes</strong></span> <span class='ocrx_word' id='word_1_22' title='bbox 564 412 595 439; x_wconf 81' lang='lat' dir='ltr'><strong>in</strong></span> <span class='ocrx_word' id='word_1_23' title='bbox 609 410 705 439; x_wconf 71' lang='lat' dir='ltr'><strong>ordine</strong></span> <span class='ocrx_word' id='word_1_24' title='bbox 717 417 777 444; x_wconf 78' lang='lat' dir='ltr'><strong>suo,</strong></span> <span class='ocrx_word' id='word_1_25' title='bbox 792 408 922 438; x_wconf 78' lang='lat' dir='ltr'><strong>adversus</strong></span> <span class='ocrx_word' id='word_1_26' title='bbox 933 408 1058 437; x_wconf 75' lang='lat' dir='ltr'><strong>sisaram</strong></span> 
     </span>
     <span class='ocr_line' id='line_1_10' title="bbox 271 453 1058 493; baseline -0.006 -8"><span class='ocrx_word' id='word_1_27' title='bbox 271 458 463 493; x_wconf 67' lang='lat' dir='ltr'><strong>pugnaverunt</strong></span> <span class='ocrx_word' id='word_1_28' title='bbox 476 457 498 484; x_wconf 79' lang='lat'><strong>².</strong></span> <span class='ocrx_word' id='word_1_29' title='bbox 514 456 628 491; x_wconf 87' lang='lat' dir='ltr'><strong>Quanta</strong></span> <span class='ocrx_word' id='word_1_30' title='bbox 648 454 736 483; x_wconf 84' lang='lat' dir='ltr'><strong>fuerit</strong></span> <span class='ocrx_word' id='word_1_31' title='bbox 756 454 788 483; x_wconf 92' lang='lat' dir='ltr'><strong>in</strong></span> <span class='ocrx_word' id='word_1_32' title='bbox 809 453 957 491; x_wconf 77' lang='lat' dir='ltr'><strong>Apostolis</strong></span> <span class='ocrx_word' id='word_1_33' title='bbox 973 460 1058 482; x_wconf 86' lang='lat' dir='ltr'><strong>sanc-</strong></span> 
     </span>
     <span class='ocr_line' id='line_1_11' title="bbox 273 499 1055 541; baseline -0.006 -8"><span class='ocrx_word' id='word_1_34' title='bbox 273 503 380 539; x_wconf 88' lang='lat' dir='ltr'><strong>titudo,</strong></span> <span class='ocrx_word' id='word_1_35' title='bbox 390 505 504 541; x_wconf 84' lang='lat' dir='ltr'><strong>quanta</strong></span> <span class='ocrx_word' id='word_1_36' title='bbox 516 502 696 532; x_wconf 73' lang='lat' dir='ltr'><strong>auctoritatis</strong></span> <span class='ocrx_word' id='word_1_37' title='bbox 710 501 883 539; x_wconf 86' lang='lat' dir='ltr'><strong>apostolicae</strong></span> <span class='ocrx_word' id='word_1_38' title='bbox 897 499 1055 534; x_wconf 88' lang='lat' dir='ltr'><strong>celsitudo,</strong></span> 
     </span>
     <span class='ocr_line' id='line_1_12' title="bbox 273 546 1056 588; baseline -0.005 -9"><span class='ocrx_word' id='word_1_39' title='bbox 273 553 387 588; x_wconf 89' lang='lat' dir='ltr'><strong>quanta</strong></span> <span class='ocrx_word' id='word_1_40' title='bbox 414 550 504 579; x_wconf 85' lang='lat' dir='ltr'><strong>etiam</strong></span> <span class='ocrx_word' id='word_1_41' title='bbox 530 549 712 586; x_wconf 85' lang='lat' dir='ltr'><strong>operationis</strong></span> <span class='ocrx_word' id='word_1_42' title='bbox 742 551 868 578; x_wconf 60' lang='lat' dir='ltr'><strong>strenuae</strong></span> <span class='ocrx_word' id='word_1_43' title='bbox 893 546 1056 581; x_wconf 79' lang='lat' dir='ltr'><strong>fortitudo,</strong></span> 
     </span>
     <span class='ocr_line' id='line_1_13' title="bbox 273 594 1056 635; baseline -0.005 -8"><span class='ocrx_word' id='word_1_44' title='bbox 273 597 341 635; x_wconf 82' lang='lat' dir='ltr'><strong>quis</strong></span> <span class='ocrx_word' id='word_1_45' title='bbox 355 597 446 634; x_wconf 81' lang='lat' dir='ltr'><strong>digne</strong></span> <span class='ocrx_word' id='word_1_46' title='bbox 460 597 560 626; x_wconf 77' lang='lat' dir='ltr'><strong>dicat?</strong></span> <span class='ocrx_word' id='word_1_47' title='bbox 574 598 647 625; x_wconf 83' lang='lat' dir='ltr'><strong>Nam</strong></span> <span class='ocrx_word' id='word_1_48' title='bbox 660 596 780 625; x_wconf 75' lang='lat' dir='ltr'><strong>fuerunt</strong></span> <span class='ocrx_word' id='word_1_49' title='bbox 793 598 892 625; x_wconf 88' lang='lat' dir='ltr'><strong>mente</strong></span> <span class='ocrx_word' id='word_1_50' title='bbox 910 594 1056 624; x_wconf 85' lang='lat' dir='ltr'><strong>sanctissi-</strong></span> 
     </span>
     <span class='ocr_line' id='line_1_14' title="bbox 272 641 1058 682; baseline -0.005 -8"><span class='ocrx_word' id='word_1_51' title='bbox 272 645 329 681; x_wconf 90' lang='lat' dir='ltr'><strong>mi,</strong></span> <span class='ocrx_word' id='word_1_52' title='bbox 343 644 447 682; x_wconf 85' lang='lat' dir='ltr'><strong>quoad</strong></span> <span class='ocrx_word' id='word_1_53' title='bbox 461 643 587 681; x_wconf 87' lang='lat' dir='ltr'><strong>seipsos;</strong></span> <span class='ocrx_word' id='word_1_54' title='bbox 603 643 722 672; x_wconf 79' lang='lat' dir='ltr'><strong>fuerunt</strong></span> <span class='ocrx_word' id='word_1_55' title='bbox 736 643 908 673; x_wconf 87' lang='lat' dir='ltr'><strong>auctoritate</strong></span> <span class='ocrx_word' id='word_1_56' title='bbox 931 641 1058 671; x_wconf 86' lang='lat' dir='ltr'><strong>celsissi-</strong></span> 
     </span>
     <span class='ocr_line' id='line_1_15' title="bbox 271 688 1054 729; baseline -0.005 -8"><span class='ocrx_word' id='word_1_57' title='bbox 271 692 325 728; x_wconf 90' lang='lat' dir='ltr'><strong>mi,</strong></span> <span class='ocrx_word' id='word_1_58' title='bbox 338 691 442 729; x_wconf 89' lang='lat' dir='ltr'><strong>quoad</strong></span> <span class='ocrx_word' id='word_1_59' title='bbox 455 690 609 727; x_wconf 88' lang='lat' dir='ltr'><strong>subditos;</strong></span> <span class='ocrx_word' id='word_1_60' title='bbox 624 693 653 719; x_wconf 85' lang='lat' dir='ltr'><strong>et</strong></span> <span class='ocrx_word' id='word_1_61' title='bbox 666 690 785 719; x_wconf 74' lang='lat' dir='ltr'><strong>fuerunt</strong></span> <span class='ocrx_word' id='word_1_62' title='bbox 797 698 889 727; x_wconf 89' lang='lat' dir='ltr'><strong>opere</strong></span> <span class='ocrx_word' id='word_1_63' title='bbox 912 688 1054 718; x_wconf 90' lang='lat' dir='ltr'><strong>strenuis-</strong></span> 
     </span>
     <span class='ocr_line' id='line_1_16' title="bbox 271 737 1057 776; baseline -0.005 -8"><span class='ocrx_word' id='word_1_64' title='bbox 271 738 355 774; x_wconf 85' lang='lat' dir='ltr'>simi,</span> <span class='ocrx_word' id='word_1_65' title='bbox 367 738 471 776; x_wconf 83' lang='lat' dir='ltr'><strong>quoad</strong></span> <span class='ocrx_word' id='word_1_66' title='bbox 485 737 682 766; x_wconf 84' lang='lat' dir='ltr'><strong>adversarios.</strong></span> <span class='ocrx_word' id='word_1_67' title='bbox 701 739 733 766; x_wconf 92' lang='lat' dir='ltr'><strong>ln</strong></span> <span class='ocrx_word' id='word_1_68' title='bbox 756 737 851 766; x_wconf 87' lang='lat' dir='ltr'><strong>verbo</strong></span> <span class='ocrx_word' id='word_1_69' title='bbox 875 737 956 766; x_wconf 88' lang='lat' dir='ltr'><strong>enim</strong></span> <span class='ocrx_word' id='word_1_70' title='bbox 978 744 1057 773; x_wconf 71' lang='lat' dir='ltr'><strong>prm-</strong></span> 
     </span>
     <span class='ocr_line' id='line_1_17' title="bbox 271 783 1056 821; baseline -0.004 -7"><span class='ocrx_word' id='word_1_71' title='bbox 271 785 374 821; x_wconf 88' lang='lat' dir='ltr'><strong>misso,</strong></span> <span class='ocrx_word' id='word_1_72' title='bbox 387 793 406 814; x_wconf 83' lang='lat' dir='ltr'><strong>a</strong></span> <span class='ocrx_word' id='word_1_73' title='bbox 419 785 514 814; x_wconf 89' lang='lat' dir='ltr'><strong>tribus</strong></span> <span class='ocrx_word' id='word_1_74' title='bbox 530 785 577 814; x_wconf 88' lang='lat' dir='ltr'><strong>his</strong></span> <span class='ocrx_word' id='word_1_75' title='bbox 591 784 840 814; x_wconf 84' lang='lat' dir='ltr'><strong>commendantur</strong></span> <span class='ocrx_word' id='word_1_76' title='bbox 856 794 862 812; x_wconf 94' lang='lat'><strong>:</strong></span> <span class='ocrx_word' id='word_1_77' title='bbox 879 783 978 821; x_wconf 87' lang='lat' dir='ltr'><strong>primo</strong></span> <span class='ocrx_word' id='word_1_78' title='bbox 989 805 996 817; x_wconf 87' lang='lat'><strong>‚</strong></span> <span class='ocrx_word' id='word_1_79' title='bbox 1014 783 1056 811; x_wconf 86' lang='lat' dir='ltr'><strong>ab</strong></span> 
     </span>
     <span class='ocr_line' id='line_1_18' title="bbox 271 830 1057 868; baseline -0.005 -6"><span class='ocrx_word' id='word_1_80' title='bbox 271 833 432 862; x_wconf 87' lang='lat' dir='ltr'><strong>eminentia</strong></span> <span class='ocrx_word' id='word_1_81' title='bbox 445 832 607 862; x_wconf 77' lang='lat' dir='ltr'><strong>sanctitatis</strong></span> <span class='ocrx_word' id='word_1_82' title='bbox 621 832 652 861; x_wconf 91' lang='lat' dir='ltr'><strong>in</strong></span> <span class='ocrx_word' id='word_1_83' title='bbox 666 834 783 867; x_wconf 87' lang='lat' dir='ltr'><strong>mente;</strong></span> <span class='ocrx_word' id='word_1_84' title='bbox 799 831 945 866; x_wconf 88' lang='lat' dir='ltr'><strong>secundo,</strong></span> <span class='ocrx_word' id='word_1_85' title='bbox 960 838 979 859; x_wconf 87' lang='lat' dir='ltr'><strong>a</strong></span> <span class='ocrx_word' id='word_1_86' title='bbox 992 830 1057 868; x_wconf 88' lang='lat' dir='ltr'><strong>ple-</strong></span> 
     </span>
     <span class='ocr_line' id='line_1_19' title="bbox 271 879 1058 917; baseline -0.005 -8"><span class='ocrx_word' id='word_1_87' title='bbox 271 880 407 909; x_wconf 91' lang='lat' dir='ltr'><strong>nitudine</strong></span> <span class='ocrx_word' id='word_1_88' title='bbox 430 880 583 917; x_wconf 87' lang='lat' dir='ltr'><strong>potestatis</strong></span> <span class='ocrx_word' id='word_1_89' title='bbox 606 880 638 908; x_wconf 90' lang='lat' dir='ltr'><strong>in</strong></span> <span class='ocrx_word' id='word_1_90' title='bbox 662 879 786 915; x_wconf 87' lang='lat' dir='ltr'><strong>ordine;</strong></span> <span class='ocrx_word' id='word_1_91' title='bbox 811 879 897 908; x_wconf 89' lang='lat' dir='ltr'><strong>tertio</strong></span> <span class='ocrx_word' id='word_1_92' title='bbox 921 885 1014 912; x_wconf 90' lang='lat' dir='ltr'><strong>vero,</strong></span> <span class='ocrx_word' id='word_1_93' title='bbox 1039 885 1058 905; x_wconf 85' lang='lat' dir='ltr'><strong>a</strong></span> 
     </span>
     <span class='ocr_line' id='line_1_20' title="bbox 272 924 1057 963; baseline -0.005 -7"><span class='ocrx_word' id='word_1_94' title='bbox 272 928 437 956; x_wconf 77' lang='lat' dir='ltr'><strong>constantia</strong></span> <span class='ocrx_word' id='word_1_95' title='bbox 467 927 646 956; x_wconf 82' lang='lat' dir='ltr'><strong>strenuitatis</strong></span> <span class='ocrx_word' id='word_1_96' title='bbox 673 927 704 955; x_wconf 87' lang='lat' dir='ltr'><strong>in</strong></span> <span class='ocrx_word' id='word_1_97' title='bbox 734 934 834 963; x_wconf 85' lang='lat' dir='ltr'><strong>opere.</strong></span> <span class='ocrx_word' id='word_1_98' title='bbox 867 927 941 954; x_wconf 88' lang='lat' dir='ltr'><strong>Nam</strong></span> <span class='ocrx_word' id='word_1_99' title='bbox 964 924 1057 953; x_wconf 89' lang='lat' dir='ltr'><strong>animi</strong></span> 
     </span>
     <span class='ocr_line' id='line_1_21' title="bbox 272 971 1058 1009; baseline -0.005 -6"><span class='ocrx_word' id='word_1_100' title='bbox 272 974 410 1003; x_wconf 79' lang='lat' dir='ltr'><strong>sanctitas</strong></span> <span class='ocrx_word' id='word_1_101' title='bbox 423 976 559 1009; x_wconf 84' lang='lat' dir='ltr'><strong>notatur,</strong></span> <span class='ocrx_word' id='word_1_102' title='bbox 575 982 645 1002; x_wconf 90' lang='lat' dir='ltr'><strong>cum</strong></span> <span class='ocrx_word' id='word_1_103' title='bbox 664 973 772 1001; x_wconf 89' lang='lat' dir='ltr'><strong>dicitur</strong></span> <span class='ocrx_word' id='word_1_104' title='bbox 787 982 794 1000; x_wconf 95' lang='lat'><strong>:</strong></span> <span class='ocrx_word' id='word_1_105' title='bbox 817 974 916 1001; x_wconf 80' lang='lat' dir='ltr'><strong>Stelloe.</strong></span> <span class='ocrx_word' id='word_1_106' title='bbox 939 971 1058 1001; x_wconf 87' lang='lat' dir='ltr'><strong>Ordinis</strong></span> 
     </span>
     <span class='ocr_line' id='line_1_22' title="bbox 272 1018 1059 1058; baseline -0.005 -8"><span class='ocrx_word' id='word_1_107' title='bbox 272 1020 434 1058; x_wconf 80' lang='lat' dir='ltr'><strong>Apostolici</strong></span> <span class='ocrx_word' id='word_1_108' title='bbox 451 1020 580 1056; x_wconf 83' lang='lat' dir='ltr'><strong>dignitas</strong></span> <span class='ocrx_word' id='word_1_109' title='bbox 594 1022 623 1049; x_wconf 83' lang='lat' dir='ltr'><strong>et</strong></span> <span class='ocrx_word' id='word_1_110' title='bbox 637 1022 764 1056; x_wconf 82' lang='lat' dir='ltr'><strong>potestas</strong></span> <span class='ocrx_word' id='word_1_111' title='bbox 780 1021 912 1054; x_wconf 88' lang='lat' dir='ltr'><strong>notatur,</strong></span> <span class='ocrx_word' id='word_1_112' title='bbox 928 1027 997 1047; x_wconf 89' lang='lat' dir='ltr'><strong>cum</strong></span> <span class='ocrx_word' id='word_1_113' title='bbox 1013 1018 1059 1046; x_wconf 90' lang='lat' dir='ltr'><strong>di-</strong></span> 
     </span>
     <span class='ocr_line' id='line_1_23' title="bbox 273 1066 1058 1103; baseline -0.004 -7"><span class='ocrx_word' id='word_1_114' title='bbox 273 1068 349 1096; x_wconf 89' lang='lat' dir='ltr'><strong>citur</strong></span> <span class='ocrx_word' id='word_1_115' title='bbox 365 1078 371 1097; x_wconf 89' lang='lat'>:</span> <span class='ocrx_word' id='word_1_116' title='bbox 395 1069 534 1096; x_wconf 79' lang='lat' dir='ltr'><strong>Manentes</strong></span> <span class='ocrx_word' id='word_1_117' title='bbox 557 1069 587 1096; x_wconf 84' lang='lat' dir='ltr'><strong>in</strong></span> <span class='ocrx_word' id='word_1_118' title='bbox 605 1068 702 1096; x_wconf 78' lang='lat' dir='ltr'><strong>ordine</strong></span> <span class='ocrx_word' id='word_1_119' title='bbox 721 1075 779 1095; x_wconf 83' lang='lat' dir='ltr'><strong>suo.</strong></span> <span class='ocrx_word' id='word_1_120' title='bbox 801 1066 986 1103; x_wconf 85' lang='lat' dir='ltr'><strong>Operationis</strong></span> <span class='ocrx_word' id='word_1_121' title='bbox 1005 1074 1058 1094; x_wconf 86' lang='lat' dir='ltr'><strong>eo-</strong></span> 
     </span>
     <span class='ocr_line' id='line_1_24' title="bbox 273 1113 1059 1151; baseline -0.005 -7"><span class='ocrx_word' id='word_1_122' title='bbox 273 1123 342 1144; x_wconf 88' lang='lat' dir='ltr'><strong>rum</strong></span> <span class='ocrx_word' id='word_1_123' title='bbox 355 1114 479 1144; x_wconf 82' lang='lat' dir='ltr'><strong>virilitas</strong></span> <span class='ocrx_word' id='word_1_124' title='bbox 497 1115 642 1151; x_wconf 84' lang='lat' dir='ltr'><strong>sequitur,</strong></span> <span class='ocrx_word' id='word_1_125' title='bbox 658 1122 727 1143; x_wconf 90' lang='lat' dir='ltr'><strong>cum</strong></span> <span class='ocrx_word' id='word_1_126' title='bbox 742 1113 880 1142; x_wconf 87' lang='lat' dir='ltr'><strong>subditur</strong></span> <span class='ocrx_word' id='word_1_127' title='bbox 896 1122 902 1141; x_wconf 90' lang='lat'>:</span> <span class='ocrx_word' id='word_1_128' title='bbox 923 1113 1059 1141; x_wconf 61' lang='lat' dir='ltr'><strong>Adversus</strong></span> 
     </span>
     <span class='ocr_line' id='line_1_25' title="bbox 274 1163 614 1198; baseline -0.006 -7"><span class='ocrx_word' id='word_1_129' title='bbox 274 1163 397 1192; x_wconf 79' lang='lat' dir='ltr'><strong>sisaram</strong></span> <span class='ocrx_word' id='word_1_130' title='bbox 408 1165 614 1198; x_wconf 71' lang='lat' dir='ltr'><strong>puqnaverunt.</strong></span> 
     </span>
    </p>

    <p class='ocr_par' dir='ltr' id='par_1_6' title="bbox 275 1206 1064 1621">
     <span class='ocr_line' id='line_1_26' title="bbox 313 1206 1061 1244; baseline -0.003 -8"><span class='ocrx_word' id='word_1_131' title='bbox 313 1209 448 1238; x_wconf 83' lang='lat' dir='ltr'><strong>Dicamus</strong></span> <span class='ocrx_word' id='word_1_132' title='bbox 477 1217 564 1244; x_wconf 83' lang='lat' dir='ltr'><strong>ergo:</strong></span> <span class='ocrx_word' id='word_1_133' title='bbox 589 1209 700 1242; x_wconf 80' lang='lat' dir='ltr'><strong>Stelloe,</strong></span> <span class='ocrx_word' id='word_1_134' title='bbox 723 1210 778 1236; x_wconf 88' lang='lat' dir='ltr'><strong>etc.</strong></span> <span class='ocrx_word' id='word_1_135' title='bbox 806 1208 872 1236; x_wconf 83' lang='lat' dir='ltr'><strong>Tria</strong></span> <span class='ocrx_word' id='word_1_136' title='bbox 895 1206 1061 1235; x_wconf 86' lang='lat' dir='ltr'><strong>secundum</strong></span> 
     </span>
     <span class='ocr_line' id='line_1_27' title="bbox 275 1253 1060 1292; baseline -0.006 -7"><span class='ocrx_word' id='word_1_137' title='bbox 275 1257 452 1285; x_wconf 83' lang='lat' dir='ltr'><strong>exteriorem</strong></span> <span class='ocrx_word' id='word_1_138' title='bbox 467 1255 672 1292; x_wconf 82' lang='lat' dir='ltr'><strong>apparentiam</strong></span> <span class='ocrx_word' id='word_1_139' title='bbox 687 1255 879 1283; x_wconf 91' lang='lat' dir='ltr'><strong>inveniuntur</strong></span> <span class='ocrx_word' id='word_1_140' title='bbox 900 1254 929 1282; x_wconf 92' lang='lat' dir='ltr'><strong>in</strong></span> <span class='ocrx_word' id='word_1_141' title='bbox 951 1253 1060 1285; x_wconf 77' lang='lat' dir='ltr'><strong>stellis,</strong></span> 
     </span>
     <span class='ocr_line' id='line_1_28' title="bbox 276 1301 1062 1340; baseline -0.005 -8"><span class='ocrx_word' id='word_1_142' title='bbox 276 1312 343 1340; x_wconf 83' lang='lat' dir='ltr'><strong>quae</strong></span> <span class='ocrx_word' id='word_1_143' title='bbox 363 1303 452 1332; x_wconf 86' lang='lat' dir='ltr'><strong>valde</strong></span> <span class='ocrx_word' id='word_1_144' title='bbox 475 1303 596 1340; x_wconf 89' lang='lat' dir='ltr'><strong>proprie</strong></span> <span class='ocrx_word' id='word_1_145' title='bbox 620 1302 802 1330; x_wconf 90' lang='lat' dir='ltr'><strong>conveniunt</strong></span> <span class='ocrx_word' id='word_1_146' title='bbox 816 1301 924 1330; x_wconf 85' lang='lat' dir='ltr'><strong>sanctis</strong></span> <span class='ocrx_word' id='word_1_147' title='bbox 939 1303 1062 1337; x_wconf 77' lang='lat' dir='ltr'><strong>Aposto-</strong></span> 
     </span>
     <span class='ocr_line' id='line_1_29' title="bbox 277 1348 1063 1386; baseline -0.006 -7"><span class='ocrx_word' id='word_1_148' title='bbox 277 1351 324 1379; x_wconf 91' lang='lat' dir='ltr'><strong>lis.</strong></span> <span class='ocrx_word' id='word_1_149' title='bbox 351 1352 424 1379; x_wconf 87' lang='lat' dir='ltr'><strong>Nam</strong></span> <span class='ocrx_word' id='word_1_150' title='bbox 449 1350 616 1378; x_wconf 86' lang='lat' dir='ltr'><strong>secundum</strong></span> <span class='ocrx_word' id='word_1_151' title='bbox 640 1348 845 1386; x_wconf 80' lang='lat' dir='ltr'><strong>apparentiam</strong></span> <span class='ocrx_word' id='word_1_152' title='bbox 875 1348 965 1376; x_wconf 72' lang='lat' dir='ltr'><strong>stettae</strong></span> <span class='ocrx_word' id='word_1_153' title='bbox 995 1349 1063 1375; x_wconf 89' lang='lat' dir='ltr'><strong>sunt</strong></span> 
     </span>
     <span class='ocr_line' id='line_1_30' title="bbox 277 1395 1062 1434; baseline -0.005 -8"><span class='ocrx_word' id='word_1_154' title='bbox 277 1406 392 1434; x_wconf 72' lang='lat' dir='ltr'><strong>parvae,</strong></span> <span class='ocrx_word' id='word_1_155' title='bbox 408 1399 475 1425; x_wconf 91' lang='lat' dir='ltr'><strong>sunt</strong></span> <span class='ocrx_word' id='word_1_156' title='bbox 491 1397 639 1434; x_wconf 72' lang='lat' dir='ltr'><strong>pulchrae,</strong></span> <span class='ocrx_word' id='word_1_157' title='bbox 656 1398 724 1424; x_wconf 90' lang='lat' dir='ltr'><strong>sunt</strong></span> <span class='ocrx_word' id='word_1_158' title='bbox 740 1396 885 1424; x_wconf 82' lang='lat' dir='ltr'><strong>maximoe.</strong></span> <span class='ocrx_word' id='word_1_159' title='bbox 907 1395 952 1424; x_wconf 88' lang='lat' dir='ltr'><strong>Sic</strong></span> <span class='ocrx_word' id='word_1_160' title='bbox 974 1395 1062 1423; x_wconf 85' lang='lat' dir='ltr'><strong>etiam</strong></span> 
     </span>
     <span class='ocr_line' id='line_1_31' title="bbox 278 1441 1064 1481; baseline -0.005 -8"><span class='ocrx_word' id='word_1_161' title='bbox 278 1444 410 1481; x_wconf 81' lang='lat' dir='ltr'><strong>Apostoli</strong></span> <span class='ocrx_word' id='word_1_162' title='bbox 427 1444 544 1472; x_wconf 80' lang='lat' dir='ltr'><strong>luerunt</strong></span> <span class='ocrx_word' id='word_1_163' title='bbox 563 1453 569 1471; x_wconf 90' lang='lat'><strong>:</strong></span> <span class='ocrx_word' id='word_1_164' title='bbox 592 1444 705 1480; x_wconf 78' lang='lat' dir='ltr'><strong>primo,</strong></span> <span class='ocrx_word' id='word_1_165' title='bbox 729 1443 813 1480; x_wconf 88' lang='lat' dir='ltr'><strong>parvi</strong></span> <span class='ocrx_word' id='word_1_166' title='bbox 838 1450 891 1478; x_wconf 88' lang='lat' dir='ltr'><strong>per</strong></span> <span class='ocrx_word' id='word_1_167' title='bbox 915 1441 1064 1470; x_wconf 77' lang='lat' dir='ltr'><strong>humilita-</strong></span> 
     </span>
     <span class='ocr_line' id='line_1_32' title="bbox 280 1488 1064 1526; baseline -0.005 -7"><span class='ocrx_word' id='word_1_168' title='bbox 280 1494 338 1519; x_wconf 88' lang='lat' dir='ltr'><strong>tem</strong></span> <span class='ocrx_word' id='word_1_169' title='bbox 355 1491 384 1520; x_wconf 91' lang='lat' dir='ltr'><strong>in</strong></span> <span class='ocrx_word' id='word_1_170' title='bbox 408 1494 526 1526; x_wconf 87' lang='lat' dir='ltr'><strong>mentc;</strong></span> <span class='ocrx_word' id='word_1_171' title='bbox 550 1490 699 1525; x_wconf 81' lang='lat' dir='ltr'><strong>secundo,</strong></span> <span class='ocrx_word' id='word_1_172' title='bbox 725 1490 844 1518; x_wconf 77' lang='lat' dir='ltr'><strong>ruerunt</strong></span> <span class='ocrx_word' id='word_1_173' title='bbox 868 1488 984 1526; x_wconf 88' lang='lat' dir='ltr'><strong>pulchri</strong></span> <span class='ocrx_word' id='word_1_174' title='bbox 1011 1496 1064 1524; x_wconf 90' lang='lat' dir='ltr'><strong>per</strong></span> 
     </span>
     <span class='ocr_line' id='line_1_33' title="bbox 280 1536 1063 1573; baseline -0.005 -7"><span class='ocrx_word' id='word_1_175' title='bbox 280 1538 465 1566; x_wconf 85' lang='lat' dir='ltr'><strong>honestatem</strong></span> <span class='ocrx_word' id='word_1_176' title='bbox 480 1538 508 1566; x_wconf 90' lang='lat' dir='ltr'><strong>in</strong></span> <span class='ocrx_word' id='word_1_177' title='bbox 525 1537 634 1572; x_wconf 84' lang='lat' dir='ltr'><strong>corde;</strong></span> <span class='ocrx_word' id='word_1_178' title='bbox 650 1537 746 1572; x_wconf 85' lang='lat' dir='ltr'><strong>tertio,</strong></span> <span class='ocrx_word' id='word_1_179' title='bbox 760 1536 882 1565; x_wconf 82' lang='lat' dir='ltr'><strong>maximi</strong></span> <span class='ocrx_word' id='word_1_180' title='bbox 900 1544 952 1573; x_wconf 64' lang='lat' dir='ltr'><strong>per</strong></span> <span class='ocrx_word' id='word_1_181' title='bbox 968 1536 1063 1564; x_wconf 90' lang='lat' dir='ltr'><strong>unita-</strong></span> 
     </span>
     <span class='ocr_line' id='line_1_34' title="bbox 280 1585 685 1621; baseline -0.002 -8"><span class='ocrx_word' id='word_1_182' title='bbox 280 1586 316 1613; x_wconf 89' lang='lat' dir='ltr'><strong>tis</strong></span> <span class='ocrx_word' id='word_1_183' title='bbox 330 1585 484 1614; x_wconf 87' lang='lat' dir='ltr'><strong>vinculum</strong></span> <span class='ocrx_word' id='word_1_184' title='bbox 501 1585 529 1613; x_wconf 91' lang='lat' dir='ltr'><strong>in</strong></span> <span class='ocrx_word' id='word_1_185' title='bbox 547 1587 685 1621; x_wconf 82' lang='lat' dir='ltr'><strong>utroque.</strong></span> 
     </span>
    </p>

    <p class='ocr_par' dir='ltr' id='par_1_7' title="bbox 282 1630 1076 2653">
     <span class='ocr_line' id='line_1_35' title="bbox 319 1630 1065 1669; baseline -0.003 -9"><span class='ocrx_word' id='word_1_186' title='bbox 319 1633 386 1660; x_wconf 81' lang='lat' dir='ltr'><strong>Dico</strong></span> <span class='ocrx_word' id='word_1_187' title='bbox 404 1633 518 1669; x_wconf 89' lang='lat' dir='ltr'><strong>primo,</strong></span> <span class='ocrx_word' id='word_1_188' title='bbox 536 1632 618 1668; x_wconf 85' lang='lat' dir='ltr'><strong>quod</strong></span> <span class='ocrx_word' id='word_1_189' title='bbox 634 1631 726 1659; x_wconf 77' lang='lat' dir='ltr'><strong>stellae</strong></span> <span class='ocrx_word' id='word_1_190' title='bbox 740 1631 842 1668; x_wconf 77' lang='lat' dir='ltr'><strong>quoad</strong></span> <span class='ocrx_word' id='word_1_191' title='bbox 860 1630 1065 1667; x_wconf 78' lang='lat' dir='ltr'><strong>apparentiam</strong></span> 
     </span>
     <span class='ocr_line' id='line_1_36' title="bbox 282 1678 1067 1715; baseline -0.004 -8"><span class='ocrx_word' id='word_1_192' title='bbox 282 1683 351 1708; x_wconf 87' lang='lat' dir='ltr'><strong>sunt</strong></span> <span class='ocrx_word' id='word_1_193' title='bbox 369 1680 456 1707; x_wconf 83' lang='lat' dir='ltr'><strong>valde</strong></span> <span class='ocrx_word' id='word_1_194' title='bbox 479 1688 593 1715; x_wconf 73' lang='lat' dir='ltr'><strong>parvm,</strong></span> <span class='ocrx_word' id='word_1_195' title='bbox 614 1678 752 1714; x_wconf 73' lang='lat' dir='ltr'><strong>quamvis</strong></span> <span class='ocrx_word' id='word_1_196' title='bbox 773 1678 939 1706; x_wconf 87' lang='lat' dir='ltr'><strong>secundum</strong></span> <span class='ocrx_word' id='word_1_197' title='bbox 961 1679 1067 1705; x_wconf 78' lang='lat' dir='ltr'><strong>verita-</strong></span> 
     </span>
     <span class='ocr_line' id='line_1_37' title="bbox 283 1724 1066 1761; baseline -0.005 -6"><span class='ocrx_word' id='word_1_198' title='bbox 283 1730 342 1755; x_wconf 88' lang='lat' dir='ltr'><strong>tem</strong></span> <span class='ocrx_word' id='word_1_199' title='bbox 357 1727 414 1754; x_wconf 89' lang='lat' dir='ltr'><strong>sint</strong></span> <span class='ocrx_word' id='word_1_200' title='bbox 434 1727 585 1759; x_wconf 69' lang='lat' dir='ltr'><strong>maximae,</strong></span> <span class='ocrx_word' id='word_1_201' title='bbox 604 1726 658 1760; x_wconf 86' lang='lat' dir='ltr'><strong>ita,</strong></span> <span class='ocrx_word' id='word_1_202' title='bbox 683 1725 766 1761; x_wconf 89' lang='lat' dir='ltr'><strong>quod</strong></span> <span class='ocrx_word' id='word_1_203' title='bbox 791 1727 899 1753; x_wconf 86' lang='lat' dir='ltr'><strong>terram</strong></span> <span class='ocrx_word' id='word_1_204' title='bbox 923 1724 1066 1752; x_wconf 69' lang='lat' dir='ltr'><strong>excedere</strong></span> 
     </span>
     <span class='ocr_line' id='line_1_38' title="bbox 284 1772 1067 1809; baseline -0.003 -8"><span class='ocrx_word' id='word_1_205' title='bbox 284 1774 443 1801; x_wconf 86' lang='lat' dir='ltr'><strong>credantur</strong></span> <span class='ocrx_word' id='word_1_206' title='bbox 458 1773 487 1800; x_wconf 93' lang='lat' dir='ltr'><strong>in</strong></span> <span class='ocrx_word' id='word_1_207' title='bbox 503 1773 674 1809; x_wconf 82' lang='lat' dir='ltr'><strong>quantitate.</strong></span> <span class='ocrx_word' id='word_1_208' title='bbox 693 1772 834 1799; x_wconf 81' lang='lat' dir='ltr'><strong>Videntur</strong></span> <span class='ocrx_word' id='word_1_209' title='bbox 850 1774 948 1799; x_wconf 87' lang='lat' dir='ltr'><strong>tamen</strong></span> <span class='ocrx_word' id='word_1_210' title='bbox 968 1780 1067 1807; x_wconf 78' lang='lat' dir='ltr'><strong>parvae</strong></span> 
     </span>
     <span class='ocr_line' id='line_1_39' title="bbox 284 1818 1067 1857; baseline -0.005 -8"><span class='ocrx_word' id='word_1_211' title='bbox 284 1823 405 1857; x_wconf 87' lang='lat' dir='ltr'><strong>propter</strong></span> <span class='ocrx_word' id='word_1_212' title='bbox 420 1820 638 1856; x_wconf 82' lang='lat' dir='ltr'><strong>longitudinem</strong></span> <span class='ocrx_word' id='word_1_213' title='bbox 655 1820 725 1853; x_wconf 68' lang='lat' dir='ltr'><strong>vite,</strong></span> <span class='ocrx_word' id='word_1_214' title='bbox 751 1821 779 1846; x_wconf 84' lang='lat' dir='ltr'><strong>et</strong></span> <span class='ocrx_word' id='word_1_215' title='bbox 803 1819 931 1846; x_wconf 77' lang='lat' dir='ltr'><strong>maxime</strong></span> <span class='ocrx_word' id='word_1_216' title='bbox 957 1818 1067 1846; x_wconf 76' lang='lat' dir='ltr'><strong>distau-</strong></span> 
     </span>
     <span class='ocr_line' id='line_1_40' title="bbox 286 1865 1068 1904; baseline -0.004 -9"><span class='ocrx_word' id='word_1_217' title='bbox 286 1868 351 1903; x_wconf 80' lang='lat' dir='ltr'><strong>tioe,</strong></span> <span class='ocrx_word' id='word_1_218' title='bbox 369 1876 434 1904; x_wconf 76' lang='lat' dir='ltr'><strong>qum</strong></span> <span class='ocrx_word' id='word_1_219' title='bbox 449 1869 492 1895; x_wconf 74' lang='lat' dir='ltr'><strong>est</strong></span> <span class='ocrx_word' id='word_1_220' title='bbox 512 1867 586 1894; x_wconf 88' lang='lat' dir='ltr'><strong>inter</strong></span> <span class='ocrx_word' id='word_1_221' title='bbox 608 1866 717 1894; x_wconf 64' lang='lat' dir='ltr'><strong>cit-lum</strong></span> <span class='ocrx_word' id='word_1_222' title='bbox 741 1869 767 1893; x_wconf 87' lang='lat' dir='ltr'><strong>et</strong></span> <span class='ocrx_word' id='word_1_223' title='bbox 790 1869 907 1893; x_wconf 80' lang='lat' dir='ltr'><strong>terram.</strong></span> <span class='ocrx_word' id='word_1_224' title='bbox 934 1867 1004 1893; x_wconf 66' lang='lat' dir='ltr'><strong>Mun</strong></span> <span class='ocrx_word' id='word_1_225' title='bbox 1029 1865 1068 1892; x_wconf 89' lang='lat' dir='ltr'><strong>ad</strong></span> 
     </span>
     <span class='ocr_line' id='line_1_41' title="bbox 285 1913 1068 1950; baseline -0.003 -9"><span class='ocrx_word' id='word_1_226' title='bbox 285 1923 405 1943; x_wconf 85' lang='lat' dir='ltr'><strong>sensum</strong></span> <span class='ocrx_word' id='word_1_227' title='bbox 421 1914 574 1948; x_wconf 86' lang='lat' dir='ltr'><strong>videmus,</strong></span> <span class='ocrx_word' id='word_1_228' title='bbox 591 1913 674 1950; x_wconf 86' lang='lat' dir='ltr'><strong>quod</strong></span> <span class='ocrx_word' id='word_1_229' title='bbox 696 1914 827 1941; x_wconf 67' lang='lat' dir='ltr'><strong>maxima</strong></span> <span class='ocrx_word' id='word_1_230' title='bbox 848 1921 991 1948; x_wconf 77' lang='lat' dir='ltr'><strong>corpora,</strong></span> <span class='ocrx_word' id='word_1_231' title='bbox 1008 1913 1068 1940; x_wconf 85' lang='lat' dir='ltr'><strong>imo</strong></span> 
     </span>
     <span class='ocr_line' id='line_1_42' title="bbox 288 1960 1069 1989; baseline -0.004 0"><span class='ocrx_word' id='word_1_232' title='bbox 288 1962 424 1989; x_wconf 58' lang='lat' dir='ltr'><strong>maximae</strong></span> <span class='ocrx_word' id='word_1_233' title='bbox 440 1962 570 1988; x_wconf 75' lang='lat' dir='ltr'><strong>civitates</strong></span> <span class='ocrx_word' id='word_1_234' title='bbox 593 1964 619 1988; x_wconf 79' lang='lat' dir='ltr'><strong>et</strong></span> <span class='ocrx_word' id='word_1_235' title='bbox 643 1963 737 1988; x_wconf 67' lang='lat' dir='ltr'><strong>casu-a</strong></span> <span class='ocrx_word' id='word_1_236' title='bbox 762 1968 821 1987; x_wconf 91' lang='lat' dir='ltr'><strong>non</strong></span> <span class='ocrx_word' id='word_1_237' title='bbox 844 1960 983 1987; x_wconf 61' lang='lat' dir='ltr'><strong>videntur</strong></span> <span class='ocrx_word' id='word_1_238' title='bbox 1006 1968 1069 1987; x_wconf 83' lang='lat' dir='ltr'><strong>ma-</strong></span> 
     </span>
     <span class='ocr_line' id='line_1_43' title="bbox 289 2006 1068 2044; baseline -0.004 -8"><span class='ocrx_word' id='word_1_239' title='bbox 289 2017 349 2044; x_wconf 81' lang='lat' dir='ltr'><strong>gna</strong></span> <span class='ocrx_word' id='word_1_240' title='bbox 363 2009 392 2036; x_wconf 93' lang='lat' dir='ltr'><strong>in</strong></span> <span class='ocrx_word' id='word_1_241' title='bbox 408 2008 500 2036; x_wconf 81' lang='lat' dir='ltr'><strong>multa</strong></span> <span class='ocrx_word' id='word_1_242' title='bbox 514 2008 666 2038; x_wconf 70' lang='lat' dir='ltr'><strong>distantia:</strong></span> <span class='ocrx_word' id='word_1_243' title='bbox 679 2010 784 2035; x_wconf 86' lang='lat' dir='ltr'><strong>etcum</strong></span> <span class='ocrx_word' id='word_1_244' title='bbox 802 2007 946 2042; x_wconf 81' lang='lat' dir='ltr'><strong>incipiunt</strong></span> <span class='ocrx_word' id='word_1_245' title='bbox 964 2006 1068 2041; x_wconf 76' lang='lat' dir='ltr'><strong>videri,</strong></span> 
     </span>
     <span class='ocr_line' id='line_1_44' title="bbox 290 2054 1070 2091; baseline -0.001 -9"><span class='ocrx_word' id='word_1_246' title='bbox 290 2056 386 2091; x_wconf 88' lang='lat' dir='ltr'><strong>primo</strong></span> <span class='ocrx_word' id='word_1_247' title='bbox 403 2056 538 2083; x_wconf 84' lang='lat' dir='ltr'><strong>videntur</strong></span> <span class='ocrx_word' id='word_1_248' title='bbox 553 2055 738 2091; x_wconf 68' lang='lat' dir='ltr'><strong>parvissima.</strong></span> <span class='ocrx_word' id='word_1_249' title='bbox 757 2054 837 2081; x_wconf 72' lang='lat' dir='ltr'><strong>l&#39;ndc</strong></span> <span class='ocrx_word' id='word_1_250' title='bbox 854 2054 882 2081; x_wconf 87' lang='lat' dir='ltr'><strong>in</strong></span> <span class='ocrx_word' id='word_1_251' title='bbox 900 2054 955 2081; x_wconf 85' lang='lat' dir='ltr'><strong>hoc</strong></span> <span class='ocrx_word' id='word_1_252' title='bbox 977 2062 1070 2090; x_wconf 75' lang='lat' dir='ltr'><strong>appa-</strong></span> 
     </span>
     <span class='ocr_line' id='line_1_45' title="bbox 290 2101 1070 2138; baseline -0.004 -8"><span class='ocrx_word' id='word_1_253' title='bbox 290 2105 343 2137; x_wconf 87' lang='lat' dir='ltr'><strong>ret,</strong></span> <span class='ocrx_word' id='word_1_254' title='bbox 360 2102 442 2138; x_wconf 90' lang='lat' dir='ltr'><strong>quod</strong></span> <span class='ocrx_word' id='word_1_255' title='bbox 459 2102 548 2130; x_wconf 58' lang='lat' dir='ltr'><strong>stella?</strong></span> <span class='ocrx_word' id='word_1_256' title='bbox 564 2104 630 2129; x_wconf 79' lang='lat' dir='ltr'><strong>sunt</strong></span> <span class='ocrx_word' id='word_1_257' title='bbox 644 2101 797 2135; x_wconf 70' lang='lat' dir='ltr'><strong>maxinme,</strong></span> <span class='ocrx_word' id='word_1_258' title='bbox 816 2101 903 2135; x_wconf 81' lang='lat' dir='ltr'><strong>quia,</strong></span> <span class='ocrx_word' id='word_1_259' title='bbox 924 2109 1070 2136; x_wconf 85' lang='lat' dir='ltr'><strong>quocum-</strong></span> 
     </span>
     <span class='ocr_line' id='line_1_46' title="bbox 291 2147 1071 2185; baseline -0.003 -9"><span class='ocrx_word' id='word_1_260' title='bbox 291 2157 349 2185; x_wconf 88' lang='lat' dir='ltr'><strong>que</strong></span> <span class='ocrx_word' id='word_1_261' title='bbox 365 2157 418 2185; x_wconf 88' lang='lat' dir='ltr'><strong>per</strong></span> <span class='ocrx_word' id='word_1_262' title='bbox 432 2149 578 2176; x_wconf 87' lang='lat' dir='ltr'><strong>mundum</strong></span> <span class='ocrx_word' id='word_1_263' title='bbox 599 2148 706 2182; x_wconf 54' lang='lat' dir='ltr'><strong>vadam,</strong></span> <span class='ocrx_word' id='word_1_264' title='bbox 722 2148 761 2176; x_wconf 87' lang='lat' dir='ltr'><strong>ad</strong></span> <span class='ocrx_word' id='word_1_265' title='bbox 780 2149 940 2180; x_wconf 74' lang='lat' dir='ltr'><strong>orientem,</strong></span> <span class='ocrx_word' id='word_1_266' title='bbox 957 2147 1003 2175; x_wconf 82' lang='lat' dir='ltr'><strong>vel</strong></span> <span class='ocrx_word' id='word_1_267' title='bbox 1024 2156 1071 2175; x_wconf 90' lang='lat' dir='ltr'><strong>oc-</strong></span> 
     </span>
     <span class='ocr_line' id='line_1_47' title="bbox 292 2195 1069 2231; baseline -0.003 -8"><span class='ocrx_word' id='word_1_268' title='bbox 292 2196 448 2229; x_wconf 85' lang='lat' dir='ltr'><strong>cidentem,</strong></span> <span class='ocrx_word' id='word_1_269' title='bbox 465 2195 629 2226; x_wconf 78' lang='lat' dir='ltr'><strong>meridiem.</strong></span> <span class='ocrx_word' id='word_1_270' title='bbox 643 2196 689 2223; x_wconf 69' lang='lat' dir='ltr'><strong>vel</strong></span> <span class='ocrx_word' id='word_1_271' title='bbox 705 2196 947 2231; x_wconf 79' lang='lat' dir='ltr'><strong>septentrionem,</strong></span> <span class='ocrx_word' id='word_1_272' title='bbox 959 2195 1069 2230; x_wconf 69' lang='lat' dir='ltr'><strong>aliqum</strong></span> 
     </span>
     <span class='ocr_line' id='line_1_48' title="bbox 292 2242 1072 2278; baseline -0.003 -8"><span class='ocrx_word' id='word_1_273' title='bbox 292 2243 404 2270; x_wconf 78' lang='lat' dir='ltr'><strong>eaedem</strong></span> <span class='ocrx_word' id='word_1_274' title='bbox 427 2242 516 2270; x_wconf 77' lang='lat' dir='ltr'><strong>stellae</strong></span> <span class='ocrx_word' id='word_1_275' title='bbox 536 2243 565 2270; x_wconf 90' lang='lat' dir='ltr'><strong>in</strong></span> <span class='ocrx_word' id='word_1_276' title='bbox 588 2251 648 2270; x_wconf 83' lang='lat' dir='ltr'><strong>uno</strong></span> <span class='ocrx_word' id='word_1_277' title='bbox 664 2242 730 2270; x_wconf 81' lang='lat' dir='ltr'><strong>loeo</strong></span> <span class='ocrx_word' id='word_1_278' title='bbox 752 2245 845 2278; x_wconf 82' lang='lat' dir='ltr'><strong>perte</strong></span> <span class='ocrx_word' id='word_1_279' title='bbox 862 2242 946 2275; x_wconf 60' lang='lat' dir='ltr'><strong>visan,</strong></span> <span class='ocrx_word' id='word_1_280' title='bbox 963 2242 991 2269; x_wconf 87' lang='lat' dir='ltr'><strong>in</strong></span> <span class='ocrx_word' id='word_1_281' title='bbox 1012 2242 1072 2269; x_wconf 77' lang='lat' dir='ltr'><strong>alio</strong></span> 
     </span>
     <span class='ocr_line' id='line_1_49' title="bbox 293 2289 1074 2325; baseline -0.003 -8"><span class='ocrx_word' id='word_1_282' title='bbox 293 2289 360 2317; x_wconf 90' lang='lat' dir='ltr'><strong>loco</strong></span> <span class='ocrx_word' id='word_1_283' title='bbox 384 2289 435 2317; x_wconf 84' lang='lat' dir='ltr'><strong>tihi</strong></span> <span class='ocrx_word' id='word_1_284' title='bbox 456 2291 601 2325; x_wconf 78' lang='lat' dir='ltr'><strong>apparunt</strong></span> <span class='ocrx_word' id='word_1_285' title='bbox 624 2289 757 2323; x_wconf 75' lang='lat' dir='ltr'><strong>ejusdem</strong></span> <span class='ocrx_word' id='word_1_286' title='bbox 780 2289 966 2324; x_wconf 73' lang='lat' dir='ltr'><strong>quantitatis,</strong></span> <span class='ocrx_word' id='word_1_287' title='bbox 989 2289 1074 2323; x_wconf 86' lang='lat' dir='ltr'><strong>cujus</strong></span> 
     </span>
     <span class='ocr_line' id='line_1_50' title="bbox 293 2335 1075 2372; baseline -0.003 -8"><span class='ocrx_word' id='word_1_288' title='bbox 293 2336 386 2372; x_wconf 78' lang='lat' dir='ltr'><strong>prius,</strong></span> <span class='ocrx_word' id='word_1_289' title='bbox 402 2336 534 2363; x_wconf 83' lang='lat' dir='ltr'><strong>similiter</strong></span> <span class='ocrx_word' id='word_1_290' title='bbox 551 2336 579 2362; x_wconf 89' lang='lat' dir='ltr'><strong>in</strong></span> <span class='ocrx_word' id='word_1_291' title='bbox 596 2336 701 2363; x_wconf 78' lang='lat' dir='ltr'><strong>eadem</strong></span> <span class='ocrx_word' id='word_1_292' title='bbox 717 2335 922 2371; x_wconf 67' lang='lat' dir='ltr'><strong>dispositione,</strong></span> <span class='ocrx_word' id='word_1_293' title='bbox 939 2338 967 2363; x_wconf 81' lang='lat' dir='ltr'><strong>et</strong></span> <span class='ocrx_word' id='word_1_294' title='bbox 982 2335 1010 2362; x_wconf 89' lang='lat' dir='ltr'><strong>in</strong></span> <span class='ocrx_word' id='word_1_295' title='bbox 1027 2343 1075 2362; x_wconf 84' lang='lat' dir='ltr'><strong>ea-</strong></span> 
     </span>
     <span class='ocr_line' id='line_1_51' title="bbox 295 2382 1073 2419; baseline -0.003 -8"><span class='ocrx_word' id='word_1_296' title='bbox 295 2383 363 2411; x_wconf 90' lang='lat' dir='ltr'><strong>dem</strong></span> <span class='ocrx_word' id='word_1_297' title='bbox 388 2385 469 2419; x_wconf 82' lang='lat' dir='ltr'><strong>parte</strong></span> <span class='ocrx_word' id='word_1_298' title='bbox 495 2382 576 2415; x_wconf 68' lang='lat' dir='ltr'><strong>ewli,</strong></span> <span class='ocrx_word' id='word_1_299' title='bbox 600 2382 629 2409; x_wconf 88' lang='lat' dir='ltr'><strong>in</strong></span> <span class='ocrx_word' id='word_1_300' title='bbox 656 2390 716 2417; x_wconf 72' lang='lat' dir='ltr'><strong>qua</strong></span> <span class='ocrx_word' id='word_1_301' title='bbox 737 2382 818 2418; x_wconf 78' lang='lat' dir='ltr'><strong>prius</strong></span> <span class='ocrx_word' id='word_1_302' title='bbox 844 2382 925 2416; x_wconf 85' lang='lat' dir='ltr'><strong>(nihil</strong></span> <span class='ocrx_word' id='word_1_303' title='bbox 950 2382 1073 2410; x_wconf 88' lang='lat' dir='ltr'><strong>omniuo</strong></span> 
     </span>
     <span class='ocr_line' id='line_1_52' title="bbox 295 2429 1074 2465; baseline 0 -8"><span class='ocrx_word' id='word_1_304' title='bbox 295 2432 412 2458; x_wconf 70' lang='lat' dir='ltr'><strong>mutatae</strong></span> <span class='ocrx_word' id='word_1_305' title='bbox 441 2429 526 2463; x_wconf 88' lang='lat' dir='ltr'><strong>inde,</strong></span> <span class='ocrx_word' id='word_1_306' title='bbox 558 2429 668 2456; x_wconf 77' lang='lat' dir='ltr'><strong>seilicet</strong></span> <span class='ocrx_word' id='word_1_307' title='bbox 689 2438 705 2456; x_wconf 87' lang='lat' dir='ltr'><strong>a</strong></span> <span class='ocrx_word' id='word_1_308' title='bbox 728 2429 823 2462; x_wconf 71' lang='lat' dir='ltr'><strong>loco).</strong></span> <span class='ocrx_word' id='word_1_309' title='bbox 845 2429 918 2456; x_wconf 76' lang='lat' dir='ltr'><strong>sieut</strong></span> <span class='ocrx_word' id='word_1_310' title='bbox 949 2430 977 2456; x_wconf 90' lang='lat' dir='ltr'><strong>in</strong></span> <span class='ocrx_word' id='word_1_311' title='bbox 1003 2429 1074 2465; x_wconf 86' lang='lat' dir='ltr'><strong>polo</strong></span> 
     </span>
     <span class='ocr_line' id='line_1_53' title="bbox 295 2477 1075 2512; baseline -0.003 -7"><span class='ocrx_word' id='word_1_312' title='bbox 295 2477 414 2511; x_wconf 79' lang='lat' dir='ltr'><strong>arctico,</strong></span> <span class='ocrx_word' id='word_1_313' title='bbox 432 2477 502 2504; x_wconf 85' lang='lat' dir='ltr'><strong>etin</strong></span> <span class='ocrx_word' id='word_1_314' title='bbox 519 2477 624 2512; x_wconf 79' lang='lat' dir='ltr'><strong>majori</strong></span> <span class='ocrx_word' id='word_1_315' title='bbox 642 2485 726 2510; x_wconf 41' lang='lat' dir='ltr'><strong>ursa,</strong></span> <span class='ocrx_word' id='word_1_316' title='bbox 743 2485 808 2511; x_wconf 67' lang='lat' dir='ltr'><strong>quie</strong></span> <span class='ocrx_word' id='word_1_317' title='bbox 823 2477 900 2503; x_wconf 82' lang='lat' dir='ltr'><strong>eirca</strong></span> <span class='ocrx_word' id='word_1_318' title='bbox 916 2477 1000 2503; x_wconf 88' lang='lat' dir='ltr'><strong>illum</strong></span> <span class='ocrx_word' id='word_1_319' title='bbox 1018 2485 1075 2512; x_wconf 86' lang='lat' dir='ltr'><strong>po-</strong></span> 
     </span>
     <span class='ocr_line' id='line_1_54' title="bbox 295 2522 1076 2558; baseline -0.001 -7"><span class='ocrx_word' id='word_1_320' title='bbox 295 2523 358 2551; x_wconf 89' lang='lat' dir='ltr'><strong>lum</strong></span> <span class='ocrx_word' id='word_1_321' title='bbox 374 2524 503 2558; x_wconf 66' lang='lat' dir='ltr'><strong>vertitur,</strong></span> <span class='ocrx_word' id='word_1_322' title='bbox 519 2523 663 2558; x_wconf 74' lang='lat' dir='ltr'><strong>contingit</strong></span> <span class='ocrx_word' id='word_1_323' title='bbox 678 2522 787 2549; x_wconf 77' lang='lat' dir='ltr'><strong>videre.</strong></span> <span class='ocrx_word' id='word_1_324' title='bbox 804 2524 889 2557; x_wconf 75' lang='lat' dir='ltr'><strong>Nam,</strong></span> <span class='ocrx_word' id='word_1_325' title='bbox 903 2523 984 2558; x_wconf 84' lang='lat' dir='ltr'><strong>quod</strong></span> <span class='ocrx_word' id='word_1_326' title='bbox 997 2524 1076 2551; x_wconf 57' lang='lat' dir='ltr'><strong>visus</strong></span> 
     </span>
     <span class='ocr_line' id='line_1_55' title="bbox 297 2569 1075 2606; baseline 0.003 -10"><span class='ocrx_word' id='word_1_327' title='bbox 297 2570 326 2597; x_wconf 91' lang='lat' dir='ltr'><strong>in</strong></span> <span class='ocrx_word' id='word_1_328' title='bbox 353 2578 455 2598; x_wconf 85' lang='lat' dir='ltr'><strong>earum</strong></span> <span class='ocrx_word' id='word_1_329' title='bbox 487 2570 647 2606; x_wconf 77' lang='lat' dir='ltr'><strong>quantitate</strong></span> <span class='ocrx_word' id='word_1_330' title='bbox 674 2569 807 2602; x_wconf 79' lang='lat' dir='ltr'><strong>fallatur,</strong></span> <span class='ocrx_word' id='word_1_331' title='bbox 833 2577 868 2596; x_wconf 78' lang='lat' dir='ltr'><strong>ex</strong></span> <span class='ocrx_word' id='word_1_332' title='bbox 895 2570 951 2597; x_wconf 80' lang='lat' dir='ltr'><strong>hoc</strong></span> <span class='ocrx_word' id='word_1_333' title='bbox 976 2573 1075 2605; x_wconf 84' lang='lat' dir='ltr'><strong>aperte</strong></span> 
     </span>
     <span class='ocr_line' id='line_1_56' title="bbox 296 2616 1076 2653; baseline -0.001 -8"><span class='ocrx_word' id='word_1_334' title='bbox 296 2617 455 2653; x_wconf 86' lang='lat' dir='ltr'><strong>probatur,</strong></span> <span class='ocrx_word' id='word_1_335' title='bbox 473 2617 543 2652; x_wconf 83' lang='lat' dir='ltr'><strong>quia</strong></span> <span class='ocrx_word' id='word_1_336' title='bbox 557 2625 625 2645; x_wconf 91' lang='lat' dir='ltr'><strong>cum</strong></span> <span class='ocrx_word' id='word_1_337' title='bbox 639 2618 707 2644; x_wconf 87' lang='lat' dir='ltr'><strong>sunt</strong></span> <span class='ocrx_word' id='word_1_338' title='bbox 723 2616 751 2643; x_wconf 92' lang='lat' dir='ltr'><strong>in</strong></span> <span class='ocrx_word' id='word_1_339' title='bbox 769 2617 895 2651; x_wconf 86' lang='lat' dir='ltr'><strong>oriente,</strong></span> <span class='ocrx_word' id='word_1_340' title='bbox 913 2618 973 2644; x_wconf 78' lang='lat' dir='ltr'><strong>sive</strong></span> <span class='ocrx_word' id='word_1_341' title='bbox 999 2617 1076 2645; x_wconf 90' lang='lat' dir='ltr'><strong>occi-</strong></span> 
     </span>
    </p>
   </div>
   <div class='ocr_carea' id='block_1_5' title="bbox 299 2679 1075 2745">
    <p class='ocr_par' dir='ltr' id='par_1_8' title="bbox 299 2679 1075 2745">
     <span class='ocr_line' id='line_1_57' title="bbox 331 2679 1075 2710; baseline 0.001 -7"><span class='ocrx_word' id='word_1_342' title='bbox 331 2680 338 2696; x_wconf 86' lang='lat'>¹</span> <span class='ocrx_word' id='word_1_343' title='bbox 362 2680 449 2710; x_wconf 70' lang='lat' dir='ltr'><strong>Neque</strong></span> <span class='ocrx_word' id='word_1_344' title='bbox 470 2679 551 2706; x_wconf 79' lang='lat' dir='ltr'><strong>hune.</strong></span> <span class='ocrx_word' id='word_1_345' title='bbox 575 2686 657 2710; x_wconf 66' lang='lat' dir='ltr'><strong>neque</strong></span> <span class='ocrx_word' id='word_1_346' title='bbox 681 2681 732 2702; x_wconf 77' lang='lat' dir='ltr'><strong>tres</strong></span> <span class='ocrx_word' id='word_1_347' title='bbox 754 2681 890 2709; x_wconf 68' lang='lat' dir='ltr'><strong>sequentes</strong></span> <span class='ocrx_word' id='word_1_348' title='bbox 914 2680 989 2703; x_wconf 65' lang='lat' dir='ltr'><strong>lnilwt</strong></span> <span class='ocrx_word' id='word_1_349' title='bbox 1015 2680 1075 2704; x_wconf 58' lang='lat' dir='ltr'><strong>mlii.</strong></span> 
     </span>
     <span class='ocr_line' id='line_1_58' title="bbox 299 2715 1074 2745; baseline -0.001 -6"><span class='ocrx_word' id='word_1_350' title='bbox 299 2716 414 2745; x_wconf 68' lang='lat' dir='ltr'><strong>lingona.</strong></span> <span class='ocrx_word' id='word_1_351' title='bbox 430 2723 470 2739; x_wconf 75' lang='lat' dir='ltr'><strong>au.</strong></span> <span class='ocrx_word' id='word_1_352' title='bbox 494 2718 560 2739; x_wconf 70' lang='lat' dir='ltr'><strong>litio.</strong></span> <span class='ocrx_word' id='word_1_353' title='bbox 581 2729 605 2732; x_wconf 83' lang='lat'><em>-</em></span> <span class='ocrx_word' id='word_1_354' title='bbox 625 2715 737 2744; x_wconf 49' lang='lat' dir='ltr'><strong>‘&#39;lert&#39;„</strong></span> <span class='ocrx_word' id='word_1_355' title='bbox 758 2721 780 2744; x_wconf 69' lang='lat' dir='ltr'><strong>v,</strong></span> <span class='ocrx_word' id='word_1_356' title='bbox 799 2719 835 2738; x_wconf 81' lang='grc' dir='ltr'>·.υ.</span> <span class='ocrx_word' id='word_1_357' title='bbox 855 2728 884 2732; x_wconf 78' lang='lat'><em>—</em></span> <span class='ocrx_word' id='word_1_358' title='bbox 901 2716 910 2730; x_wconf 79' lang='lat'><strong>³</strong></span> <span class='ocrx_word' id='word_1_359' title='bbox 925 2716 979 2744; x_wconf 73' lang='grc' dir='ltr'><em>ΙυΙι,</em></span> <span class='ocrx_word' id='word_1_360' title='bbox 997 2722 1036 2744; x_wconf 69' lang='lat' dir='ltr'><strong>ix,</strong></span> <span class='ocrx_word' id='word_1_361' title='bbox 1053 2718 1074 2738; x_wconf 74' lang='lat'><strong>7.</strong></span> 
     </span>
    </p>
   </div>
   <div class='ocr_carea' id='block_1_6' title="bbox 1112 307 1913 2655">
    <p class='ocr_par' dir='ltr' id='par_1_9' title="bbox 1112 307 1913 2655">
     <span class='ocr_line' id='line_1_59' title="bbox 1113 307 1900 346; baseline -0.003 -6"><span class='ocrx_word' id='word_1_362' title='bbox 1113 310 1218 346; x_wconf 85' lang='lat' dir='ltr'><strong>dente,</strong></span> <span class='ocrx_word' id='word_1_363' title='bbox 1234 310 1303 340; x_wconf 82' lang='lat' dir='ltr'><strong>licet</strong></span> <span class='ocrx_word' id='word_1_364' title='bbox 1324 318 1387 340; x_wconf 88' lang='lat' dir='ltr'><strong>non</strong></span> <span class='ocrx_word' id='word_1_365' title='bbox 1409 310 1469 340; x_wconf 77' lang='lat' dir='ltr'><strong>sint</strong></span> <span class='ocrx_word' id='word_1_366' title='bbox 1491 317 1511 340; x_wconf 89' lang='lat' dir='ltr'><strong>a</strong></span> <span class='ocrx_word' id='word_1_367' title='bbox 1530 309 1620 339; x_wconf 88' lang='lat' dir='ltr'><strong>nobis</strong></span> <span class='ocrx_word' id='word_1_368' title='bbox 1639 307 1738 346; x_wconf 71' lang='lat' dir='ltr'><strong>magt·</strong></span> <span class='ocrx_word' id='word_1_369' title='bbox 1759 309 1900 343; x_wconf 70' lang='lat' dir='ltr'><strong>rmotoe,</strong></span> 
     </span>
     <span class='ocr_line' id='line_1_60' title="bbox 1112 353 1901 395; baseline -0.005 -8"><span class='ocrx_word' id='word_1_370' title='bbox 1112 357 1243 394; x_wconf 85' lang='lat' dir='ltr'><strong>majores</strong></span> <span class='ocrx_word' id='word_1_371' title='bbox 1255 360 1356 387; x_wconf 87' lang='lat' dir='ltr'><strong>tamen</strong></span> <span class='ocrx_word' id='word_1_372' title='bbox 1370 361 1534 395; x_wconf 82' lang='lat' dir='ltr'><strong>apparent,</strong></span> <span class='ocrx_word' id='word_1_373' title='bbox 1549 364 1644 394; x_wconf 80' lang='lat' dir='ltr'><strong>quam</strong></span> <span class='ocrx_word' id='word_1_374' title='bbox 1664 353 1790 394; x_wconf 84' lang='lat' dir='ltr'><strong>quando</strong></span> <span class='ocrx_word' id='word_1_375' title='bbox 1809 361 1901 392; x_wconf 83' lang='lat' dir='ltr'><strong>super</strong></span> 
     </span>
     <span class='ocr_line' id='line_1_61' title="bbox 1112 401 1898 440; baseline -0.004 -7"><span class='ocrx_word' id='word_1_376' title='bbox 1112 412 1169 434; x_wconf 90' lang='lat' dir='ltr'><strong>nos</strong></span> <span class='ocrx_word' id='word_1_377' title='bbox 1193 413 1257 434; x_wconf 85' lang='lat' dir='ltr'><strong>esse</strong></span> <span class='ocrx_word' id='word_1_378' title='bbox 1280 404 1431 434; x_wconf 83' lang='lat' dir='ltr'><strong>videntur.</strong></span> <span class='ocrx_word' id='word_1_379' title='bbox 1456 404 1540 434; x_wconf 85' lang='lat' dir='ltr'><strong>Unde</strong></span> <span class='ocrx_word' id='word_1_380' title='bbox 1566 403 1666 440; x_wconf 76' lang='lat' dir='ltr'><strong>maior</strong></span> <span class='ocrx_word' id='word_1_381' title='bbox 1689 402 1809 432; x_wconf 82' lang='lat' dir='ltr'><strong>videtur</strong></span> <span class='ocrx_word' id='word_1_382' title='bbox 1833 401 1898 437; x_wconf 83' lang='lat' dir='ltr'><strong>sol,</strong></span> 
     </span>
     <span class='ocr_line' id='line_1_62' title="bbox 1114 448 1902 488; baseline -0.004 -8"><span class='ocrx_word' id='word_1_383' title='bbox 1114 460 1183 480; x_wconf 84' lang='lat' dir='ltr'><strong>cum</strong></span> <span class='ocrx_word' id='word_1_384' title='bbox 1202 451 1312 487; x_wconf 87' lang='lat' dir='ltr'><strong>oritur,</strong></span> <span class='ocrx_word' id='word_1_385' title='bbox 1334 459 1428 488; x_wconf 83' lang='lat' dir='ltr'><strong>quam</strong></span> <span class='ocrx_word' id='word_1_386' title='bbox 1442 459 1512 480; x_wconf 89' lang='lat' dir='ltr'><strong>cum</strong></span> <span class='ocrx_word' id='word_1_387' title='bbox 1530 450 1699 488; x_wconf 85' lang='lat' dir='ltr'><strong>proximior</strong></span> <span class='ocrx_word' id='word_1_388' title='bbox 1712 448 1826 478; x_wconf 86' lang='lat' dir='ltr'><strong>circulo</strong></span> <span class='ocrx_word' id='word_1_389' title='bbox 1840 456 1902 478; x_wconf 88' lang='lat' dir='ltr'><strong>me-</strong></span> 
     </span>
     <span class='ocr_line' id='line_1_63' title="bbox 1112 497 1903 535; baseline -0.003 -8"><span class='ocrx_word' id='word_1_390' title='bbox 1112 498 1199 527; x_wconf 90' lang='lat' dir='ltr'><strong>ridiei</strong></span> <span class='ocrx_word' id='word_1_391' title='bbox 1211 498 1347 528; x_wconf 83' lang='lat' dir='ltr'><strong>efficitur.</strong></span> <span class='ocrx_word' id='word_1_392' title='bbox 1362 499 1437 527; x_wconf 87' lang='lat' dir='ltr'><strong>Sunt</strong></span> <span class='ocrx_word' id='word_1_393' title='bbox 1449 506 1522 535; x_wconf 78' lang='lat' dir='ltr'><strong>ergo</strong></span> <span class='ocrx_word' id='word_1_394' title='bbox 1542 497 1635 527; x_wconf 78' lang='lat' dir='ltr'><strong>stelloe</strong></span> <span class='ocrx_word' id='word_1_395' title='bbox 1656 497 1820 535; x_wconf 79' lang='lat' dir='ltr'><strong>quantitate</strong></span> <span class='ocrx_word' id='word_1_396' title='bbox 1838 503 1903 525; x_wconf 86' lang='lat' dir='ltr'><strong>ma-</strong></span> 
     </span>
     <span class='ocr_line' id='line_1_64' title="bbox 1113 543 1903 583; baseline -0.003 -9"><span class='ocrx_word' id='word_1_397' title='bbox 1113 545 1218 581; x_wconf 78' lang='lat' dir='ltr'><strong>ximoe,</strong></span> <span class='ocrx_word' id='word_1_398' title='bbox 1241 545 1294 574; x_wconf 91' lang='lat' dir='ltr'><strong>sed</strong></span> <span class='ocrx_word' id='word_1_399' title='bbox 1317 545 1348 574; x_wconf 93' lang='lat' dir='ltr'><strong>in</strong></span> <span class='ocrx_word' id='word_1_400' title='bbox 1369 545 1547 582; x_wconf 81' lang='lat' dir='ltr'><strong>apparentia</strong></span> <span class='ocrx_word' id='word_1_401' title='bbox 1566 544 1657 574; x_wconf 85' lang='lat' dir='ltr'><strong>valde</strong></span> <span class='ocrx_word' id='word_1_402' title='bbox 1679 552 1792 583; x_wconf 68' lang='lat' dir='ltr'><strong>parvm.</strong></span> <span class='ocrx_word' id='word_1_403' title='bbox 1813 543 1860 574; x_wconf 88' lang='lat' dir='ltr'><strong>Sic</strong></span> <span class='ocrx_word' id='word_1_404' title='bbox 1874 545 1903 572; x_wconf 86' lang='lat' dir='ltr'><strong>et</strong></span> 
     </span>
     <span class='ocr_line' id='line_1_65' title="bbox 1112 590 1901 630; baseline -0.001 -9"><span class='ocrx_word' id='word_1_405' title='bbox 1112 592 1257 630; x_wconf 83' lang='lat' dir='ltr'><strong>Apostoli,</strong></span> <span class='ocrx_word' id='word_1_406' title='bbox 1272 594 1301 621; x_wconf 88' lang='lat' dir='ltr'><strong>et</strong></span> <span class='ocrx_word' id='word_1_407' title='bbox 1314 591 1473 629; x_wconf 89' lang='lat' dir='ltr'><strong>apostolici</strong></span> <span class='ocrx_word' id='word_1_408' title='bbox 1487 591 1544 620; x_wconf 86' lang='lat' dir='ltr'><strong>viri</strong></span> <span class='ocrx_word' id='word_1_409' title='bbox 1559 599 1678 628; x_wconf 84' lang='lat' dir='ltr'><strong>omnes,</strong></span> <span class='ocrx_word' id='word_1_410' title='bbox 1690 593 1762 620; x_wconf 85' lang='lat' dir='ltr'><strong>sunt</strong></span> <span class='ocrx_word' id='word_1_411' title='bbox 1771 590 1822 620; x_wconf 81' lang='lat' dir='ltr'><strong>Dei</strong></span> <span class='ocrx_word' id='word_1_412' title='bbox 1832 598 1901 628; x_wconf 77' lang='lat' dir='ltr'><strong>gra-</strong></span> 
     </span>
     <span class='ocr_line' id='line_1_66' title="bbox 1114 638 1902 676; baseline 0 -8"><span class='ocrx_word' id='word_1_413' title='bbox 1114 639 1169 675; x_wconf 86' lang='lat' dir='ltr'><strong>tia,</strong></span> <span class='ocrx_word' id='word_1_414' title='bbox 1185 641 1214 668; x_wconf 87' lang='lat' dir='ltr'><strong>et</strong></span> <span class='ocrx_word' id='word_1_415' title='bbox 1228 639 1335 668; x_wconf 84' lang='lat' dir='ltr'><strong>virtute</strong></span> <span class='ocrx_word' id='word_1_416' title='bbox 1355 641 1384 668; x_wconf 90' lang='lat' dir='ltr'><strong>et</strong></span> <span class='ocrx_word' id='word_1_417' title='bbox 1404 639 1538 676; x_wconf 85' lang='lat' dir='ltr'><strong>potentia</strong></span> <span class='ocrx_word' id='word_1_418' title='bbox 1561 638 1686 668; x_wconf 87' lang='lat' dir='ltr'><strong>maximi</strong></span> <span class='ocrx_word' id='word_1_419' title='bbox 1697 649 1706 675; x_wconf 73' lang='grc' dir='ltr'><strong><em>ς</em></strong></span> <span class='ocrx_word' id='word_1_420' title='bbox 1730 638 1786 668; x_wconf 87' lang='lat' dir='ltr'><strong>sed</strong></span> <span class='ocrx_word' id='word_1_421' title='bbox 1807 639 1902 668; x_wconf 85' lang='lat' dir='ltr'><strong>modo</strong></span> 
     </span>
     <span class='ocr_line' id='line_1_67' title="bbox 1113 685 1901 724; baseline 0.001 -10"><span class='ocrx_word' id='word_1_422' title='bbox 1113 688 1183 715; x_wconf 84' lang='lat' dir='ltr'><strong>sunt</strong></span> <span class='ocrx_word' id='word_1_423' title='bbox 1194 686 1320 721; x_wconf 90' lang='lat' dir='ltr'><strong>minimi,</strong></span> <span class='ocrx_word' id='word_1_424' title='bbox 1335 686 1422 724; x_wconf 82' lang='lat' dir='ltr'><strong>quasi</strong></span> <span class='ocrx_word' id='word_1_425' title='bbox 1436 686 1666 723; x_wconf 83' lang='lat' dir='ltr'><strong>despectissimi,</strong></span> <span class='ocrx_word' id='word_1_426' title='bbox 1681 687 1711 715; x_wconf 83' lang='lat' dir='ltr'><strong>et</strong></span> <span class='ocrx_word' id='word_1_427' title='bbox 1722 685 1811 724; x_wconf 83' lang='lat' dir='ltr'><strong>quasi</strong></span> <span class='ocrx_word' id='word_1_428' title='bbox 1824 685 1901 715; x_wconf 87' lang='lat' dir='ltr'><strong>nulli</strong></span> 
     </span>
     <span class='ocr_line' id='line_1_68' title="bbox 1114 733 1903 771; baseline 0 -9"><span class='ocrx_word' id='word_1_429' title='bbox 1114 733 1242 771; x_wconf 88' lang='lat' dir='ltr'><strong>penitus.</strong></span> <span class='ocrx_word' id='word_1_430' title='bbox 1258 734 1340 763; x_wconf 89' lang='lat' dir='ltr'><strong>Unde</strong></span> <span class='ocrx_word' id='word_1_431' title='bbox 1359 733 1468 770; x_wconf 86' lang='lat' dir='ltr'><strong>legitur</strong></span> <span class='ocrx_word' id='word_1_432' title='bbox 1482 735 1494 752; x_wconf 73' lang='lat'><em>²</em></span> <span class='ocrx_word' id='word_1_433' title='bbox 1509 743 1516 763; x_wconf 91' lang='lat'>:</span> <span class='ocrx_word' id='word_1_434' title='bbox 1535 744 1551 761; x_wconf 71' lang='grc' dir='ltr'><strong>α</strong></span> <span class='ocrx_word' id='word_1_435' title='bbox 1563 733 1668 763; x_wconf 83' lang='lat' dir='ltr'><strong>Stellas</strong></span> <span class='ocrx_word' id='word_1_436' title='bbox 1685 733 1800 763; x_wconf 82' lang='lat' dir='ltr'><strong>claudit</strong></span> <span class='ocrx_word' id='word_1_437' title='bbox 1815 733 1903 770; x_wconf 80' lang='lat' dir='ltr'><strong>quasi</strong></span> 
     </span>
     <span class='ocr_line' id='line_1_69' title="bbox 1114 780 1902 818; baseline 0 -10"><span class='ocrx_word' id='word_1_438' title='bbox 1114 780 1171 809; x_wconf 89' lang='lat' dir='ltr'><strong>sub</strong></span> <span class='ocrx_word' id='word_1_439' title='bbox 1186 781 1352 817; x_wconf 80' lang='lat' dir='ltr'><strong>signaculo.</strong></span> <span class='ocrx_word' id='word_1_440' title='bbox 1370 790 1384 807; x_wconf 77' lang='lat' dir='ltr'><strong>n</strong></span> <span class='ocrx_word' id='word_1_441' title='bbox 1400 782 1456 810; x_wconf 79' lang='lat' dir='ltr'><strong>Res</strong></span> <span class='ocrx_word' id='word_1_442' title='bbox 1469 789 1537 818; x_wconf 80' lang='lat' dir='ltr'><strong>quae</strong></span> <span class='ocrx_word' id='word_1_443' title='bbox 1553 781 1611 810; x_wconf 90' lang='lat' dir='ltr'><strong>sub</strong></span> <span class='ocrx_word' id='word_1_444' title='bbox 1625 781 1713 818; x_wconf 72' lang='lat' dir='ltr'><strong>signo</strong></span> <span class='ocrx_word' id='word_1_445' title='bbox 1735 780 1902 816; x_wconf 78' lang='lat' dir='ltr'><strong>clauditur,</strong></span> 
     </span>
     <span class='ocr_line' id='line_1_70' title="bbox 1115 827 1903 864; baseline -0.001 -8"><span class='ocrx_word' id='word_1_446' title='bbox 1115 827 1168 856; x_wconf 88' lang='lat' dir='ltr'><strong>etsi</strong></span> <span class='ocrx_word' id='word_1_447' title='bbox 1183 835 1295 864; x_wconf 80' lang='lat' dir='ltr'><strong>magna</strong></span> <span class='ocrx_word' id='word_1_448' title='bbox 1309 829 1356 863; x_wconf 89' lang='lat' dir='ltr'><strong>sit,</strong></span> <span class='ocrx_word' id='word_1_449' title='bbox 1372 835 1434 856; x_wconf 90' lang='lat' dir='ltr'><strong>non</strong></span> <span class='ocrx_word' id='word_1_450' title='bbox 1449 827 1580 857; x_wconf 85' lang='lat' dir='ltr'><strong>videtur.</strong></span> <span class='ocrx_word' id='word_1_451' title='bbox 1595 827 1673 863; x_wconf 89' lang='lat' dir='ltr'><strong>Quid</strong></span> <span class='ocrx_word' id='word_1_452' title='bbox 1689 829 1733 857; x_wconf 82' lang='lat' dir='ltr'><strong>est</strong></span> <span class='ocrx_word' id='word_1_453' title='bbox 1747 835 1819 864; x_wconf 82' lang='lat' dir='ltr'><strong>ergo</strong></span> <span class='ocrx_word' id='word_1_454' title='bbox 1834 827 1903 856; x_wconf 86' lang='lat' dir='ltr'><strong>stel-</strong></span> 
     </span>
     <span class='ocr_line' id='line_1_71' title="bbox 1114 874 1903 911; baseline -0.001 -8"><span class='ocrx_word' id='word_1_455' title='bbox 1114 874 1159 903; x_wconf 81' lang='lat' dir='ltr'><strong>las</strong></span> <span class='ocrx_word' id='word_1_456' title='bbox 1173 875 1229 903; x_wconf 92' lang='lat' dir='ltr'><strong>sub</strong></span> <span class='ocrx_word' id='word_1_457' title='bbox 1248 874 1405 911; x_wconf 81' lang='lat' dir='ltr'><strong>signaculo</strong></span> <span class='ocrx_word' id='word_1_458' title='bbox 1427 874 1585 909; x_wconf 86' lang='lat' dir='ltr'><strong>claudere,</strong></span> <span class='ocrx_word' id='word_1_459' title='bbox 1605 874 1661 902; x_wconf 93' lang='lat' dir='ltr'><strong>nisi</strong></span> <span class='ocrx_word' id='word_1_460' title='bbox 1681 874 1841 911; x_wconf 77' lang='lat' dir='ltr'><strong>Apostolos</strong></span> <span class='ocrx_word' id='word_1_461' title='bbox 1861 874 1903 903; x_wconf 87' lang='lat' dir='ltr'><strong>sic</strong></span> 
     </span>
     <span class='ocr_line' id='line_1_72' title="bbox 1114 920 1904 958; baseline 0.001 -9"><span class='ocrx_word' id='word_1_462' title='bbox 1114 921 1242 949; x_wconf 89' lang='lat' dir='ltr'><strong>humiles</strong></span> <span class='ocrx_word' id='word_1_463' title='bbox 1261 921 1340 956; x_wconf 76' lang='lat' dir='ltr'><strong>sore,</strong></span> <span class='ocrx_word' id='word_1_464' title='bbox 1362 923 1395 950; x_wconf 88' lang='lat' dir='ltr'><strong>ut</strong></span> <span class='ocrx_word' id='word_1_465' title='bbox 1419 929 1481 950; x_wconf 90' lang='lat' dir='ltr'><strong>non</strong></span> <span class='ocrx_word' id='word_1_466' title='bbox 1505 921 1664 950; x_wconf 85' lang='lat' dir='ltr'><strong>videantur</strong></span> <span class='ocrx_word' id='word_1_467' title='bbox 1687 920 1803 958; x_wconf 83' lang='lat' dir='ltr'><strong>aliquid</strong></span> <span class='ocrx_word' id='word_1_468' title='bbox 1827 923 1904 950; x_wconf 81' lang='lat' dir='ltr'><strong>exte-</strong></span> 
     </span>
     <span class='ocr_line' id='line_1_73' title="bbox 1115 968 1904 1005; baseline 0 -9"><span class='ocrx_word' id='word_1_469' title='bbox 1115 969 1177 996; x_wconf 89' lang='lat' dir='ltr'><strong>rius</strong></span> <span class='ocrx_word' id='word_1_470' title='bbox 1198 969 1284 997; x_wconf 81' lang='lat' dir='ltr'><strong>esse?</strong></span> <span class='ocrx_word' id='word_1_471' title='bbox 1304 968 1385 997; x_wconf 87' lang='lat' dir='ltr'><strong>Unde</strong></span> <span class='ocrx_word' id='word_1_472' title='bbox 1399 969 1410 985; x_wconf 76' lang='lat'><strong>⁴</strong></span> <span class='ocrx_word' id='word_1_473' title='bbox 1427 978 1434 997; x_wconf 93' lang='lat'>:</span> <span class='ocrx_word' id='word_1_474' title='bbox 1453 979 1468 995; x_wconf 70' lang='grc' dir='ltr'><strong>α</strong></span> <span class='ocrx_word' id='word_1_475' title='bbox 1483 968 1691 1005; x_wconf 80' lang='lat' dir='ltr'><strong>Spectaculum</strong></span> <span class='ocrx_word' id='word_1_476' title='bbox 1711 968 1779 997; x_wconf 79' lang='lat' dir='ltr'><strong>lacti</strong></span> <span class='ocrx_word' id='word_1_477' title='bbox 1799 976 1904 997; x_wconf 89' lang='lat' dir='ltr'><strong>sumus</strong></span> 
     </span>
     <span class='ocr_line' id='line_1_74' title="bbox 1115 1015 1904 1052; baseline 0 -8"><span class='ocrx_word' id='word_1_478' title='bbox 1115 1016 1248 1050; x_wconf 91' lang='lat' dir='ltr'><strong>mundo,</strong></span> <span class='ocrx_word' id='word_1_479' title='bbox 1269 1016 1383 1052; x_wconf 84' lang='lat' dir='ltr'><strong>augelis</strong></span> <span class='ocrx_word' id='word_1_480' title='bbox 1402 1018 1430 1044; x_wconf 89' lang='lat' dir='ltr'><strong>et</strong></span> <span class='ocrx_word' id='word_1_481' title='bbox 1449 1015 1641 1052; x_wconf 83' lang='lat' dir='ltr'><strong>hominibus;</strong></span> <span class='ocrx_word' id='word_1_482' title='bbox 1657 1026 1672 1043; x_wconf 70' lang='grc' dir='ltr'><strong>ιο</strong></span> <span class='ocrx_word' id='word_1_483' title='bbox 1688 1018 1717 1045; x_wconf 92' lang='lat' dir='ltr'><strong>et</strong></span> <span class='ocrx_word' id='word_1_484' title='bbox 1731 1017 1742 1034; x_wconf 84' lang='lat'><strong>¹</strong></span> <span class='ocrx_word' id='word_1_485' title='bbox 1759 1025 1766 1044; x_wconf 93' lang='lat'>:</span> <span class='ocrx_word' id='word_1_486' title='bbox 1785 1025 1800 1043; x_wconf 78' lang='grc' dir='ltr'>ι</span> <span class='ocrx_word' id='word_1_487' title='bbox 1819 1017 1904 1044; x_wconf 85' lang='lat' dir='ltr'><strong>Tam-</strong></span> 
     </span>
     <span class='ocr_line' id='line_1_75' title="bbox 1116 1064 1902 1100; baseline 0.001 -9"><span class='ocrx_word' id='word_1_488' title='bbox 1116 1071 1209 1100; x_wconf 86' lang='lat' dir='ltr'><strong>quam</strong></span> <span class='ocrx_word' id='word_1_489' title='bbox 1229 1066 1428 1100; x_wconf 81' lang='lat' dir='ltr'><strong>purgamenta</strong></span> <span class='ocrx_word' id='word_1_490' title='bbox 1453 1064 1542 1100; x_wconf 78' lang='lat' dir='ltr'><strong>huJus</strong></span> <span class='ocrx_word' id='word_1_491' title='bbox 1565 1064 1671 1093; x_wconf 90' lang='lat' dir='ltr'><strong>mundi</strong></span> <span class='ocrx_word' id='word_1_492' title='bbox 1693 1064 1760 1093; x_wconf 78' lang='lat' dir='ltr'><strong>tacti</strong></span> <span class='ocrx_word' id='word_1_493' title='bbox 1782 1071 1902 1099; x_wconf 87' lang='lat' dir='ltr'><strong>sumus,</strong></span> 
     </span>
     <span class='ocr_line' id='line_1_76' title="bbox 1117 1110 1902 1148; baseline 0.001 -10"><span class='ocrx_word' id='word_1_494' title='bbox 1117 1110 1254 1139; x_wconf 89' lang='lat' dir='ltr'><strong>omnium</strong></span> <span class='ocrx_word' id='word_1_495' title='bbox 1266 1111 1445 1148; x_wconf 86' lang='lat' dir='ltr'><strong>peripsema.</strong></span> <span class='ocrx_word' id='word_1_496' title='bbox 1459 1122 1473 1138; x_wconf 73' lang='lat' dir='ltr'><strong>i»</strong></span> <span class='ocrx_word' id='word_1_497' title='bbox 1493 1113 1539 1140; x_wconf 81' lang='lat' dir='ltr'><strong>Est</strong></span> <span class='ocrx_word' id='word_1_498' title='bbox 1553 1111 1633 1140; x_wconf 89' lang='lat' dir='ltr'><strong>enim</strong></span> <span class='ocrx_word' id='word_1_499' title='bbox 1647 1112 1817 1148; x_wconf 83' lang='lat' dir='ltr'><strong>peripsema</strong></span> <span class='ocrx_word' id='word_1_500' title='bbox 1830 1119 1902 1148; x_wconf 88' lang='lat' dir='ltr'><strong>pur-</strong></span> 
     </span>
     <span class='ocr_line' id='line_1_77' title="bbox 1118 1157 1902 1195; baseline 0.003 -10"><span class='ocrx_word' id='word_1_501' title='bbox 1118 1159 1223 1193; x_wconf 79' lang='lat' dir='ltr'><strong>gatura</strong></span> <span class='ocrx_word' id='word_1_502' title='bbox 1237 1157 1320 1193; x_wconf 94' lang='lat' dir='ltr'><strong>pomi</strong></span> <span class='ocrx_word' id='word_1_503' title='bbox 1330 1178 1339 1192; x_wconf 93' lang='lat'><strong>,</strong></span> <span class='ocrx_word' id='word_1_504' title='bbox 1355 1158 1417 1186; x_wconf 89' lang='lat' dir='ltr'><strong>sive</strong></span> <span class='ocrx_word' id='word_1_505' title='bbox 1432 1157 1572 1187; x_wconf 88' lang='lat' dir='ltr'><strong>limatura</strong></span> <span class='ocrx_word' id='word_1_506' title='bbox 1584 1157 1664 1187; x_wconf 76' lang='lat' dir='ltr'><strong>terri.</strong></span> <span class='ocrx_word' id='word_1_507' title='bbox 1687 1160 1734 1187; x_wconf 77' lang='lat' dir='ltr'><strong>Est</strong></span> <span class='ocrx_word' id='word_1_508' title='bbox 1747 1167 1821 1195; x_wconf 80' lang='lat' dir='ltr'><strong>ergo</strong></span> <span class='ocrx_word' id='word_1_509' title='bbox 1835 1166 1902 1187; x_wconf 91' lang='lat' dir='ltr'><strong>sen-</strong></span> 
     </span>
     <span class='ocr_line' id='line_1_78' title="bbox 1117 1204 1903 1242; baseline 0.004 -10"><span class='ocrx_word' id='word_1_510' title='bbox 1117 1212 1167 1233; x_wconf 89' lang='lat' dir='ltr'><strong>sus</strong></span> <span class='ocrx_word' id='word_1_511' title='bbox 1181 1204 1264 1232; x_wconf 78' lang='lat' dir='ltr'><strong>verbi</strong></span> <span class='ocrx_word' id='word_1_512' title='bbox 1281 1205 1323 1233; x_wconf 87' lang='lat' dir='ltr'><strong>sic</strong></span> <span class='ocrx_word' id='word_1_513' title='bbox 1339 1215 1346 1233; x_wconf 91' lang='lat'>:</span> <span class='ocrx_word' id='word_1_514' title='bbox 1362 1205 1441 1234; x_wconf 87' lang='lat' dir='ltr'><strong>Sicut</strong></span> <span class='ocrx_word' id='word_1_515' title='bbox 1456 1206 1539 1242; x_wconf 87' lang='lat' dir='ltr'><strong>pomi</strong></span> <span class='ocrx_word' id='word_1_516' title='bbox 1551 1209 1715 1242; x_wconf 83' lang='lat' dir='ltr'><strong>purgatura</strong></span> <span class='ocrx_word' id='word_1_517' title='bbox 1730 1208 1774 1235; x_wconf 90' lang='lat' dir='ltr'><strong>est</strong></span> <span class='ocrx_word' id='word_1_518' title='bbox 1787 1214 1834 1235; x_wconf 85' lang='lat' dir='ltr'><strong>res</strong></span> <span class='ocrx_word' id='word_1_519' title='bbox 1847 1206 1903 1235; x_wconf 86' lang='lat' dir='ltr'><strong>ab·</strong></span> 
     </span>
     <span class='ocr_line' id='line_1_79' title="bbox 1114 1251 1904 1290; baseline 0.003 -11"><span class='ocrx_word' id='word_1_520' title='bbox 1114 1251 1208 1286; x_wconf 74' lang='lat' dir='ltr'><strong>Jecta,</strong></span> <span class='ocrx_word' id='word_1_521' title='bbox 1224 1252 1335 1280; x_wconf 88' lang='lat' dir='ltr'><strong>cunctis</strong></span> <span class='ocrx_word' id='word_1_522' title='bbox 1355 1252 1514 1288; x_wconf 86' lang='lat' dir='ltr'><strong>vilissima,</strong></span> <span class='ocrx_word' id='word_1_523' title='bbox 1531 1253 1690 1290; x_wconf 87' lang='lat' dir='ltr'><strong>porcisque</strong></span> <span class='ocrx_word' id='word_1_524' title='bbox 1710 1255 1827 1282; x_wconf 82' lang='lat' dir='ltr'><strong>servata</strong></span> <span class='ocrx_word' id='word_1_525' title='bbox 1837 1262 1846 1289; x_wconf 70' lang='grc' dir='ltr'><strong><em>ς</em></strong></span> <span class='ocrx_word' id='word_1_526' title='bbox 1861 1253 1904 1281; x_wconf 85' lang='lat' dir='ltr'><strong>sic</strong></span> 
     </span>
     <span class='ocr_line' id='line_1_80' title="bbox 1118 1299 1903 1337; baseline 0.003 -11"><span class='ocrx_word' id='word_1_527' title='bbox 1118 1306 1174 1326; x_wconf 89' lang='lat' dir='ltr'><strong>nos</strong></span> <span class='ocrx_word' id='word_1_528' title='bbox 1189 1299 1301 1327; x_wconf 89' lang='lat' dir='ltr'><strong>cunctis</strong></span> <span class='ocrx_word' id='word_1_529' title='bbox 1315 1299 1452 1327; x_wconf 80' lang='lat' dir='ltr'><strong>vilissimi</strong></span> <span class='ocrx_word' id='word_1_530' title='bbox 1467 1308 1665 1336; x_wconf 81' lang='lat' dir='ltr'><strong>apparemus,</strong></span> <span class='ocrx_word' id='word_1_531' title='bbox 1687 1301 1760 1337; x_wconf 87' lang='lat' dir='ltr'><strong>quia</strong></span> <span class='ocrx_word' id='word_1_532' title='bbox 1782 1299 1903 1329; x_wconf 90' lang='lat' dir='ltr'><strong>humili-</strong></span> 
     </span>
     <span class='ocr_line' id='line_1_81' title="bbox 1119 1345 1904 1384; baseline 0.004 -12"><span class='ocrx_word' id='word_1_533' title='bbox 1119 1347 1162 1373; x_wconf 92' lang='lat' dir='ltr'><strong>ter</strong></span> <span class='ocrx_word' id='word_1_534' title='bbox 1185 1345 1324 1374; x_wconf 69' lang='lat' dir='ltr'><strong>vivimus</strong></span> <span class='ocrx_word' id='word_1_535' title='bbox 1351 1347 1433 1375; x_wconf 81' lang='lat' dir='ltr'><strong>Luna</strong></span> <span class='ocrx_word' id='word_1_536' title='bbox 1455 1347 1555 1382; x_wconf 88' lang='lat' dir='ltr'><strong>enim,</strong></span> <span class='ocrx_word' id='word_1_537' title='bbox 1580 1347 1705 1384; x_wconf 88' lang='lat' dir='ltr'><strong>quando</strong></span> <span class='ocrx_word' id='word_1_538' title='bbox 1730 1350 1773 1376; x_wconf 82' lang='lat' dir='ltr'><strong>est</strong></span> <span class='ocrx_word' id='word_1_539' title='bbox 1801 1355 1904 1375; x_wconf 83' lang='lat' dir='ltr'><strong>versus</strong></span> 
     </span>
     <span class='ocr_line' id='line_1_82' title="bbox 1119 1392 1904 1430; baseline 0.004 -10"><span class='ocrx_word' id='word_1_540' title='bbox 1119 1392 1268 1421; x_wconf 89' lang='lat' dir='ltr'><strong>mundum</strong></span> <span class='ocrx_word' id='word_1_541' title='bbox 1280 1414 1289 1427; x_wconf 93' lang='lat'><em>‚</em></span> <span class='ocrx_word' id='word_1_542' title='bbox 1317 1396 1360 1422; x_wconf 88' lang='lat' dir='ltr'><strong>est</strong></span> <span class='ocrx_word' id='word_1_543' title='bbox 1385 1396 1446 1422; x_wconf 85' lang='lat' dir='ltr'><strong>tota</strong></span> <span class='ocrx_word' id='word_1_544' title='bbox 1473 1394 1621 1430; x_wconf 89' lang='lat' dir='ltr'><strong>obscura,</strong></span> <span class='ocrx_word' id='word_1_545' title='bbox 1648 1396 1677 1423; x_wconf 87' lang='lat' dir='ltr'><strong>et</strong></span> <span class='ocrx_word' id='word_1_546' title='bbox 1705 1394 1813 1423; x_wconf 85' lang='lat' dir='ltr'><strong>dicitur</strong></span> <span class='ocrx_word' id='word_1_547' title='bbox 1841 1402 1904 1423; x_wconf 85' lang='lat' dir='ltr'><strong>esse</strong></span> 
     </span>
     <span class='ocr_line' id='line_1_83' title="bbox 1120 1439 1904 1474; baseline 0.003 -7"><span class='ocrx_word' id='word_1_548' title='bbox 1120 1439 1221 1474; x_wconf 83' lang='lat' dir='ltr'><strong>nulla;</strong></span> <span class='ocrx_word' id='word_1_549' title='bbox 1238 1442 1266 1467; x_wconf 86' lang='lat' dir='ltr'><strong>et</strong></span> <span class='ocrx_word' id='word_1_550' title='bbox 1281 1443 1350 1468; x_wconf 88' lang='lat' dir='ltr'><strong>tunc</strong></span> <span class='ocrx_word' id='word_1_551' title='bbox 1364 1449 1467 1469; x_wconf 84' lang='lat' dir='ltr'><strong>versus</strong></span> <span class='ocrx_word' id='word_1_552' title='bbox 1481 1441 1591 1470; x_wconf 84' lang='lat' dir='ltr'><strong>coelum</strong></span> <span class='ocrx_word' id='word_1_553' title='bbox 1606 1444 1667 1470; x_wconf 82' lang='lat' dir='ltr'><strong>tota</strong></span> <span class='ocrx_word' id='word_1_554' title='bbox 1682 1444 1725 1470; x_wconf 83' lang='lat' dir='ltr'><strong>est</strong></span> <span class='ocrx_word' id='word_1_555' title='bbox 1744 1441 1904 1470; x_wconf 87' lang='lat' dir='ltr'><strong>luminosa.</strong></span> 
     </span>
     <span class='ocr_line' id='line_1_84' title="bbox 1121 1487 1906 1524; baseline 0.001 -9"><span class='ocrx_word' id='word_1_556' title='bbox 1121 1488 1152 1515; x_wconf 84' lang='lat' dir='ltr'><strong>Et</strong></span> <span class='ocrx_word' id='word_1_557' title='bbox 1174 1494 1190 1514; x_wconf 89' lang='lat' dir='ltr'><strong>e</strong></span> <span class='ocrx_word' id='word_1_558' title='bbox 1214 1494 1377 1522; x_wconf 79' lang='lat' dir='ltr'><strong>converso,</strong></span> <span class='ocrx_word' id='word_1_559' title='bbox 1402 1487 1526 1524; x_wconf 88' lang='lat' dir='ltr'><strong>quando</strong></span> <span class='ocrx_word' id='word_1_560' title='bbox 1550 1496 1654 1516; x_wconf 81' lang='lat' dir='ltr'><strong>versus</strong></span> <span class='ocrx_word' id='word_1_561' title='bbox 1677 1487 1825 1516; x_wconf 90' lang='lat' dir='ltr'><strong>mundum</strong></span> <span class='ocrx_word' id='word_1_562' title='bbox 1844 1490 1906 1516; x_wconf 82' lang='lat' dir='ltr'><strong>tota</strong></span> 
     </span>
     <span class='ocr_line' id='line_1_85' title="bbox 1121 1533 1906 1569; baseline 0.003 -8"><span class='ocrx_word' id='word_1_563' title='bbox 1121 1536 1163 1561; x_wconf 89' lang='lat' dir='ltr'><strong>est</strong></span> <span class='ocrx_word' id='word_1_564' title='bbox 1183 1533 1350 1569; x_wconf 86' lang='lat' dir='ltr'><strong>luminosa,</strong></span> <span class='ocrx_word' id='word_1_565' title='bbox 1373 1537 1442 1563; x_wconf 88' lang='lat' dir='ltr'><strong>tunc</strong></span> <span class='ocrx_word' id='word_1_566' title='bbox 1461 1543 1564 1564; x_wconf 87' lang='lat' dir='ltr'><strong>versus</strong></span> <span class='ocrx_word' id='word_1_567' title='bbox 1585 1535 1694 1564; x_wconf 86' lang='lat' dir='ltr'><strong>coelum</strong></span> <span class='ocrx_word' id='word_1_568' title='bbox 1714 1537 1757 1563; x_wconf 86' lang='lat' dir='ltr'><strong>est</strong></span> <span class='ocrx_word' id='word_1_569' title='bbox 1778 1535 1906 1564; x_wconf 87' lang='lat' dir='ltr'><strong>obscura</strong></span> 
     </span>
     <span class='ocr_line' id='line_1_86' title="bbox 1123 1581 1906 1618; baseline 0.004 -10"><span class='ocrx_word' id='word_1_570' title='bbox 1123 1583 1192 1608; x_wconf 85' lang='lat' dir='ltr'><strong>tota.</strong></span> <span class='ocrx_word' id='word_1_571' title='bbox 1208 1582 1254 1616; x_wconf 81' lang='lat' dir='ltr'><strong>Et,</strong></span> <span class='ocrx_word' id='word_1_572' title='bbox 1270 1581 1436 1609; x_wconf 85' lang='lat' dir='ltr'><strong>secundum</strong></span> <span class='ocrx_word' id='word_1_573' title='bbox 1451 1582 1534 1618; x_wconf 90' lang='lat' dir='ltr'><strong>quod</strong></span> <span class='ocrx_word' id='word_1_574' title='bbox 1550 1583 1663 1618; x_wconf 80' lang='lat' dir='ltr'><strong>magis,</strong></span> <span class='ocrx_word' id='word_1_575' title='bbox 1680 1582 1727 1610; x_wconf 77' lang='lat' dir='ltr'><strong>vel</strong></span> <span class='ocrx_word' id='word_1_576' title='bbox 1742 1583 1842 1611; x_wconf 86' lang='lat' dir='ltr'><strong>minus</strong></span> <span class='ocrx_word' id='word_1_577' title='bbox 1860 1591 1906 1611; x_wconf 90' lang='lat' dir='ltr'><strong>re-</strong></span> 
     </span>
     <span class='ocr_line' id='line_1_87' title="bbox 1123 1628 1907 1666; baseline 0.004 -11"><span class='ocrx_word' id='word_1_578' title='bbox 1123 1628 1202 1656; x_wconf 90' lang='lat' dir='ltr'><strong>cedit</strong></span> <span class='ocrx_word' id='word_1_579' title='bbox 1226 1637 1243 1656; x_wconf 83' lang='lat' dir='ltr'><strong>a</strong></span> <span class='ocrx_word' id='word_1_580' title='bbox 1267 1629 1348 1663; x_wconf 84' lang='lat' dir='ltr'><strong>sote,</strong></span> <span class='ocrx_word' id='word_1_581' title='bbox 1374 1629 1541 1657; x_wconf 88' lang='lat' dir='ltr'><strong>secundum</strong></span> <span class='ocrx_word' id='word_1_582' title='bbox 1562 1629 1619 1657; x_wconf 88' lang='lat' dir='ltr'><strong>hoc</strong></span> <span class='ocrx_word' id='word_1_583' title='bbox 1643 1628 1681 1657; x_wconf 94' lang='lat' dir='ltr'><strong>de</strong></span> <span class='ocrx_word' id='word_1_584' title='bbox 1704 1629 1817 1658; x_wconf 90' lang='lat' dir='ltr'><strong>lumine</strong></span> <span class='ocrx_word' id='word_1_585' title='bbox 1841 1629 1907 1666; x_wconf 79' lang='lat' dir='ltr'><strong>ipsu</strong></span> 
     </span>
     <span class='ocr_line' id='line_1_88' title="bbox 1122 1675 1905 1712; baseline 0.003 -9"><span class='ocrx_word' id='word_1_586' title='bbox 1122 1675 1230 1711; x_wconf 84' lang='lat' dir='ltr'><strong>perdit.</strong></span> <span class='ocrx_word' id='word_1_587' title='bbox 1247 1677 1310 1703; x_wconf 75' lang='lat' dir='ltr'><strong>Non</strong></span> <span class='ocrx_word' id='word_1_588' title='bbox 1328 1676 1408 1704; x_wconf 81' lang='lat' dir='ltr'><strong>enim</strong></span> <span class='ocrx_word' id='word_1_589' title='bbox 1430 1684 1590 1712; x_wconf 89' lang='lat' dir='ltr'><strong>possumus</strong></span> <span class='ocrx_word' id='word_1_590' title='bbox 1609 1676 1640 1704; x_wconf 92' lang='lat' dir='ltr'><strong>in</strong></span> <span class='ocrx_word' id='word_1_591' title='bbox 1662 1676 1776 1705; x_wconf 89' lang='lat' dir='ltr'><strong>mundo</strong></span> <span class='ocrx_word' id='word_1_592' title='bbox 1799 1677 1905 1712; x_wconf 82' lang='lat' dir='ltr'><strong>simul,</strong></span> 
     </span>
     <span class='ocr_line' id='line_1_89' title="bbox 1123 1722 1906 1760; baseline 0.003 -10"><span class='ocrx_word' id='word_1_593' title='bbox 1123 1725 1150 1750; x_wconf 93' lang='lat' dir='ltr'><strong>et</strong></span> <span class='ocrx_word' id='word_1_594' title='bbox 1165 1722 1194 1750; x_wconf 93' lang='lat' dir='ltr'><strong>in</strong></span> <span class='ocrx_word' id='word_1_595' title='bbox 1209 1722 1285 1750; x_wconf 77' lang='lat' dir='ltr'><strong>coelo</strong></span> <span class='ocrx_word' id='word_1_596' title='bbox 1300 1722 1441 1751; x_wconf 89' lang='lat' dir='ltr'><strong>luminosi</strong></span> <span class='ocrx_word' id='word_1_597' title='bbox 1463 1731 1535 1751; x_wconf 84' lang='lat' dir='ltr'><strong>esse.</strong></span> <span class='ocrx_word' id='word_1_598' title='bbox 1557 1723 1637 1751; x_wconf 89' lang='lat' dir='ltr'><strong>Unde</strong></span> <span class='ocrx_word' id='word_1_599' title='bbox 1659 1724 1857 1760; x_wconf 77' lang='lat' dir='ltr'><strong>Hieronymus</strong></span> <span class='ocrx_word' id='word_1_600' title='bbox 1871 1725 1882 1741; x_wconf 82' lang='lat'>⁸</span> <span class='ocrx_word' id='word_1_601' title='bbox 1899 1733 1906 1752; x_wconf 91' lang='lat'><strong>:</strong></span> 
     </span>
     <span class='ocr_line' id='line_1_90' title="bbox 1127 1769 1905 1808; baseline 0.004 -12"><span class='ocrx_word' id='word_1_602' title='bbox 1127 1780 1140 1795; x_wconf 83' lang='grc' dir='ltr'>α</span> <span class='ocrx_word' id='word_1_603' title='bbox 1156 1769 1287 1804; x_wconf 79' lang='lat' dir='ltr'><strong>Difficile,</strong></span> <span class='ocrx_word' id='word_1_604' title='bbox 1303 1769 1364 1798; x_wconf 89' lang='lat' dir='ltr'><strong>imo</strong></span> <span class='ocrx_word' id='word_1_605' title='bbox 1381 1770 1566 1806; x_wconf 84' lang='lat' dir='ltr'><strong>impossibile</strong></span> <span class='ocrx_word' id='word_1_606' title='bbox 1582 1773 1639 1805; x_wconf 72' lang='lat' dir='ltr'><strong>est,</strong></span> <span class='ocrx_word' id='word_1_607' title='bbox 1656 1773 1689 1798; x_wconf 90' lang='lat' dir='ltr'><strong>ut</strong></span> <span class='ocrx_word' id='word_1_608' title='bbox 1703 1771 1812 1808; x_wconf 86' lang='lat' dir='ltr'><strong>aliquis</strong></span> <span class='ocrx_word' id='word_1_609' title='bbox 1825 1771 1905 1799; x_wconf 81' lang='lat' dir='ltr'><strong>t&#39;rua-</strong></span> 
     </span>
     <span class='ocr_line' id='line_1_91' title="bbox 1123 1817 1909 1853; baseline 0.003 -9"><span class='ocrx_word' id='word_1_610' title='bbox 1123 1819 1170 1844; x_wconf 90' lang='lat' dir='ltr'><strong>tur</strong></span> <span class='ocrx_word' id='word_1_611' title='bbox 1185 1817 1273 1845; x_wconf 78' lang='lat' dir='ltr'><strong>bonis</strong></span> <span class='ocrx_word' id='word_1_612' title='bbox 1288 1817 1501 1853; x_wconf 72' lang='lat' dir='ltr'><strong>praesentibus,</strong></span> <span class='ocrx_word' id='word_1_613' title='bbox 1523 1819 1551 1845; x_wconf 88' lang='lat' dir='ltr'><strong>et</strong></span> <span class='ocrx_word' id='word_1_614' title='bbox 1575 1817 1696 1852; x_wconf 78' lang='lat' dir='ltr'><strong>suturis,</strong></span> <span class='ocrx_word' id='word_1_615' title='bbox 1720 1820 1748 1846; x_wconf 85' lang='lat' dir='ltr'><strong>et</strong></span> <span class='ocrx_word' id='word_1_616' title='bbox 1767 1818 1814 1846; x_wconf 84' lang='lat' dir='ltr'><strong>hic</strong></span> <span class='ocrx_word' id='word_1_617' title='bbox 1839 1826 1909 1846; x_wconf 83' lang='lat' dir='ltr'><strong>ven-</strong></span> 
     </span>
     <span class='ocr_line' id='line_1_92' title="bbox 1124 1863 1907 1900; baseline 0.004 -10"><span class='ocrx_word' id='word_1_618' title='bbox 1124 1866 1212 1897; x_wconf 88' lang='lat' dir='ltr'><strong>trem,</strong></span> <span class='ocrx_word' id='word_1_619' title='bbox 1228 1863 1288 1891; x_wconf 89' lang='lat' dir='ltr'><strong>illic</strong></span> <span class='ocrx_word' id='word_1_620' title='bbox 1311 1866 1440 1891; x_wconf 86' lang='lat' dir='ltr'><strong>mentem</strong></span> <span class='ocrx_word' id='word_1_621' title='bbox 1465 1863 1596 1900; x_wconf 87' lang='lat' dir='ltr'><strong>repleat,</strong></span> <span class='ocrx_word' id='word_1_622' title='bbox 1619 1867 1651 1892; x_wconf 94' lang='lat' dir='ltr'><strong>ut</strong></span> <span class='ocrx_word' id='word_1_623' title='bbox 1672 1865 1710 1893; x_wconf 88' lang='lat' dir='ltr'><strong>de</strong></span> <span class='ocrx_word' id='word_1_624' title='bbox 1731 1864 1845 1893; x_wconf 87' lang='lat' dir='ltr'><strong>deliciis</strong></span> <span class='ocrx_word' id='word_1_625' title='bbox 1868 1865 1907 1893; x_wconf 87' lang='lat' dir='ltr'><strong>ad</strong></span> 
     </span>
     <span class='ocr_line' id='line_1_93' title="bbox 1125 1911 1910 1949; baseline 0.003 -10"><span class='ocrx_word' id='word_1_626' title='bbox 1125 1911 1247 1939; x_wconf 82' lang='lat' dir='ltr'><strong>delicias</strong></span> <span class='ocrx_word' id='word_1_627' title='bbox 1263 1913 1406 1946; x_wconf 79' lang='lat' dir='ltr'><strong>transeat,</strong></span> <span class='ocrx_word' id='word_1_628' title='bbox 1421 1911 1451 1939; x_wconf 89' lang='lat' dir='ltr'><strong>in</strong></span> <span class='ocrx_word' id='word_1_629' title='bbox 1468 1911 1543 1939; x_wconf 85' lang='lat' dir='ltr'><strong>coelo</strong></span> <span class='ocrx_word' id='word_1_630' title='bbox 1566 1913 1595 1939; x_wconf 94' lang='lat' dir='ltr'><strong>et</strong></span> <span class='ocrx_word' id='word_1_631' title='bbox 1619 1912 1649 1939; x_wconf 90' lang='lat' dir='ltr'><strong>in</strong></span> <span class='ocrx_word' id='word_1_632' title='bbox 1668 1914 1746 1940; x_wconf 86' lang='lat' dir='ltr'><strong>terra</strong></span> <span class='ocrx_word' id='word_1_633' title='bbox 1767 1915 1910 1949; x_wconf 83' lang='lat' dir='ltr'><strong>appareat</strong></span> 
     </span>
     <span class='ocr_line' id='line_1_94' title="bbox 1125 1957 1909 1994; baseline 0.003 -8"><span class='ocrx_word' id='word_1_634' title='bbox 1125 1958 1283 1994; x_wconf 77' lang='lat' dir='ltr'><strong>gloriosus.</strong></span> <span class='ocrx_word' id='word_1_635' title='bbox 1302 1969 1316 1984; x_wconf 71' lang='lat' dir='ltr'><strong>i»</strong></span> <span class='ocrx_word' id='word_1_636' title='bbox 1335 1958 1362 1986; x_wconf 84' lang='lat' dir='ltr'><strong>si</strong></span> <span class='ocrx_word' id='word_1_637' title='bbox 1385 1966 1457 1993; x_wconf 81' lang='lat' dir='ltr'><strong>ergo</strong></span> <span class='ocrx_word' id='word_1_638' title='bbox 1479 1957 1601 1993; x_wconf 86' lang='lat' dir='ltr'><strong>gloriosi</strong></span> <span class='ocrx_word' id='word_1_639' title='bbox 1621 1958 1760 1987; x_wconf 77' lang='lat' dir='ltr'><strong>volumus</strong></span> <span class='ocrx_word' id='word_1_640' title='bbox 1782 1967 1860 1994; x_wconf 85' lang='lat' dir='ltr'><strong>esse,</strong></span> <span class='ocrx_word' id='word_1_641' title='bbox 1881 1963 1909 1988; x_wconf 91' lang='lat' dir='ltr'><strong>et</strong></span> 
     </span>
     <span class='ocr_line' id='line_1_95' title="bbox 1126 2004 1910 2039; baseline 0.003 -6"><span class='ocrx_word' id='word_1_642' title='bbox 1126 2005 1267 2033; x_wconf 72' lang='lat' dir='ltr'><strong>volumus</strong></span> <span class='ocrx_word' id='word_1_643' title='bbox 1282 2013 1399 2033; x_wconf 83' lang='lat' dir='ltr'><strong>sursum</strong></span> <span class='ocrx_word' id='word_1_644' title='bbox 1421 2005 1596 2039; x_wconf 82' lang='lat' dir='ltr'><strong>ascendere,</strong></span> <span class='ocrx_word' id='word_1_645' title='bbox 1620 2004 1770 2034; x_wconf 82' lang='lat' dir='ltr'><strong>discamus</strong></span> <span class='ocrx_word' id='word_1_646' title='bbox 1785 2014 1841 2034; x_wconf 91' lang='lat' dir='ltr'><strong>nos</strong></span> <span class='ocrx_word' id='word_1_647' title='bbox 1854 2006 1910 2035; x_wconf 86' lang='lat' dir='ltr'><strong>hu-</strong></span> 
     </span>
     <span class='ocr_line' id='line_1_96' title="bbox 1127 2051 1909 2089; baseline 0.004 -9"><span class='ocrx_word' id='word_1_648' title='bbox 1127 2052 1252 2080; x_wconf 89' lang='lat' dir='ltr'><strong>miliare.</strong></span> <span class='ocrx_word' id='word_1_649' title='bbox 1271 2053 1342 2079; x_wconf 73' lang='lat' dir='ltr'><strong>Nam</strong></span> <span class='ocrx_word' id='word_1_650' title='bbox 1363 2051 1496 2079; x_wconf 88' lang='lat' dir='ltr'><strong>naturale</strong></span> <span class='ocrx_word' id='word_1_651' title='bbox 1511 2054 1553 2079; x_wconf 89' lang='lat' dir='ltr'><strong>est</strong></span> <span class='ocrx_word' id='word_1_652' title='bbox 1565 2060 1666 2088; x_wconf 70' lang='lat' dir='ltr'><strong>aqum,</strong></span> <span class='ocrx_word' id='word_1_653' title='bbox 1681 2053 1780 2088; x_wconf 87' lang='lat' dir='ltr'><strong>quod,</strong></span> <span class='ocrx_word' id='word_1_654' title='bbox 1797 2057 1909 2089; x_wconf 80' lang='lat' dir='ltr'><strong>quanto</strong></span> 
     </span>
     <span class='ocr_line' id='line_1_97' title="bbox 1127 2098 1910 2137; baseline 0.004 -11"><span class='ocrx_word' id='word_1_655' title='bbox 1127 2100 1166 2127; x_wconf 81' lang='lat' dir='ltr'><strong>ab</strong></span> <span class='ocrx_word' id='word_1_656' title='bbox 1181 2099 1241 2126; x_wconf 93' lang='lat' dir='ltr'><strong>alto</strong></span> <span class='ocrx_word' id='word_1_657' title='bbox 1257 2098 1367 2126; x_wconf 81' lang='lat' dir='ltr'><strong>eximio</strong></span> <span class='ocrx_word' id='word_1_658' title='bbox 1385 2101 1485 2126; x_wconf 84' lang='lat' dir='ltr'><strong>monte</strong></span> <span class='ocrx_word' id='word_1_659' title='bbox 1500 2098 1669 2134; x_wconf 81' lang='lat' dir='ltr'><strong>descendit,</strong></span> <span class='ocrx_word' id='word_1_660' title='bbox 1687 2102 1767 2128; x_wconf 90' lang='lat' dir='ltr'><strong>tanto</strong></span> <span class='ocrx_word' id='word_1_661' title='bbox 1782 2100 1811 2128; x_wconf 93' lang='lat' dir='ltr'><strong>in</strong></span> <span class='ocrx_word' id='word_1_662' title='bbox 1827 2103 1910 2137; x_wconf 84' lang='lat' dir='ltr'><strong>parte</strong></span> 
     </span>
     <span class='ocr_line' id='line_1_98' title="bbox 1128 2145 1911 2183; baseline 0.004 -10"><span class='ocrx_word' id='word_1_663' title='bbox 1128 2146 1276 2173; x_wconf 81' lang='lat' dir='ltr'><strong>contraria</strong></span> <span class='ocrx_word' id='word_1_664' title='bbox 1291 2153 1407 2173; x_wconf 82' lang='lat' dir='ltr'><strong>sursum</strong></span> <span class='ocrx_word' id='word_1_665' title='bbox 1424 2145 1525 2173; x_wconf 88' lang='lat' dir='ltr'><strong>tendit.</strong></span> <span class='ocrx_word' id='word_1_666' title='bbox 1543 2147 1615 2173; x_wconf 83' lang='lat' dir='ltr'><strong>Nam</strong></span> <span class='ocrx_word' id='word_1_667' title='bbox 1633 2153 1722 2174; x_wconf 91' lang='lat' dir='ltr'><strong>omne</strong></span> <span class='ocrx_word' id='word_1_668' title='bbox 1745 2147 1828 2183; x_wconf 91' lang='lat' dir='ltr'><strong>quod</strong></span> <span class='ocrx_word' id='word_1_669' title='bbox 1844 2156 1911 2176; x_wconf 84' lang='lat' dir='ltr'><strong>mo·</strong></span> 
     </span>
     <span class='ocr_line' id='line_1_99' title="bbox 1129 2192 1910 2230; baseline 0.003 -10"><span class='ocrx_word' id='word_1_670' title='bbox 1129 2195 1230 2227; x_wconf 77' lang='lat' dir='ltr'><strong>vetur,</strong></span> <span class='ocrx_word' id='word_1_671' title='bbox 1255 2195 1391 2220; x_wconf 86' lang='lat' dir='ltr'><strong>movetur</strong></span> <span class='ocrx_word' id='word_1_672' title='bbox 1415 2200 1433 2219; x_wconf 84' lang='lat' dir='ltr'><strong>a</strong></span> <span class='ocrx_word' id='word_1_673' title='bbox 1457 2192 1615 2220; x_wconf 86' lang='lat' dir='ltr'><strong>contrario.</strong></span> <span class='ocrx_word' id='word_1_674' title='bbox 1647 2193 1728 2221; x_wconf 88' lang='lat' dir='ltr'><strong>Unde</strong></span> <span class='ocrx_word' id='word_1_675' title='bbox 1757 2194 1841 2230; x_wconf 83' lang='lat' dir='ltr'><strong>quod</strong></span> <span class='ocrx_word' id='word_1_676' title='bbox 1871 2194 1910 2222; x_wconf 88' lang='lat' dir='ltr'><strong>ab</strong></span> 
     </span>
     <span class='ocr_line' id='line_1_100' title="bbox 1128 2238 1911 2273; baseline 0.004 -6"><span class='ocrx_word' id='word_1_677' title='bbox 1128 2240 1241 2267; x_wconf 81' lang='lat' dir='ltr'><strong>oriente</strong></span> <span class='ocrx_word' id='word_1_678' title='bbox 1263 2238 1391 2273; x_wconf 82' lang='lat' dir='ltr'><strong>recedit,</strong></span> <span class='ocrx_word' id='word_1_679' title='bbox 1405 2239 1571 2267; x_wconf 85' lang='lat' dir='ltr'><strong>necessario</strong></span> <span class='ocrx_word' id='word_1_680' title='bbox 1598 2248 1699 2268; x_wconf 82' lang='lat' dir='ltr'><strong>versus</strong></span> <span class='ocrx_word' id='word_1_681' title='bbox 1725 2241 1911 2269; x_wconf 85' lang='lat' dir='ltr'><strong>occidentem</strong></span> 
     </span>
     <span class='ocr_line' id='line_1_101' title="bbox 1129 2286 1912 2322; baseline 0.004 -9"><span class='ocrx_word' id='word_1_682' title='bbox 1129 2286 1259 2320; x_wconf 85' lang='lat' dir='ltr'><strong>accedit;</strong></span> <span class='ocrx_word' id='word_1_683' title='bbox 1276 2288 1304 2313; x_wconf 86' lang='lat' dir='ltr'><strong>et</strong></span> <span class='ocrx_word' id='word_1_684' title='bbox 1320 2294 1386 2322; x_wconf 81' lang='lat' dir='ltr'><strong>quae</strong></span> <span class='ocrx_word' id='word_1_685' title='bbox 1401 2294 1418 2313; x_wconf 88' lang='lat' dir='ltr'><strong>a</strong></span> <span class='ocrx_word' id='word_1_686' title='bbox 1434 2288 1511 2314; x_wconf 86' lang='lat' dir='ltr'><strong>terra</strong></span> <span class='ocrx_word' id='word_1_687' title='bbox 1524 2294 1553 2313; x_wconf 84' lang='lat' dir='ltr'><strong>se</strong></span> <span class='ocrx_word' id='word_1_688' title='bbox 1570 2286 1707 2322; x_wconf 81' lang='lat' dir='ltr'><strong>elongat,</strong></span> <span class='ocrx_word' id='word_1_689' title='bbox 1722 2287 1794 2316; x_wconf 80' lang='lat' dir='ltr'><strong>coelo</strong></span> <span class='ocrx_word' id='word_1_690' title='bbox 1812 2296 1912 2316; x_wconf 87' lang='lat' dir='ltr'><strong>neces-</strong></span> 
     </span>
     <span class='ocr_line' id='line_1_102' title="bbox 1129 2333 1912 2369; baseline 0.004 -9"><span class='ocrx_word' id='word_1_691' title='bbox 1129 2333 1207 2360; x_wconf 81' lang='lat' dir='ltr'><strong>sario</strong></span> <span class='ocrx_word' id='word_1_692' title='bbox 1223 2333 1461 2368; x_wconf 83' lang='lat' dir='ltr'><strong>appropinquat,</strong></span> <span class='ocrx_word' id='word_1_693' title='bbox 1479 2333 1549 2369; x_wconf 80' lang='lat' dir='ltr'><strong>quia</strong></span> <span class='ocrx_word' id='word_1_694' title='bbox 1564 2335 1642 2362; x_wconf 86' lang='lat' dir='ltr'><strong>terra</strong></span> <span class='ocrx_word' id='word_1_695' title='bbox 1657 2342 1675 2362; x_wconf 89' lang='lat' dir='ltr'><strong>a</strong></span> <span class='ocrx_word' id='word_1_696' title='bbox 1698 2334 1774 2362; x_wconf 87' lang='lat' dir='ltr'><strong>coelo</strong></span> <span class='ocrx_word' id='word_1_697' title='bbox 1796 2343 1912 2363; x_wconf 88' lang='lat' dir='ltr'><strong>summe</strong></span> 
     </span>
     <span class='ocr_line' id='line_1_103' title="bbox 1130 2379 1913 2416; baseline 0.004 -9"><span class='ocrx_word' id='word_1_698' title='bbox 1130 2380 1228 2407; x_wconf 53' lang='lat' dir='ltr'><strong>distat.</strong></span> <span class='ocrx_word' id='word_1_699' title='bbox 1245 2379 1301 2407; x_wconf 79' lang='lat' dir='ltr'><strong>Sed</strong></span> <span class='ocrx_word' id='word_1_700' title='bbox 1317 2380 1361 2407; x_wconf 88' lang='lat' dir='ltr'><strong>vir</strong></span> <span class='ocrx_word' id='word_1_701' title='bbox 1376 2380 1496 2407; x_wconf 88' lang='lat' dir='ltr'><strong>humilis</strong></span> <span class='ocrx_word' id='word_1_702' title='bbox 1511 2381 1540 2408; x_wconf 93' lang='lat' dir='ltr'><strong>in</strong></span> <span class='ocrx_word' id='word_1_703' title='bbox 1554 2381 1615 2409; x_wconf 89' lang='lat' dir='ltr'><strong>imo</strong></span> <span class='ocrx_word' id='word_1_704' title='bbox 1630 2381 1723 2416; x_wconf 89' lang='lat' dir='ltr'><strong>sedet,</strong></span> <span class='ocrx_word' id='word_1_705' title='bbox 1739 2381 1812 2409; x_wconf 88' lang='lat' dir='ltr'><strong>dum</strong></span> <span class='ocrx_word' id='word_1_706' title='bbox 1825 2390 1855 2410; x_wconf 86' lang='lat' dir='ltr'><strong>se</strong></span> <span class='ocrx_word' id='word_1_707' title='bbox 1871 2383 1913 2410; x_wconf 86' lang='lat' dir='ltr'><strong>vi-</strong></span> 
     </span>
     <span class='ocr_line' id='line_1_104' title="bbox 1130 2427 1911 2463; baseline 0.005 -10"><span class='ocrx_word' id='word_1_708' title='bbox 1130 2427 1276 2454; x_wconf 78' lang='lat' dir='ltr'><strong>lissimum</strong></span> <span class='ocrx_word' id='word_1_709' title='bbox 1292 2427 1384 2454; x_wconf 83' lang='lat' dir='ltr'><strong>credit</strong></span> <span class='ocrx_word' id='word_1_710' title='bbox 1401 2436 1407 2454; x_wconf 92' lang='lat'>:</span> <span class='ocrx_word' id='word_1_711' title='bbox 1428 2435 1515 2463; x_wconf 84' lang='lat' dir='ltr'><strong>ergo,</strong></span> <span class='ocrx_word' id='word_1_712' title='bbox 1533 2427 1556 2455; x_wconf 90' lang='lat' dir='ltr'><strong>si</strong></span> <span class='ocrx_word' id='word_1_713' title='bbox 1572 2430 1722 2462; x_wconf 81' lang='lat' dir='ltr'><strong>movetur,</strong></span> <span class='ocrx_word' id='word_1_714' title='bbox 1744 2430 1911 2458; x_wconf 85' lang='lat' dir='ltr'><strong>necessario</strong></span> 
     </span>
     <span class='ocr_line' id='line_1_105' title="bbox 1131 2473 1911 2511; baseline 0.005 -11"><span class='ocrx_word' id='word_1_715' title='bbox 1131 2482 1248 2501; x_wconf 81' lang='lat' dir='ltr'><strong>sursum</strong></span> <span class='ocrx_word' id='word_1_716' title='bbox 1274 2473 1375 2500; x_wconf 87' lang='lat' dir='ltr'><strong>tendit.</strong></span> <span class='ocrx_word' id='word_1_717' title='bbox 1403 2475 1523 2509; x_wconf 78' lang='lat' dir='ltr'><strong>Propter</strong></span> <span class='ocrx_word' id='word_1_718' title='bbox 1547 2474 1631 2511; x_wconf 89' lang='lat' dir='ltr'><strong>quod</strong></span> <span class='ocrx_word' id='word_1_719' title='bbox 1655 2475 1762 2503; x_wconf 91' lang='lat' dir='ltr'><strong>dicitur</strong></span> <span class='ocrx_word' id='word_1_720' title='bbox 1777 2477 1786 2493; x_wconf 89' lang='lat'><strong>⁷</strong></span> <span class='ocrx_word' id='word_1_721' title='bbox 1804 2486 1811 2503; x_wconf 89' lang='lat'>:</span> <span class='ocrx_word' id='word_1_722' title='bbox 1833 2488 1843 2501; x_wconf 82' lang='grc' dir='ltr'><strong>ιι</strong></span> <span class='ocrx_word' id='word_1_723' title='bbox 1857 2477 1911 2510; x_wconf 82' lang='lat' dir='ltr'><strong>Qui</strong></span> 
     </span>
     <span class='ocr_line' id='line_1_106' title="bbox 1131 2521 1913 2559; baseline 0.005 -11"><span class='ocrx_word' id='word_1_724' title='bbox 1131 2529 1161 2549; x_wconf 82' lang='lat' dir='ltr'><strong>se</strong></span> <span class='ocrx_word' id='word_1_725' title='bbox 1175 2521 1320 2556; x_wconf 86' lang='lat' dir='ltr'><strong>humiliat,</strong></span> <span class='ocrx_word' id='word_1_726' title='bbox 1338 2522 1531 2555; x_wconf 79' lang='lat' dir='ltr'><strong>exaltabitur;</strong></span> <span class='ocrx_word' id='word_1_727' title='bbox 1549 2525 1575 2550; x_wconf 91' lang='lat' dir='ltr'><strong>et</strong></span> <span class='ocrx_word' id='word_1_728' title='bbox 1591 2523 1686 2558; x_wconf 83' lang='lat' dir='ltr'><strong>quise</strong></span> <span class='ocrx_word' id='word_1_729' title='bbox 1712 2524 1836 2559; x_wconf 83' lang='lat' dir='ltr'><strong>exaltat,</strong></span> <span class='ocrx_word' id='word_1_730' title='bbox 1860 2525 1913 2552; x_wconf 90' lang='lat' dir='ltr'><strong>hu-</strong></span> 
     </span>
     <span class='ocr_line' id='line_1_107' title="bbox 1131 2568 1912 2604; baseline 0.006 -8"><span class='ocrx_word' id='word_1_731' title='bbox 1131 2568 1303 2596; x_wconf 81' lang='lat' dir='ltr'><strong>miliabitur.</strong></span> <span class='ocrx_word' id='word_1_732' title='bbox 1323 2579 1336 2593; x_wconf 72' lang='lat' dir='ltr'>n</span> <span class='ocrx_word' id='word_1_733' title='bbox 1350 2569 1500 2604; x_wconf 85' lang='lat' dir='ltr'><strong>Superbus</strong></span> <span class='ocrx_word' id='word_1_734' title='bbox 1516 2569 1607 2602; x_wconf 86' lang='lat' dir='ltr'><strong>enim,</strong></span> <span class='ocrx_word' id='word_1_735' title='bbox 1619 2578 1687 2598; x_wconf 90' lang='lat' dir='ltr'><strong>eum</strong></span> <span class='ocrx_word' id='word_1_736' title='bbox 1702 2578 1732 2598; x_wconf 89' lang='lat' dir='ltr'><strong>se</strong></span> <span class='ocrx_word' id='word_1_737' title='bbox 1747 2571 1777 2598; x_wconf 90' lang='lat' dir='ltr'><strong>in</strong></span> <span class='ocrx_word' id='word_1_738' title='bbox 1794 2579 1912 2601; x_wconf 87' lang='lat' dir='ltr'><strong>summo</strong></span> 
     </span>
     <span class='ocr_line' id='line_1_108' title="bbox 1131 2615 1913 2655; baseline 0.008 -13"><span class='ocrx_word' id='word_1_739' title='bbox 1131 2615 1227 2651; x_wconf 88' lang='lat' dir='ltr'><strong>ponit,</strong></span> <span class='ocrx_word' id='word_1_740' title='bbox 1244 2623 1313 2643; x_wconf 85' lang='lat' dir='ltr'><strong>cum</strong></span> <span class='ocrx_word' id='word_1_741' title='bbox 1329 2616 1358 2643; x_wconf 90' lang='lat' dir='ltr'><strong>in</strong></span> <span class='ocrx_word' id='word_1_742' title='bbox 1372 2616 1480 2644; x_wconf 90' lang='lat' dir='ltr'><strong>eodem</strong></span> <span class='ocrx_word' id='word_1_743' title='bbox 1494 2618 1570 2644; x_wconf 88' lang='lat' dir='ltr'><strong>statu</strong></span> <span class='ocrx_word' id='word_1_744' title='bbox 1587 2625 1649 2644; x_wconf 80' lang='lat' dir='ltr'><strong>esse</strong></span> <span class='ocrx_word' id='word_1_745' title='bbox 1664 2625 1726 2646; x_wconf 92' lang='lat' dir='ltr'><strong>non</strong></span> <span class='ocrx_word' id='word_1_746' title='bbox 1741 2618 1845 2655; x_wconf 86' lang='lat' dir='ltr'><strong>possit,</strong></span> <span class='ocrx_word' id='word_1_747' title='bbox 1861 2627 1913 2648; x_wconf 92' lang='lat' dir='ltr'><strong>ne-</strong></span> 
     </span>
    </p>
   </div>
   <div class='ocr_carea' id='block_1_7' title="bbox 1134 2678 1912 2749">
    <p class='ocr_par' dir='ltr' id='par_1_10' title="bbox 1134 2678 1912 2749">
     <span class='ocr_line' id='line_1_109' title="bbox 1135 2678 1912 2714; baseline 0.009 -14"><span class='ocrx_word' id='word_1_748' title='bbox 1135 2692 1159 2695; x_wconf 58' lang='lat'><strong>‚„</strong></span> <span class='ocrx_word' id='word_1_749' title='bbox 1178 2679 1186 2694; x_wconf 75' lang='lat'>⁸</span> <span class='ocrx_word' id='word_1_750' title='bbox 1203 2679 1209 2701; x_wconf 93' lang='grc'>1</span> <span class='ocrx_word' id='word_1_751' title='bbox 1230 2678 1298 2707; x_wconf 58' lang='lat' dir='ltr'><strong>Corn,</strong></span> <span class='ocrx_word' id='word_1_752' title='bbox 1315 2685 1348 2706; x_wconf 67' lang='lat' dir='ltr'><strong>iv„</strong></span> <span class='ocrx_word' id='word_1_753' title='bbox 1365 2679 1388 2703; x_wconf 75' lang='lat'><strong>9.</strong></span> <span class='ocrx_word' id='word_1_754' title='bbox 1403 2692 1431 2695; x_wconf 97' lang='lat'><strong>—</strong></span> <span class='ocrx_word' id='word_1_755' title='bbox 1450 2679 1543 2707; x_wconf 74' lang='lat' dir='ltr'><strong>⁵1l1i·l.,</strong></span> <span class='ocrx_word' id='word_1_756' title='bbox 1566 2682 1601 2704; x_wconf 78' lang='lat'><strong>13.</strong></span> <span class='ocrx_word' id='word_1_757' title='bbox 1622 2694 1646 2697; x_wconf 89' lang='lat'>—</span> <span class='ocrx_word' id='word_1_758' title='bbox 1664 2681 1673 2697; x_wconf 78' lang='lat'><strong>⁶</strong></span> <span class='ocrx_word' id='word_1_759' title='bbox 1691 2681 1806 2712; x_wconf 63' lang='lat' dir='ltr'><strong>Hierum,</strong></span> <span class='ocrx_word' id='word_1_760' title='bbox 1825 2683 1912 2714; x_wconf 73' lang='lat' dir='ltr'><strong>Requi.</strong></span> 
     </span>
     <span class='ocr_line' id='line_1_110' title="bbox 1134 2714 1824 2749; baseline 0.003 -10"><span class='ocrx_word' id='word_1_761' title='bbox 1134 2715 1258 2741; x_wconf 55' lang='lat' dir='ltr'><strong>almucia„</strong></span> <span class='ocrx_word' id='word_1_762' title='bbox 1274 2717 1297 2738; x_wconf 76' lang='lat' dir='ltr'><strong>ei</strong></span> <span class='ocrx_word' id='word_1_763' title='bbox 1314 2722 1338 2737; x_wconf 83' lang='lat' dir='ltr'><strong>m</strong></span> <span class='ocrx_word' id='word_1_764' title='bbox 1354 2714 1421 2739; x_wconf 77' lang='lat' dir='ltr'><strong>Psul.</strong></span> <span class='ocrx_word' id='word_1_765' title='bbox 1439 2720 1593 2739; x_wconf 75' lang='lat' dir='ltr'>Lxx1111.—</span> <span class='ocrx_word' id='word_1_766' title='bbox 1610 2717 1616 2730; x_wconf 90' lang='lat'><strong><em>⁷</em></strong></span> <span class='ocrx_word' id='word_1_767' title='bbox 1633 2717 1699 2747; x_wconf 63' lang='lat' dir='ltr'><strong>Luc„</strong></span> <span class='ocrx_word' id='word_1_768' title='bbox 1716 2724 1770 2749; x_wconf 75' lang='lat' dir='ltr'><strong>xiv,</strong></span> <span class='ocrx_word' id='word_1_769' title='bbox 1788 2722 1824 2744; x_wconf 76' lang='lat' dir='ltr'><strong>tt.</strong></span> 
     </span>
    </p>
   </div>
   <div class='ocr_carea' id='block_1_8' title="bbox 1917 1115 2027 1175">
    <p class='ocr_par' dir='ltr' id='par_1_11' title="bbox 1917 1115 2027 1175">
     <span class='ocr_line' id='line_1_111' title="bbox 1926 1115 2026 1144; baseline 0 -6"><span class='ocrx_word' id='word_1_770' title='bbox 1926 1115 2026 1144; x_wconf 71' lang='lat' dir='ltr'><strong>Peripte-</strong></span> 
     </span>
     <span class='ocr_line' id='line_1_112' title="bbox 1917 1146 2027 1175; baseline 0.009 -6"><span class='ocrx_word' id='word_1_771' title='bbox 1917 1153 1955 1169; x_wconf 72' lang='grc' dir='ltr'><strong>ιιι</strong></span> <span class='ocrx_word' id='word_1_772' title='bbox 1963 1146 2027 1175; x_wconf 66' lang='lat' dir='ltr'><strong>qnid.</strong></span> 
     </span>
    </p>
   </div>
  </div>
 </body>
</html>
