2029 3052
612 194 897 228 RESPONSIONIS
920 195 1093 234 QUARTAE
1115 200 1244 234 CAPUT
1266 202 1290 234 I.

141 266 212 290 cere
234 259 446 300 possessiones
469 262 555 301 tuas,
581 262 657 303 quia
679 263 748 303 ipsa
767 264 845 303 ⁴jura
860 264 920 295 hu-

140 320 236 345 mana
255 315 457 356 renuntiasti,
481 317 599 357 quibus
622 317 827 358 possidentur
848 327 919 359 pos-

139 366 306 400 sessiones.
325 379 340 398 »
360 369 441 407 Quid
465 370 516 402 his
537 371 654 403 clarius
668 372 729 403 dici
754 374 857 413 potest
879 373 917 404 ad

139 421 384 462 ostendendum,
394 425 478 464 quod
488 424 625 457 Ecclesia
632 427 820 467 temporalia
834 427 919 458 hona

140 474 296 506 veraciter
310 477 459 516 possidet,
472 480 546 519 jure
559 480 668 512 divino
682 481 801 521 pariter
816 483 845 513 et
860 481 920 512 hu-

139 532 254 560 mano?
273 529 401 570 Verum,
418 533 493 572 quia
507 535 587 565 sacri
599 535 742 567 Canones
757 538 917 574 asserunt,

139 584 226 622 quod
254 592 292 614 ea
314 594 387 625 quae
411 586 594 619 offeruntur
617 589 756 621 ecclesiis
782 589 917 620 Domino

139 640 375 679 consecrantur,
390 642 420 671 et
435 641 520 681 quod
534 651 646 674 earum
661 643 842 675 dominium
853 652 918 675 non

139 689 269 731 habent,
284 692 390 732 igitur
399 695 537 726 ministri
552 705 663 728 earum
675 706 712 728 ea
726 697 918 737 proprietate

139 743 314 777 damnabili
332 748 515 789 vendicant,
538 752 570 781 et
583 751 668 791 quod
689 751 774 782 bona
798 751 916 792 hujus-

139 800 226 831 modi
250 802 357 841 magis
377 806 453 835 sunt
476 805 616 836 coelestia
637 815 736 846 quam
759 807 915 847 humana,

138 853 243 893 magis
267 857 453 888 communia
477 867 576 899 quam
602 860 746 899 privata;
772 861 855 900 ideo,
880 864 916 893 ut

136 907 241 938 omnis
267 910 524 943 contradictionis
553 915 583 944 et
614 913 785 945 dubietatis
809 915 915 955 caligo

136 960 266 993 tollatur
281 963 319 994 de
338 965 454 1003 medio,
475 966 723 1007 intelligendum
746 971 804 1008 est,
829 970 915 1010 quod

136 1016 338 1057 quadruplex
360 1021 408 1050 est
441 1022 667 1061 temporalium
692 1032 801 1055 rerum
826 1033 913 1055 com-

136 1069 278 1101 munitas
296 1095 305 1109 ,
341 1081 382 1103 ex
418 1075 620 1115 quadruplici
656 1077 731 1117 jure
767 1087 913 1110 manans.

136 1121 244 1154 Prima
259 1133 401 1165 namque
422 1129 647 1168 communitas,
663 1139 736 1170 quae
751 1135 860 1164 manat
874 1142 915 1164 ex

131 1177 206 1215 jure
224 1179 420 1211 necessitatis
443 1184 578 1221 naturae,
603 1193 668 1224 qua
692 1185 730 1215 fit
751 1187 787 1216 ut
810 1187 916 1218 omnis

134 1239 185 1261 res
200 1231 240 1262 ad
255 1234 379 1264 naturae
395 1237 656 1268 sustentationem
670 1238 796 1278 idonea,
815 1250 916 1280 quan-

133 1285 343 1326 tumcumque
356 1288 396 1319 sit
411 1288 505 1320 alicui
527 1300 671 1330 personae
693 1294 913 1333 appropriata,

133 1337 220 1369 illius
230 1339 286 1370 fiat
296 1341 353 1380 qui
368 1350 405 1372 ea
419 1342 544 1383 indiget
556 1346 742 1377 necessitate
756 1349 912 1379 extrema.

134 1391 173 1422 Et
186 1392 261 1424 huic
276 1396 498 1428 communitati
514 1400 697 1431 renuntiare
708 1410 773 1432 non
787 1404 834 1432 est
847 1411 915 1442 pos-

134 1445 236 1486 sibile,
254 1457 311 1488 pro
325 1458 362 1480 eo
378 1451 463 1490 quod
484 1455 594 1484 manat
608 1463 648 1484 ex
659 1455 735 1494 jure
756 1456 914 1487 naturali-

134 1501 183 1531 ter
204 1501 323 1534 inserto
346 1504 483 1545 homini,
509 1507 587 1547 quia
611 1508 664 1538 Dei
687 1511 735 1540 est
752 1510 861 1550 imago
883 1512 914 1542 et

134 1557 281 1587 creatura
295 1557 496 1598 dignissima,
512 1563 640 1601 propter
651 1572 749 1602 quem
762 1566 838 1594 sunt
848 1573 914 1595 om-

133 1608 187 1639 nia
206 1612 370 1643 mundana
391 1616 506 1645 creata.
529 1614 675 1647 Secunda
699 1618 914 1649 communitas

132 1666 189 1702 est,
206 1675 280 1706 quae
297 1670 406 1698 manat
423 1678 463 1699 ex
479 1670 553 1709 jure
571 1671 733 1702 charitatis
752 1672 911 1712 fraternae,

132 1728 196 1758 qua
214 1720 250 1751 fit
264 1723 301 1752 ut
317 1723 425 1753 omnia
442 1723 505 1754 sint
520 1725 696 1764 justorum,
714 1728 747 1757 et
766 1736 912 1758 commu-

131 1773 227 1804 nione
243 1776 382 1815 quadam
397 1777 570 1817 charitatis,
587 1788 660 1819 quae
682 1783 758 1811 sunt
782 1781 913 1821 propria

131 1826 349 1867 singulorum,
367 1831 446 1861 fiant
462 1832 692 1864 universorum
713 1836 910 1873 communia,

131 1882 307 1913 secundum
330 1883 408 1915 illud
435 1884 577 1925 Apostoli
597 1887 605 1903 ¹
629 1895 636 1917 :
666 1887 784 1920 Omnia
807 1891 913 1920 vestra

130 1937 216 1967 sunl.
235 1935 277 1967 De
288 1946 353 1976 qua
362 1937 576 1978 Augustinus,
591 1941 765 1982 ubisupra,
777 1942 912 1982 loquens

130 1991 241 2020 contra
254 1990 420 2023 haereticos
432 1992 608 2025 Donatistas
633 1998 644 2013 ²
666 2006 672 2026 :
694 2007 709 2024 «
730 1995 878 2036 Veniant,
892 2008 907 2026 »

130 2042 250 2083 inquit,
273 2056 287 2073 «
306 2045 346 2076 ad
367 2046 554 2078 catholicam
573 2049 678 2088 fidem,
697 2052 728 2080 et
742 2051 911 2082 nobiscum

129 2096 268 2129 habeant
290 2108 355 2130 non
379 2100 483 2131 solum
509 2103 647 2141 terram,
675 2104 729 2134 sed
756 2113 831 2135 eum
855 2104 910 2145 qui

130 2150 202 2182 fecit
216 2152 332 2183 coelum
347 2155 377 2184 et
396 2156 526 2187 terram.
549 2166 563 2184 n
582 2156 621 2187 Et
636 2156 715 2188 huic
730 2159 911 2189 communi-

130 2204 188 2235 tati
213 2206 398 2237 renuntiare
420 2210 467 2238 est
489 2209 621 2240 omnino
642 2210 808 2250 illicitum,
835 2213 911 2252 quia

130 2261 238 2289 manat
253 2269 293 2290 ex
306 2261 380 2299 jure
392 2261 546 2293 divinitus
561 2263 676 2303 infuso,
693 2274 751 2305 per
766 2266 849 2306 quod
864 2269 911 2297 est

130 2313 236 2344 unitas
250 2313 284 2344 in
300 2314 461 2354 columba,
486 2316 517 2346 id
539 2317 635 2348 estin
653 2319 828 2350 universali
850 2320 908 2352 Ec-

131 2367 239 2406 clesia,
256 2377 275 2398 a
292 2377 356 2408 qua
370 2370 492 2401 unitate
507 2373 538 2402 et
557 2374 784 2405 communione
800 2375 909 2406 nullus

130 2424 232 2461 potest
254 2423 425 2462 discedere,
449 2428 575 2456 servata
593 2427 703 2458 divina
721 2429 810 2468 lege,
835 2440 909 2470 quae

129 2478 195 2506 tota
211 2477 388 2517 completur
403 2478 567 2510 charitate.
584 2479 690 2512 Tertia
704 2485 750 2513 est
766 2493 910 2516 commu-

130 2529 230 2569 nitas,
258 2540 332 2571 quae
361 2535 469 2563 manat
492 2542 533 2564 ex
551 2534 626 2573 jure
650 2535 789 2567 civitatis
813 2547 908 2569 mun-

163 2629 168 2645 ¹
188 2629 193 2651 1
212 2629 279 2659 Corn,
295 2636 340 2662 111,
356 2633 394 2657 22.
408 2645 439 2650 —
454 2633 462 2646 ²
478 2634 594 2664 August„
609 2634 639 2658 [Ie
652 2637 754 2662 correct.
770 2638 910 2668 Donatist„

132 2664 205 2695 epist.
224 2671 336 2697 cmxxxv,
354 2667 386 2691 ai.
404 2674 429 2699 L,
447 2676 474 2693 n.
489 2670 528 2700 35,
543 2671 628 2701 quoad
646 2678 759 2696 sensum.
772 2687 803 2691 —
817 2674 827 2690 ³
839 2674 909 2699 Psccl.

133 2707 202 2731 XLW,
223 2703 258 2725 tt.

251 2756 325 2778 ΤΟΜ.
349 2757 418 2780 XIV.

1699 216 1758 247 497

976 266 1080 307 danae,
1105 278 1170 309 qua
1189 271 1226 302 fit
1244 272 1281 302 ut
1304 272 1401 304 unius
1421 273 1560 316 imperii,
1585 280 1682 319 regni
1706 281 1758 313 vel

976 319 1125 361 civitatis,
1143 333 1209 355 una
1230 325 1284 356 fiat
1304 327 1498 368 respublica,
1521 331 1572 362 vel
1592 333 1689 365 unius
1710 344 1758 367 so-

976 373 1095 406 cietatis
1110 380 1338 419 mercatorum,
1355 382 1406 413 vel
1421 387 1654 428 pugnatorum,
1669 398 1756 421 com-

976 436 1074 460 mune
1094 430 1149 462 fiat
1170 431 1298 465 lucrum
1318 435 1370 467 vel
1394 437 1563 479 damnum,
1587 442 1639 473 vel
1661 444 1757 475 unius

975 481 1121 515 indivisae
1144 487 1274 520 famiiiae
1298 499 1364 522 una
1387 492 1426 523 sit
1449 497 1630 528 communis
1652 499 1756 532 haere-

975 535 1066 568 ditas.
1083 538 1122 570 Et
1135 540 1212 572 huic
1226 546 1449 578 communitati
1463 551 1647 584 renuntiare
1659 556 1706 585 est
1719 555 1757 587 de

975 590 1174 629 perfectionis
1189 597 1387 636 evangelicae
1402 603 1598 644 necessitate,
1615 607 1691 647 quia
1706 610 1756 639 ta-

975 643 1014 674 lis
1026 648 1243 680 communitas
1257 653 1457 690 personalem
1469 656 1603 690 includit
1616 663 1758 703 proprie-

975 698 1084 737 tatem,
1101 709 1176 741 quae
1192 706 1301 735 manat
1315 714 1356 737 ex
1370 707 1442 746 jure
1464 709 1651 745 humanitus
1668 715 1757 748 insti-

975 753 1058 791 tuto,
1082 754 1134 785 cui
1156 756 1252 788 etiam
1272 767 1398 792 annexa
1421 765 1497 794 sunt
1521 774 1594 806 quae
1616 770 1754 802 occasio-

974 806 1088 838 naliter
1115 808 1273 843 inducunt
1298 813 1517 849 difficultatem
1543 820 1583 851 ad
1612 821 1751 864 bonum,

973 860 1004 889 et
1019 862 1210 900 pronitatem
1225 866 1265 897 ad
1281 868 1415 908 malum,
1433 880 1470 902 ac
1485 882 1542 912 per
1555 874 1616 906 hoc
1630 877 1753 916 perfec-

973 912 1051 944 tioni
1061 918 1259 956 evangelicae
1272 921 1493 957 adversantur.
1506 926 1545 958 Et
1554 928 1625 960 ideo
1635 931 1753 964 animae

972 970 1090 1000 sanctae
1105 970 1293 1011 hujusmodi
1314 977 1467 1010 suadetur
1485 980 1644 1023 dimissio,
1665 987 1701 1016 ut
1719 986 1754 1017 in

972 1021 1107 1055 Psalmis
1122 1025 1132 1042 ³
1153 1034 1161 1056 :
1184 1027 1283 1068 Audi,
1305 1030 1389 1069 filia,
1411 1035 1442 1065 et
1465 1034 1553 1073 vide,
1575 1039 1605 1069 et
1628 1038 1754 1072 inclina

972 1081 1201 1119 ammittant,
1225 1085 1254 1114 et
1272 1083 1456 1119 obliviscere
1476 1091 1630 1129 populum
1650 1096 1752 1133 cuum,

972 1133 1002 1162 et
1037 1131 1165 1165 domum
1189 1137 1297 1175 patris
1334 1140 1395 1171 tui.
1426 1141 1545 1179 Quarta
1576 1149 1755 1179 communi-

971 1186 1019 1215 tas
1033 1188 1091 1225 est,
1109 1197 1183 1227 quae
1208 1194 1318 1222 manat
1339 1202 1378 1224 ex
1397 1195 1473 1234 jure
1495 1197 1666 1232 dotationis
1692 1201 1754 1233 Ec-

971 1238 1086 1279 clesiae,
1111 1250 1174 1281 qua
1189 1243 1240 1282 fit,
1266 1247 1302 1276 ut
1321 1248 1430 1280 omnia
1445 1249 1539 1290 bona,
1556 1262 1629 1293 quae
1646 1257 1753 1288 conse-

970 1295 1088 1325 runtur
1122 1297 1277 1338 ecclesiis,
1310 1300 1445 1334 Domino
1480 1305 1676 1348 dedicentur,
1714 1311 1754 1342 ad

971 1355 1176 1381 communem
1223 1355 1489 1389 sustentationem
1530 1361 1753 1395 ministrorum

970 1410 1123 1442 suorum,
1140 1407 1171 1436 et
1185 1415 1376 1447 pauperum.
1395 1410 1431 1442 Et
1448 1412 1518 1444 haec
1538 1418 1753 1450 communitas

970 1458 1017 1487 est
1032 1457 1065 1488 in
1079 1460 1231 1492 omnibus
1251 1462 1390 1495 ecclesiis
1406 1466 1585 1507 collegiatis
1604 1470 1753 1502 habenti-

970 1510 1031 1541 bus
1047 1514 1274 1552 possessiones.
1296 1516 1334 1548 Et
1356 1518 1432 1550 huic
1454 1524 1677 1556 communitati
1698 1535 1751 1557 re·-

969 1565 1118 1598 nuntiare
1142 1577 1207 1599 non
1231 1571 1277 1600 est
1301 1572 1485 1611 perfectioni
1510 1579 1750 1618 necessarium,

969 1619 1046 1656 quia
1071 1622 1173 1652 teneri
1194 1625 1298 1663 potest
1324 1626 1413 1658 salva
1432 1629 1641 1671 perfectione,
1668 1633 1752 1664 sicut

969 1676 1100 1712 apparet
1114 1675 1147 1706 in
1162 1676 1316 1717 Praelatis,
1334 1680 1410 1711 etin
1424 1681 1592 1722 Religiosis
1604 1686 1751 1726 perfectis

968 1727 1000 1756 et
1016 1728 1133 1759 sanctis
1149 1740 1155 1761 :
1173 1731 1248 1770 quia
1269 1732 1340 1764 talis
1356 1737 1570 1768 communitas
1587 1742 1696 1771 manat
1710 1750 1751 1772 ex

964 1780 1039 1819 jure
1061 1781 1216 1814 divinitus
1239 1786 1401 1827 ordinato,
1425 1792 1461 1820 ut
1483 1791 1521 1821 de
1536 1792 1628 1823 altari
1647 1794 1748 1835 vivat,

967 1836 1022 1874 qui
1039 1836 1130 1867 altari
1145 1839 1254 1877 servit,
1271 1843 1302 1871 et
1317 1841 1380 1872 illis
1395 1846 1470 1875 sunt
1486 1845 1525 1885 (α)
1543 1848 1651 1878 omnia
1665 1858 1750 1880 com-

967 1890 1095 1928 munia,
1121 1893 1239 1931 quibus
1270 1904 1325 1926 cor
1349 1906 1452 1928 unum
1477 1902 1508 1930 et
1532 1900 1641 1932 anima
1664 1912 1747 1943 una,

967 1952 1051 1974 unus
1066 1947 1157 1984 pater
1171 1946 1356 1988 spiritualis,
1374 1953 1405 1981 et
1419 1961 1484 1983 uua
1504 1962 1619 1986 norma
1635 1956 1747 1988 viven-

967 1997 1008 2028 di.
1027 1997 1107 2029 Huic
1121 2001 1231 2032 tamen
1243 2005 1467 2037 communitati
1481 2010 1667 2042 renuntiare
1682 2020 1749 2043 non

966 2053 1013 2081 est
1032 2053 1216 2091 perfectioni
1238 2059 1451 2099 contrarium,
1473 2062 1552 2101 quin
1575 2064 1681 2103 potius
1701 2066 1747 2097 fa-

966 2104 1028 2135 ciat
1049 2106 1089 2137 ad
1114 2109 1309 2148 evangelicae
1332 2113 1533 2152 perfectionis
1555 2118 1746 2158 cumulum,

965 2168 1023 2198 pro
1037 2169 1075 2190 eo
1089 2161 1205 2193 scilicet
1217 2165 1303 2203 quod
1318 2166 1387 2197 talis
1399 2170 1624 2211 communitas,
1642 2182 1748 2213 quan-

965 2222 1063 2252 quam
1079 2219 1187 2247 manat
1202 2226 1242 2248 ex
1253 2219 1327 2258 J'ure
1337 2220 1456 2261 divino,
1474 2227 1582 2256 manat
1595 2226 1691 2257 etiam
1705 2236 1745 2258 ex

965 2266 1124 2308 humano,
1142 2272 1173 2301 et
1191 2270 1231 2311 (a)
1247 2273 1323 2312 quia
1343 2283 1410 2306 non
1433 2277 1538 2309 solum
1557 2280 1741 2320 spiritualiS,

965 2331 1079 2354 verum
1101 2325 1196 2355 etiam
1218 2328 1419 2369 temporalis,
1437 2334 1468 2363 et
1483 2333 1558 2373 quia
1572 2333 1644 2365 licet
1659 2335 1693 2366 in
1708 2345 1745 2367 ea

965 2385 1030 2406 non
1050 2378 1256 2411 concludatur
1280 2385 1455 2421 personalis
1479 2388 1668 2427 proprietas,
1694 2390 1743 2420 in-

965 2429 1105 2462 cluditur
1119 2434 1226 2464 tamen
1243 2436 1421 2475 proprietas
1442 2439 1629 2480 collegiatis,
1651 2444 1745 2482 cuius

965 2484 1061 2515 etiam
1077 2486 1227 2525 quaelibet
1236 2497 1373 2528 persona
1387 2492 1425 2523 de
1438 2493 1574 2533 collegio
1588 2497 1744 2537 particeps

965 2548 1032 2570 esse
1053 2540 1254 2580 dignoscitur
1285 2553 1350 2575 non
1383 2546 1487 2577 solum
1517 2551 1676 2588 quantum
1705 2551 1744 2582 ad

964 2602 1072 2632 usum,
1086 2604 1200 2627 verum
1211 2597 1308 2629 etiam
1323 2601 1483 2639 quantum
1494 2601 1534 2632 ad
1548 2602 1741 2643 dominium,

965 2647 1042 2678 dum
1058 2650 1280 2691 unusquisque
1295 2652 1365 2692 ipso
1383 2654 1459 2693 ,iure
1474 2656 1633 2688 actionem
1648 2658 1745 2690 habet

996 2712 1030 2741 (a)
1051 2712 1105 2742 Ley.
1122 2712 1180 2737 siut.
1197 2727 1227 2732 -—
1243 2714 1274 2745 (b)
1294 2716 1355 2740 coet.
1370 2716 1432 2741 edil.
1448 2720 1483 2743 ut.

1588 2768 1626 2797 32
