2029 3052
128 1351 196 1372 Jesus

106 1388 119 1401 ιι
139 1381 215 1402 multis

106 1413 215 1439 quaesitun

228 243 288 273 146

227 309 286 341 lux
299 316 472 348 caeoorum,
487 308 556 342 vita
568 309 790 348 morientium,
808 308 896 341 salus
914 310 1009 342 aeter-

227 371 272 394 na
287 362 483 395 aeternaliter
497 362 679 396 viventium
688 363 704 394 ¹?
719 363 759 396 Et
771 363 918 405 sequitur
940 372 1008 395 res-

228 415 341 458 ponsio
372 416 567 448 conveniens
597 426 606 448 ε
641 417 682 449 In
714 416 870 450 Bethleem
901 416 1009 450 Judoe-

227 469 382 504 Bethleem
409 470 525 502 domus
546 470 658 512 panis,
680 470 768 504 Juda
787 471 943 503 confitens
960 471 1010 502 in-

227 526 433 566 terpretatur.
462 524 509 556 ibi
534 525 622 557 enim
653 524 798 558 Christus
825 525 1008 564 invenitur,

227 579 284 612 ubi
306 581 375 620 post
392 578 624 611 confessionem
643 579 818 612 eriminum
838 579 931 621 panis
944 588 1009 611 οω-

228 633 316 666 lestis
328 633 416 672 vitae,
433 633 464 665 id
483 635 530 665 est
548 633 692 666 doctrina
707 633 897 674 evangelica
916 633 1011 665 audi-

228 689 293 726 tur,
310 686 505 726 ruminatur,
528 688 560 719 et
580 687 695 720 devota
713 690 819 720 mente
841 687 1009 726 retinetur,

228 743 265 773 ut
291 750 388 783 opere
419 741 613 783 impleatur,
653 746 685 774 et
712 743 784 775 aliis
808 742 1013 784 adimplenda

228 798 437 837 proponatur.
452 794 498 827 lbi
511 805 593 838 puer
605 796 696 828 Jesus
707 806 781 828 cum
798 796 897 828 Maria
910 798 1013 828 matre

228 850 412 888 invenitur,
436 850 494 882 ubi
515 852 585 892 post
607 850 821 892 lacrymosam
846 850 1011 882 contritio-

229 913 320 944 nem,
346 907 416 945 post
442 905 639 936 fructuosam
662 905 914 944 consessionem,
939 904 1012 936 dul-

229 958 306 990 cedo
325 958 462 990 coelestis
484 958 709 990 consolationis
731 958 905 1000 aliquando
928 959 1013 990 inter

229 1012 524 1044 abundantissimas
544 1013 704 1054 lacrymas
723 1013 915 1054 degustatur
931 1024 938 1044 :
955 1013 1012 1044 ubi

229 1067 346 1106 oratio,
380 1076 476 1108 quem
510 1076 590 1108 pene
617 1067 839 1108 desperantem
871 1066 1010 1105 invenit,

230 1120 424 1160 gaudentem
439 1123 471 1152 et
489 1121 527 1152 de
543 1121 638 1153 venia
654 1124 902 1161 praesumentem
925 1120 1014 1152 dere-

229 1174 334 1216 liquit.
351 1174 375 1206 0
389 1174 464 1206 felix
480 1174 590 1213 Maria,
607 1186 626 1206 a
640 1184 704 1216 qua
714 1174 806 1206 Jesus
821 1174 1011 1215 concipitur,

229 1228 268 1260 de
283 1238 347 1269 qua
358 1227 451 1260 Jesus
465 1229 617 1267 nascitur,
636 1231 667 1260 et
681 1238 755 1260 cum
776 1238 841 1270 qua
857 1231 922 1260 tam
937 1229 1011 1260 dul-

229 1282 306 1314 cuer
324 1285 355 1314 et
371 1283 550 1322 gaudenter
563 1282 656 1315 Jesus
674 1283 855 1315 invenitur!

270 1337 329 1368 Sed
346 1337 523 1369 notandum
539 1340 585 1368 est
600 1337 664 1376 luc,
680 1337 766 1378 quod
786 1337 880 1368 Jesus
894 1337 1012 1378 quaesi-

231 1393 282 1422 tus
297 1391 419 1432 legitur
434 1401 452 1423 a
468 1391 612 1432 regibus,
631 1394 662 1423 et
681 1391 741 1422 hoc
758 1394 794 1423 ut
816 1391 922 1432 ipsum
937 1401 1011 1423 cum

230 1446 317 1476 omni
331 1446 509 1477 reverentia
527 1446 714 1484 adorarent;
733 1455 751 1477 a
765 1445 960 1485 doctoribus,
977 1449 1012 1478 ut

229 1501 269 1531 ab
294 1501 363 1541 ipso
387 1501 530 1532 veritatis
562 1501 754 1532 documenta
784 1510 857 1532 cum
884 1511 1013 1532 summa

229 1554 394 1595 diligentia
411 1555 575 1592 audirent;
597 1565 615 1586 a
637 1565 769 1595 sponsa,
788 1557 822 1586 ut
841 1564 909 1586 suae
933 1565 1012 1586 sua-

229 1609 337 1640 vitatis
352 1609 553 1641 dulcedinem
575 1619 632 1650 per
648 1612 768 1641 secreta
783 1609 942 1650 colloquia
957 1610 1013 1641 de-

229 1666 391 1703 gustaret;
408 1673 426 1694 a
443 1663 542 1694 Maria
556 1666 667 1702 matre,
686 1667 719 1694 ut
734 1664 837 1704 ipsum
852 1664 1011 1704 perditum

229 1718 395 1758 reperiret,
412 1720 443 1748 et
457 1718 496 1749 ab
512 1728 549 1748 ea
564 1728 596 1748 se
612 1718 749 1758 amplius
765 1727 827 1748 nou
844 1717 1010 1749 alienaret.

229 1772 281 1803 Sic
301 1782 367 1810 vos,
393 1782 412 1802 ι)
438 1781 544 1811 reges,
571 1772 630 1803 hoc
659 1775 716 1806 est,
744 1772 867 1803 devotze
895 1773 1012 1804 auimze

230 1825 315 1857 vires
331 1826 504 1864 naturales,
521 1825 655 1865 qua-rite
670 1835 744 1856 cum
761 1827 895 1865 regibus
912 1829 1010 1857 terre-

231 1880 292 1917 nis,
314 1882 349 1911 ut
369 1880 518 1917 adoretis,
539 1883 570 1911 et
590 1889 725 1911 munera
749 1880 898 1911 athfratis.
925 1881 1012 1912 Ado-

232 1937 299 1964 rate
324 1943 397 1965 cum
425 1935 619 1971 reverentia,
646 1935 722 1974 quia
749 1937 883 1971 creator,
907 1937 935 1966 et
963 1944 1012 1965 re-

231 1988 389 2028 demptor,
405 1991 433 2018 et
452 1991 672 2019 renuiuerator
689 1998 695 2019 ;
717 1991 851 2027 creator,
870 1989 900 2019 in
918 1993 1011 2020 natu-

232 2042 306 2072 ralis
331 2042 405 2072 vitre
434 2042 637 2080 sorniatioue3
660 2042 851 2083 redemptor,
868 2043 900 2073 iu
917 2044 1011 2084 spiri-

232 2095 326 2126 tualis
354 2096 429 2127 vitce
454 2097 698 2133 rel'ormatioue;
727 2099 961 2135 remunerator,
981 2097 1012 2128 in

230 2152 359 2181 aeterua:
377 2150 450 2181 vita:
463 2150 640 2181 collatione.
666 2151 689 2181 Ο
711 2161 783 2189 vos,
803 2161 912 2191 rege&
937 2152 1014 2183 anlo-

231 2207 299 2234 rate
314 2214 387 2235 euni
403 2205 557 2243 decentia,
581 2206 658 2245 quia
674 2215 730 2236 rex
756 2206 1011 2245 potentissimus·‚

231 2258 360 2290 adorate
371 2268 446 2290 cum
461 2259 615 2296 decentia,
631 2259 706 2299 quia
723 2259 877 2297 magister
890 2260 1012 2300 sapien-

232 2313 389 2350 tissinius3
406 2313 534 2344 adorate
550 2323 624 2343 cuni
638 2313 759 2351 laetitia,
775 2314 850 2353 quia
867 2314 1014 2354 princeps

232 2364 484 2395 liberalissimus.
503 2365 650 2402 Adorate,
664 2365 806 2404 iuquam,
822 2366 1013 2404 gaudenter,

231 2421 308 2460 quia
333 2423 380 2451 est
407 2419 473 2450 dux
498 2418 675 2458 a¹quitatis;
703 2419 832 2449 adorate
854 2419 1013 2458 decenter,

232 2475 305 2514 quia
328 2477 372 2505 est
398 2474 453 2504 lux
485 2472 646 2509 veritati&
681 2472 810 2503 adorate
842 2474 1013 2512 ferventer,

233 2531 309 2569 quia
319 2532 362 2560 est
377 2530 427 2559 t'ax
439 2527 612 2558 charitatis.
625 2525 829 2556 Necsut'ticiat
840 2527 928 2557 vobis
939 2528 1015 2559 ado-

234 2584 325 2621 ratio,
343 2583 400 2613 nisi
417 2581 647 2613 coueomitetur
667 2580 796 2610 oblatio.
819 2582 947 2620 ‹nrm-10,
970 2583 1015 2613 jn-

233 2648 343 2679 quam,
361 2647 477 2668 auruin
501 2635 677 2666 dilectionis
697 2621 946 2674 arden⁰tissm1a=;
967 2638 1015 2668 os—

235 2694 311 2723 t'erte
326 2692 399 2723 thus
414 2690 639 2723 consolationis
652 2689 886 2728 devotissimam
903 2692 1014 2723 otl'erte

236 2746 401 2787 myrrham
425 2744 623 2777 contritionis
637 2743 847 2776 amarissimae
865 2755 871 2774 :
896 2754 1013 2777 aurum

548 243 554 246 '
603 241 653 274 DE
675 239 851 280 QUINQUE
871 239 1202 275 FESTlVITATlBUS
1227 242 1347 275 PUERl
1368 242 1475 276 JESU.

1065 309 1254 351 dilectionis,
1267 312 1397 353 propter
1406 311 1494 344 bona
1511 312 1640 354 collatu
1656 313 1733 348 thus
1748 315 1850 350 devo-

1064 365 1172 404 tionis,
1186 369 1317 408 propter
1331 366 1452 408 gaudia
1464 369 1663 409 praeparatu
1681 370 1851 412 myrrham

1065 419 1277 460 contritionis,
1295 422 1425 462 propter
1434 424 1564 462 peecata
1573 425 1769 464 perpetrata.
1787 424 1853 457 Au-

1065 482 1140 505 rum
1162 473 1276 506 offerte
1293 476 1424 507 aeternae
1442 475 1616 517 divinitati,
1632 477 1709 510 thus
1732 478 1852 512 anima».

1065 528 1240 568 sanctitati,
1270 528 1441 570 myrrham
1470 531 1616 572 corporis
1634 532 1850 573 passibilitati.

1067 580 1320 621 Quaeriteetiam‚
1329 591 1349 614 o
1355 591 1460 624 reges,
1467 592 1544 615 cum
1549 583 1745 626 doctoribus,
1753 589 1791 619 ut
1797 595 1854 620 vo·

1067 636 1116 667 bis
1122 636 1240 678 pandat
1248 639 1369 670 secreta
1375 647 1444 670 suae
1451 637 1668 671 inscrutabilis
1673 640 1851 682 sapientie,

1066 692 1103 721 ut
1125 690 1272 723 ostendat
1292 691 1457 732 magnalia
1485 701 1553 725 suae
1577 693 1775 726 admirabilis
1798 705 1854 737 po-

1067 745 1196 784 tentiae,
1225 748 1260 777 ut
1280 755 1338 778 vos
1356 746 1468 778 doceat
1485 746 1684 788 beneplacita
1706 758 1775 781 suae
1793 759 1852 782 vo·

1067 797 1201 830 luntatis
1214 801 1245 831 et
1259 799 1511 841 complacentiae.
1527 800 1680 842 Qnaerite,
1705 802 1850 844 inquam,

1068 861 1142 884 cum
1160 854 1353 893 reverentia,
1369 854 1532 895 quomodo
1543 856 1653 888 omnia
1662 858 1730 888 tam
1744 859 1853 899 poten-

1068 907 1116 937 ter
1125 905 1165 937 de
1176 906 1278 938 nihilo
1292 908 1464 947 creaverit3
1481 910 1644 950 quomodo
1656 914 1773 943 cuncta
1785 914 1852 944 tam

1068 959 1229 1000 sapienter
1243 960 1276 992 in
1285 961 1441 994 universo
1451 962 1651 996 ordinaverit
1663 976 1672 1004 ;
1687 966 1852 1006 quomodo

1068 1013 1200 1054 singula
1215 1016 1280 1046 tam
1296 1015 1470 1048 clementer
1483 1026 1544 1049 suo
1559 1017 1779 1050 inaestimabili
1794 1019 1852 1051 bo-

1069 1076 1111 1099 no
1135 1067 1344 1100 decoraverit.
1368 1069 1508 1108 Quaerite
1530 1071 1714 1111 humiliter,
1738 1073 1766 1104 si
1790 1073 1854 1106 ho-

1069 1121 1148 1153 mini
1163 1122 1209 1153 fas
1224 1126 1272 1154 est
1291 1122 1323 1154 iu
1335 1123 1395 1155 hac
1410 1124 1477 1156 vita
1492 1125 1701 1166 investigare,
1716 1127 1855 1168 qualiter

1070 1175 1132 1207 illae
1159 1178 1223 1207 tres
1248 1186 1394 1216 personae
1419 1179 1600 1220 coaequales
1627 1183 1659 1212 et
1685 1183 1854 1214 eoaeternae

1069 1230 1246 1262 subsistant
1262 1231 1294 1262 iu
1312 1241 1377 1263 una
1391 1235 1422 1264 et
1435 1233 1602 1266 individua
1617 1235 1807 1274 substantia,
1823 1239 1855 1268 et

1070 1284 1129 1316 hoc
1156 1285 1188 1315 in
1213 1284 1368 1318 Trinitate
1399 1287 1600 1327 beatissinia;
1629 1290 1768 1330 qualiter
1790 1291 1854 1323 illae

1070 1342 1133 1371 tres
1157 1340 1358 1381 substantiae,
1377 1342 1541 1382 videlicet,
1563 1345 1668 1376 carnis
1686 1348 1717 1377 et
1735 1346 1854 1378 animae

1069 1396 1101 1425 et
1121 1394 1263 1434 deitatis,
1286 1396 1479 1428 conveniant
1503 1397 1537 1429 in
1560 1408 1627 1430 una
1646 1408 1798 1440 persona,
1823 1402 1856 1432 et

1070 1447 1130 1479 hoc
1161 1448 1194 1479 in
1220 1448 1337 1480 Christi
1364 1450 1582 1483 incarnatione
1617 1453 1852 1493 sacratissima;

1069 1502 1206 1542 qualiter
1229 1502 1270 1534 ab
1293 1506 1415 1536 {eterno
1439 1504 1531 1537 Pater
1552 1515 1571 1537 a
1595 1506 1695 1546 nullo,
1715 1506 1817 1540 Filius
1835 1517 1855 1539 a

1072 1556 1164 1588 l’atre
1194 1557 1279 1596 solo,
1303 1558 1444 1599 Spiritus
1475 1563 1603 1591 sanctus
1631 1561 1672 1592 ab
1703 1564 1852 1603 utroque.

1072 1611 1150 1651 lpse,
1175 1621 1271 1652 quem
1296 1613 1428 1653 quaeris,
1453 1614 1564 1646 doctor
1585 1618 1632 1646 est
1651 1618 1682 1647 et
1705 1616 1855 1656 cognitor

1070 1665 1176 1696 omnis
1192 1666 1346 1705 veritatis-3
1364 1677 1382 1698 a
1397 1677 1461 1708 quo
1478 1669 1584 1700 onmis
1600 1670 1719 1701 veritas
1738 1670 1855 1711 princi-

1072 1718 1183 1758 paliter
1198 1719 1375 1758 quaeritur;
1397 1722 1466 1760 post
1481 1729 1579 1761 quem
1601 1722 1719 1753 veritas
1742 1731 1853 1754 exem-

1071 1772 1201 1812 plariter
1217 1773 1402 1812 perducitur
1412 1785 1420 1811 ;
1442 1774 1481 1805 ad
1502 1784 1600 1815 quein
1615 1776 1721 1807 omnis
1737 1776 1855 1808 veritas

1071 1826 1210 1857 tin-aliter
1235 1826 1399 1858 reducitur
1431 1830 1462 1858 et
1499 1829 1679 1860 ordinatur.
1712 1829 1781 1871 Ipse
1807 1832 1855 1861 est

1070 1880 1191 1918 doctor,
1209 1881 1264 1921 qui
1280 1880 1371 1912 docet
1385 1890 1514 1913 omnem
1531 1883 1700 1915 veritatem
1718 1894 1726 1915 :
1741 1884 1856 1916 verita—

1072 1937 1134 1965 tem
1153 1935 1238 1973 vitre,
1261 1945 1361 1975 quani
1384 1936 1416 1966 iu
1442 1937 1552 1968 multis
1571 1937 1729 1970 destruxit
1752 1938 1856 1970 lutosa

1072 1989 1242 2029 gulositas,
1268 1990 1434 2021 veritatem
1453 1990 1619 2030 doctrinae,
1644 2001 1754 2032 quam,
1772 1993 1853 2024 heul

1072 2043 1103 2074 in
1130 2044 1290 2084 plerisque
1321 2045 1453 2075 caecavit
1486 2045 1679 2085 voluptuosa
1711 2047 1852 2085 vanitas;

1072 2098 1237 2128 veritatem
1259 2098 1405 2137 justitiae,
1430 2108 1528 2139 quam
1547 2099 1706 2139 effugavit
1728 2101 1854 2141 pericu-

1072 2152 1137 2183 losa
1152 2151 1302 2183 aviditas
1325 2152 1466 2189 Quaerite
1488 2162 1579 2193 ergo,
1603 2163 1661 2185 vos
1684 2163 1778 2194 reges
1799 2155 1854 2187 de-

1072 2207 1151 2245 voti,
1171 2205 1294 2244 Jesum,
1315 2209 1349 2237 ut
1373 2216 1430 2238 vos
1454 2207 1564 2239 doceat
1587 2217 1717 2240 omnem
1738 2210 1854 2241 verita-

1073 2264 1135 2292 tem
1153 2270 1160 2291 :
1177 2261 1344 2291 veritatem
1362 2261 1446 2299 vitre,
1466 2264 1500 2292 ut
1512 2262 1617 2293 sciatis
1631 2263 1768 2303 qualiter
1784 2273 1855 2295 vos-

1072 2315 1158 2355 ipsos
1187 2314 1307 2345 utiliter
1344 2324 1459 2354 regere
1492 2315 1654 2354 debeatis;
1685 2317 1853 2348 veritatem

1072 2369 1236 2406 doctrina»,
1254 2371 1289 2399 ut
1311 2370 1509 2408 cognoscatis
1533 2371 1672 2411 qualiter
1695 2371 1854 2411 subjectos

1073 2422 1273 2454 laudabiliter
1298 2422 1460 2462 dirigatis;
1498 2425 1664 2456 veritatem
1691 2425 1826 2465 justitiae
1844 2449 1851 2462 ‚

1076 2480 1109 2508 ut
1124 2476 1310 2516 intelligatis
1325 2477 1462 2517 qualiter
1483 2478 1544 2510 Deo
1563 2479 1722 2510 serviliter
1737 2480 1854 2511 servia-

1073 2532 1122 2562 tis.
1152 2531 1293 2568 Quaerite
1323 2532 1419 2562 etiam
1442 2534 1553 2563 Jesum
1578 2532 1750 2572 aliquando
1779 2543 1854 2565 cum

1073 2595 1189 2625 sponsa
1210 2585 1416 2618 dilectissima
1431 2587 1462 2617 iu
1477 2587 1570 2618 horto
1585 2587 1783 2627 deliciarum,
1797 2589 1853 2620 uhi

1073 2639 1257 2670 deambulat
1272 2650 1345 2671 cum
1367 2640 1619 2679 adolescentulis,
1635 2641 1690 2672 ubi
1706 2641 1772 2673 lilia
1788 2642 1851 2674 col-

1073 2693 1145 2733 ligit
1169 2703 1242 2725 cum
1266 2694 1467 2734 virginibus,
1493 2695 1547 2726 uhi
1570 2695 1708 2726 comedit
1731 2696 1854 2728 fructus

1074 2756 1245 2787 pomorum
1262 2757 1395 2780 suorum
1412 2758 1485 2780 eum
1499 2749 1694 2788 juvenculis.
1715 2749 1853 2787 Quaerite
