2029 3052
212 212 271 241 488
793 203 1006 237 APOLOGIAE
1027 203 1159 236 PAUPE
1164 203 1247 236 RUM

211 287 286 310 eum
307 276 363 318 qui
384 277 416 307 et
437 276 511 307 ante
531 273 733 312 lasciviebat,
757 275 789 304 et
813 273 986 312 ditabatur,

210 330 320 363 omnia
342 331 498 369 exutum,
514 330 546 361 et
567 328 608 359 ad
628 327 758 366 famem,
780 328 813 358 et
835 325 988 366 inopiam,

212 387 242 417 et
255 385 371 416 duram
389 384 490 416 vitam
502 407 510 422 ,
527 381 734 422 sanguinem,
749 380 942 412 occisionem
959 381 991 411 et

212 438 323 470 omnia
342 446 417 478 quae
437 436 589 469 videntur
614 433 807 475 periculosa,
832 442 991 474 praepara-

211 494 283 524 tum
295 516 304 531 ,
323 500 388 523 non
406 490 606 521 manifestam
620 487 753 528 accipiat
771 487 847 519 hinc
861 487 992 519 futuro-

212 556 287 578 rum
311 543 638 577 demonstrationem?
653 541 687 573 Si
707 543 815 573 autem
833 551 892 572 nos
906 550 991 582 prae-

213 600 358 632 sentibus
369 597 652 639 implicaverimus‚
664 597 696 627 et
707 595 990 634 immiscuerimus,

212 654 350 696 qualiter
364 653 514 693 poterunt
526 651 664 688 credere,
678 650 763 690 quod
775 650 814 680 ad
827 649 994 689 possessio-

213 717 288 740 nem
303 707 398 738 aliam
412 705 620 737 festinemus?
635 714 650 733 n
669 703 844 743 Hucusque
860 703 994 743 Chryso-

213 763 348 793 stomus.
369 760 404 791 In
428 759 479 790 his
499 758 584 790 clare
607 757 818 795 demonstrat,
835 756 921 797 quod
935 765 992 787 vo-

213 816 362 849 luntariae
386 814 582 857 paupertatis
607 812 792 853 exemplum
818 812 852 843 in
875 812 992 852 praedi-

215 873 326 909 cante,
343 869 450 909 magis
470 867 653 900 credibilem
674 867 748 898 facit
771 866 994 906 evangelicam

215 923 487 965 praedicationem.
510 921 656 953 Secundo
680 920 776 952 etiam
798 920 899 958 valet,
916 920 995 961 quia

215 978 321 1017 magis
342 977 444 1009 reddit
467 975 645 1014 efficacem,
668 975 761 1015 juxta
780 973 865 1014 quod
885 974 996 1005 Dama-

215 1040 341 1070 scenus,
357 1031 438 1061 libro
451 1029 503 1068 IV,
519 1029 611 1060 dicit¹
630 1039 637 1059 ε
654 1039 668 1058 <1
682 1027 894 1067 Evangelium
905 1027 996 1067 agni-

215 1085 310 1118 tionis
333 1084 387 1116 Dei
407 1083 614 1125 praedicatum
636 1084 682 1113 est
703 1090 769 1112 non
788 1081 879 1112 bellis
899 1083 929 1112 et
947 1090 998 1112 ar-

217 1139 311 1170 matis
327 1138 518 1169 exercitibus
529 1135 727 1167 adversarios
742 1134 924 1171 devincens,
941 1134 996 1166 sed

217 1191 322 1232 pauci,
340 1189 430 1228 nudi,
446 1197 615 1229 pauperes,
634 1186 809 1227 persecuti,
823 1186 994 1225 verberati,

218 1244 411 1281 mortificati,
423 1242 613 1273 crucifixum
624 1241 657 1271 in
670 1250 765 1271 carne
777 1243 809 1271 et
821 1243 995 1278 mortuum,

218 1301 250 1330 et
270 1299 487 1330 dominantem
510 1296 739 1337 praedicantes,
756 1295 954 1335 sapientibus
967 1297 997 1326 et

220 1353 444 1392 insipientibus
471 1351 722 1391 praevaluerunt.
751 1361 764 1379 n
791 1350 866 1381 Ilaec
888 1349 999 1381 Dama-

220 1416 347 1438 sccnuS.
378 1406 501 1436 Ilorum
527 1405 702 1435 imitatores
729 1404 772 1434 illi
796 1404 937 1442 fuerunt,
961 1404 999 1435 de

221 1462 339 1502 quibus
360 1460 515 1492 Eusebius
537 1459 569 1490 in
594 1458 820 1491 Ecclesiastico
842 1458 997 1497 historia,

220 1515 301 1546 libro
325 1514 430 1550 tertio,
452 1513 551 1544 dicit:
573 1513 738 1550 «Quidam
762 1512 941 1543 ardentiore
956 1512 1001 1542 di-

221 1569 306 1600 vinae
329 1568 492 1608 sapientise
507 1566 677 1606 cupiditate,
700 1566 861 1603 succensi,
878 1566 1001 1596 animas

222 1632 297 1654 suas
313 1622 411 1653 verbo
428 1621 480 1652 Dei
496 1620 738 1658 consecrabant,
755 1620 917 1660 explentes
933 1629 1001 1659 per-

223 1677 366 1707 fectionis
390 1676 526 1706 salutare
550 1677 757 1714 praeceptum,
782 1677 819 1704 ut
839 1673 1001 1703 facultates

224 1739 299 1761 suas
319 1730 424 1768 primo
444 1729 638 1769 pauperibus
658 1727 845 1764 dividentes,
863 1727 1000 1767 expediti

224 1785 261 1815 ad
275 1784 513 1824 praedicandum
532 1782 743 1821 Evangelium
756 1783 878 1813 fierent.
897 1793 910 1809 »
930 1781 1003 1812 Ter-

226 1838 286 1876 tio,
313 1838 388 1878 quia
419 1837 514 1868 efficit
538 1846 608 1867 eam
633 1836 739 1874 magis
763 1835 1001 1875 acceptabilem.

226 1892 314 1923 Unde
330 1891 591 1932 Cbrysostomus,
609 1899 704 1930 super
720 1889 797 1919 illud
817 1889 978 1919 Matthaei*³
994 1899 1001 1919 t

226 1947 352 1986 Dianas
368 1949 413 1977 cst
427 1946 595 1985 operarius
611 1944 677 1976 cibo
693 1951 761 1981 suo,
778 1943 851 1973 dit-it
862 1943 871 1959 ³
887 1954 892 1973 ς
915 1955 928 1971 «
944 1942 1005 1973 Ma-

226 2000 378 2031 nifestum
404 1999 556 2039 quoniam
584 2008 603 2028 a
634 1997 795 2037 discipulis
825 2006 878 2027 eos
907 1997 1004 2027 cibari

228 2054 410 2093 oportebat,
429 2062 532 2092 neque
549 2052 608 2092 ipsi
624 2061 743 2090 magua
757 2051 880 2091 sapiant
895 2050 1006 2081 adver-

229 2116 282 2137 sus
297 2116 360 2145 eos,
378 2106 431 2146 qui
448 2106 636 2137 dicebantur
649 2105 756 2135 omnia
773 2104 960 2144 praebentes,
975 2106 1006 2134 ct

231 2163 309 2193 nihil
334 2163 519 2202 accipientes
545 2162 585 2193 ab
614 2162 709 2202 ipsis,
737 2170 794 2191 uec
823 2160 867 2190 illi
894 2170 1006 2191 rursus

228 2216 457 2247 abscimlautur
483 2219 635 2256 tanquam
659 2215 796 2254 despecti
819 2215 859 2244 ab
883 2214 968 2254 ipsis.
988 2225 1002 2241 ι)

228 2271 306 2301 Cum
321 2270 422 2309 igitur
438 2270 618 2301 voluntaria
634 2278 743 2299 rerum
759 2269 892 2308 penuria
905 2268 1007 2298 Evan-

228 2325 303 2363 gelii
329 2324 585 2364 przedicationem
609 2323 715 2362 magis
737 2322 847 2353 reddat
871 2321 1004 2352 credibi-

228 2381 311 2419 lem,
333 2381 511 2418 efficacem,
535 2379 781 2419 acceptabilem,
806 2387 842 2408 ae
867 2387 922 2418 per
947 2378 1007 2408 boc

228 2435 387 2465 auditores
403 2434 531 2464 inducat
545 2433 584 2463 ad
601 2433 706 2469 sidem,
723 2433 829 2471 erigat
849 2431 886 2462 ad
904 2440 1004 2470 spem,

229 2488 344 2518 alliciat
359 2487 397 2518 ad
414 2487 611 2524 charitatem,
630 2486 833 2516 manifestum
850 2488 907 2523 est,
922 2485 1005 2525 quod

230 2541 370 2571 maxime
393 2541 475 2571 valet
499 2541 537 2571 ad
559 2539 754 2579 evangelicae
781 2539 921 2569 veritatis
946 2548 1005 2578 pu-

230 2595 443 2625 blicationem.
460 2594 557 2633 Cujus
579 2594 674 2624 etiam
699 2593 830 2623 evidens
854 2592 1006 2623 indicium

266 2677 270 2691 ¹
289 2675 456 2701 l)ssu]:15‹{.‚1l‹‘
470 2675 526 2699 Fid.
543 2674 624 2704 Orth„
638 2674 680 2698 lib.
697 2674 737 2703 ΙΥ,
754 2681 775 2697 c.
795 2679 826 2696 tv.
837 2687 868 2690 —
882 2674 891 2688 Ξ
906 2674 1007 2703 .ὶΙιιΙίΙι.,

234 2719 258 2742 y.
274 2713 309 2736 10.
321 2725 352 2729 —
364 2712 373 2727 ³
387 2711 567 2741 Ct11·)·s0st.,1⁴u
584 2710 903 2739 Matisa,bom.xx.x·11‚al.
916 2715 1007 2737 xxxin,

1045 273 1112 310 est,
1134 272 1221 313 quod
1245 281 1302 313 per
1323 272 1492 313 Apostolos
1509 282 1668 315 pauperes
1680 276 1778 309 rebus
1791 280 1824 310 et

1045 326 1179 366 spiritu,
1196 335 1386 367 quanquam
1399 335 1537 359 numero
1551 337 1669 368 paucos
1680 353 1689 367 ,
1706 330 1824 363 diffusa

1045 381 1092 411 est
1109 380 1297 419 evangelica
1310 380 1428 411 veritas
1446 380 1480 412 in
1494 381 1605 413 orbem
1619 383 1822 424 universum,

1045 434 1082 464 ut
1104 433 1143 464 de
1153 433 1229 473 ipsis
1243 442 1319 464 vere
1333 433 1455 465 dictum
1469 434 1510 466 sit
1521 437 1549 466 ⁴:
1566 437 1607 468 In
1621 444 1742 470 omnem
1757 439 1824 470 ler-

1045 496 1118 521 ram
1139 489 1243 522 exivit
1263 497 1361 522 sonus
1381 497 1500 522 eorum.
1524 490 1613 523 Unde
1636 492 1826 534 Chrysosto-

1046 552 1120 574 mus
1134 551 1230 583 super
1248 544 1478 577 Manhaeum⁵:
1499 556 1514 575 α
1529 544 1563 577 Si
1585 548 1693 578 autem
1714 547 1824 578 homi-

1047 606 1104 628 nes
1111 597 1278 629 duodecim
1287 598 1399 629 orbem
1414 600 1573 630 terrarum
1583 601 1822 639 converterunt,

1047 651 1197 691 excogita
1224 654 1345 691 quanta
1365 654 1412 683 est
1440 654 1551 684 nostra
1579 653 1720 693 malitia,
1749 663 1824 685 cum

1047 705 1129 736 tanti
1151 704 1340 745 existentes,
1359 715 1413 737 eos
1427 706 1484 747 qui
1502 708 1662 747 reguntur
1676 716 1741 738 non
1755 716 1826 748 pos-

1048 767 1161 790 sumus
1199 758 1362 798 corrigere
1379 783 1386 798 ‚
1424 768 1504 800 quos
1537 760 1646 791 decem
1683 760 1827 792 millibus

1049 812 1179 843 mundis
1192 813 1358 853 oportebat
1373 813 1536 850 sufficere,
1553 816 1584 844 et
1601 822 1669 845 esse
1690 814 1828 846 fermen-

1049 868 1131 897 tum.
1149 866 1160 883 ὃ
1174 866 1235 898 Sed
1247 866 1351 906 signa,
1369 867 1414 898 ait
1429 867 1484 906 (α),
1500 867 1672 899 habebant.
1686 867 1746 900 Sed
1759 877 1826 900 non

1050 920 1145 960 signa
1162 929 1215 951 eos
1235 920 1397 952 mirabiles
1419 921 1572 952 fecerunt.
1590 920 1681 952 Multi
1693 921 1782 953 enim
1795 924 1828 954 et

1050 974 1212 1005 daemones
1222 974 1435 1014 projicientes,
1451 974 1527 1014 quia
1541 973 1743 1014 iniquitatem
1757 983 1830 1015 ope-

1051 1029 1110 1059 rati
1138 1030 1231 1065 sunt,
1248 1028 1320 1058 facti
1344 1027 1523 1066 mirabiles,
1549 1027 1603 1059 sed
1627 1028 1742 1068 puniti.
1766 1028 1828 1060 Sed

1051 1082 1141 1123 quid,
1151 1082 1294 1122 inquam,
1305 1084 1352 1113 est
1361 1082 1448 1122 quod
1458 1091 1511 1113 eos
1518 1081 1655 1113 ostendit
1663 1084 1824 1122 magnos?

1053 1136 1266 1167 Pecuniarum
1284 1138 1500 1176 contemptus,
1520 1135 1634 1175 gloriae
1648 1135 1828 1177 despectus,

1053 1190 1092 1221 ab
1107 1190 1258 1221 omnibus
1273 1189 1347 1221 vitae
1359 1189 1458 1229 hujus
1467 1189 1588 1229 negotii
1602 1190 1740 1230 erepti03
1757 1199 1831 1230 quae

1053 1244 1077 1274 si
1101 1253 1165 1275 non
1182 1244 1378 1281 habuissent,
1396 1243 1465 1273 etsi
1486 1243 1594 1274 decem
1620 1243 1718 1274 millia
1742 1253 1830 1275 mor—

1055 1300 1125 1328 tuos
1137 1297 1353 1335 suscitassent,
1370 1306 1434 1327 non
1450 1296 1554 1327 solum
1574 1297 1654 1328 nulli
1669 1298 1832 1337 professis-

1054 1354 1141 1388 seut,
1163 1351 1216 1382 sed
1241 1353 1272 1381 et
1294 1350 1476 1381 seductores
1498 1351 1648 1381 aestimati
1672 1354 1787 1382 esseut.
1812 1362 1827 1380 ι)

1056 1404 1229 1444 Hucusque
1245 1404 1501 1444 Chrysostomus,
1517 1403 1572 1444 qui
1586 1403 1678 1434 ethis
1689 1406 1834 1444 patenter

1056 1458 1203 1496 ostendit,
1220 1458 1305 1497 quod
1322 1457 1402 1488 nibil
1423 1459 1547 1488 tantum
1572 1457 1673 1489 valuit
1692 1458 1731 1489 ad
1751 1458 1834 1489 dila-

1056 1512 1188 1543 tandum
1217 1511 1331 1543 Christi
1355 1511 1586 1551 Evangelium,
1604 1521 1702 1551 quam
1730 1512 1833 1552 perfe-

1057 1568 1125 1596 ctus
1138 1567 1340 1605 contemptus
1356 1574 1463 1596 rerum
1487 1565 1737 1596 mundanarum.
1754 1565 1834 1598 Cum

1058 1619 1158 1658 igitur
1189 1619 1368 1650 voluntaria
1394 1621 1425 1649 et
1453 1619 1623 1659 penuriosa
1653 1622 1832 1660 paupertas,

1058 1673 1139 1703 sicut
1159 1682 1197 1703 cx
1219 1673 1377 1712 praedictis·
1400 1673 1519 1711 elucet,
1537 1673 1662 1703 valeres
1676 1673 1836 1713 incompa-

1059 1726 1174 1757 rabiles
1190 1730 1327 1766 quatuor
1342 1726 1457 1756 habeat
1479 1726 1663 1766 triplicatos,
1682 1729 1765 1757 recte
1780 1726 1837 1758 de-

1059 1780 1231 1819 signantur
1258 1789 1323 1810 non
1349 1779 1453 1810 solum
1476 1789 1532 1820 per
1555 1788 1653 1810 unam
1679 1779 1838 1819 evangeli-

1060 1842 1130 1863 cam
1156 1833 1363 1872 margaritam
1376 1856 1385 1870 ,
1402 1841 1516 1863 verum
1539 1833 1633 1863 etiam
1650 1841 1707 1872 per
1721 1832 1838 1864 duode-

1061 1887 1122 1918 cim
1142 1886 1349 1927 prazt'ulgidas
1365 1886 1396 1916 in
1416 1887 1515 1926 portis
1531 1895 1623 1917 novae
1641 1886 1838 1917 Hierusalem

1061 1941 1277 1972 descendentis
1292 1941 1330 1971 de
1345 1940 1434 1978 coelo,
1453 1949 1510 1980 pro
1524 1949 1644 1979 magno
1655 1940 1704 1971 sui
1716 1940 1835 1979 valore,

1062 1995 1205 2034 miraque
1221 1994 1457 2034 pulchritudine
1470 1993 1595 2033 positas,
1613 1993 1729 2033 quibus
1743 1996 1774 2024 et
1784 2003 1839 2025 no-

1063 2049 1149 2079 mina
1171 2048 1338 2079 duodecim
1364 2056 1541 2088 pauperum
1567 2047 1692 2087 spiritu,
1710 2048 1840 2088 Aposto-

1063 2103 1167 2134 lorum
1184 2102 1311 2140 scilicet,
1329 2101 1363 2131 in
1382 2101 1596 2131 fundamentis
1611 2100 1761 2132 collocata
1777 2110 1840 2132 res-

1065 2157 1215 2197 pondent,
1232 2164 1288 2186 seu
1306 2164 1361 2195 per
1371 2155 1537 2185 duodecim
1553 2154 1671 2195 lapides
1683 2155 1714 2185 in
1732 2155 1840 2195 typico

1064 2210 1209 2242 rationali
1231 2209 1431 2250 quadruplici
1447 2208 1645 2239 ordinatione
1663 2208 1838 2248 diStinctos,

1064 2274 1127 2305 quo
1142 2272 1291 2295 summus
1310 2266 1417 2293 noster
1431 2262 1576 2293 Pontifex
1591 2262 1763 2293 adornatus
1784 2272 1841 2303 ap-

1065 2319 1181 2359 paruit,
1206 2317 1331 2357 quando
1344 2341 1352 2355 ,
1370 2319 1405 2346 ut
1426 2326 1484 2347 nos
1509 2316 1726 2347 reconciliaret
1742 2316 1839 2354 Patri,

1065 2373 1170 2404 nudus
1182 2373 1214 2402 iu
1227 2380 1321 2402 cruce
1337 2370 1495 2411 pependit.
1513 2369 1569 2400 Cui
1584 2369 1680 2400 etiam
1694 2369 1840 2400 rationali

1064 2430 1095 2458 et
1117 2425 1399 2466 superhumerale,
1421 2423 1608 2463 exemplum
1632 2423 1749 2454 scilicet
1763 2423 1841 2453 duo-

1065 2481 1166 2512 decim
1186 2479 1423 2520 Apostolorum,
1448 2480 1600 2517 tanquam
1616 2477 1693 2508 vitta
1710 2476 1840 2516 hiacyn-

1065 2535 1164 2571 thina,
1182 2533 1343 2564 charitatis
1358 2532 1472 2563 affectu
1487 2531 1665 2571 copulatur.
1687 2530 1740 2561 Est
1753 2530 1840 2560 enim

1066 2630 1090 2645 n.
1108 2624 1129 2646 5.
1147 2635 1177 2639 -
1198 2621 1207 2636 Β
1231 2620 1297 2645 I’sal.
1320 2626 1402 2649 xvlu,
1424 2620 1446 2644 5.
1467 2632 1497 2636 -
1516 2619 1524 2632 ⁵
1539 2618 1682 2648 ct1rysost.,
1698 2617 1723 2640 in
1739 2617 1839 2646 Mami„

1065 2658 1135 2682 bom.
1152 2662 1220 2687 uvi,
1237 2657 1268 2680 al,
1285 2662 1367 2685 smil,
1384 2662 1408 2680 n.
1426 2656 1448 2678 2.
1464 2668 1494 2672 —
1512 2655 1520 2668 ἢ
1536 2654 1588 2677 ibid
1602 2672 1609 2684 ,
1628 2660 1653 2677 n.
1670 2655 1692 2677 3.

1099 2710 1131 2738 (a)
1151 2707 1238 2738 Suppl.
1257 2706 1355 2737 aliquis.
