2029 3052
189 136 250 167 296

190 202 276 234 flicta
295 204 427 237 vexatio
445 203 467 244 ¹,
492 203 580 244 tacta
593 207 640 237 est
659 211 752 245 super
766 211 838 236 eum
851 209 970 236 manus

191 257 324 290 Domini
336 257 360 296 ²,
381 259 412 291 et
429 258 613 292 immutatio
633 257 776 291 deoeteroe
801 256 931 290 Excelsi
942 255 967 296 ⁸,

191 309 324 342 diutinis
337 309 553 350 languoribus
566 309 667 351 ipsius
680 318 796 350 corpus
804 308 965 349 affligens,

191 365 230 395 ut
239 365 400 404 coaptaret
410 364 552 396 animam
566 363 607 396 ad
620 363 721 396 sancti
737 363 876 405 Spiritus
888 372 967 396 unc-

190 420 323 452 tionem.
348 419 494 461 Cumque
513 421 686 461 resumptis
709 420 871 462 corporeis
891 419 972 452 viri-

191 475 269 514 hus,
292 475 352 507 sibi
380 475 572 508 vestimenta
600 474 745 507 decentia
766 484 855 507 more
877 474 970 506 solito

192 530 413 571 praeparasset,
427 529 562 561 obvium
577 529 691 561 habuit
703 529 838 561 militem
853 537 969 570 quem-

192 583 268 616 dam
282 591 477 623 generosum
495 583 639 624 quidem,
661 583 715 615 sed
738 591 925 624 pauperem,
941 584 974 614 et

193 637 277 669 male
291 637 455 677 vestitum,
472 638 565 678 cnjus
578 637 762 679 pauperiem
777 637 830 678 pio
844 637 974 669 misera-

194 692 247 723 tus
265 691 393 731 affectu,
414 691 506 724 illum
529 692 677 733 protinus
699 701 733 723 se
756 693 853 723 exuto
874 690 972 723 vesti-

194 746 242 779 vit
264 757 270 777 :
299 748 337 778 ut
357 746 453 778 simul
476 746 510 778 in
533 755 600 779 uno
633 746 802 787 geminum
828 745 976 787 impleret

194 801 321 842 pietatis
334 801 489 841 officium,
506 810 571 842 quo
585 802 617 832 et
630 800 746 832 nobilis
765 799 874 831 militis
887 808 977 832 vere-

195 857 346 889 cundiam
361 859 497 898 tegeret,
511 859 543 889 et
557 856 707 898 pauperis
722 856 864 888 hominis
877 865 976 897 penu·

196 911 278 943 riam
293 912 462 944 relevaret.
480 910 578 955 Nocte
592 920 670 943 vero
685 911 841 952 sequenti,
858 919 932 942 cum
943 919 977 941 se

197 965 303 1006 sopori
317 965 464 1005 dedisset,
480 965 634 1006 palatium
656 965 835 1006 speciosum
856 967 887 996 et
907 973 978 995 ma-

147 1051 155 1063 ,
198 1029 302 1061 gnum
315 1028 389 1051 cum
408 1019 602 1051 militaribus
623 1020 723 1051 armis
741 1019 844 1051 crucis
863 1019 978 1051 Christi

198 1073 365 1114 signaculo
383 1073 575 1114 insignitum
599 1073 767 1105 clementia
784 1073 844 1104 sibi
870 1073 979 1104 divina

199 1128 403 1167 monstravit,
428 1130 465 1160 ut
486 1128 753 1165 misericordiam,
777 1137 835 1168 pro
859 1127 978 1159 summi

199 1181 296 1222 Regis
309 1190 431 1221 amore,
446 1181 577 1223 pauperi
591 1182 768 1213 exhibitam
785 1181 889 1219 militi,
900 1190 980 1222 pra}-

199 1236 378 1268 ostenderet
421 1236 662 1277 incomparabili
712 1235 979 1275 compensandam

200 1300 267 1322 esse
283 1290 438 1322 mercede.
456 1290 556 1328 Unde,
570 1292 602 1321 et
625 1299 699 1321 cum
714 1292 874 1330 quaereret
886 1291 936 1329 cuj
943 1299 980 1320 us

201 1347 305 1376 essent
318 1345 370 1376 illa
384 1345 505 1383 omnia,
522 1353 579 1376 sua
596 1346 674 1383 sore,
693 1344 895 1384 militumque
911 1353 981 1375 suo-

201 1409 295 1438 rum,
324 1408 463 1440 superna
492 1398 551 1430 suit
579 1399 752 1429 assertione
778 1407 978 1438 responsum.

202 1453 367 1494 Evigilans
381 1454 487 1494 itaque
509 1462 612 1492 mane,
629 1462 703 1484 cum
719 1453 862 1484 nondum
883 1453 981 1484 liabe-

201 1511 249 1540 ret
263 1508 472 1540 exercitatum
488 1508 634 1539 animum
653 1507 692 1538 ad
707 1507 815 1538 divina
832 1516 981 1547 perscru-

203 1563 298 1594 tanda
312 1562 480 1603 mysteria,
505 1562 704 1602 nesciretque
730 1571 784 1602 per
806 1561 981 1592 visibilium

203 1617 323 1658 species
337 1616 473 1647 transire
488 1617 526 1647 ad
542 1616 754 1647 contuendam
770 1616 980 1646 invisibilium

203 1670 383 1709 veritatem,
413 1679 539 1709 magnae
563 1671 628 1701 fore
655 1670 872 1710 prosperitatis
902 1670 981 1700 indi-

204 1724 290 1755 cium
311 1724 514 1755 existimabat
539 1724 697 1754 insolitam
722 1724 888 1755 visionem.
916 1723 982 1753 Dis-

205 1778 310 1819 posuit
336 1778 461 1818 itaque,
487 1778 606 1810 divinae
630 1778 735 1809 adhuc
772 1778 985 1818 dispositionis

205 1833 352 1873 ignarus,
366 1831 399 1862 in
414 1831 564 1872 Apuliam
579 1832 617 1862 ad
633 1832 804 1872 quemdam
821 1831 983 1862 liberalem

206 1887 354 1918 comitem
395 1896 428 1917 se
459 1887 600 1917 conferre
614 1910 621 1923 ,
656 1886 689 1916 in
724 1886 822 1926 ipsius
853 1895 985 1926 sperans

205 1941 358 1981 obsequio
371 1940 467 1972 decus
485 1940 614 1980 adipisci
640 1940 775 1977 militiae,
804 1942 835 1970 ut
860 1942 984 1970 ostensa

207 1995 267 2025 sibi
283 1995 364 2026 visio
385 1995 611 2035 praetendi-bat.
633 1994 777 2033 Cumque
801 1994 895 2034 paulo
916 1998 985 2034 post

208 2050 268 2080 iter
289 2058 462 2089 aggressus
490 2049 597 2079 ivisset
622 2057 722 2087 usque
743 2047 781 2077 ad
805 2048 984 2087 proximam

209 2103 382 2141 civitatem,
399 2102 521 2133 audivit
544 2103 576 2133 in
594 2105 685 2132 nocte
701 2101 870 2132 Dominum
894 2103 985 2132 sanni·

209 2158 279 2188 liari
303 2157 360 2187 sibi
383 2157 572 2188 allocutione
596 2156 752 2187 dicentem
775 2166 780 2185 :
809 2155 984 2194 Francisce,

207 2211 279 2252 quis
293 2213 393 2251 potest
409 2210 523 2241 melius
543 2211 643 2241 facere
667 2210 734 2247 tibi,
758 2210 907 2241 dominus
931 2212 987 2240 aut

208 2274 332 2303 servus,
345 2265 433 2296 dives
449 2268 504 2295 aut
520 2266 662 2305 pauper?
677 2265 732 2295 Cui
748 2273 821 2295 cum
840 2264 982 2295 Francis-

208 2328 265 2350 cus
279 2319 501 2359 respondisset,
518 2318 603 2358 quod
623 2321 686 2348 tam
705 2318 864 2355 dommus,
888 2328 984 2358 quam

208 2374 308 2412 dives,
330 2374 430 2403 facere
453 2372 566 2403 melius
590 2375 699 2411 potest,
726 2372 833 2402 intulit
853 2373 958 2403 statim
977 2385 982 2403 :

209 2428 271 2460 Cur
286 2437 366 2467 ergo
387 2427 541 2467 relinquis
563 2435 618 2466 pro
641 2436 732 2456 servo
758 2426 937 2465 nominum,
956 2430 985 2457 et

208 2492 265 2523 pro
278 2491 414 2522 paupere
428 2482 557 2512 homine
567 2481 699 2512 divitem
714 2480 829 2511 lleuin?
844 2481 877 2511 tlt
890 2480 986 2511 Fran-

208 2537 309 2568 ciseus
325 2548 331 2567 :
350 2537 430 2573 Quid
443 2545 493 2566 me
507 2535 566 2573 vis,
584 2534 729 2571 Domine,
745 2535 864 2565 favere?
881 2535 915 2565 lit
930 2535 986 2565 llo-

241 2618 247 2633 ί
274 2618 332 2646 lm,
359 2622 455 2646 xxvin,
478 2618 515 2640 io.
540 2629 569 2634 —
588 2616 599 2632 ¹
623 2615 721 2645 Eser-le„
744 2621 764 2645 ι,
788 2617 810 2639 ῑῐ.
840 2629 862 2633 -

210 2659 301 2683 cxxvi,
320 2655 356 2677 11.

891 2616 900 2630 ³
922 2615 985 2639 l‘sal.

759 133 946 167 LEGENDA
966 133 1000 166 S.
1021 133 1242 170 FRANCISCI.

1027 203 1136 237 minus
1151 206 1192 238 ad
1205 215 1283 238 eum
1299 216 1306 238 :
1324 206 1498 240 Revertere
1510 208 1545 240 in
1554 211 1674 242 terram
1686 212 1779 244 tuam
1795 223 1803 244 :

1025 258 1103 299 quia
1116 259 1209 299 visio,
1224 269 1324 302 qnam
1338 261 1461 302 vidisti,
1476 261 1676 303 spiritualem
1696 266 1805 306 praefi-

1026 315 1123 353 gurat
1136 313 1297 354 effectum,
1317 323 1385 347 non
1402 315 1558 356 humana,
1579 317 1635 349 sed
1648 317 1760 351 divina
1770 319 1808 352 in

1026 367 1058 398 te
1079 366 1286 408 dispositione
1306 369 1545 410 complendum.
1575 370 1668 404 Mane
1698 372 1807 414 itaque

1027 420 1120 459 facto,
1136 430 1212 453 cum
1226 421 1428 456 festinatione
1439 425 1613 457 revertitur
1626 435 1740 459 versus
1750 427 1807 459 As-

1027 474 1141 506 sisium
1151 484 1285 508 securus
1298 479 1330 508 et
1341 477 1504 518 gaudens3
1518 480 1551 510 et
1561 479 1630 518 jam
1643 480 1808 521 exemplar

1027 529 1217 562 obedientiae
1244 530 1358 570 factus,
1383 531 1572 572 expectabat
1596 532 1724 566 Domini
1749 543 1807 567 vo-

1027 582 1197 615 luntatem.
1220 583 1270 615 Ex
1284 586 1360 616 tunc
1382 594 1402 617 a
1426 585 1562 626 publicae
1581 587 1810 628 negotiationis

1029 636 1172 669 tumultu
1196 647 1230 670 se
1253 637 1461 679 subtrahens,
1492 649 1667 681 supernam
1695 641 1809 675 devote

1030 691 1222 732 precabatur
1239 691 1462 731 elementiam,
1487 695 1525 725 ut
1547 694 1626 735 quid
1649 695 1710 727 sibi
1730 696 1812 728 foret

1031 745 1208 785 agendum,
1219 746 1384 778 ostendere
1394 746 1596 786 dignaretur.
1610 747 1690 780 Cum
1699 751 1810 782 autem

1031 808 1071 830 ex
1085 799 1243 840 frequenti
1257 800 1409 832 orationis
1423 809 1486 832 usu
1506 801 1638 833 flamma
1663 802 1812 835 desiderii

1032 853 1167 886 coelestis
1189 854 1223 885 in
1246 863 1284 886 eo
1303 854 1510 887 vehementer
1535 859 1758 896 succresceret,
1783 860 1814 889 et

1029 909 1097 948 jam
1115 917 1173 949 pro
1187 917 1297 940 amore
1310 917 1460 949 superna}
1473 910 1586 950 patriae
1600 912 1728 943 terrena
1742 920 1813 944 om-

1033 962 1087 993 nia
1101 962 1276 1003 despiceret
1292 962 1383 1003 quasi
1407 963 1502 1002 nihil,
1527 963 1718 996 thesaurum
1737 974 1815 997 sen-

1034 1016 1133 1047 tiebat
1156 1025 1189 1047 se
1213 1017 1367 1057 reperisse
1394 1017 1636 1057 absconditum;
1661 1028 1699 1050 ac
1729 1019 1818 1051 velut

1035 1070 1176 1111 prudens
1196 1071 1388 1110 negotiator,
1416 1072 1629 1112 margaritam
1653 1072 1818 1105 inventam

1035 1125 1248 1165 excogitabat,
1274 1125 1410 1157 venditis
1432 1127 1595 1166 omnibuS,
1618 1136 1817 1168 comparare.

1034 1179 1148 1210 Adhuc
1163 1181 1281 1217 tamen,
1298 1179 1436 1220 qualiter
1452 1180 1482 1211 id
1493 1182 1616 1220 ageret,
1632 1181 1816 1221 ignorabat,

1035 1233 1094 1264 nisi
1109 1233 1185 1274 quia
1198 1233 1300 1273 ipsius
1318 1234 1559 1273 suggerebatur
1576 1234 1715 1275 spiritui,
1732 1235 1818 1276 quod

1035 1287 1212 1327 spiritualis
1227 1287 1378 1317 mercatio
1393 1296 1412 1318 a
1433 1287 1544 1319 mundi
1560 1290 1746 1329 contemptu
1761 1299 1816 1321 su-

1036 1343 1102 1372 mat
1117 1340 1258 1379 initium,
1276 1340 1457 1381 Christique
1480 1341 1594 1372 militia
1613 1342 1654 1373 sit
1668 1351 1688 1373 a
1702 1343 1752 1374 sui
1768 1343 1818 1384 ip-

1036 1395 1103 1425 sius
1118 1394 1251 1426 victoria
1274 1394 1464 1425 inchoanda.
1483 1395 1628 1432 Quadam
1643 1395 1752 1437 itaque
1766 1396 1817 1429 die

1036 1449 1113 1480 dum
1131 1449 1298 1489 azqnitaret
1314 1457 1369 1488 per
1387 1447 1561 1488 planitiem,
1580 1458 1653 1489 quae
1677 1450 1820 1491 subjacet

1037 1502 1155 1533 civitati
1175 1502 1297 1539 Assisii,
1320 1501 1483 1542 leprosum
1507 1502 1680 1542 quemdam
1703 1503 1818 1536 habuit

1037 1557 1183 1595 obvium,
1210 1558 1303 1597 cujus
1328 1557 1509 1597 inopinatus
1529 1566 1682 1588 occursus
1702 1558 1731 1589 ei
1755 1567 1819 1590 non

1038 1621 1175 1652 parvum
1187 1611 1318 1642 incussit
1330 1611 1507 1642 horrorem.
1524 1610 1701 1643 Recurrens
1709 1615 1818 1644 autem

1038 1667 1075 1697 ad
1093 1665 1292 1707 perfectionis
1308 1667 1413 1695 mente
1429 1666 1498 1705 jam
1518 1668 1678 1706 conceptae
1700 1675 1817 1707 propo-

1039 1721 1150 1758 situm,
1169 1722 1199 1750 et
1219 1719 1360 1750 recolens
1383 1719 1467 1758 quod
1493 1719 1634 1759 seipsum
1658 1723 1819 1760 oporteret

1040 1775 1182 1815 primum
1207 1773 1391 1811 devincere,
1421 1773 1446 1804 si
1475 1773 1569 1805 vellet
1593 1775 1674 1805 effici
1704 1775 1819 1807 Christi

1040 1829 1142 1867 miles,
1158 1828 1197 1859 ad
1213 1827 1460 1859 deosculandum
1484 1837 1570 1866 eum,
1594 1837 1677 1868 equo
1699 1828 1818 1869 lapsus,

1039 1882 1189 1913 occurrit.
1207 1881 1262 1912 Cui
1278 1890 1352 1911 eum
1370 1890 1502 1911 manum
1523 1881 1614 1921 quasi
1633 1881 1751 1922 aliquid
1767 1892 1818 1914 ac-

1040 1939 1190 1977 cepturus
1226 1936 1370 1975 leprosus
1404 1935 1621 1976 protenderet,
1651 1936 1819 1976 pecuniam

1041 2001 1113 2023 cun]
1127 1991 1234 2022 osculo
1246 1990 1430 2030 reportavit.
1447 1990 1561 2020 Statim
1577 1992 1685 2021 autem
1698 1999 1818 2030 equum

1040 2045 1225 2082 ascendens,
1240 2047 1269 2074 et
1288 2054 1321 2074 se
1343 2044 1594 2084 circumquaque
1615 2047 1817 2083 convertens,

1040 2110 1113 2131 cum
1134 2108 1266 2138 campus
1288 2100 1408 2137 pateret
1432 2097 1574 2137 undique
1597 2097 1686 2136 liber,
1713 2098 1820 2138 lepro-

1040 2164 1112 2185 sum
1136 2153 1226 2184 illum
1248 2151 1378 2182 minime
1404 2151 1492 2181 vidit.
1517 2150 1736 2182 Admiratione
1758 2151 1817 2182 ila-

1040 2218 1102 2248 que
1115 2206 1254 2247 repletus
1268 2208 1295 2236 el
1309 2205 1440 2245 gaudie,
1452 2204 1562 2236 laudes
1574 2205 1669 2245 coepit
1684 2205 1821 2238 Domino

1041 2262 1207 2292 decantare
1222 2259 1344 2295 devote,
1364 2268 1543 2299 proponens
1557 2268 1598 2289 ex
1614 2259 1674 2290 hoc
1693 2268 1820 2299 semper

1042 2316 1080 2347 ad
1106 2315 1227 2353 majora
1252 2313 1473 2343 conscendere.
1506 2312 1653 2343 Solitaria
1689 2313 1820 2352 proinde

1042 2370 1109 2400 loca
1124 2367 1289 2408 qua’rebat
1302 2367 1404 2397 aulica
1423 2366 1613 2397 moeroribus
1619 2376 1629 2406 ;
1643 2366 1674 2397 in
1689 2366 1818 2406 quihus,

1042 2424 1119 2454 dum
1141 2421 1316 2461 gemitibus
1339 2420 1604 2451 iuenarmbilibus
1626 2421 1820 2450 incessanter

1043 2477 1230 2513 intenderet,
1248 2478 1317 2516 post
1331 2476 1467 2515 longum
1488 2483 1617 2515 precum
1633 2474 1817 2505 instantiam

1042 2542 1060 2563 a
1077 2531 1209 2563 Domino
1225 2530 1341 2560 meruit
1363 2529 1520 2560 exaudiri.
1546 2528 1629 2558 Dum
1653 2527 1738 2558 enim
1755 2537 1820 2559 una

1043 2587 1168 2616 dlerum
1193 2585 1237 2614 sic
1258 2585 1474 2623 sequestratus
1498 2584 1613 2618 oraret,
1634 2583 1665 2612 et
1684 2590 1750 2621 prae
1775 2583 1820 2613 ni-

1045 2640 1171 2670 mietate
1201 2637 1333 2668 fervoris
1366 2639 1449 2667 totus
1480 2637 1561 2667 esset
1593 2634 1759 2676 absorptus
1786 2637 1818 2668 in
