2029 3052
585 219 870 255 RESPONSIONIS
892 218 1084 253 SECUNDAE
1107 219 1235 253 CAPUT
1256 220 1309 253 ΙΙΙ.
1694 229 1754 259 449

145 289 244 330 deret,
257 290 342 331 quod
354 290 434 322 sicut
448 289 663 323 universitatis
674 289 800 321 Creator
815 289 920 322 diver-

143 343 187 374 sis
207 352 316 375 rerum
340 344 529 384 generibus,
556 343 731 376 secundum
759 342 864 383 magis
887 343 919 373 et

144 397 264 436 minus,
277 400 478 437 naturarum,
490 398 647 430 virtutum
659 399 690 428 et
697 396 916 437 operationum

141 451 324 484 nobilitates
338 452 510 489 distribuit,
524 461 589 483 non
603 451 707 483 solum
719 450 838 490 absque
853 458 918 480 ma-

140 505 287 546 lignitate
310 506 459 545 invidiae,
480 515 594 538 verum
609 505 705 537 etiam
724 513 798 536 cum
815 503 918 535 multa

140 559 398 592 manifestatione
413 560 563 592 bonitatis
577 569 659 598 suae3
677 559 722 590 sic
735 561 766 590 et
780 557 916 590 humani

139 613 268 653 generis
292 613 476 654 Recreator,
494 623 559 645 non
574 613 678 645 solum
693 613 814 653 absque
829 611 915 643 invi-

137 666 200 705 dia,
224 667 279 699 sed
297 667 393 698 etiam
414 677 454 699 ex
473 667 575 699 multa
595 666 758 698 charitatis
772 666 916 697 benevo—

136 719 247 760 lent1a‚
264 721 392 753 diversa
412 721 549 761 largitur
568 721 800 752 charismatum
819 720 913 757 dona,

137 774 264 807 diversa
278 775 400 807 revelat
414 775 644 816 mysteriorum
654 783 781 812 arcana,
791 774 915 806 diversa

137 828 301 868 graduum
311 830 342 860 et
347 829 572 869 praelationum
580 829 696 867 officia,
708 828 834 860 diversa
848 829 914 858 tan-

135 881 207 913 dem
222 882 382 914 virtutum
398 882 520 923 praehet
534 882 693 923 exempla,
707 881 751 913 ita
761 881 845 921 quod
855 881 913 912 uni

134 935 187 966 dat
210 936 331 967 imitari
359 946 462 968 unum
474 960 483 975 ,
511 936 602 967 alteri
633 935 770 966 alterum
781 959 789 973 ,
818 936 913 975 juxta

134 990 219 1029 quod
236 990 407 1030 Apostolus
420 990 555 1030 loquens
569 990 608 1021 de
623 989 826 1020 continentiae
841 998 913 1028 gra-

133 1043 227 1074 dibus
242 1044 286 1074 ait
299 1045 307 1061 ¹
328 1055 335 1075 :
358 1044 577 1084 Unusquisque
605 1043 724 1076 domim
745 1045 912 1084 proprium

132 1097 225 1130 habet
246 1106 266 1129 α
287 1099 360 1131 Deo.
385 1098 538 1139 Insuper,
567 1107 641 1130 cum
666 1098 801 1136 dicitur,
827 1098 912 1138 quod

133 1150 282 1182 Cnmsms
294 1151 402 1192 aliqua
414 1151 581 1192 proposuit
590 1151 744 1183 imitanda
754 1151 909 1192 perfectis,

131 1204 158 1235 si
175 1214 251 1236 sane
264 1207 399 1245 saperet,
418 1215 483 1237 non
499 1206 603 1236 solum
616 1205 654 1236 de
672 1205 734 1236 illis
749 1205 911 1245 intellige-

131 1261 190 1298 ret,
207 1260 264 1300 qui
274 1261 343 1300 Jam
356 1260 485 1300 perfecti
500 1262 589 1299 sunt,
615 1260 670 1291 sed
689 1260 728 1291 de
747 1260 909 1298 omnihus,

131 1312 187 1353 qui
201 1313 336 1354 cupiunt
352 1323 419 1345 esse
434 1314 575 1354 perfecti,
592 1313 675 1345 sicut
695 1313 802 1352 etiam,
821 1313 910 1344 Chri—

131 1368 199 1398 stus
217 1367 430 1407 adolescenti,
448 1377 522 1399 cum
536 1368 661 1399 dixerat
674 1367 685 1384 ²
703 1378 709 1398 :
731 1367 834 1399 Unum
852 1368 912 1399 tibi

130 1420 229 1459 deest,
254 1421 359 1452 subdit
374 1423 383 1440 ⁸
401 1433 408 1452 ε
424 1422 466 1454 Sz'
487 1422 538 1454 vis
559 1430 625 1453 esse
645 1421 813 1462 perfectae,
830 1421 911 1453 vade

131 1477 162 1507 et
180 1475 280 1507 vende
300 1476 429 1514 omnia,
453 1477 513 1506 etc.
541 1475 640 1507 Nullis
662 1484 740 1514 ergo
763 1475 910 1506 semitam

129 1529 329 1569 perfectionis
343 1530 527 1570 praecludit,
543 1529 640 1560 nullis
655 1529 787 1567 invidet,
805 1529 909 1560 nullos

129 1583 277 1623 repellit;
300 1584 354 1615 sed
381 1584 519 1623 gradum
543 1583 653 1614 statuit
677 1584 908 1623 competentem

128 1635 188 1675 his,
205 1637 261 1677 qui
283 1637 323 1668 ad
345 1637 571 1677 perfectionem
594 1639 746 1676 satagunt
760 1637 907 1677 provehi,

127 1699 192 1721 non
206 1690 257 1721 his
271 1691 328 1731 qui
344 1691 458 1722 volunt
473 1691 508 1721 in
523 1691 762 1731 imperfectione
772 1691 906 1722 versari.

128 1743 217 1781 Quod
234 1746 342 1775 autem
366 1753 406 1775 ex
428 1745 611 1776 diversitate
627 1745 850 1785 operationum
873 1745 907 1775 in

127 1797 262 1835 Christo,
278 1798 329 1830 vel
345 1799 527 1829 minoritate
541 1801 689 1838 respectu
702 1808 837 1839 operum
855 1798 908 1829 Pa-

126 1851 195 1890 tris,
212 1852 307 1883 insert
321 1851 481 1883 Christum
492 1852 543 1883 vel
561 1852 696 1892 duplicis
711 1862 779 1884 esse
794 1862 907 1893 perso—

126 1914 189 1944 nae,
206 1906 238 1936 et
254 1906 291 1945 (a)
309 1905 342 1935 in
365 1905 434 1945 ipsa
457 1905 680 1946 personalitate
702 1906 810 1937 divina
838 1916 906 1937 esse

126 1958 285 1989 minorem
315 1958 422 1998 Patre,
444 1959 580 1990 Nestorii
601 1959 698 1990 simul
720 1961 752 1990 et
774 1960 842 1990 Arii
867 1960 905 2000 (b)

126 2021 292 2043 erroneam
309 2013 389 2053 sapit
404 2013 611 2053 impietatem.
629 2013 804 2054 Nunquam
818 2014 904 2046 enim

126 2074 167 2097 ex
180 2066 363 2106 pluralitate
378 2068 601 2107 operationum
616 2068 760 2108 sequitur
773 2068 903 2108 plurali-

123 2120 172 2150 tas
188 2129 412 2160 personarum,
430 2121 491 2152 nisi
506 2122 681 2152 secundum
699 2121 899 2161 Nestorium;

124 2174 178 2204 sed
199 2174 362 2213 pluralitas
388 2176 548 2206 virtutum
573 2177 603 2206 et
622 2178 823 2206 naturarum.
839 2176 902 2207 Nec

123 2236 164 2258 ex
178 2227 359 2260 minoritate
374 2229 566 2268 operationis
576 2229 721 2269 sequitur
734 2230 900 2261 minoritas

123 2281 157 2312 in
171 2282 395 2322 personalitate
410 2283 531 2321 divina,
544 2283 643 2313 sedin
653 2285 769 2314 natura
779 2293 900 2315 assum-

122 2336 190 2375 pta,
207 2335 268 2366 nisi
283 2336 461 2367 secundum
483 2337 596 2368 Arium
614 2337 650 2377 (c)
662 2361 669 2374 ,
691 2337 747 2377 qui
769 2347 808 2368 ex
825 2338 897 2376 hoc,

121 2389 208 2428 quod
223 2389 366 2421 Christus
382 2390 457 2421 dicit
471 2399 503 2421 se
519 2390 612 2421 Patre
626 2390 797 2430 minorem,
813 2392 899 2431 quod

120 2442 228 2474 fideles
249 2443 436 2483 intelligunt
457 2444 633 2475 secundum
655 2447 805 2476 naturam
832 2446 897 2477 liu-

120 2505 268 2536 manam,
291 2497 386 2528 infert
400 2498 648 2538 inaequalitatem
668 2499 701 2529 in
718 2500 897 2538 personali-

120 2550 183 2580 tate
207 2552 239 2581 et
257 2552 372 2582 natura
394 2551 513 2583 divina.
537 2551 569 2582 Si
584 2551 687 2591 igitur
702 2552 784 2583 hanc
798 2554 897 2585 ratio-

120 2612 195 2634 nem
210 2605 308 2636 credit
322 2605 439 2644 valere,
457 2606 535 2637 dum
550 2615 690 2637 errorem
703 2606 794 2637 alteri
806 2616 897 2638 cona-

153 2685 161 2701 1
177 2685 185 2708 l
204 2684 272 2715 Corn,
287 2691 334 2715 vn,
349 2687 372 2711 ’1.
385 2700 416 2704 -
430 2687 438 2701 ²
453 2688 541 2715 Marc„
558 2692 584 2717 x,
602 2689 641 2711 21.
657 2700 687 2704 —
700 2688 710 2704 ³
724 2687 827 2718 Mami„
842 2694 895 2719 xix,

120 2722 158 2745 21.
173 2733 204 2739 —
222 2721 230 2735 ⁴
248 2722 325 2754 Rom„
341 2728 394 2753 Xiv,
409 2724 431 2748 4.
445 2737 474 2741 —
490 2724 498 2738 ⁵
512 2723 601 2752 Ecclz'„
617 2729 719 2755 xxxva,
733 2725 756 2748 3.

261 2775 336 2799 TOM.
357 2776 426 2800 mv.

976 290 1031 320 tur
1042 288 1236 329 impingere,
1246 289 1413 322 manifeste
1427 292 1626 325 convincitur
1640 294 1677 325 ut
1690 293 1754 326 Ne-

975 343 1135 374 storianus
1152 345 1184 374 et
1205 343 1344 375 Arianus
1360 344 1402 385 (d)
1423 354 1540 378 errare.
1561 346 1681 379 Verum
1695 357 1754 379 nec

975 394 1025 426 his
1036 398 1212 434 contentus,
1224 406 1354 430 servum
1368 398 1434 438 Dei,
1451 402 1560 432 contra
1571 410 1668 442 quem
1678 402 1753 433 scri-

974 448 1032 486 bit,
1049 451 1202 491 tanquam
1217 454 1514 493 praesumptuosum
1524 455 1646 487 invadit
1660 457 1691 486 et
1704 464 1753 487 ar-

973 502 1056 542 guit,
1070 513 1127 544 pro
1143 514 1180 535 co
1195 505 1352 544 videlicet,
1369 508 1465 547 quod,
1482 511 1593 541 contra
1608 509 1752 550 prohibi-

973 556 1093 587 tionem
1111 557 1254 598 Apostoli
1270 559 1292 597 ¹·,
1307 560 1429 600 „iudicat
1448 562 1588 594 alienum
1607 573 1749 603 servum,

973 610 1006 641 in
1025 611 1086 643 hoc
1104 613 1190 653 quod
1218 614 1446 647 manducantes
1471 618 1582 649 asserit
1602 618 1751 659 imperse-

973 666 1051 696 ctos.
1072 665 1153 697 Nam
1175 675 1249 698 cum
1264 668 1369 699 omnis
1384 668 1596 710 imperfectio,
1612 674 1649 703 ut
1662 672 1748 711 dicit,

973 718 1013 749 sit
1028 722 1146 758 reatus,
1164 720 1204 751 sit
1218 721 1314 752 etiam
1330 723 1538 763 configurans
1558 726 1695 765 mundo,
1712 727 1752 758 sit

971 774 1004 803 et
1026 772 1194 813 displicens
1208 774 1290 815 Deo,
1311 776 1337 806 si
1352 777 1425 817 quis
1438 778 1671 811 manducantes
1687 779 1749 810 im-

971 826 1125 865 perfectos
1144 828 1270 868 dixerit,
1292 829 1354 861 hoc
1376 831 1445 871 ipso
1465 832 1588 871 judicat
1615 836 1647 864 et
1674 843 1749 865 con-

971 879 1100 912 demnat
1121 882 1267 922 eosdem,
1295 886 1449 925 tanquam
1476 895 1546 917 reos
1567 886 1601 917 in
1627 887 1747 928 seipsis,

971 935 1091 966 mundo
1103 937 1293 977 conformes,
1310 941 1341 969 et
1355 939 1418 970 Deo
1432 939 1650 980 displicentes:
1663 942 1750 982 quod

970 988 1100 1027 quidem
1115 998 1266 1030 asserere,
1279 991 1325 1022 nil
1333 992 1420 1024 aliud
1433 997 1490 1032 est,
1502 995 1539 1025 ut
1550 994 1634 1034 dicit,
1650 1005 1750 1035 quam

969 1040 1121 1081 insanire,
1139 1045 1168 1074 et
1184 1044 1254 1075 haec
1274 1047 1321 1076 est
1337 1055 1466 1078 summa
1491 1047 1654 1080 rationum
1674 1058 1750 1080 sua-

969 1103 1055 1126 rum.
1072 1096 1134 1128 Sed
1148 1097 1269 1129 huicex
1280 1099 1413 1131 adverso
1421 1101 1576 1132 veraciter
1589 1102 1707 1134 dicitur
1717 1106 1746 1134 ⁵:

972 1150 1218 1192 Oproesumptio
1241 1155 1453 1194 nequissima,
1478 1156 1564 1189 unde
1586 1161 1696 1190 creata
1717 1166 1750 1190 es

969 1207 1093 1244 operire
1126 1209 1245 1240 terram
1280 1209 1408 1242 malitia
1438 1211 1455 1242 Ρ
1487 1211 1749 1252 Praesumptuose

969 1258 1055 1289 enim
1062 1262 1158 1300 atque
1168 1261 1313 1301 maligne
1321 1263 1461 1295 alienum
1469 1265 1592 1305 judicat
1603 1275 1746 1305 servum,

968 1313 1023 1352 qui
1047 1313 1165 1345 dicenti
1188 1324 1323 1355 verum,
1354 1317 1507 1358 impingit
1532 1319 1746 1360 mendacium,

968 1367 1048 1398 siout
1072 1368 1124 1399 hic
1148 1369 1233 1408 agit,
1259 1379 1334 1401 cum
1357 1371 1389 1402 id
1413 1372 1555 1412 peritum
1581 1373 1748 1405 hominem

967 1421 1102 1452 sensisse
1119 1423 1242 1461 asserit,
1259 1425 1345 1464 quod
1359 1425 1475 1457 falsum
1491 1436 1559 1458 esse
1575 1428 1632 1459 vix
1645 1438 1748 1469 quan-

966 1476 1178 1516 tumcumque
1199 1477 1368 1518 imperitus
1392 1479 1532 1519 ignoret.
1561 1481 1637 1520 Quis
1661 1483 1747 1514 enim

967 1530 1030 1559 tam
1047 1530 1196 1569 stolidus,
1213 1534 1249 1562 ut
1267 1532 1360 1571 dicat,
1381 1534 1467 1573 quod
1482 1536 1586 1566 omnis
1605 1536 1747 1567 mandu-

966 1591 1040 1613 cans
1055 1583 1096 1614 sit
1117 1584 1337 1625 imperfectus,
1355 1596 1429 1618 cum
1450 1588 1512 1619 hoe
1531 1590 1745 1621 necessarium

965 1638 996 1667 et
1016 1646 1187 1669 commune
1202 1639 1243 1669 sit
1257 1640 1344 1671 omni
1360 1641 1473 1672 viatori
1486 1666 1495 1680 ,
1513 1644 1578 1673 tam
1594 1644 1743 1683 perfecto,

965 1700 1063 1730 quam
1086 1692 1282 1732 imperfecto,
1308 1696 1375 1725 tam
1396 1695 1492 1734 bono,
1517 1706 1615 1737 quam
1637 1698 1745 1729 malo?

964 1744 1024 1776 Sed
1048 1749 1126 1784 estc,
1152 1747 1238 1787 quod
1262 1748 1334 1788 quis
1358 1748 1493 1787 dixerit,
1517 1751 1602 1790 quod
1620 1752 1746 1792 jejunia

964 1799 1098 1838 solvere,
1116 1800 1156 1831 sit
1171 1803 1261 1832 actus
1282 1802 1498 1842 imperfectus,
1524 1807 1682 1844 quantum
1697 1809 1744 1837 est

964 1853 1002 1884 de
1016 1855 1146 1894 proprio
1162 1864 1291 1894 genere,
1308 1865 1373 1887 non
1388 1859 1496 1888 tamen
1511 1867 1552 1889 ex
1566 1859 1626 1890 hoc
1639 1860 1744 1900 sequi-

963 1909 1026 1945 tur,
1036 1908 1119 1947 quod
1132 1909 1368 1949 omnisJ'eJunia
1377 1910 1503 1942 solvens
1514 1912 1565 1943 vel
1574 1913 1743 1944 comedens

963 1961 1003 1991 sit
1017 1961 1235 2001 imperfectus,
1245 1972 1303 2002 pro
1322 1972 1358 1993 eo
1373 1964 1470 2004 quod,
1488 1965 1569 1996 sicut
1583 1975 1668 2006 saepe
1681 1967 1742 1998 die-

959 2016 1030 2045 tum
1044 2018 1102 2054 est,
1121 2017 1360 2047 circumstantia
1375 2019 1478 2057 potest
1492 2028 1560 2050 esse
1577 2029 1734 2060 personae,

959 2071 990 2100 et
1004 2070 1089 2101 actui
1104 2079 1243 2108 annexa,
1260 2080 1334 2111 quae
1344 2072 1384 2102 ab
1403 2072 1491 2103 omni
1504 2072 1740 2113 imperfectione

960 2126 1099 2154 excuset.
1116 2124 1249 2164 Insuper
1259 2124 1320 2155 alia
1330 2127 1377 2156 est
1388 2127 1581 2165 comparatio
1592 2129 1736 2167 actuum,

958 2179 989 2207 et
1009 2176 1071 2207 alia
1093 2187 1316 2218 personarum.
1343 2178 1442 2218 Unde,
1459 2179 1541 2210 sicut
1553 2189 1619 2211 non
1635 2182 1738 2222 sequi-

957 2233 1019 2269 tur,
1044 2231 1070 2261 si
1085 2232 1252 2271 perfectior
1267 2234 1314 2263 est
1328 2233 1501 2272 virginitas
1515 2244 1614 2274 quam
1630 2237 1737 2276 conju-

958 2284 1061 2323 gium,
1081 2285 1166 2325 quod
1181 2285 1252 2316 ideo
1266 2286 1361 2325 virgo
1376 2286 1416 2317 sit
1430 2296 1555 2328 semper
1570 2290 1737 2329 perfectior

957 2338 1153 2377 conjugata,
1172 2339 1247 2378 quia
1267 2341 1369 2379 potest
1390 2349 1458 2372 esse
1481 2342 1566 2381 quod
1581 2343 1676 2382 virgo
1696 2344 1735 2374 sit

957 2391 1068 2431 impia,
1084 2394 1114 2422 et
1129 2394 1303 2432 conjugata
1316 2394 1356 2424 sit
1371 2397 1488 2434 sancta,
1505 2396 1549 2426 sic
1563 2398 1594 2427 et
1608 2397 1646 2427 ad
1662 2407 1732 2428 eam

955 2445 1225 2484 comparationem
1239 2471 1247 2485 ,
1270 2456 1335 2487 qua
1358 2448 1523 2487 jejunium
1548 2450 1732 2481 comestioni

953 2499 1142 2539 praefertur,
1160 2509 1225 2531 non
1245 2501 1407 2541 sequitur,
1425 2502 1510 2541 quod
1520 2503 1673 2542 ¹ieiunans
1691 2506 1733 2537 sit

954 2555 1177 2587 universaliter
1199 2557 1382 2588 comedente
1406 2558 1589 2598 perfectior,
1614 2569 1650 2591 ac
1675 2571 1731 2601 per

952 2609 1013 2640 hoc
1031 2608 1132 2640 multo
1149 2609 1257 2641 minus
1270 2611 1379 2642 inferri
1394 2614 1506 2651 potest,
1523 2613 1609 2653 quod
1623 2624 1730 2646 come-

984 2689 1019 2719 (a)
1037 2689 1092 2719 Ley.
1111 2690 1161 2713 vel.
1180 2703 1209 2707 —
1226 2690 1261 2721 (b)
1281 2691 1340 2715 Coet.
1357 2692 1417 2716 cclii.
1435 2693 1508 2717 Arrii.
1525 2706 1555 2711 -—
1569 2694 1596 2725 (c)
1609 2694 1669 2719 Item
1685 2697 1730 2720 Ar-

952 2724 1028 2749 rium.
1046 2738 1076 2742 —
1093 2725 1126 2756 (cl)
1142 2727 1203 2750 Item
1218 2727 1348 2751 Arrianus.

1546 2777 1585 2806 29

2023 486 2029 632 „m--2—
2023 331 2029 473 „ea-m...-
2022 0 2029 322 2-mffl-m‚.‚r-s
