2029 3052
89 617 115 637 In
122 617 171 637 B.M
175 623 196 637 11-

89 647 122 668 ria
155 648 195 669 ssus

87 678 194 700 11000οἀ1-

88 710 146 732 tatis.

641 254 849 288 SPECULUM
878 253 1022 287 BEATAE
1044 254 1184 288 MARIAE
1206 255 1392 290 VlRGINIS.

210 332 279 354 rum
307 323 408 353 areola
430 323 598 352 aromatum
609 343 618 358 ,
644 330 662 351 o
691 323 781 352 Maria
792 343 801 358 ‚
831 330 849 351 a
877 321 986 350 coelesti

211 371 324 400 consita
337 370 546 408 pigmentario,
558 370 700 398 virtutum
719 369 855 398 omnium
871 368 988 405 specio—

211 417 249 446 sis
263 417 388 446 ssoribus
403 416 616 445 delectabiliter
623 424 762 451 vernam,
772 416 847 444 inter
858 423 988 452 quorum

209 464 427 501 pulcherrimos
452 463 541 492 trium
568 463 599 491 10
618 465 645 491 te
671 464 814 491 miramur
842 462 988 491 excellen-

210 511 304 539 tiam:
324 511 406 539 viola
425 510 607 546 humilitatis,
629 509 725 538 lilium
746 509 894 545 castitatis,
918 516 988 537 rosa

210 557 356 586 charitatis
370 557 400 586 hi
413 559 488 586 sunt.
503 567 517 584 »

244 604 338 633 Tertio
362 604 602 639 consideremus,
630 603 808 638 charissimi,
839 603 870 631 in
897 602 988 631 Maria

209 651 314 680 florem
340 651 526 679 miraculosae
553 651 760 679 foecunditatis.
788 651 837 679 llic
860 650 916 678 1105
945 651 989 678 est

209 698 271 735 ipse
284 698 372 726 Filius
386 697 523 734 VirginiS,
539 697 576 726 de
586 706 647 734 quo
659 697 823 734 specialiter
839 697 944 725 dicitur
954 698 962 714 ¹
979 706 986 725 :

208 745 373 781 Eqredietur
386 746 467 780 virqa
481 745 514 772 de
529 745 622 772 radice
635 746 717 780 Jesse,
735 747 760 772 et
779 746 827 780 flos
843 745 875 772 de
894 745 986 772 radice

208 791 265 827 cJ'us
285 791 419 826 ascendet,
443 792 496 819 etc.
522 791 582 825 Eia,
605 799 696 827 quam
720 791 843 827 pulcher
862 791 911 819 hic
932 791 987 819 1105

208 845 341 874 egressus
364 839 407 866 est
426 837 489 866 sine
511 840 633 874 peccato
659 838 821 871 nascendo,
847 840 875 866 et
895 846 987 874 quam

206 885 313 913 misere
329 885 470 913 contritus
484 887 526 913 est
546 885 631 921 quasi
646 886 784 921 peccator
804 884 962 913 moriendo
976 905 985 919 ,

203 931 287 967 juxta
306 931 382 960 illud
392 931 402 947 ²
417 941 423 959 :
438 933 524 966 Quasi
537 933 584 968 flos
599 933 734 967 egreditur
750 934 774 960 et
787 933 950 959 conteritur!
964 931 985 959 Ο

207 986 299 1014 quam
322 978 467 1006 candidus
488 978 519 1006 in
541 979 720 1014 egressione,
742 980 770 1006 et
793 986 886 1015 quam
903 977 986 1005 rubi-

207 1025 322 1052 cundus
333 1026 364 1053 in
374 1025 549 1054 contritione
560 1025 613 1054 fuit
621 1026 676 1053 flos
686 1025 752 1053 iste!
764 1025 840 1060 Flos,
851 1025 986 1062 inquam,

207 1073 320 1108 angelis
343 1073 537 1108 delectabilis,
560 1073 616 1101 ssos
639 1073 811 1101 hominibus
831 1073 869 1101 ad
895 1073 987 1100 vitam

205 1119 348 1156 perutilis.
362 1120 443 1148 Unde
456 1119 621 1148 Bernardus
636 1120 675 1148 ait
687 1121 697 1137 ³
714 1129 721 1148 :
741 1120 829 1148 «Flos
842 1122 883 1148 est
896 1120 986 1147 Filius

207 1166 341 1202 Virginis,
364 1167 420 1195 flos
444 1167 590 1195 candidus
610 1169 637 1195 et
657 1166 852 1202 rubicundus,
878 1167 986 1194 electus

206 1220 242 1240 ex
252 1213 395 1249 millibus,
406 1214 462 1241 flos
477 1214 507 1241 in
522 1222 612 1250 quem
627 1214 798 1242 desiderant
813 1214 986 1250 angelipro-

205 1257 328 1294 spicere,
344 1258 399 1286 flos
414 1259 454 1286 ad
469 1259 554 1294 cujus
570 1259 695 1287 odorem
713 1259 893 1287 reviviscunt
907 1266 986 1286 mor-

205 1305 257 1333 tui.
272 1315 284 1332 »
301 1306 381 1334 Felix
396 1306 481 1340 silva,
497 1315 564 1342 quae
578 1307 717 1342 producit
731 1306 819 1342 hujus
832 1306 913 1334 floris
927 1306 985 1333 vir-

205 1360 283 1387 gam.
305 1353 385 1380 Felix
411 1353 506 1389 magis
530 1353 633 1389 virga,
657 1362 723 1390 quae
744 1353 883 1389 producit
906 1353 985 1380 hunc

205 1399 311 1427 ssorem
326 1400 357 1427 in
371 1400 455 1428 silva.
473 1400 551 1428 Felix
561 1401 757 1437 superomnia
768 1400 835 1435 flos,
849 1400 911 1427 sine
924 1407 984 1435 quo

204 1446 288 1474 nulla
302 1446 376 1474 silva
389 1455 443 1474 nec
456 1447 541 1482 virga
555 1447 625 1475 felix
637 1455 698 1475 esse
714 1449 818 1483 potest.
836 1448 906 1474 Vere
921 1446 984 1474 feli—

206 1493 339 1521 cissimus
352 1493 418 1529 flos,
432 1493 463 1521 in
478 1502 537 1530 quo
554 1494 676 1530 Spiritus
690 1494 804 1522 Domini
820 1494 860 1522 sie
870 1493 986 1529 requie-

205 1541 256 1576 vit,
273 1542 305 1568 ut
326 1542 388 1569 sine
405 1541 469 1577 ipso
488 1541 588 1569 nullus
612 1542 737 1577 gratiam
752 1542 873 1578 Spiritus
893 1542 985 1570 saneti

204 1587 315 1615 habere
336 1588 467 1624 possit.»
490 1589 618 1616 Testatur
642 1589 698 1617 hoc
722 1591 751 1616 B.
771 1589 983 1625 Hieronymus,

206 1634 306 1662 dicens
320 1635 329 1651 ¹*
346 1643 351 1662 :
367 1645 379 1661 t<
392 1635 513 1671 Spiritus
528 1638 655 1671 sanctus,
672 1636 723 1672 qui
739 1636 770 1663 in
787 1644 898 1671 inagna
911 1636 984 1664 silva

204 1680 328 1709 humani
344 1682 459 1717 generis
469 1683 604 1718 requiem
613 1691 674 1710 non
685 1683 848 1717 invenerat,
863 1682 984 1710 tandem

205 1736 294 1764 super
312 1729 391 1756 hunc
413 1729 518 1757 florem
540 1729 696 1765 requievit,
712 1730 752 1758 ita
772 1730 855 1766 quod
870 1730 984 1765 absque

205 1776 317 1804 Christo
332 1784 386 1804 nec
401 1776 519 1812 sapiens
534 1776 600 1814 quis
611 1785 673 1804 esse
688 1778 793 1812 potest,
809 1785 863 1805 nec
878 1776 984 1804 intelli-

204 1831 287 1858 gens,
303 1831 358 1850 nec
374 1823 569 1858 consiliarius,
584 1831 639 1851 nec
657 1823 751 1857 fortis,
765 1832 820 1851 nec
841 1823 983 1857 eruditus.

204 1878 259 1897 nce
273 1870 351 1905 pius,
364 1877 418 1897 nee
436 1870 540 1905 plenus
555 1870 669 1898 timoris
682 1870 808 1898 Domini.
826 1881 839 1897 »
857 1871 906 1898 Hic
926 1871 983 1898 flos

204 1916 289 1952 quasi
312 1918 353 1944 tot
376 1917 466 1944 habet
489 1916 570 1952 solia,
596 1919 669 1952 quot
690 1919 758 1944 sunt
775 1917 937 1945 ministeria
957 1919 984 1945 et

205 1963 351 1998 exempla.
366 1964 393 1991 Si
408 1963 487 1991 huuc
502 1964 606 1991 florem
621 1964 732 1991 habere
748 1964 910 1999 desideras,
923 1965 983 1992 vir-

204 2017 273 2045 gam
288 2009 369 2038 110115
386 2010 526 2045 precibus
541 2010 649 2038 flectas.
671 2011 698 2039 Si
712 2011 768 2038 ssos
783 2014 825 2039 est
838 2011 926 2039 nimis
941 2011 983 2039 al-

203 2059 249 2084 tus
265 2057 428 2091 divinitate,
443 2057 527 2093 virga
543 2060 641 2086 tamen
657 2060 699 2085 est
712 2058 851 2085 flexibilis
864 2058 981 2094 pietate.

203 2105 235 2132 Et
249 2104 273 2131 si
287 2104 343 2132 ssos
358 2105 400 2131 est
412 2104 590 2139 rarissimus,
607 2104 678 2140 quia
692 2104 723 2132 in
737 2105 811 2132 eoelo
825 2107 853 2132 et
866 2105 896 2132 in
907 2107 982 2133 terra

202 2158 264 2178 non
284 2151 433 2179 invenitur
451 2151 507 2179 nisi
528 2152 642 2186 001005,
664 2153 706 2179 est
725 2154 824 2179 tamen
847 2160 981 2180 001110111-

202 2197 351 2232 nissimus,
368 2200 509 2234 tanquam
534 2198 589 2226 flos
609 2206 669 2226 non
689 2198 720 2226 in
743 2199 830 2226 horto
847 2199 980 2234 clausus,

203 2242 255 2269 sed
268 2242 299 2269 in
311 2250 417 2278 campo
433 2242 572 2270 omnibus
587 2243 807 2271 transeuntibus
818 2243 979 2279 expositus

203 2290 236 2316 Et
250 2288 318 2316 idco
333 2289 410 2316 bene
423 2289 520 2317 dicere
534 2292 629 2325 potest
643 2291 772 2318 Christus
787 2290 863 2318 illud
875 2290 884 2306 ⁵
899 2300 906 2317 ε
923 2292 980 2326 1390

201 2338 249 2370 llos
265 2337 364 2371 campi.
381 2336 462 2363 Unde
481 2336 536 2364 flos
556 2337 653 2372 campi
672 2337 777 2364 dieitur
797 2345 859 2365 non
881 2338 979 2365 solum

201 2385 323 2418 propter
338 2383 394 2410 1100
419 2383 503 2418 quod
519 2383 658 2411 omnibus
673 2384 790 2419 patulus
806 2384 978 2420 exponitur3

201 2429 255 2457 sed
269 2429 357 2456 etiam
371 2432 492 2465 propter
510 2429 568 2457 1100
584 2430 667 2465 quod
681 2431 742 2458 sine
762 2431 845 2458 omni
866 2431 981 2459 cultura

201 2475 333 2503 humana
341 2475 524 2511 producitur.
537 2477 594 2503 Hoc
604 2476 679 2504 bene
689 2478 718 2504 B.
735 2477 900 2505 Bernardus
916 2486 978 2505 me-

201 2523 296 2558 minit,
308 2531 376 2550 cum
391 2523 465 2550 dixit
478 2523 488 2539 ⁶
501 2532 507 2550 :
520 2524 668 2558 «Campus
679 2523 740 2551 sine
752 2524 832 2551 omni
845 2525 978 2552 humano

235 2610 240 2622 ¹
256 2608 314 2638 Isa„
333 2614 370 2638 xl,
386 2610 408 2632 1.
426 2622 452 2625 -
473 2608 481 2622 ²
495 2608 552 2637 Job,
567 2614 621 2639 mv,
643 2610 665 2633 2.
688 2622 713 2625 -
737 2609 746 2625 ³
765 2610 851 2640 Βο10.,
869 2609 898 2633 de
916 2610 979 2636 Ado,

202 2643 282 2674 Dum„
299 2651 376 2668 serm.
388 2650 452 2673 11‚n.
468 2644 541 2667 4.—¹·
556 2643 671 2674 Hieron„
683 2645 708 2668 in
724 2646 783 2675 Im„
795 2653 818 2669 0.
832 2646 921 2676 x1‚lih.
936 2647 976 2671 lV.

201 2692 232 2697 —-
247 2680 256 2695 ⁵
275 2680 358 2710 Cant„
380 2686 407 2709 11,
430 2682 452 2704 1.
471 2693 500 2697 -
516 2681 525 2694 ⁶
546 2680 680 2710 Bernard.‚
700 2680 743 2704 ubi
758 2688 835 2712 supra
851 2682 977 2712 proxime.

202 2727 232 2732 —
252 2715 259 2729 ⁷
281 2715 366 2743 Num..
389 2721 459 2746 xv11,
477 2717 498 2740 S.
517 2729 546 2733 -
565 2716 575 2731 ⁸
595 2716 662 2740 Psal.
679 2722 791 2745 Lxxtix,
806 2718 828 2740 (3.
847 2731 877 2734 —
893 2718 901 2731 ⁹
917 2719 975 2749 lsa„

1766 263 1824 293 269

1041 322 1126 352 floret
1147 324 1351 360 adminiculo,
1376 332 1438 353 non
1461 325 1621 355 seminatus
1646 326 1684 355 ab
1710 326 1824 364 aliquo,

1040 377 1103 398 non
1125 370 1260 400 defossus
1281 371 1410 407 sarculo,
1434 380 1496 400 000
1510 372 1712 410 impinguatus
1726 374 1822 402 fimo:

1041 416 1083 444 sic
1098 418 1233 454 omnino,
1245 419 1287 447 sic
1303 419 1428 455 Virginis
1444 420 1528 448 alvus
1543 420 1653 455 floruit,
1669 421 1710 449 sic
1724 421 1822 450 invio-

1041 462 1101 492 lata
1116 466 1143 492 et
1157 465 1272 501 integra
1284 468 1364 495 casta
1379 467 1475 494 Mariae
1489 466 1604 495 viscera
1614 469 1757 504 tanquam
1771 476 1824 505 pa-

1041 517 1113 538 scua
1127 512 1226 539 aeterni
1241 512 1346 541 viroris
1361 513 1523 549 protulere,
1538 514 1622 549 qu‘us
1632 514 1823 550 puichritudo

1041 564 1103 585 non
1124 557 1224 586 videat
1244 560 1477 596 corruptionem,
1498 561 1582 596 qu'us
1603 560 1698 596 gloria
1713 561 1744 589 in
1758 569 1824 598 per-

1041 605 1165 640 petuum
1178 613 1239 634 non
1254 609 1424 635 marcescat,
1442 617 1455 634 1³

1077 653 1186 685 Quarto
1201 653 1434 689 consideremus,
1450 654 1625 689 charissimi,
1638 654 1744 684 florem
1759 663 1823 691 gra-

1040 698 1122 727 tiosae
1136 699 1375 728 immortalitatis.
1399 702 1437 729 De
1451 700 1509 729 1100
1523 701 1672 737 signatum
1688 710 1751 730 0550
1765 711 1821 739 po-

1041 747 1094 774 test
1106 746 1136 774 in
1148 746 1226 775 libro
1239 749 1429 783 Nummorum,
1442 748 1612 777 ubidicitur
1621 751 1631 766 ⁷
1645 750 1729 786 quod
1737 751 1823 786 virga

1040 794 1138 821 Aaron
1153 793 1242 822 ssores
1258 794 1347 822 simul
1370 797 1397 823 et
1411 794 1538 823 fructum
1553 795 1667 824 habuit.
1693 798 1724 825 ln
1739 797 1823 833 virga

1041 842 1138 868 Aaron
1152 842 1231 869 recte
1246 841 1331 877 virgo
1348 841 1437 870 Maria
1451 844 1548 878 potest
1563 851 1624 871 esse
1638 843 1773 879 figurata.
1792 846 1824 873 111

1040 886 1124 922 virga
1139 895 1280 924 namque,
1294 888 1390 916 Mariae
1405 889 1550 917 rectitudo
1559 899 1567 925 ς
1584 890 1614 917 10
1624 890 1697 918 11010
1712 892 1824 925 autem,

1041 933 1176 969 corporis
1191 934 1348 969 glorificati
1363 935 1570 972 pulchritud03
1587 937 1617 964 in
1629 936 1726 965 fructu
1739 945 1822 973 vero,

1041 980 1146 1008 animae
1169 981 1232 1016 ejus
1246 981 1400 1010 beatitudo
1422 984 1519 1018 potest
1542 991 1604 1011 esse
1623 983 1748 1019 signata.
1765 986 1824 1013 No-

1040 1027 1165 1055 tandum
1180 1027 1259 1055 enim
1275 1030 1328 1062 est,
1345 1029 1428 1065 quod
1443 1037 1512 1058 caro
1524 1029 1650 1058 ssoretin
1658 1031 1824 1066 Juventute,

1040 1074 1115 1102 sicut
1128 1074 1159 1102 in
1174 1075 1289 1103 Psalmo
1310 1075 1454 1104 dicitur⁸:
1475 1078 1584 1105 «Mane
1604 1079 1680 1112 floret
1701 1081 1727 1106 et
1746 1081 1824 1107 tran-

1039 1123 1077 1149 sit
1094 1123 1140 1158 (a).
1158 1122 1224 1150 Flos
1248 1124 1347 1151 autem
1362 1123 1437 1159 perit
1452 1124 1482 1151 in
1500 1126 1606 1158 morte,
1625 1125 1699 1153 sicut
1716 1125 1823 1154 dieitur

1040 1168 1070 1196 in
1084 1170 1159 1197 Isaz'a
1173 1171 1183 1187 ⁹
1198 1180 1205 1197 .-
1221 1171 1395 1198 Eaesiccatum
1416 1174 1454 1199 est
1470 1173 1571 1205 foenam
1581 1194 1590 1204 ,
1611 1174 1636 1199 et
1650 1173 1747 1200 cecidit
1763 1175 1818 1207 flos.

1039 1217 1166 1246 Ressoret
1181 1221 1208 1247 et
1221 1219 1251 1246 in
1263 1219 1390 1255 gloriosa
1404 1220 1628 1254 resurreetione,
1643 1220 1730 1255 juxta
1745 1221 1822 1249 Psal-

1040 1265 1158 1293 mistam
1168 1266 1187 1281 ¹⁰
1203 1275 1209 1293 ι
1226 1268 1355 1301 Belloi-uit
1370 1275 1431 1294 caro
1449 1275 1517 1294 mea.
1533 1268 1586 1294 lste
1600 1268 1653 1295 flos
1669 1267 1820 1302 glorifica—

1040 1312 1128 1339 tionis
1143 1313 1273 1348 eorporis
1294 1313 1380 1349 quasi
1400 1314 1443 1341 tot
1461 1313 1552 1341 habet
1572 1313 1654 1348 folia,
1670 1316 1744 1350 quot
1758 1323 1822 1342 cor-

1039 1367 1096 1395 pus
1110 1360 1309 1395 glorificatum
1323 1362 1412 1389 habet
1426 1362 1510 1389 dotes
1520 1364 1548 1389 et
1558 1363 1688 1397 praemia.
1706 1364 1823 1391 Etcerte

1041 1405 1165 1440 quidam
1181 1406 1273 1433 saneti
1290 1407 1425 1434 Doctores
1439 1407 1635 1442 probabiliter
1656 1408 1762 1435 sentire
1779 1407 1822 1435 vi-

1041 1451 1163 1485 dentur,
1184 1454 1211 1480 et
1229 1453 1444 1481 rationabiliter
1466 1454 1595 1489 probare
1622 1454 1770 1488 nituntur,
1796 1456 1824 1482 et

1040 1497 1143 1526 fideles
1158 1498 1237 1526 hunc
1250 1507 1368 1527 sensum
1384 1500 1431 1535 pie
1441 1500 1669 1536 amplectuntur,
1682 1501 1823 1529 videlicet

1041 1545 1125 1581 quod
1152 1546 1239 1574 beata
1269 1546 1359 1574 Maria
1387 1547 1449 1582 jam
1477 1556 1544 1574 cum
1568 1556 1693 1583 corporc
1718 1549 1754 1576 sit
1780 1557 1823 1576 as-

1040 1592 1175 1625 sumpta,
1201 1592 1228 1617 et
1256 1599 1364 1626 eorpus
1380 1591 1443 1626 jam
1459 1592 1582 1620 omnino
1594 1601 1662 1620 eum
1676 1593 1776 1621 anima
1787 1594 1823 1621 sit

1040 1637 1250 1671 glorificatum.
1276 1640 1314 1665 Dc
1340 1638 1397 1666 1100
1422 1647 1552 1674 namque
1576 1639 1756 1674 Augustinus
1781 1640 1821 1668 510

1040 1684 1080 1711 ait
1090 1683 1107 1699 ¹¹
1117 1693 1123 1711 x
1135 1686 1227 1712 «Vera
1235 1685 1350 1713 ratione
1362 1686 1565 1713 confitendum
1574 1694 1690 1721 censeo,
1700 1687 1821 1715 Mariam

1040 1730 1070 1758 in
1085 1731 1209 1766 Christo,
1235 1734 1263 1760 ct
1277 1732 1358 1768 apud
1380 1733 1526 1760 Christum
1541 1741 1621 1760 csse:
1647 1734 1676 1760 in
1691 1734 1819 1769 Christo,

1040 1778 1111 1813 quia
1133 1778 1163 1805 in
1190 1778 1255 1814 ipso
1285 1779 1424 1814 vivimus,
1453 1787 1620 1814 movemur,
1650 1782 1677 1807 et
1701 1789 1818 1815 sumus,

1040 1825 1121 1860 apud
1137 1825 1292 1858 Christum,
1310 1826 1347 1853 ad
1363 1826 1489 1861 gloriam
1505 1827 1672 1854 [eternitatis
1687 1835 1820 1864 assump-

1040 1873 1109 1899 tam.
1126 1883 1138 1897 2)
1158 1872 1238 1899 Unde
1255 1872 1343 1907 digne
1359 1873 1506 1900 credimus
1522 1873 1612 1901 laetari
1636 1874 1755 1902 Mariam
1771 1874 1819 1902 lee-

1039 1918 1101 1946 titia
1115 1919 1312 1953 inerarrabili,
1329 1919 1428 1947 anima
1445 1922 1472 1947 et
1491 1928 1627 1955 corpore,
1649 1921 1679 1948 in
1695 1921 1818 1956 proprio

1039 1965 1113 1999 filio,
1128 1973 1181 2001 per
1196 1965 1291 1993 filium
1306 1967 1472 2002 proprium,
1488 1974 1542 1994 nec
1558 1967 1650 1994 ullam
1662 1968 1745 2003 sequi
1756 1976 1820 1996 cor-

1038 2012 1183 2048 ruptionis
1197 2021 1373 2048 aerumnam,
1387 2022 1478 2049 quam
1491 2014 1574 2042 nulla
1587 2017 1686 2043 secuta
1704 2018 1745 2043 est
1757 2017 1819 2043 tan-

1038 2062 1101 2088 tum
1114 2061 1209 2088 filium
1225 2061 1369 2096 pariendo
1381 2062 1553 2097 integritatis
1567 2064 1730 2099 corruptio,
1753 2073 1819 2100 quae

1039 2108 1173 2135 omnium
1187 2108 1331 2144 integram
1350 2109 1570 2145 perfectamque
1591 2111 1692 2145 genuit
1709 2111 1817 2145 vitam;

1038 2154 1074 2182 sit
1089 2163 1157 2182 cum
1172 2155 1236 2189 illo,
1253 2164 1342 2191 quem
1359 2156 1388 2182 in
1402 2164 1456 2183 suo
1470 2157 1558 2190 gessit
1570 2158 1669 2192 utcro3
1687 2157 1722 2185 sit
1737 2158 1818 2193 apud

1037 2201 1123 2229 illum
1137 2201 1198 2236 illa,
1209 2210 1274 2237 (111ίο
1284 2202 1395 2236 genuit,
1410 2202 1493 2236 fovit,
1509 2205 1537 2230 et
1552 2203 1635 2231 aluit.
1650 2204 1702 2231 Illa
1718 2204 1817 2238 Maria,

1038 2249 1086 2276 Dei
1101 2249 1236 2283 genitrix,
1254 2249 1300 2276 Dei
1317 2249 1516 2284 ministratrix,
1534 2251 1583 2278 Dei
1598 2251 1707 2286 nutrix,
1724 2253 1752 2278 et
1769 2251 1817 2278 Dei

1037 2296 1172 2322 secutrix.
1188 2297 1225 2322 De
1239 2304 1308 2331 qua,
1325 2296 1395 2331 quia
1411 2296 1494 2324 aliter
1509 2298 1627 2331 sentire,
1639 2306 1730 2333 quam
1743 2298 1815 2333 dixi,

1036 2350 1098 2369 non
1117 2342 1225 2376 debeo,
1245 2342 1328 2370 aliter
1345 2342 1442 2371 dicere
1461 2351 1522 2371 non
1538 2352 1694 2379 praesumo.
1711 2346 1817 2372 Secun-

1037 2389 1110 2416 dum
1123 2389 1179 2416 1100
1195 2397 1265 2424 ergo
1282 2389 1369 2417 Maria
1383 2390 1445 2424 jam
1468 2390 1565 2418 dicere
1587 2393 1682 2426 potest
1698 2399 1704 2418 :
1730 2392 1814 2425 Reslo-

1036 2437 1094 2462 ruit
1112 2443 1171 2462 caro
1186 2444 1254 2462 mea.
1269 2437 1301 2463 Et
1316 2436 1482 2463 secundum
1496 2437 1554 2464 1100
1565 2437 1652 2464 etiam
1669 2437 1772 2464 liorem
1787 2439 1815 2465 et

1034 2481 1162 2509 fructum
1173 2482 1261 2509 simul
1276 2482 1379 2510 habet:
1400 2483 1514 2517 liorem,
1530 2483 1664 2518 inquam,
1681 2483 1814 2519 corporis

1036 2529 1201 2564 glorificati,
1229 2532 1256 2557 et
1277 2530 1405 2558 fructum
1428 2531 1547 2566 spiritus
1562 2530 1719 2565 glorificati
1734 2540 1740 2558 :
1757 2530 1812 2558 flo-

1035 2612 1077 2635 u,
1094 2608 1116 2631 8.
1136 2620 1166 2624 —
1180 2607 1200 2623 ¹⁰
1214 2607 1282 2631 Psal.
1302 2613 1384 2637 xxvii,
1400 2608 1456 2630 7.—
1472 2608 1491 2623 Η
1512 2608 1565 2631 11110
1581 2608 1679 2637 auctor,
1696 2608 1812 2639 quisquis

1035 2641 1076 2671 sit,
1090 2642 1133 2666 lib.
1150 2643 1180 2666 de
1194 2644 1321 2673 Assumpt.
1340 2644 1368 2666 ΒΔ
1386 2643 1432 2670 M„
1449 2649 1505 2672 vm,
1523 2643 1547 2666 in
1563 2644 1680 2674 Append.
1698 2646 1761 2668 tom.
1779 2644 1811 2668 Vl

1037 2679 1109 2708 Oper.
1125 2680 1152 2702 S.
1169 2681 1233 2710 Aug.

1068 2723 1102 2753 (ιι)
1119 2722 1193 2754 Vulg.
1210 2724 1298 2753 floreat
1314 2725 1337 2747 ei
1353 2725 1472 2747 transeat.

1840 661 1864 680 In
1872 661 1946 680 Riua-

1839 691 1871 711 ria
1906 691 1946 711 110³

1849 722 1937 742 immor-

1839 753 1938 774 talitatis.

1840 1374 1865 1394 B.
1875 1373 1944 1394 Maria

1846 1410 1937 1430 corpore

1838 1437 1859 1456 et
1871 1436 1945 1456 anima

1837 1473 1939 1493 assump-

1837 1500 1858 1518 tn
1872 1498 1893 1518 in
1904 1504 1946 1518 cue-

1838 1529 1866 1549 Io.
