2029 3052
173 200 234 229 438

171 264 347 305 exemplar,
385 263 602 304 Hieronymus
636 260 682 293 ad
707 258 917 292 Eustochium
927 258 952 298 ¹,

172 327 249 351 cum
264 318 364 351 vitam
375 317 628 350 commendasset
641 313 890 352 coenobitarum,
907 311 954 344 di-

174 381 260 410 cens,
277 371 364 412 quod
381 382 397 401 <1
408 371 490 402 inter
501 379 556 401 eos
571 369 692 401 vivitur
701 376 796 409 pane,
813 368 844 397 et
861 366 956 406 legu-

174 426 326 465 minibus,
350 427 381 457 et
401 424 558 463 olerum,
582 431 656 464 quae
679 421 743 452 sale
757 420 862 452 solum
877 429 953 451 con-

174 480 319 519 diuntur,
336 491 350 509 n
368 477 562 519 quibusdam
575 474 788 517 interpositis,
802 474 953 506 subdit²:

179 546 194 565 α
208 534 258 566 Ad
270 533 402 565 tertium
417 540 523 572 genus
546 530 676 562 veniam
686 553 696 568 ,
712 537 793 570 quos
807 527 957 559 Anacho-

177 590 261 620 retas
274 588 400 625 vocant,
418 585 474 627 qui
494 585 533 617 de
548 583 703 616 ccenobiis
721 584 886 620 exeuntes,
903 590 957 612 ac-

178 643 267 683 cepto
290 650 373 682 pane
390 641 421 672 et
441 639 517 678 sale,
543 637 682 678 amplius
702 636 742 668 ad
763 636 888 668 deserta
913 634 959 666 nil

178 696 345 737 proferunt
354 693 522 734 (a).Hujus
531 692 607 724 vitae
621 693 730 723 auctor
745 689 873 728 Paulus,
885 688 959 720 illu-

179 751 295 781 strator
309 748 480 786 Antonius,
492 748 523 778 et
535 747 571 778 ut
580 745 620 777 ad
631 744 799 785 superiora
812 751 962 774 conscen-

181 803 267 842 dam,
283 802 431 843 princeps
444 801 583 833 Joannes
597 798 738 839 Baptista
754 797 826 828 fuit.
837 807 852 825 »
874 795 959 827 Huc-

181 866 284 898 usque
294 856 521 896 Hieronymus.
529 854 589 892 Qui
597 855 628 884 et
638 853 737 890 hune,
745 860 841 892 quem
850 850 894 881 hu
896 851 908 891 j
914 858 963 881 us-

181 911 269 942 modi
283 910 360 942 vitae
373 909 486 941 asserit
500 909 674 945 auctorem,
692 906 830 938 Paulum
846 905 962 936 talibus

183 964 306 996 extollit
333 963 533 995 abstinentiae
556 961 705 993 laudibus
722 984 730 998 ‚
764 961 835 1000 ejus
863 958 963 990 vitam

182 1018 362 1050 rescribens
377 1020 388 1037 ³
407 1028 415 1049 ι
447 1028 462 1046 «
477 1017 612 1049 Omnem
638 1016 672 1046 in
699 1014 844 1046 oratione
865 1013 899 1044 iu
924 1013 963 1053 (b)

183 1072 354 1104 solitudine
377 1072 470 1103 duxit
493 1072 638 1108 aetatem;
668 1070 776 1101 cibum
805 1070 837 1099 et
865 1067 963 1099 vesti-

185 1128 331 1158 mentum
352 1126 380 1157 ei
401 1125 508 1166 palma
529 1124 703 1165 praebebat.
730 1122 820 1160 Quod
846 1130 887 1152 ne
914 1120 965 1151 cui

185 1179 369 1211 incredibile
385 1179 543 1217 videatur,
555 1178 664 1210 Jesum
681 1178 779 1208 testor
794 1177 825 1207 et
841 1176 966 1206 sanctos

185 1234 330 1274 angelos,
340 1233 458 1265 vidisse
469 1241 521 1263 me
531 1231 717 1268 monachos,
727 1230 872 1270 equibus
882 1238 967 1260 unus

186 1297 244 1329 per
267 1288 399 1328 triginta
415 1296 516 1318 annos
536 1295 617 1327 pane
640 1285 817 1316 hordeaceo
837 1286 868 1314 et
884 1292 968 1324 aqua

188 1340 348 1372 lutulenta
376 1339 468 1371 vixit.
489 1350 503 1368 ι)
531 1338 646 1369 Beatus
676 1346 805 1378 quoque
832 1336 969 1367 Basilius

189 1395 352 1426 Monachis
376 1393 606 1429 Orientalibus,
627 1392 681 1432 qui
705 1392 744 1422 ad
767 1390 970 1431 perfectionis

189 1449 316 1481 culmen
329 1448 515 1479 nitebantur
523 1446 704 1484 ascendere,
714 1445 861 1476 carnium
877 1454 970 1475 esum

191 1502 342 1534 inhibuit.
359 1502 493 1533 Sanctus
507 1501 603 1532 etiam
618 1499 785 1536 Martinus,
802 1501 836 1529 ut
851 1499 890 1530 de
903 1498 970 1538 ipso

192 1558 301 1588 narrat
315 1555 471 1596 Sulpitius
488 1558 509 1593 ⁶,
534 1555 565 1585 in
580 1563 639 1586 suo
655 1553 846 1585 monasterio
862 1562 971 1584 secum

193 1610 385 1651 degentibus
403 1609 566 1640 monachis
581 1609 649 1640 viui
675 1611 785 1648 potum
801 1608 973 1639 concedere

194 1665 309 1696 noluit.
330 1664 368 1695 Et
386 1672 473 1694 sacer
488 1663 537 1695 vir
552 1662 742 1694 Benedictus
758 1662 843 1692 sanis
860 1671 970 1692 mona—

194 1720 264 1751 chis
279 1728 369 1750 esum
389 1718 535 1749 carnium
554 1717 726 1748 interdixit.
746 1716 800 1747 llis
816 1718 845 1746 et
861 1715 974 1746 simili-

196 1774 256 1804 bus
284 1772 375 1813 quasi
400 1772 577 1802 innumeris
606 1770 765 1801 universis
790 1772 975 1800 sauctorum

197 1826 352 1866 exemplis
377 1826 595 1856 indubitanter
618 1824 799 1863 colligitur,
817 1823 901 1864 quod
925 1823 977 1853 ab·

198 1880 356 1912 stinentiae
380 1880 474 1919 vigor
497 1888 578 1919 opus
602 1878 642 1909 sit
667 1879 813 1918 persei-tte
835 1878 975 1909 virtutis,

199 1935 237 1966 Et
248 1945 286 1965 ue
301 1934 378 1974 quid
392 1934 429 1964 ad
441 1943 485 1964 cei
494 1932 663 1963 titudinem
673 1932 763 1969 desii,
774 1932 842 1962 aliis
851 1934 976 1961 saucto-

200 1998 273 2020 rum
294 1986 536 2018 auctoritatibus
556 1986 756 2025 probandum
780 1988 846 2023 est,
862 1985 979 2025 quibus

201 2043 358 2080 asserunt,
384 2040 469 2081 quod
490 2040 649 2070 abstinere.
664 2050 682 2069 a
698 2040 772 2069 viuo
786 2042 815 2069 ct
832 2039 980 2069 carnibus

203 2097 241 2126 sit
259 2096 445 2135 perfeetum.
463 2094 515 2124 Ait
530 2094 615 2124 euim
629 2093 844 2133 Hieronymus
858 2093 901 2124 acl
918 2093 980 2124 De-

204 2149 390 2181 metritzdem
403 2151 431 2179 ¹⁵:
446 2160 460 2177 «
472 2147 830 2187 Concedunturquidem
848 2147 980 2186 nuptur,

203 2203 349 2234 carnium
374 2212 462 2237 esus,
480 2212 559 2232 usus
575 2202 640 2232 vini
655 2213 661 2239 ;
680 2201 734 2232 scd
750 2201 868 2231 horum
883 2201 980 2231 absti-

205 2257 313 2288 nentia
334 2256 464 2286 consilio
483 2255 665 2295 perfectiore
681 2255 844 2285 suadetur.
862 2266 875 2282 n
899 2254 982 2285 idem

205 2320 333 2350 quoque
354 2311 463 2340 contra
486 2309 690 2340 Joviuiauum
709 2312 718 2327 ⁶
738 2319 744 2339 ι
765 2321 778 2337 «
795 2308 827 2339 Si
848 2308 895 2338 vis
910 2317 982 2347 per-

206 2365 305 2395 fectus
320 2373 398 2402 esse,
419 2363 539 2394 bonum
554 2366 599 2392 est
614 2363 727 2393 viuum
742 2372 805 2392 non
822 2362 939 2399 bibere⁷
955 2363 985 2391 et

208 2428 317 2449 carnes
332 2427 395 2447 1101]
411 2416 604 2447 manducare
618 2427 624 2453 ;
644 2425 716 2445 uam
731 2417 755 2446 si
773 2416 819 2446 vis
829 2416 985 2455 perfectus

208 2481 295 2510 esse,
322 2471 436 2502 melius
462 2473 508 2501 est
532 2470 681 2509 saginare
699 2470 862 2507 animam,
886 2478 985 2508 quam

242 2554 247 2568 ¹
267 2553 381 2581 tiu-ron„
398 2551 432 2575 ad
447 2551 573 2579 Hastensi„
590 2551 663 2581 epist.
682 2556 751 2580 xxm,
770 2550 818 2574 «ml.
836 2558 870 2573 ιιι.
888 2551 940 2573 lSQ.
957 2563 986 2567 —

211 2590 218 2602 ²
238 2588 311 2617 ibid„
331 2588 379 2611 col.
404 2591 455 2611 isi.
471 2601 500 2604 —
522 2588 531 2603 ³
548 2587 593 2617 ΙιΙ.,
612 2587 637 2610 iu
663 2586 711 2609 ΓιΙ.
731 2586 803 2608 I'uult'
823 2586 914 2611 [fr-711..
937 2586 985 2609 cul.

212 2632 245 2647 ιιι.
263 2625 317 2646 ῖΗΞᾶ.
330 2637 359 2641 -—
376 2624 384 2639 '⁷
400 2625 458 2646 Sexi.
476 2623 557 2653 Sulp„
574 2630 598 2646 ιιι
617 2623 666 2645 vita
681 2623 706 2645 S.
724 2622 839 2647 Min-limi,
856 2628 878 2645 c,
896 2627 941 2644 ιιι,
957 2634 987 2639 -

212 2661 221 2676 ⁵
242 2660 356 2689 Hieron„
378 2659 411 2681 ml
432 2658 594 2690 Denwlriud.J
614 2658 688 2689 epist.
709 2663 764 2681 t‘tlt.
786 2670 810 2673 -—
832 2661 840 2669 ¹'
860 2657 905 2686 iil„
921 2659 985 2680 conl.

213 2695 346 2723 jovinium,
365 2694 407 2718 lib.
431 2695 465 2725 tl,
484 2695 532 2718 col.
551 2702 585 2719 ιιι.
602 2696 641 2718 [¹2.
657 2707 687 2710 —
703 2694 709 2706 ⁷
728 2693 780 2716 imo
796 2692 877 2722 Fulg.1
898 2694 927 2715 ssi·
941 2692 985 2721 sirl.

751 188 964 222 APOLOGIAE
984 188 1206 222 PAUPERUM

1007 266 1150 290 carnem.
1170 267 1185 287 υ
1209 256 1414 297 Augustinus
1429 260 1441 278 '¹
1461 257 1574 297 etiam,
1597 256 1638 290 de
1658 257 1724 297 fide
1743 260 1790 292 ad

1008 311 1150 351 Petrum,
1165 311 1211 343 sic
1223 311 1268 342 ait
1283 321 1291 342 ε
1313 322 1328 340 ε(
1339 311 1486 343 Humiles
1495 311 1583 343 servi
1592 310 1721 350 Christi,
1732 313 1791 353 qui
1816 313 1826 322 '

1008 367 1142 408 cupiunt.
1169 367 1304 399 Domino
1325 367 1447 408 absque
1470 367 1702 408 impedimento
1722 376 1791 400 ser-

1009 423 1088 462 vire,
1106 423 1258 464 conjugia
1271 432 1338 455 non
1351 425 1507 464 appetunt
1516 447 1526 463 ‚
1539 433 1559 455 a
1573 423 1650 455 vino
1671 426 1702 456 et
1716 434 1792 456 car-

1009 478 1105 509 nibus
1118 477 1296 517 abstinent,
1311 479 1474 518 quantum
1488 478 1630 519 corporis
1649 478 1792 511 valitudo

1011 531 1182 572 permittit,
1198 540 1263 562 non
1278 531 1365 572 quod
1374 534 1542 572 peccatum
1557 532 1598 564 sit
1611 534 1669 564 aut
1682 535 1794 574 conju-

1013 595 1089 626 gem
1093 585 1222 624 habere,
1230 586 1286 616 aut
1290 594 1402 617 carnes
1406 585 1586 627 vinumque
1591 586 1679 627 perci
1685 583 1790 627 pere.»

1012 638 1089 670 Haec
1108 638 1311 679 Augustinus
1320 638 1346 676 7.
1368 638 1417 670 Ad
1441 639 1503 670 hoc
1516 639 1602 671 idem
1615 639 1691 672 facit
1708 641 1795 681 quod

1013 693 1089 724 dicit
1103 692 1280 732 Gregorius
1293 692 1375 724 libro
1387 693 1555 732 trigesimo
1567 693 1742 726 Moralium
1755 694 1766 712 ⁸
1785 706 1792 726 :

1018 758 1034 776 α
1047 746 1162 778 Nullus
1186 746 1328 787 palmam
1349 746 1524 787 spiritualis
1539 747 1724 779 certaminis
1737 757 1796 789 ap-

1015 800 1194 841 prehendit,
1215 800 1271 841 qui
1286 809 1352 831 non
1366 800 1456 841 prius
1469 801 1504 832 in
1521 801 1625 842 seipso
1639 810 1696 842 per
1710 801 1794 833 affli-

1015 857 1099 885 ctam
1114 853 1402 894 concupiscentiam
1416 854 1520 885 carnis
1533 854 1694 886 incentiva
1709 855 1797 888 devi-

1017 907 1107 940 cerit.
1130 907 1239 948 Neque
1253 907 1340 938 euim
1355 907 1395 938 ad
1408 908 1595 939 conflictum
1619 908 1796 949 spiritualis

1018 962 1203 994 certaminis
1225 961 1442 1001 consurgitur,
1467 961 1493 992 si
1516 970 1582 993 non
1604 962 1695 1002 prius
1712 962 1798 994 intra

1018 1016 1230 1056 nosmetipsos
1243 1014 1345 1046 bostis
1360 1015 1476 1046 mentis
1492 1015 1624 1055 positus,
1641 1015 1729 1055 gulae
1744 1015 1797 1047 vi-

1019 1070 1130 1101 delicet
1151 1069 1312 1110 appetitus
1330 1068 1509 1100 edomatur.
1525 1079 1540 1098 ›>
1559 1068 1727 1108 Colligitur
1739 1068 1798 1100 ita-

1019 1133 1094 1165 que,
1110 1123 1195 1164 quod
1207 1122 1398 1154 abstinentia
1410 1122 1449 1153 sit
1463 1131 1545 1162 opus
1558 1123 1701 1154 maxime
1713 1131 1798 1154 com-

1021 1179 1130 1219 petens
1151 1177 1230 1208 viris
1250 1176 1414 1217 perfectis,
1440 1185 1580 1217 quorum
1603 1178 1651 1207 est
1680 1179 1801 1207 satanae

1022 1231 1112 1262 bellis
1127 1231 1294 1262 victoriose
1317 1230 1483 1268 resistere,
1500 1234 1532 1261 et
1550 1230 1714 1270 sapientiae
1731 1233 1800 1261 stu-

1022 1285 1083 1316 diis
1092 1285 1199 1325 quiete
1211 1293 1336 1316 vacare.
1350 1284 1481 1324 Propter
1492 1284 1576 1324 quod
1587 1284 1804 1325 Hieronymus

1023 1342 1133 1372 contra
1160 1339 1371 1370 Jovinianum
1390 1341 1400 1357 ⁹
1423 1348 1433 1368 :
1460 1349 1474 1367 «
1503 1337 1536 1369 Si
1565 1337 1638 1378 quis
1667 1338 1805 1369 aestimat

1024 1392 1221 1424 abundantia
1242 1392 1388 1423 ciborum
1410 1395 1505 1432 atque
1525 1393 1660 1432 potuum
1683 1401 1718 1423 se
1737 1401 1807 1432 per-

1025 1447 1109 1485 frui,
1135 1450 1166 1478 et
1190 1456 1303 1478 vacare
1325 1455 1358 1477 se
1382 1455 1474 1486 posse
1494 1445 1668 1486 sapientiae,
1683 1445 1744 1477 hoc
1759 1447 1808 1477 est

1027 1501 1145 1532 versari
1176 1501 1258 1531 inter
1288 1500 1428 1539 delicias,
1454 1502 1485 1531 et
1511 1499 1698 1531 deliciarum
1722 1499 1808 1531 vitiis

1027 1563 1093 1585 non
1120 1554 1240 1592 teneri,
1269 1554 1410 1594 seipsum
1448 1553 1574 1594 decipit.
1602 1564 1617 1582 ι)
1639 1553 1678 1584 Et
1702 1555 1772 1594 post
1799 1564 1806 1585 :

1032 1620 1046 1638 «
1062 1608 1227 1645 Quomodo
1241 1608 1361 1648 nuptiis
1376 1607 1595 1647 virginitatem
1605 1631 1614 1645 ,
1629 1607 1673 1638 ita
1689 1607 1809 1638 saturi-

1030 1663 1086 1693 tati
1102 1665 1132 1693 et
1147 1662 1297 1693 carnibus
1311 1661 1436 1701 jeJuuia
1455 1661 1669 1701 spiritumque
1691 1660 1809 1700 praese-

1030 1716 1143 1746 rimus.
1157 1726 1171 1744 ›>
1192 1715 1223 1746 Si
1240 1715 1341 1754 igitur
1353 1723 1465 1746 vacare
1481 1714 1645 1754 sapientiae
1660 1714 1811 1754 perfecto-

1030 1778 1106 1800 rum
1127 1771 1194 1807 est,
1216 1771 1247 1799 et
1262 1768 1435 1807 virginitas
1460 1768 1628 1808 praefertur
1643 1767 1809 1807 conjugio,

1032 1823 1114 1854 sicut
1140 1823 1313 1863 perfectum
1338 1822 1523 1862 imperfecto
1536 1846 1543 1860 ‚
1561 1823 1658 1852 restat
1672 1821 1757 1861 quod
1773 1820 1813 1851 de

1035 1886 1152 1916 genere
1167 1876 1271 1916 operis
1292 1875 1452 1907 abstinere
1467 1885 1486 1906 a
1500 1875 1660 1912 carnibus,
1679 1874 1814 1913 aliisque

1034 1931 1173 1962 delicatis
1189 1930 1327 1968 cibariis,
1344 1932 1451 1961 actum
1467 1929 1541 1960 dicit
1556 1938 1734 1960 consonum
1744 1937 1814 1968 per-

1037 1985 1181 2022 fectioni3
1201 1987 1231 2014 et
1252 1986 1361 2015 contra
1387 1984 1437 2014 his
1456 1984 1520 2020 uti,
1543 1982 1814 2023 imperfectionem

1036 2039 1207 2078 quamdam
1224 2039 1386 2078 importat,
1403 2039 1563 2077 quantum
1576 2038 1623 2067 est
1638 2036 1677 2067 de
1692 2035 1741 2066 sui
1756 2044 1815 2075 ge-

1038 2093 1123 2123 neris
1143 2095 1276 2130 natura,
1294 2091 1354 2121 uisi
1375 2091 1413 2122 ad
1435 2090 1660 2131 perfectionem
1681 2088 1814 2120 reduca-

1038 2150 1090 2178 tur
1115 2157 1170 2187 per
1191 2146 1463 2177 circumstantiam
1480 2145 1744 2185 superadjectam,
1764 2144 1814 2174 ut-

1040 2206 1110 2241 pote
1133 2210 1208 2231 cum
1223 2200 1295 2240 quis
1310 2200 1405 2230 habet
1422 2199 1549 2239 plenam
1564 2197 1741 2229 abstinendi
1758 2205 1818 2228 vo-

1039 2255 1193 2286 luntatem
1205 2278 1212 2291 ,
1229 2257 1260 2285 ct
1280 2256 1385 2284 tamen
1408 2252 1592 2292 hujusmodi
1615 2251 1741 2282 cibariis
1760 2258 1818 2290 pro

1040 2310 1107 2340 loco
1132 2311 1162 2339 et
1186 2310 1327 2347 tempore
1347 2306 1452 2337 sobrie
1473 2308 1584 2343 utitur,
1607 2305 1657 2336 vel
1676 2304 1752 2344 quia
1767 2312 1816 2334 re-

1041 2362 1139 2402 quirit
1154 2362 1322 2391 necessita>-
1338 2359 1576 2391 susteutatiouis
1592 2358 1730 2398 propriae
1744 2366 1817 2398 pro-

1043 2418 1111 2454 pter
1126 2415 1353 2454 aegritudinem
1364 2438 1372 2452 ,
1388 2423 1444 2444 seu
1468 2412 1675 2450 debilitatem,
1690 2411 1738 2442 vel
1755 2409 1816 2440 uti-

1042 2469 1114 2499 litas
1142 2470 1290 2499 sraternae
1321 2466 1539 2498 aedilicatiouis
1575 2474 1631 2505 per
1659 2462 1819 2494 charitati-

1045 2533 1117 2554 vam
1152 2523 1462 2554 condescensionem.
1502 2520 1648 2552 Primum
1688 2517 1817 2557 quidem

1043 2586 1077 2609 tul
1094 2587 1171 2615 Petu,
1193 2594 1215 2610 c.
1239 2592 1284 2616 111,
1303 2592 1328 2609 ιι.
1358 2586 1400 2614 43,
1420 2584 1487 2607 iuter
1507 2584 1582 2613 Opes.
1604 2582 1683 2611 Aug„
1702 2579 1818 2610 Appcnd.

1044 2624 1107 2646 tom.
1125 2623 1166 2646 Vt.
1185 2635 1215 2640 —
1230 2622 1239 2634 ⁸
1258 2624 1342 2647 lirun..
1363 2620 1462 2647 Marna,
1483 2620 1525 2642 lib.
1545 2618 1624 2646 XXX,
1641 2625 1663 2639 c.
1687 2622 1766 2645 xxm,
1786 2615 1818 2639 al.

1047 2664 1110 2688 xm,
1135 2665 1159 2682 n.
1186 2659 1225 2681 tis.
1249 2670 1274 2674 -—
1301 2660 1308 2670 ³
1328 2656 1442 2686 Hieron„
1464 2656 1527 2678 cad.
1550 2653 1675 2677 doz-inan..
1699 2651 1741 2675 ubi
1763 2658 1818 2682 sup.

1046 2701 1119 2724 prox.
1174 2699 1206 2723 isti
1220 2693 1262 2717 Al.
1277 2694 1414 2723 perierunt.
1424 2704 1453 2709 —
1463 2690 1494 2720 (b)
1510 2689 1551 2713 ΑΙ.
1565 2687 1721 2712 orationibus
1732 2689 1765 2711 ct.
