<?xml version="1.0" encoding="UTF-8"?>
<!DOCTYPE html PUBLIC "-//W3C//DTD XHTML 1.0 Transitional//EN"
    "http://www.w3.org/TR/xhtml1/DTD/xhtml1-transitional.dtd">
<html xmlns="http://www.w3.org/1999/xhtml" xml:lang="en" lang="en">
 <head>
  <title>
</title>
<meta http-equiv="Content-Type" content="text/html;charset=utf-8" />
  <meta name='ocr-system' content='tesseract 3.04.00' />
  <meta name='ocr-capabilities' content='ocr_page ocr_carea ocr_par ocr_line ocrx_word'/>
</head>
<body>
  <div class='ocr_page' id='page_1' title='image "./operaomniasixtiv14bonauoft/operaomniasixtiv14bonauoft_0196.png"; bbox 0 0 2029 3052; ppageno 0'>
   <div class='ocr_carea' id='block_1_1' title="bbox 206 275 265 306">
    <p class='ocr_par' dir='ltr' id='par_1_1' title="bbox 206 275 265 306">
     <span class='ocr_line' id='line_1_1' title="bbox 206 275 265 306; baseline -0.017 0"><span class='ocrx_word' id='word_1_1' title='bbox 206 275 265 306; x_wconf 78' lang='lat'><strong>158</strong></span> 
     </span>
    </p>
   </div>
   <div class='ocr_carea' id='block_1_2' title="bbox 204 336 991 1083">
    <p class='ocr_par' dir='ltr' id='par_1_2' title="bbox 205 336 988 418">
     <span class='ocr_line' id='line_1_2' title="bbox 240 336 988 376; baseline -0.008 -7"><span class='ocrx_word' id='word_1_2' title='bbox 240 339 363 370; x_wconf 78' lang='lat' dir='ltr'><strong>scrutati</strong></span> <span class='ocrx_word' id='word_1_3' title='bbox 374 340 444 368; x_wconf 89' lang='lat' dir='ltr'><strong>sunt</strong></span> <span class='ocrx_word' id='word_1_4' title='bbox 457 338 628 376; x_wconf 81' lang='lat' dir='ltr'><strong>iniquitates</strong></span> <span class='ocrx_word' id='word_1_5' title='bbox 642 346 649 366; x_wconf 92' lang='lat'><strong>:</strong></span> <span class='ocrx_word' id='word_1_6' title='bbox 666 337 838 366; x_wconf 80' lang='lat' dir='ltr'><strong>defecerunt</strong></span> <span class='ocrx_word' id='word_1_7' title='bbox 852 336 988 364; x_wconf 80' lang='lat' dir='ltr'><strong>scrutan-</strong></span> 
     </span>
     <span class='ocr_line' id='line_1_3' title="bbox 205 387 413 418; baseline -0.014 0"><span class='ocrx_word' id='word_1_8' title='bbox 205 390 247 418; x_wconf 89' lang='lat' dir='ltr'><strong>tes</strong></span> <span class='ocrx_word' id='word_1_9' title='bbox 261 387 413 416; x_wconf 82' lang='lat' dir='ltr'><strong>scrutinio.</strong></span> 
     </span>
    </p>

    <p class='ocr_par' dir='ltr' id='par_1_3' title="bbox 205 430 989 511">
     <span class='ocr_line' id='line_1_4' title="bbox 239 430 989 464; baseline -0.008 0"><span class='ocrx_word' id='word_1_10' title='bbox 239 434 366 464; x_wconf 79' lang='lat' dir='ltr'><strong>Accedet</strong></span> <span class='ocrx_word' id='word_1_11' title='bbox 383 434 476 463; x_wconf 88' lang='lat' dir='ltr'><strong>homo</strong></span> <span class='ocrx_word' id='word_1_12' title='bbox 496 433 536 462; x_wconf 90' lang='lat' dir='ltr'><strong>ad</strong></span> <span class='ocrx_word' id='word_1_13' title='bbox 555 441 607 462; x_wconf 85' lang='lat' dir='ltr'><strong>eor</strong></span> <span class='ocrx_word' id='word_1_14' title='bbox 625 432 718 462; x_wconf 76' lang='lat' dir='ltr'><strong>altum</strong></span> <span class='ocrx_word' id='word_1_15' title='bbox 735 439 742 460; x_wconf 89' lang='lat'><strong>:</strong></span> <span class='ocrx_word' id='word_1_16' title='bbox 765 432 793 460; x_wconf 85' lang='lat' dir='ltr'><strong>et</strong></span> <span class='ocrx_word' id='word_1_17' title='bbox 809 430 989 460; x_wconf 75' lang='lat' dir='ltr'><strong>exaltabitur</strong></span> 
     </span>
     <span class='ocr_line' id='line_1_5' title="bbox 205 484 291 511; baseline -0.012 0"><span class='ocrx_word' id='word_1_18' title='bbox 205 484 291 511; x_wconf 89' lang='lat' dir='ltr'><strong>Deus.</strong></span> 
     </span>
    </p>

    <p class='ocr_par' dir='ltr' id='par_1_4' title="bbox 204 525 988 652">
     <span class='ocr_line' id='line_1_6' title="bbox 239 525 988 565; baseline -0.008 -7"><span class='ocrx_word' id='word_1_19' title='bbox 239 529 355 565; x_wconf 78' lang='lat' dir='ltr'><strong>Sagittae</strong></span> <span class='ocrx_word' id='word_1_20' title='bbox 382 528 580 565; x_wconf 86' lang='lat' dir='ltr'><strong>parvulorum</strong></span> <span class='ocrx_word' id='word_1_21' title='bbox 608 526 692 555; x_wconf 79' lang='lat' dir='ltr'><strong>factae</strong></span> <span class='ocrx_word' id='word_1_22' title='bbox 719 527 788 555; x_wconf 88' lang='lat' dir='ltr'><strong>sunt</strong></span> <span class='ocrx_word' id='word_1_23' title='bbox 813 525 910 562; x_wconf 83' lang='lat' dir='ltr'><strong>plagae</strong></span> <span class='ocrx_word' id='word_1_24' title='bbox 936 532 988 552; x_wconf 87' lang='lat' dir='ltr'><strong>eo-</strong></span> 
     </span>
     <span class='ocr_line' id='line_1_7' title="bbox 204 572 987 608; baseline -0.008 -3"><span class='ocrx_word' id='word_1_25' title='bbox 204 584 272 605; x_wconf 85' lang='lat' dir='ltr'><strong>rum</strong></span> <span class='ocrx_word' id='word_1_26' title='bbox 291 585 297 605; x_wconf 92' lang='lat'>:</span> <span class='ocrx_word' id='word_1_27' title='bbox 321 577 350 605; x_wconf 91' lang='lat' dir='ltr'><strong>et</strong></span> <span class='ocrx_word' id='word_1_28' title='bbox 368 575 524 604; x_wconf 65' lang='lat' dir='ltr'><strong>infirmatae</strong></span> <span class='ocrx_word' id='word_1_29' title='bbox 538 575 607 602; x_wconf 86' lang='lat' dir='ltr'><strong>sunt</strong></span> <span class='ocrx_word' id='word_1_30' title='bbox 621 575 724 602; x_wconf 82' lang='lat' dir='ltr'><strong>eontra</strong></span> <span class='ocrx_word' id='word_1_31' title='bbox 743 581 794 601; x_wconf 85' lang='lat' dir='ltr'><strong>eos</strong></span> <span class='ocrx_word' id='word_1_32' title='bbox 811 572 922 608; x_wconf 72' lang='lat' dir='ltr'><strong>linguae</strong></span> <span class='ocrx_word' id='word_1_33' title='bbox 934 579 987 599; x_wconf 86' lang='lat' dir='ltr'><strong>eo-</strong></span> 
     </span>
     <span class='ocr_line' id='line_1_8' title="bbox 205 631 282 652; baseline -0.013 0"><span class='ocrx_word' id='word_1_34' title='bbox 205 631 282 652; x_wconf 86' lang='lat' dir='ltr'><strong>rum.</strong></span> 
     </span>
    </p>

    <p class='ocr_par' dir='ltr' id='par_1_5' title="bbox 206 666 989 746">
     <span class='ocr_line' id='line_1_9' title="bbox 241 666 989 705; baseline -0.008 -6"><span class='ocrx_word' id='word_1_35' title='bbox 241 669 414 699; x_wconf 79' lang='lat' dir='ltr'><strong>conturbati</strong></span> <span class='ocrx_word' id='word_1_36' title='bbox 429 670 497 697; x_wconf 87' lang='lat' dir='ltr'><strong>sunt</strong></span> <span class='ocrx_word' id='word_1_37' title='bbox 511 676 627 702; x_wconf 88' lang='lat' dir='ltr'><strong>omnes,</strong></span> <span class='ocrx_word' id='word_1_38' title='bbox 641 667 692 705; x_wconf 89' lang='lat' dir='ltr'><strong>qui</strong></span> <span class='ocrx_word' id='word_1_39' title='bbox 708 667 852 696; x_wconf 85' lang='lat' dir='ltr'><strong>videbant</strong></span> <span class='ocrx_word' id='word_1_40' title='bbox 866 673 918 695; x_wconf 86' lang='lat' dir='ltr'><strong>eos</strong></span> <span class='ocrx_word' id='word_1_41' title='bbox 933 674 940 693; x_wconf 75' lang='grc' dir='ltr'><strong><em>ε</em></strong></span> <span class='ocrx_word' id='word_1_42' title='bbox 961 666 989 693; x_wconf 90' lang='lat' dir='ltr'><strong>et</strong></span> 
     </span>
     <span class='ocr_line' id='line_1_10' title="bbox 206 716 528 746; baseline -0.006 0"><span class='ocrx_word' id='word_1_43' title='bbox 206 717 302 746; x_wconf 84' lang='lat' dir='ltr'><strong>timuit</strong></span> <span class='ocrx_word' id='word_1_44' title='bbox 314 716 412 746; x_wconf 88' lang='lat' dir='ltr'><strong>omnis</strong></span> <span class='ocrx_word' id='word_1_45' title='bbox 425 716 528 745; x_wconf 90' lang='lat' dir='ltr'><strong>homo.</strong></span> 
     </span>
    </p>

    <p class='ocr_par' dir='ltr' id='par_1_6' title="bbox 205 760 991 841">
     <span class='ocr_line' id='line_1_11' title="bbox 241 760 991 800; baseline -0.008 -7"><span class='ocrx_word' id='word_1_46' title='bbox 241 764 497 794; x_wconf 81' lang='lat' dir='ltr'><strong>Annuntiaverunt</strong></span> <span class='ocrx_word' id='word_1_47' title='bbox 515 771 607 800; x_wconf 90' lang='lat' dir='ltr'><strong>opera</strong></span> <span class='ocrx_word' id='word_1_48' title='bbox 632 762 683 791; x_wconf 88' lang='lat' dir='ltr'><strong>Dei</strong></span> <span class='ocrx_word' id='word_1_49' title='bbox 700 771 708 789; x_wconf 92' lang='lat'><strong>:</strong></span> <span class='ocrx_word' id='word_1_50' title='bbox 724 764 752 790; x_wconf 86' lang='lat' dir='ltr'><strong>et</strong></span> <span class='ocrx_word' id='word_1_51' title='bbox 775 761 853 790; x_wconf 78' lang='lat' dir='ltr'><strong>facta</strong></span> <span class='ocrx_word' id='word_1_52' title='bbox 867 760 930 796; x_wconf 84' lang='lat' dir='ltr'><strong>ejus</strong></span> <span class='ocrx_word' id='word_1_53' title='bbox 944 760 991 788; x_wconf 92' lang='lat' dir='ltr'><strong>in-</strong></span> 
     </span>
     <span class='ocr_line' id='line_1_12' title="bbox 205 811 392 841; baseline -0.005 0"><span class='ocrx_word' id='word_1_54' title='bbox 205 811 392 841; x_wconf 86' lang='lat' dir='ltr'><strong>tellexerunt.</strong></span> 
     </span>
    </p>

    <p class='ocr_par' dir='ltr' id='par_1_7' title="bbox 206 855 990 989">
     <span class='ocr_line' id='line_1_13' title="bbox 242 855 989 894; baseline -0.008 -6"><span class='ocrx_word' id='word_1_55' title='bbox 242 858 400 887; x_wconf 83' lang='lat' dir='ltr'><strong>Laetabitur</strong></span> <span class='ocrx_word' id='word_1_56' title='bbox 422 858 519 894; x_wconf 86' lang='lat' dir='ltr'><strong>justus</strong></span> <span class='ocrx_word' id='word_1_57' title='bbox 543 857 574 885; x_wconf 92' lang='lat' dir='ltr'><strong>in</strong></span> <span class='ocrx_word' id='word_1_58' title='bbox 600 856 737 892; x_wconf 89' lang='lat' dir='ltr'><strong>Domino,</strong></span> <span class='ocrx_word' id='word_1_59' title='bbox 761 858 789 884; x_wconf 83' lang='lat' dir='ltr'><strong>et</strong></span> <span class='ocrx_word' id='word_1_60' title='bbox 807 855 938 892; x_wconf 81' lang='lat' dir='ltr'><strong>sperabit</strong></span> <span class='ocrx_word' id='word_1_61' title='bbox 958 855 989 882; x_wconf 92' lang='lat' dir='ltr'><strong>in</strong></span> 
     </span>
     <span class='ocr_line' id='line_1_14' title="bbox 207 901 990 935; baseline -0.006 0"><span class='ocrx_word' id='word_1_62' title='bbox 207 914 243 935; x_wconf 90' lang='lat' dir='ltr'><strong>eo</strong></span> <span class='ocrx_word' id='word_1_63' title='bbox 260 915 267 934; x_wconf 90' lang='lat'><strong>:</strong></span> <span class='ocrx_word' id='word_1_64' title='bbox 283 908 312 934; x_wconf 89' lang='lat' dir='ltr'><strong>et</strong></span> <span class='ocrx_word' id='word_1_65' title='bbox 325 905 530 935; x_wconf 86' lang='lat' dir='ltr'><strong>laudabuntur</strong></span> <span class='ocrx_word' id='word_1_66' title='bbox 549 912 653 933; x_wconf 90' lang='lat' dir='ltr'><strong>omnes</strong></span> <span class='ocrx_word' id='word_1_67' title='bbox 676 903 748 932; x_wconf 86' lang='lat' dir='ltr'><strong>recti</strong></span> <span class='ocrx_word' id='word_1_68' title='bbox 768 902 869 932; x_wconf 86' lang='lat' dir='ltr'><strong>corde.</strong></span> <span class='ocrx_word' id='word_1_69' title='bbox 891 901 990 931; x_wconf 84' lang='lat' dir='ltr'><strong>Gloria</strong></span> 
     </span>
     <span class='ocr_line' id='line_1_15' title="bbox 206 953 365 989; baseline -0.006 -7"><span class='ocrx_word' id='word_1_70' title='bbox 206 953 294 989; x_wconf 84' lang='lat' dir='ltr'><strong>Patri,</strong></span> <span class='ocrx_word' id='word_1_71' title='bbox 311 955 365 981; x_wconf 88' lang='lat' dir='ltr'><strong>ete.</strong></span> 
     </span>
    </p>

    <p class='ocr_par' dir='ltr' id='par_1_8' title="bbox 207 990 989 1083">
     <span class='ocr_line' id='line_1_16' title="bbox 242 990 989 1036; baseline -0.007 -7"><span class='ocrx_word' id='word_1_72' title='bbox 242 1000 360 1036; x_wconf 81' lang='lat' dir='ltr'><strong>Antiph.</strong></span> <span class='ocrx_word' id='word_1_73' title='bbox 379 999 521 1029; x_wconf 77' lang='lat' dir='ltr'><strong>Dominus</strong></span> <span class='ocrx_word' id='word_1_74' title='bbox 531 990 749 1036; x_wconf 64' lang='lat' dir='ltr'><strong>tanquam&#39;ovis</strong></span> <span class='ocrx_word' id='word_1_75' title='bbox 759 997 799 1026; x_wconf 90' lang='lat' dir='ltr'><strong>ad</strong></span> <span class='ocrx_word' id='word_1_76' title='bbox 810 997 989 1026; x_wconf 87' lang='lat' dir='ltr'><strong>occisionem</strong></span> 
     </span>
     <span class='ocr_line' id='line_1_17' title="bbox 207 1046 792 1083; baseline -0.005 -7"><span class='ocrx_word' id='word_1_77' title='bbox 207 1047 314 1076; x_wconf 81' lang='lat' dir='ltr'><strong>ductus</strong></span> <span class='ocrx_word' id='word_1_78' title='bbox 329 1049 381 1083; x_wconf 84' lang='lat' dir='ltr'><strong>est,</strong></span> <span class='ocrx_word' id='word_1_79' title='bbox 398 1049 425 1076; x_wconf 90' lang='lat' dir='ltr'><strong>et</strong></span> <span class='ocrx_word' id='word_1_80' title='bbox 439 1054 501 1075; x_wconf 91' lang='lat' dir='ltr'><strong>non</strong></span> <span class='ocrx_word' id='word_1_81' title='bbox 516 1046 633 1083; x_wconf 82' lang='lat' dir='ltr'><strong>aperuit</strong></span> <span class='ocrx_word' id='word_1_82' title='bbox 646 1054 680 1075; x_wconf 93' lang='lat' dir='ltr'><strong>os</strong></span> <span class='ocrx_word' id='word_1_83' title='bbox 694 1053 792 1074; x_wconf 89' lang='lat' dir='ltr'><strong>suum.</strong></span> 
     </span>
    </p>
   </div>
   <div class='ocr_carea' id='block_1_3' title="bbox 500 1126 694 1162">
    <p class='ocr_par' dir='ltr' id='par_1_9' title="bbox 500 1126 694 1162">
     <span class='ocr_line' id='line_1_18' title="bbox 500 1126 694 1162; baseline -0.015 -8"><span class='ocrx_word' id='word_1_84' title='bbox 500 1126 659 1162; x_wconf 76' lang='lat' dir='ltr'><em>Capitulum</em></span> <span class='ocrx_word' id='word_1_85' title='bbox 675 1126 694 1152; x_wconf 90' lang='lat'><strong>¹.</strong></span> 
     </span>
    </p>
   </div>
   <div class='ocr_carea' id='block_1_4' title="bbox 206 1184 990 1508">
    <p class='ocr_par' dir='ltr' id='par_1_10' title="bbox 206 1184 990 1366">
     <span class='ocr_line' id='line_1_19' title="bbox 243 1184 990 1225; baseline -0.007 -8"><span class='ocrx_word' id='word_1_86' title='bbox 243 1188 371 1219; x_wconf 90' lang='lat' dir='ltr'><strong>Christus</strong></span> <span class='ocrx_word' id='word_1_87' title='bbox 394 1196 497 1225; x_wconf 84' lang='lat' dir='ltr'><strong>passus</strong></span> <span class='ocrx_word' id='word_1_88' title='bbox 521 1189 564 1216; x_wconf 77' lang='lat' dir='ltr'><strong>est</strong></span> <span class='ocrx_word' id='word_1_89' title='bbox 584 1195 641 1224; x_wconf 86' lang='lat' dir='ltr'><strong>pro</strong></span> <span class='ocrx_word' id='word_1_90' title='bbox 669 1187 768 1220; x_wconf 84' lang='lat' dir='ltr'><strong>nobis,</strong></span> <span class='ocrx_word' id='word_1_91' title='bbox 788 1186 875 1214; x_wconf 84' lang='lat' dir='ltr'><strong>vobis</strong></span> <span class='ocrx_word' id='word_1_92' title='bbox 901 1184 990 1213; x_wconf 85' lang='lat' dir='ltr'><strong>relin-</strong></span> 
     </span>
     <span class='ocr_line' id='line_1_20' title="bbox 207 1232 987 1272; baseline -0.006 -8"><span class='ocrx_word' id='word_1_93' title='bbox 207 1244 301 1272; x_wconf 89' lang='lat' dir='ltr'><strong>quens</strong></span> <span class='ocrx_word' id='word_1_94' title='bbox 320 1235 502 1271; x_wconf 87' lang='lat' dir='ltr'><strong>exemplum,</strong></span> <span class='ocrx_word' id='word_1_95' title='bbox 528 1237 559 1263; x_wconf 88' lang='lat' dir='ltr'><strong>ut</strong></span> <span class='ocrx_word' id='word_1_96' title='bbox 581 1234 748 1271; x_wconf 83' lang='lat' dir='ltr'><strong>sequamini</strong></span> <span class='ocrx_word' id='word_1_97' title='bbox 769 1233 891 1268; x_wconf 81' lang='lat' dir='ltr'><strong>vestigia</strong></span> <span class='ocrx_word' id='word_1_98' title='bbox 906 1232 987 1268; x_wconf 80' lang='lat' dir='ltr'><strong>ejus3</strong></span> 
     </span>
     <span class='ocr_line' id='line_1_21' title="bbox 206 1279 989 1320; baseline -0.005 -9"><span class='ocrx_word' id='word_1_99' title='bbox 206 1283 258 1320; x_wconf 90' lang='lat' dir='ltr'><strong>qui</strong></span> <span class='ocrx_word' id='word_1_100' title='bbox 274 1285 429 1319; x_wconf 84' lang='lat' dir='ltr'><strong>peceatum</strong></span> <span class='ocrx_word' id='word_1_101' title='bbox 445 1290 506 1310; x_wconf 92' lang='lat' dir='ltr'><strong>non</strong></span> <span class='ocrx_word' id='word_1_102' title='bbox 530 1282 607 1316; x_wconf 89' lang='lat' dir='ltr'><strong>fecit,</strong></span> <span class='ocrx_word' id='word_1_103' title='bbox 626 1289 680 1309; x_wconf 87' lang='lat' dir='ltr'><strong>nee</strong></span> <span class='ocrx_word' id='word_1_104' title='bbox 695 1281 830 1309; x_wconf 82' lang='lat' dir='ltr'><strong>inventus</strong></span> <span class='ocrx_word' id='word_1_105' title='bbox 845 1282 887 1308; x_wconf 87' lang='lat' dir='ltr'><strong>est</strong></span> <span class='ocrx_word' id='word_1_106' title='bbox 901 1279 989 1308; x_wconf 89' lang='lat' dir='ltr'><strong>dolus</strong></span> 
     </span>
     <span class='ocr_line' id='line_1_22' title="bbox 207 1330 391 1366; baseline -0.005 -7"><span class='ocrx_word' id='word_1_107' title='bbox 207 1330 238 1359; x_wconf 90' lang='lat' dir='ltr'><strong>in</strong></span> <span class='ocrx_word' id='word_1_108' title='bbox 252 1338 303 1359; x_wconf 85' lang='lat' dir='ltr'><strong>ore</strong></span> <span class='ocrx_word' id='word_1_109' title='bbox 319 1331 391 1366; x_wconf 85' lang='lat' dir='ltr'><strong>ejus.</strong></span> 
     </span>
    </p>

    <p class='ocr_par' dir='ltr' id='par_1_11' title="bbox 206 1375 989 1508">
     <span class='ocr_line' id='line_1_23' title="bbox 243 1375 988 1414; baseline -0.007 -8"><span class='ocrx_word' id='word_1_110' title='bbox 243 1378 270 1411; x_wconf 53' lang='grc' dir='ltr'><strong>ᾖ.</strong></span> <span class='ocrx_word' id='word_1_111' title='bbox 297 1377 451 1414; x_wconf 82' lang='lat' dir='ltr'><strong>Proposito</strong></span> <span class='ocrx_word' id='word_1_112' title='bbox 480 1376 537 1405; x_wconf 90' lang='lat' dir='ltr'><strong>sibi</strong></span> <span class='ocrx_word' id='word_1_113' title='bbox 562 1376 674 1412; x_wconf 82' lang='lat' dir='ltr'><strong>gaudio</strong></span> <span class='ocrx_word' id='word_1_114' title='bbox 687 1375 830 1404; x_wconf 81' lang='lat' dir='ltr'><strong>&#39;sustinuit</strong></span> <span class='ocrx_word' id='word_1_115' title='bbox 859 1381 988 1402; x_wconf 88' lang='lat' dir='ltr'><strong>erucem.</strong></span> 
     </span>
     <span class='ocr_line' id='line_1_24' title="bbox 207 1421 989 1460; baseline -0.005 -8"><span class='ocrx_word' id='word_1_116' title='bbox 207 1427 237 1460; x_wconf 60' lang='grc' dir='ltr'><strong>ιζ.</strong></span> <span class='ocrx_word' id='word_1_117' title='bbox 259 1424 438 1453; x_wconf 88' lang='lat' dir='ltr'><strong>Confusione</strong></span> <span class='ocrx_word' id='word_1_118' title='bbox 453 1425 633 1460; x_wconf 82' lang='lat' dir='ltr'><strong>contempta.</strong></span> <span class='ocrx_word' id='word_1_119' title='bbox 660 1423 757 1459; x_wconf 79' lang='lat' dir='ltr'><strong>Kyrie,</strong></span> <span class='ocrx_word' id='word_1_120' title='bbox 769 1422 891 1450; x_wconf 84' lang='lat' dir='ltr'><strong>eleison.</strong></span> <span class='ocrx_word' id='word_1_121' title='bbox 907 1421 989 1450; x_wconf 88' lang='lat' dir='ltr'><strong>Chri-</strong></span> 
     </span>
     <span class='ocr_line' id='line_1_25' title="bbox 206 1471 646 1508; baseline -0.005 -8"><span class='ocrx_word' id='word_1_122' title='bbox 206 1473 259 1508; x_wconf 86' lang='lat' dir='ltr'>ste,</span> <span class='ocrx_word' id='word_1_123' title='bbox 275 1471 396 1500; x_wconf 86' lang='lat' dir='ltr'><strong>eleison.</strong></span> <span class='ocrx_word' id='word_1_124' title='bbox 412 1471 508 1507; x_wconf 73' lang='lat' dir='ltr'><strong>Kyrie,</strong></span> <span class='ocrx_word' id='word_1_125' title='bbox 525 1471 646 1499; x_wconf 91' lang='lat' dir='ltr'><strong>eleison.</strong></span> 
     </span>
    </p>
   </div>
   <div class='ocr_carea' id='block_1_5' title="bbox 550 1552 656 1579">
    <p class='ocr_par' dir='ltr' id='par_1_12' title="bbox 550 1552 656 1579">
     <span class='ocr_line' id='line_1_26' title="bbox 550 1552 656 1579; baseline 0 0"><span class='ocrx_word' id='word_1_126' title='bbox 550 1552 656 1579; x_wconf 80' lang='lat' dir='ltr'><strong>Oratio.</strong></span> 
     </span>
    </p>
   </div>
   <div class='ocr_carea' id='block_1_6' title="bbox 206 1611 990 1980">
    <p class='ocr_par' dir='ltr' id='par_1_13' title="bbox 206 1611 990 1980">
     <span class='ocr_line' id='line_1_27' title="bbox 244 1611 990 1648; baseline -0.004 -6"><span class='ocrx_word' id='word_1_127' title='bbox 244 1613 365 1643; x_wconf 88' lang='lat' dir='ltr'><strong>Domine</strong></span> <span class='ocrx_word' id='word_1_128' title='bbox 377 1614 443 1641; x_wconf 86' lang='lat' dir='ltr'><strong>Jesu</strong></span> <span class='ocrx_word' id='word_1_129' title='bbox 457 1612 577 1647; x_wconf 86' lang='lat' dir='ltr'><strong>Christe,</strong></span> <span class='ocrx_word' id='word_1_130' title='bbox 590 1611 641 1648; x_wconf 86' lang='lat' dir='ltr'><strong>qui</strong></span> <span class='ocrx_word' id='word_1_131' title='bbox 654 1612 728 1640; x_wconf 82' lang='lat' dir='ltr'><strong>hora</strong></span> <span class='ocrx_word' id='word_1_132' title='bbox 737 1612 794 1639; x_wconf 84' lang='lat' dir='ltr'><strong>dici</strong></span> <span class='ocrx_word' id='word_1_133' title='bbox 810 1612 902 1646; x_wconf 87' lang='lat' dir='ltr'><strong>tertia,</strong></span> <span class='ocrx_word' id='word_1_134' title='bbox 913 1611 990 1639; x_wconf 85' lang='lat' dir='ltr'><strong>dura</strong></span> 
     </span>
     <span class='ocr_line' id='line_1_28' title="bbox 206 1660 988 1700; baseline -0.005 -9"><span class='ocrx_word' id='word_1_135' title='bbox 206 1671 261 1700; x_wconf 90' lang='lat' dir='ltr'><strong>pro</strong></span> <span class='ocrx_word' id='word_1_136' title='bbox 277 1662 365 1691; x_wconf 81' lang='lat' dir='ltr'><strong>nobis</strong></span> <span class='ocrx_word' id='word_1_137' title='bbox 379 1661 540 1689; x_wconf 74' lang='lat' dir='ltr'><strong>sustinuisti</strong></span> <span class='ocrx_word' id='word_1_138' title='bbox 555 1660 690 1694; x_wconf 81' lang='lat' dir='ltr'><strong>verbera,</strong></span> <span class='ocrx_word' id='word_1_139' title='bbox 707 1661 734 1688; x_wconf 84' lang='lat' dir='ltr'><strong>et</strong></span> <span class='ocrx_word' id='word_1_140' title='bbox 749 1660 840 1688; x_wconf 82' lang='lat' dir='ltr'><strong>eorda</strong></span> <span class='ocrx_word' id='word_1_141' title='bbox 854 1660 988 1688; x_wconf 84' lang='lat' dir='ltr'><strong>fidelium</strong></span> 
     </span>
     <span class='ocr_line' id='line_1_29' title="bbox 207 1707 989 1744; baseline -0.006 -5"><span class='ocrx_word' id='word_1_142' title='bbox 207 1713 326 1739; x_wconf 88' lang='lat' dir='ltr'><strong>tuorum</strong></span> <span class='ocrx_word' id='word_1_143' title='bbox 337 1708 427 1737; x_wconf 82' lang='lat' dir='ltr'><strong>sancti</strong></span> <span class='ocrx_word' id='word_1_144' title='bbox 439 1708 561 1744; x_wconf 80' lang='lat' dir='ltr'><strong>Spiritus</strong></span> <span class='ocrx_word' id='word_1_145' title='bbox 574 1707 721 1735; x_wconf 76' lang='lat' dir='ltr'><strong>infusione</strong></span> <span class='ocrx_word' id='word_1_146' title='bbox 732 1707 823 1735; x_wconf 79' lang='lat' dir='ltr'><strong>fecisti</strong></span> <span class='ocrx_word' id='word_1_147' title='bbox 836 1708 989 1735; x_wconf 79' lang='lat' dir='ltr'><strong>flamman-</strong></span> 
     </span>
     <span class='ocr_line' id='line_1_30' title="bbox 208 1754 990 1793; baseline -0.004 -7"><span class='ocrx_word' id='word_1_148' title='bbox 208 1759 265 1793; x_wconf 77' lang='lat' dir='ltr'><strong>tia3</strong></span> <span class='ocrx_word' id='word_1_149' title='bbox 285 1757 324 1785; x_wconf 80' lang='lat' dir='ltr'><strong>da</strong></span> <span class='ocrx_word' id='word_1_150' title='bbox 339 1756 426 1784; x_wconf 77' lang='lat' dir='ltr'><strong>nobis</strong></span> <span class='ocrx_word' id='word_1_151' title='bbox 443 1755 567 1788; x_wconf 83' lang='lat' dir='ltr'><strong>malum,</strong></span> <span class='ocrx_word' id='word_1_152' title='bbox 585 1754 667 1790; x_wconf 87' lang='lat' dir='ltr'><strong>quod</strong></span> <span class='ocrx_word' id='word_1_153' title='bbox 684 1754 819 1788; x_wconf 62' lang='lat' dir='ltr'><strong>fceimm,</strong></span> <span class='ocrx_word' id='word_1_154' title='bbox 837 1755 928 1790; x_wconf 83' lang='lat' dir='ltr'><strong>digna</strong></span> <span class='ocrx_word' id='word_1_155' title='bbox 943 1763 990 1783; x_wconf 81' lang='lat' dir='ltr'><strong>ca-</strong></span> 
     </span>
     <span class='ocr_line' id='line_1_31' title="bbox 206 1802 989 1840; baseline -0.004 -7"><span class='ocrx_word' id='word_1_156' title='bbox 206 1804 362 1840; x_wconf 82' lang='lat' dir='ltr'><strong>stigatione</strong></span> <span class='ocrx_word' id='word_1_157' title='bbox 378 1802 494 1839; x_wconf 82' lang='lat' dir='ltr'><strong>punire,</strong></span> <span class='ocrx_word' id='word_1_158' title='bbox 511 1804 537 1830; x_wconf 86' lang='lat' dir='ltr'><strong>et</strong></span> <span class='ocrx_word' id='word_1_159' title='bbox 552 1802 690 1830; x_wconf 77' lang='lat' dir='ltr'><strong>stammas</strong></span> <span class='ocrx_word' id='word_1_160' title='bbox 714 1802 853 1830; x_wconf 82' lang='lat' dir='ltr'><strong>vitiorum</strong></span> <span class='ocrx_word' id='word_1_161' title='bbox 875 1804 989 1830; x_wconf 78' lang='lat' dir='ltr'><strong>nostro-</strong></span> 
     </span>
     <span class='ocr_line' id='line_1_32' title="bbox 207 1849 988 1886; baseline -0.005 -6"><span class='ocrx_word' id='word_1_162' title='bbox 207 1849 616 1886; x_wconf 83' lang='lat' dir='ltr'><strong>rumlaerymiseompunetio</strong></span> <span class='ocrx_word' id='word_1_163' title='bbox 623 1849 667 1877; x_wconf 83' lang='lat' dir='ltr'><strong>nis</strong></span> <span class='ocrx_word' id='word_1_164' title='bbox 674 1850 812 1884; x_wconf 79' lang='lat' dir='ltr'><strong>extingue</strong></span> <span class='ocrx_word' id='word_1_165' title='bbox 821 1851 854 1885; x_wconf 74' lang='lat' dir='ltr'><strong>(a)</strong></span> <span class='ocrx_word' id='word_1_166' title='bbox 865 1858 870 1876; x_wconf 93' lang='lat'>:</span> <span class='ocrx_word' id='word_1_167' title='bbox 881 1849 988 1877; x_wconf 88' lang='lat' dir='ltr'><strong>utdum</strong></span> 
     </span>
     <span class='ocr_line' id='line_1_33' title="bbox 207 1896 989 1932; baseline -0.004 -5"><span class='ocrx_word' id='word_1_168' title='bbox 207 1898 316 1927; x_wconf 77' lang='lat' dir='ltr'><strong>deforis</strong></span> <span class='ocrx_word' id='word_1_169' title='bbox 331 1900 358 1926; x_wconf 84' lang='lat' dir='ltr'><strong>et</strong></span> <span class='ocrx_word' id='word_1_170' title='bbox 373 1898 450 1925; x_wconf 86' lang='lat' dir='ltr'><strong>intus</strong></span> <span class='ocrx_word' id='word_1_171' title='bbox 463 1896 637 1930; x_wconf 67' lang='lat' dir='ltr'><strong>affligimur,</strong></span> <span class='ocrx_word' id='word_1_172' title='bbox 651 1897 690 1924; x_wconf 88' lang='lat' dir='ltr'><strong>tui</strong></span> <span class='ocrx_word' id='word_1_173' title='bbox 701 1896 819 1932; x_wconf 86' lang='lat' dir='ltr'><strong>spiritus</strong></span> <span class='ocrx_word' id='word_1_174' title='bbox 832 1896 989 1925; x_wconf 83' lang='lat' dir='ltr'><strong>dulcedine</strong></span> 
     </span>
     <span class='ocr_line' id='line_1_34' title="bbox 207 1944 951 1980; baseline -0.003 -6"><span class='ocrx_word' id='word_1_175' title='bbox 207 1945 354 1975; x_wconf 81' lang='lat' dir='ltr'><strong>consolari</strong></span> <span class='ocrx_word' id='word_1_176' title='bbox 371 1952 551 1973; x_wconf 85' lang='lat' dir='ltr'><strong>mereamur.</strong></span> <span class='ocrx_word' id='word_1_177' title='bbox 568 1944 622 1977; x_wconf 80' lang='lat' dir='ltr'><strong>Qui</strong></span> <span class='ocrx_word' id='word_1_178' title='bbox 640 1944 714 1972; x_wconf 89' lang='lat' dir='ltr'><strong>vivis</strong></span> <span class='ocrx_word' id='word_1_179' title='bbox 729 1946 755 1972; x_wconf 78' lang='lat' dir='ltr'><strong>et</strong></span> <span class='ocrx_word' id='word_1_180' title='bbox 769 1952 886 1980; x_wconf 73' lang='lat' dir='ltr'><strong>regnaS,</strong></span> <span class='ocrx_word' id='word_1_181' title='bbox 899 1947 951 1972; x_wconf 83' lang='lat' dir='ltr'><strong>etc.</strong></span> 
     </span>
    </p>
   </div>
   <div class='ocr_carea' id='block_1_7' title="bbox 245 2056 815 2171">
    <p class='ocr_par' dir='ltr' id='par_1_14' title="bbox 245 2056 815 2171">
     <span class='ocr_line' id='line_1_35' title="bbox 481 2056 684 2083; baseline -0.005 0"><span class='ocrx_word' id='word_1_182' title='bbox 481 2056 525 2083; x_wconf 76' lang='lat' dir='ltr'><strong>At)</strong></span> <span class='ocrx_word' id='word_1_183' title='bbox 545 2056 684 2083; x_wconf 71' lang='lat' dir='ltr'><strong>SEXTAM.</strong></span> 
     </span>
     <span class='ocr_line' id='line_1_36' title="bbox 245 2135 815 2171; baseline -0.002 -8"><span class='ocrx_word' id='word_1_184' title='bbox 245 2137 271 2171; x_wconf 59' lang='grc' dir='ltr'><strong>ῥ’.</strong></span> <span class='ocrx_word' id='word_1_185' title='bbox 290 2136 374 2170; x_wconf 86' lang='lat' dir='ltr'><strong>Deus,</strong></span> <span class='ocrx_word' id='word_1_186' title='bbox 392 2135 422 2162; x_wconf 91' lang='lat' dir='ltr'><strong>in</strong></span> <span class='ocrx_word' id='word_1_187' title='bbox 438 2135 621 2170; x_wconf 77' lang='lat' dir='ltr'><strong>adJutorium</strong></span> <span class='ocrx_word' id='word_1_188' title='bbox 636 2142 748 2169; x_wconf 86' lang='lat' dir='ltr'><strong>meum,</strong></span> <span class='ocrx_word' id='word_1_189' title='bbox 762 2137 815 2162; x_wconf 88' lang='lat' dir='ltr'><strong>etc.</strong></span> 
     </span>
    </p>
   </div>
   <div class='ocr_carea' id='block_1_8' title="bbox 539 2218 662 2245">
    <p class='ocr_par' dir='ltr' id='par_1_15' title="bbox 539 2218 662 2245">
     <span class='ocr_line' id='line_1_37' title="bbox 539 2218 662 2245; baseline 0 -1"><span class='ocrx_word' id='word_1_190' title='bbox 539 2218 662 2245; x_wconf 62' lang='lat' dir='ltr'><strong>liumus.</strong></span> 
     </span>
    </p>
   </div>
   <div class='ocr_carea' id='block_1_9' title="bbox 372 2277 812 2689">
    <p class='ocr_par' dir='ltr' id='par_1_16' title="bbox 372 2277 812 2689">
     <span class='ocr_line' id='line_1_38' title="bbox 408 2277 812 2313; baseline -0.002 -8"><span class='ocrx_word' id='word_1_191' title='bbox 408 2278 530 2305; x_wconf 85' lang='lat' dir='ltr'><strong>Crucem</strong></span> <span class='ocrx_word' id='word_1_192' title='bbox 542 2285 596 2313; x_wconf 87' lang='lat' dir='ltr'><strong>pro</strong></span> <span class='ocrx_word' id='word_1_193' title='bbox 612 2278 699 2306; x_wconf 88' lang='lat' dir='ltr'><strong>nobis</strong></span> <span class='ocrx_word' id='word_1_194' title='bbox 712 2277 812 2311; x_wconf 83' lang='lat' dir='ltr'><strong>subiit,</strong></span> 
     </span>
     <span class='ocr_line' id='line_1_39' title="bbox 374 2324 689 2352; baseline 0 -1"><span class='ocrx_word' id='word_1_195' title='bbox 374 2325 406 2351; x_wconf 83' lang='lat' dir='ltr'><strong>Et</strong></span> <span class='ocrx_word' id='word_1_196' title='bbox 421 2326 500 2351; x_wconf 76' lang='lat' dir='ltr'><strong>stans</strong></span> <span class='ocrx_word' id='word_1_197' title='bbox 514 2324 543 2351; x_wconf 88' lang='lat' dir='ltr'><strong>iu</strong></span> <span class='ocrx_word' id='word_1_198' title='bbox 557 2324 606 2352; x_wconf 83' lang='lat' dir='ltr'><strong>illa</strong></span> <span class='ocrx_word' id='word_1_199' title='bbox 621 2324 689 2351; x_wconf 75' lang='lat' dir='ltr'><strong>sitiit</strong></span> 
     </span>
     <span class='ocr_line' id='line_1_40' title="bbox 373 2370 754 2405; baseline -0.003 -7"><span class='ocrx_word' id='word_1_200' title='bbox 373 2372 464 2405; x_wconf 75' lang='lat' dir='ltr'><strong>lesus,</strong></span> <span class='ocrx_word' id='word_1_201' title='bbox 481 2371 600 2399; x_wconf 81' lang='lat' dir='ltr'><strong>sacratis</strong></span> <span class='ocrx_word' id='word_1_202' title='bbox 617 2370 754 2398; x_wconf 83' lang='lat' dir='ltr'><strong>manibus</strong></span> 
     </span>
     <span class='ocr_line' id='line_1_41' title="bbox 373 2418 780 2454; baseline -0.002 -8"><span class='ocrx_word' id='word_1_203' title='bbox 373 2418 468 2446; x_wconf 86' lang='lat' dir='ltr'><strong>Clavis</strong></span> <span class='ocrx_word' id='word_1_204' title='bbox 482 2418 626 2454; x_wconf 84' lang='lat' dir='ltr'><strong>fossisque</strong></span> <span class='ocrx_word' id='word_1_205' title='bbox 642 2418 780 2453; x_wconf 72' lang='lat' dir='ltr'><strong>pedibus.</strong></span> 
     </span>
     <span class='ocr_line' id='line_1_42' title="bbox 407 2465 730 2493; baseline -0.003 0"><span class='ocrx_word' id='word_1_206' title='bbox 407 2467 506 2493; x_wconf 84' lang='lat' dir='ltr'><strong>Honor</strong></span> <span class='ocrx_word' id='word_1_207' title='bbox 521 2467 548 2493; x_wconf 85' lang='lat' dir='ltr'><strong>et</strong></span> <span class='ocrx_word' id='word_1_208' title='bbox 561 2465 730 2493; x_wconf 83' lang='lat' dir='ltr'><strong>benedictio</strong></span> 
     </span>
     <span class='ocr_line' id='line_1_43' title="bbox 372 2512 670 2547; baseline -0.003 -6"><span class='ocrx_word' id='word_1_209' title='bbox 372 2514 411 2541; x_wconf 87' lang='lat' dir='ltr'><strong>Sit</strong></span> <span class='ocrx_word' id='word_1_210' title='bbox 426 2513 568 2541; x_wconf 79' lang='lat' dir='ltr'><strong>crucifixo</strong></span> <span class='ocrx_word' id='word_1_211' title='bbox 586 2512 670 2547; x_wconf 80' lang='lat' dir='ltr'><strong>Filio,</strong></span> 
     </span>
     <span class='ocr_line' id='line_1_44' title="bbox 372 2559 723 2595; baseline 0 -8"><span class='ocrx_word' id='word_1_212' title='bbox 372 2560 425 2594; x_wconf 74' lang='lat' dir='ltr'><strong>Qui</strong></span> <span class='ocrx_word' id='word_1_213' title='bbox 442 2568 495 2589; x_wconf 85' lang='lat' dir='ltr'><strong>nos</strong></span> <span class='ocrx_word' id='word_1_214' title='bbox 509 2568 563 2588; x_wconf 84' lang='lat' dir='ltr'><strong>suo</strong></span> <span class='ocrx_word' id='word_1_215' title='bbox 577 2559 723 2595; x_wconf 83' lang='lat' dir='ltr'><strong>supplicio</strong></span> 
     </span>
     <span class='ocr_line' id='line_1_45' title="bbox 373 2607 679 2635; baseline 0 0"><span class='ocrx_word' id='word_1_216' title='bbox 373 2607 506 2635; x_wconf 73' lang='lat' dir='ltr'><strong>Redemit</strong></span> <span class='ocrx_word' id='word_1_217' title='bbox 521 2607 558 2635; x_wconf 82' lang='lat' dir='ltr'><strong>ab</strong></span> <span class='ocrx_word' id='word_1_218' title='bbox 580 2607 679 2635; x_wconf 81' lang='lat' dir='ltr'><strong>exilio.</strong></span> 
     </span>
     <span class='ocr_line' id='line_1_46' title="bbox 408 2654 615 2689; baseline 0 -7"><span class='ocrx_word' id='word_1_219' title='bbox 408 2655 492 2689; x_wconf 83' lang='lat' dir='ltr'><strong>Laus,</strong></span> <span class='ocrx_word' id='word_1_220' title='bbox 508 2654 615 2683; x_wconf 88' lang='lat' dir='ltr'><strong>honor.</strong></span> 
     </span>
    </p>
   </div>
   <div class='ocr_carea' id='block_1_10' title="bbox 212 2716 992 2783">
    <p class='ocr_par' dir='ltr' id='par_1_17' title="bbox 212 2716 992 2783">
     <span class='ocr_line' id='line_1_47' title="bbox 244 2716 992 2748; baseline -0.001 -7"><span class='ocrx_word' id='word_1_221' title='bbox 244 2720 248 2732; x_wconf 89' lang='lat'><strong>¹</strong></span> <span class='ocrx_word' id='word_1_222' title='bbox 268 2718 275 2741; x_wconf 94' lang='lat' dir='ltr'><strong>l</strong></span> <span class='ocrx_word' id='word_1_223' title='bbox 293 2718 371 2747; x_wconf 62' lang='lat' dir='ltr'><strong>Peon,</strong></span> <span class='ocrx_word' id='word_1_224' title='bbox 388 2723 416 2747; x_wconf 73' lang='grc' dir='ltr'><strong>Η,</strong></span> <span class='ocrx_word' id='word_1_225' title='bbox 432 2719 471 2740; x_wconf 75' lang='grc'><strong>21.</strong></span> <span class='ocrx_word' id='word_1_226' title='bbox 484 2730 510 2733; x_wconf 51' lang='lat' dir='ltr'>a</span> <span class='ocrx_word' id='word_1_227' title='bbox 527 2718 534 2730; x_wconf 79' lang='lat'>²</span> <span class='ocrx_word' id='word_1_228' title='bbox 550 2716 652 2747; x_wconf 75' lang='grc' dir='ltr'><em>ΜιιΗΙι.,</em></span> <span class='ocrx_word' id='word_1_229' title='bbox 669 2722 750 2747; x_wconf 74' lang='lat' dir='ltr'><strong>xxvii,</strong></span> <span class='ocrx_word' id='word_1_230' title='bbox 767 2718 805 2742; x_wconf 76' lang='lat'><strong>37.</strong></span> <span class='ocrx_word' id='word_1_231' title='bbox 817 2730 846 2734; x_wconf 97' lang='lat'><strong>—</strong></span> <span class='ocrx_word' id='word_1_232' title='bbox 861 2717 890 2741; x_wconf 77' lang='lat'><strong>³1</strong></span> <span class='ocrx_word' id='word_1_233' title='bbox 912 2718 992 2748; x_wconf 53' lang='lat' dir='ltr'><strong>Petu,</strong></span> 
     </span>
     <span class='ocr_line' id='line_1_48' title="bbox 212 2756 295 2783; baseline 0.012 -5"><span class='ocrx_word' id='word_1_234' title='bbox 212 2759 240 2783; x_wconf 88' lang='lat'><strong>11,</strong></span> <span class='ocrx_word' id='word_1_235' title='bbox 257 2756 295 2779; x_wconf 77' lang='lat'><strong>23.</strong></span> 
     </span>
    </p>
   </div>
   <div class='ocr_carea' id='block_1_11' title="bbox 687 265 1338 302">
    <p class='ocr_par' dir='ltr' id='par_1_18' title="bbox 687 265 1338 302">
     <span class='ocr_line' id='line_1_49' title="bbox 687 265 1338 302; baseline -0.008 0"><span class='ocrx_word' id='word_1_236' title='bbox 687 267 875 302; x_wconf 82' lang='lat' dir='ltr'>OFFICIUM</span> <span class='ocrx_word' id='word_1_237' title='bbox 896 266 947 298; x_wconf 88' lang='lat' dir='ltr'><strong>DE</strong></span> <span class='ocrx_word' id='word_1_238' title='bbox 969 265 1165 300; x_wconf 82' lang='lat' dir='ltr'><strong>PASSIONE</strong></span> <span class='ocrx_word' id='word_1_239' title='bbox 1184 265 1338 298; x_wconf 80' lang='grc' dir='ltr'><strong>ΒΟΜΙΝΙ.</strong></span> 
     </span>
    </p>
   </div>
   <div class='ocr_carea' id='block_1_12' title="bbox 1041 332 1827 938">
    <p class='ocr_par' dir='ltr' id='par_1_19' title="bbox 1041 332 1822 458">
     <span class='ocr_line' id='line_1_50' title="bbox 1078 332 1822 371; baseline -0.001 -8"><span class='ocrx_word' id='word_1_240' title='bbox 1078 335 1196 371; x_wconf 76' lang='lat' dir='ltr'><strong>Antiph.</strong></span> <span class='ocrx_word' id='word_1_241' title='bbox 1211 333 1223 350; x_wconf 80' lang='lat'><strong>¹</strong></span> <span class='ocrx_word' id='word_1_242' title='bbox 1237 333 1402 363; x_wconf 78' lang='lat' dir='ltr'><strong>posuerunt</strong></span> <span class='ocrx_word' id='word_1_243' title='bbox 1419 340 1509 369; x_wconf 87' lang='lat' dir='ltr'><strong>super</strong></span> <span class='ocrx_word' id='word_1_244' title='bbox 1523 333 1612 369; x_wconf 88' lang='lat' dir='ltr'><strong>eaput</strong></span> <span class='ocrx_word' id='word_1_245' title='bbox 1625 332 1690 370; x_wconf 74' lang='lat' dir='ltr'><strong>eius</strong></span> <span class='ocrx_word' id='word_1_246' title='bbox 1701 340 1822 362; x_wconf 78' lang='lat' dir='ltr'><strong>eausam</strong></span> 
     </span>
     <span class='ocr_line' id='line_1_51' title="bbox 1041 379 1822 419; baseline -0.004 -8"><span class='ocrx_word' id='word_1_247' title='bbox 1041 382 1136 419; x_wconf 87' lang='lat' dir='ltr'><strong>ipsius</strong></span> <span class='ocrx_word' id='word_1_248' title='bbox 1148 381 1301 419; x_wconf 81' lang='lat' dir='ltr'><strong>scriptam,</strong></span> <span class='ocrx_word' id='word_1_249' title='bbox 1317 381 1401 409; x_wconf 73' lang='lat' dir='ltr'><strong>lesus</strong></span> <span class='ocrx_word' id='word_1_250' title='bbox 1418 382 1597 416; x_wconf 86' lang='lat' dir='ltr'><strong>Nazarenus,</strong></span> <span class='ocrx_word' id='word_1_251' title='bbox 1620 381 1682 409; x_wconf 79' lang='lat' dir='ltr'><strong>Rex</strong></span> <span class='ocrx_word' id='word_1_252' title='bbox 1704 379 1822 409; x_wconf 71' lang='lat' dir='ltr'><strong>Judaeo·</strong></span> 
     </span>
     <span class='ocr_line' id='line_1_52' title="bbox 1042 437 1119 458; baseline -0.013 0"><span class='ocrx_word' id='word_1_253' title='bbox 1042 437 1119 458; x_wconf 85' lang='lat' dir='ltr'><strong>rum.</strong></span> 
     </span>
    </p>

    <p class='ocr_par' dir='ltr' id='par_1_20' title="bbox 1079 474 1520 512">
     <span class='ocr_line' id='line_1_53' title="bbox 1079 474 1520 512; baseline -0.005 -7"><span class='ocrx_word' id='word_1_254' title='bbox 1079 477 1156 506; x_wconf 82' lang='lat' dir='ltr'><strong>Psal.</strong></span> <span class='ocrx_word' id='word_1_255' title='bbox 1171 477 1235 505; x_wconf 78' lang='lat'>1¹5.</span> <span class='ocrx_word' id='word_1_256' title='bbox 1252 474 1372 504; x_wconf 90' lang='lat' dir='ltr'><strong>Credidi</strong></span> <span class='ocrx_word' id='word_1_257' title='bbox 1387 475 1520 512; x_wconf 86' lang='lat' dir='ltr'><strong>propter.</strong></span> 
     </span>
    </p>

    <p class='ocr_par' dir='ltr' id='par_1_21' title="bbox 1228 533 1530 591">
     <span class='ocr_line' id='line_1_54' title="bbox 1228 533 1530 591; baseline -0.007 -7"><span class='ocrx_word' id='word_1_258' title='bbox 1228 533 1250 551; x_wconf 56' lang='lat'><strong>⁹</strong></span> <span class='ocrx_word' id='word_1_259' title='bbox 1337 555 1495 591; x_wconf 77' lang='lat' dir='ltr'><strong>Capitulum</strong></span> <span class='ocrx_word' id='word_1_260' title='bbox 1509 554 1530 582; x_wconf 79' lang='lat'><strong>³.</strong></span> 
     </span>
    </p>

    <p class='ocr_par' dir='ltr' id='par_1_22' title="bbox 1043 617 1827 797">
     <span class='ocr_line' id='line_1_55' title="bbox 1078 617 1826 655; baseline -0.001 -8"><span class='ocrx_word' id='word_1_261' title='bbox 1078 617 1226 647; x_wconf 79' lang='lat' dir='ltr'><strong>Tradebat</strong></span> <span class='ocrx_word' id='word_1_262' title='bbox 1240 618 1276 655; x_wconf 86' lang='lat' dir='ltr'><strong>(b)</strong></span> <span class='ocrx_word' id='word_1_263' title='bbox 1291 619 1392 647; x_wconf 82' lang='lat' dir='ltr'><strong>autem</strong></span> <span class='ocrx_word' id='word_1_264' title='bbox 1405 617 1548 654; x_wconf 79' lang='lat' dir='ltr'><strong>judicanti</strong></span> <span class='ocrx_word' id='word_1_265' title='bbox 1563 625 1594 646; x_wconf 83' lang='lat' dir='ltr'><strong>se</strong></span> <span class='ocrx_word' id='word_1_266' title='bbox 1607 617 1714 654; x_wconf 82' lang='lat' dir='ltr'><strong>injuste</strong></span> <span class='ocrx_word' id='word_1_267' title='bbox 1731 626 1738 646; x_wconf 75' lang='lat' dir='ltr'>z</span> <span class='ocrx_word' id='word_1_268' title='bbox 1755 617 1826 654; x_wconf 81' lang='lat' dir='ltr'><strong>quia</strong></span> 
     </span>
     <span class='ocr_line' id='line_1_56' title="bbox 1043 664 1826 702; baseline -0.001 -8"><span class='ocrx_word' id='word_1_269' title='bbox 1043 666 1165 702; x_wconf 81' lang='lat' dir='ltr'><strong>peecata</strong></span> <span class='ocrx_word' id='word_1_270' title='bbox 1183 666 1284 694; x_wconf 85' lang='lat' dir='ltr'><strong>nostra</strong></span> <span class='ocrx_word' id='word_1_271' title='bbox 1297 665 1361 701; x_wconf 89' lang='lat' dir='ltr'><strong>ipse</strong></span> <span class='ocrx_word' id='word_1_272' title='bbox 1375 664 1495 701; x_wconf 81' lang='lat' dir='ltr'><strong>pertulit</strong></span> <span class='ocrx_word' id='word_1_273' title='bbox 1508 664 1539 692; x_wconf 92' lang='lat' dir='ltr'><strong>in</strong></span> <span class='ocrx_word' id='word_1_274' title='bbox 1554 672 1680 701; x_wconf 83' lang='lat' dir='ltr'><strong>corpore</strong></span> <span class='ocrx_word' id='word_1_275' title='bbox 1702 672 1757 693; x_wconf 90' lang='lat' dir='ltr'><strong>suo</strong></span> <span class='ocrx_word' id='word_1_276' title='bbox 1778 673 1826 693; x_wconf 82' lang='lat' dir='ltr'><strong>su-</strong></span> 
     </span>
     <span class='ocr_line' id='line_1_57' title="bbox 1043 711 1827 750; baseline -0.001 -9"><span class='ocrx_word' id='word_1_277' title='bbox 1043 720 1098 749; x_wconf 89' lang='lat' dir='ltr'><strong>per</strong></span> <span class='ocrx_word' id='word_1_278' title='bbox 1115 712 1242 749; x_wconf 87' lang='lat' dir='ltr'><strong>lignum,</strong></span> <span class='ocrx_word' id='word_1_279' title='bbox 1267 713 1300 741; x_wconf 84' lang='lat' dir='ltr'><strong>ut</strong></span> <span class='ocrx_word' id='word_1_280' title='bbox 1320 712 1450 750; x_wconf 80' lang='lat' dir='ltr'><strong>peccatis</strong></span> <span class='ocrx_word' id='word_1_281' title='bbox 1471 711 1581 741; x_wconf 84' lang='lat' dir='ltr'><strong>mortui</strong></span> <span class='ocrx_word' id='word_1_282' title='bbox 1601 711 1721 748; x_wconf 70' lang='lat' dir='ltr'><strong>justitiae</strong></span> <span class='ocrx_word' id='word_1_283' title='bbox 1744 712 1827 741; x_wconf 84' lang='lat' dir='ltr'><strong>viva-</strong></span> 
     </span>
     <span class='ocr_line' id='line_1_58' title="bbox 1043 759 1568 797; baseline -0.002 -9"><span class='ocrx_word' id='word_1_284' title='bbox 1043 768 1110 789; x_wconf 90' lang='lat' dir='ltr'><strong>mus</strong></span> <span class='ocrx_word' id='word_1_285' title='bbox 1121 770 1129 796; x_wconf 90' lang='lat'>;</span> <span class='ocrx_word' id='word_1_286' title='bbox 1147 760 1230 797; x_wconf 88' lang='lat' dir='ltr'><strong>cujus</strong></span> <span class='ocrx_word' id='word_1_287' title='bbox 1241 759 1336 788; x_wconf 86' lang='lat' dir='ltr'><strong>livore</strong></span> <span class='ocrx_word' id='word_1_288' title='bbox 1348 759 1442 788; x_wconf 83' lang='lat' dir='ltr'><strong>sanati</strong></span> <span class='ocrx_word' id='word_1_289' title='bbox 1453 767 1568 788; x_wconf 89' lang='lat' dir='ltr'><strong>sumus.</strong></span> 
     </span>
    </p>

    <p class='ocr_par' dir='ltr' id='par_1_23' title="bbox 1043 806 1827 938">
     <span class='ocr_line' id='line_1_59' title="bbox 1079 806 1827 843; baseline 0.001 -9"><span class='ocrx_word' id='word_1_290' title='bbox 1079 807 1108 843; x_wconf 61' lang='grc' dir='ltr'><strong>Ῡ.</strong></span> <span class='ocrx_word' id='word_1_291' title='bbox 1126 806 1248 836; x_wconf 82' lang='lat' dir='ltr'><strong>Oblatus</strong></span> <span class='ocrx_word' id='word_1_292' title='bbox 1263 808 1316 841; x_wconf 84' lang='lat' dir='ltr'><strong>est,</strong></span> <span class='ocrx_word' id='word_1_293' title='bbox 1331 806 1403 843; x_wconf 87' lang='lat' dir='ltr'><strong>quia</strong></span> <span class='ocrx_word' id='word_1_294' title='bbox 1417 806 1479 843; x_wconf 91' lang='lat' dir='ltr'><strong>ipse</strong></span> <span class='ocrx_word' id='word_1_295' title='bbox 1494 806 1599 834; x_wconf 87' lang='lat' dir='ltr'><strong>voluit.</strong></span> <span class='ocrx_word' id='word_1_296' title='bbox 1614 806 1644 841; x_wconf 70' lang='lat' dir='ltr'><strong>iii.</strong></span> <span class='ocrx_word' id='word_1_297' title='bbox 1660 807 1692 834; x_wconf 85' lang='lat' dir='ltr'><strong>Et</strong></span> <span class='ocrx_word' id='word_1_298' title='bbox 1706 807 1827 843; x_wconf 84' lang='lat' dir='ltr'><strong>peecata</strong></span> 
     </span>
     <span class='ocr_line' id='line_1_60' title="bbox 1043 853 1826 891; baseline -0.001 -9"><span class='ocrx_word' id='word_1_299' title='bbox 1043 856 1145 883; x_wconf 87' lang='lat' dir='ltr'><strong>nostra</strong></span> <span class='ocrx_word' id='word_1_300' title='bbox 1158 854 1221 891; x_wconf 86' lang='lat' dir='ltr'><strong>ipse</strong></span> <span class='ocrx_word' id='word_1_301' title='bbox 1234 854 1371 890; x_wconf 83' lang='lat' dir='ltr'><strong>portavit.</strong></span> <span class='ocrx_word' id='word_1_302' title='bbox 1381 853 1478 890; x_wconf 82' lang='lat' dir='ltr'><strong>Kyrie,</strong></span> <span class='ocrx_word' id='word_1_303' title='bbox 1493 853 1615 882; x_wconf 87' lang='lat' dir='ltr'><strong>eleison.</strong></span> <span class='ocrx_word' id='word_1_304' title='bbox 1625 853 1746 890; x_wconf 85' lang='lat' dir='ltr'><strong>Christe,</strong></span> <span class='ocrx_word' id='word_1_305' title='bbox 1757 853 1826 882; x_wconf 89' lang='lat' dir='ltr'><strong>elei-</strong></span> 
     </span>
     <span class='ocr_line' id='line_1_61' title="bbox 1043 901 1587 938; baseline -0.002 -8"><span class='ocrx_word' id='word_1_306' title='bbox 1043 909 1109 931; x_wconf 80' lang='lat' dir='ltr'><strong>son.</strong></span> <span class='ocrx_word' id='word_1_307' title='bbox 1126 901 1225 938; x_wconf 81' lang='lat' dir='ltr'><strong>Kyrie,</strong></span> <span class='ocrx_word' id='word_1_308' title='bbox 1239 901 1362 930; x_wconf 88' lang='lat' dir='ltr'><strong>eleison.</strong></span> <span class='ocrx_word' id='word_1_309' title='bbox 1378 902 1462 930; x_wconf 83' lang='lat' dir='ltr'><strong>Pater</strong></span> <span class='ocrx_word' id='word_1_310' title='bbox 1476 903 1587 930; x_wconf 83' lang='lat' dir='ltr'><strong>noster.</strong></span> 
     </span>
    </p>
   </div>
   <div class='ocr_carea' id='block_1_13' title="bbox 1387 981 1495 1009">
    <p class='ocr_par' dir='ltr' id='par_1_24' title="bbox 1387 981 1495 1009">
     <span class='ocr_line' id='line_1_62' title="bbox 1387 981 1495 1009; baseline 0 0"><span class='ocrx_word' id='word_1_311' title='bbox 1387 981 1495 1009; x_wconf 77' lang='lat' dir='ltr'><strong>Oratio.</strong></span> 
     </span>
    </p>
   </div>
   <div class='ocr_carea' id='block_1_14' title="bbox 1043 1043 1829 1367">
    <p class='ocr_par' dir='ltr' id='par_1_25' title="bbox 1043 1043 1829 1367">
     <span class='ocr_line' id='line_1_63' title="bbox 1081 1043 1827 1081; baseline 0.001 -9"><span class='ocrx_word' id='word_1_312' title='bbox 1081 1043 1204 1072; x_wconf 88' lang='lat' dir='ltr'><strong>Domine</strong></span> <span class='ocrx_word' id='word_1_313' title='bbox 1216 1044 1284 1072; x_wconf 86' lang='lat' dir='ltr'><strong>Jesu</strong></span> <span class='ocrx_word' id='word_1_314' title='bbox 1299 1043 1422 1080; x_wconf 85' lang='lat' dir='ltr'><strong>Christe,</strong></span> <span class='ocrx_word' id='word_1_315' title='bbox 1438 1044 1490 1080; x_wconf 88' lang='lat' dir='ltr'><strong>qui</strong></span> <span class='ocrx_word' id='word_1_316' title='bbox 1504 1044 1580 1073; x_wconf 84' lang='lat' dir='ltr'><strong>hora</strong></span> <span class='ocrx_word' id='word_1_317' title='bbox 1596 1044 1657 1073; x_wconf 90' lang='lat' dir='ltr'><strong>diei</strong></span> <span class='ocrx_word' id='word_1_318' title='bbox 1675 1045 1758 1073; x_wconf 76' lang='lat' dir='ltr'><strong>sexta</strong></span> <span class='ocrx_word' id='word_1_319' title='bbox 1771 1052 1827 1081; x_wconf 88' lang='lat' dir='ltr'><strong>pro</strong></span> 
     </span>
     <span class='ocr_line' id='line_1_64' title="bbox 1043 1091 1827 1128; baseline 0.001 -9"><span class='ocrx_word' id='word_1_320' title='bbox 1043 1091 1139 1120; x_wconf 76' lang='lat' dir='ltr'><strong>salute</strong></span> <span class='ocrx_word' id='word_1_321' title='bbox 1168 1092 1270 1120; x_wconf 77' lang='lat' dir='ltr'><strong>nostra</strong></span> <span class='ocrx_word' id='word_1_322' title='bbox 1297 1099 1404 1120; x_wconf 88' lang='lat' dir='ltr'><strong>manus</strong></span> <span class='ocrx_word' id='word_1_323' title='bbox 1425 1091 1456 1119; x_wconf 86' lang='lat' dir='ltr'><strong>iu</strong></span> <span class='ocrx_word' id='word_1_324' title='bbox 1480 1099 1569 1120; x_wconf 86' lang='lat' dir='ltr'><strong>eruce</strong></span> <span class='ocrx_word' id='word_1_325' title='bbox 1594 1091 1775 1128; x_wconf 83' lang='lat' dir='ltr'><strong>expandisti,</strong></span> <span class='ocrx_word' id='word_1_326' title='bbox 1798 1094 1827 1120; x_wconf 89' lang='lat' dir='ltr'><strong>et</strong></span> 
     </span>
     <span class='ocr_line' id='line_1_65' title="bbox 1045 1139 1828 1176; baseline 0.001 -10"><span class='ocrx_word' id='word_1_327' title='bbox 1045 1139 1178 1176; x_wconf 87' lang='lat' dir='ltr'><strong>quinque</strong></span> <span class='ocrx_word' id='word_1_328' title='bbox 1198 1139 1324 1168; x_wconf 80' lang='lat' dir='ltr'><strong>vulnera</strong></span> <span class='ocrx_word' id='word_1_329' title='bbox 1338 1139 1493 1176; x_wconf 85' lang='lat' dir='ltr'><strong>pertulisti,</strong></span> <span class='ocrx_word' id='word_1_330' title='bbox 1519 1140 1559 1169; x_wconf 82' lang='lat' dir='ltr'><strong>ad</strong></span> <span class='ocrx_word' id='word_1_331' title='bbox 1581 1142 1608 1169; x_wconf 88' lang='lat' dir='ltr'><strong>te</strong></span> <span class='ocrx_word' id='word_1_332' title='bbox 1623 1140 1828 1176; x_wconf 81' lang='lat' dir='ltr'><strong>confugientes</strong></span> 
     </span>
     <span class='ocr_line' id='line_1_66' title="bbox 1044 1186 1828 1224; baseline 0 -10"><span class='ocrx_word' id='word_1_333' title='bbox 1044 1186 1173 1214; x_wconf 84' lang='lat' dir='ltr'><strong>brachiis</strong></span> <span class='ocrx_word' id='word_1_334' title='bbox 1187 1186 1398 1215; x_wconf 85' lang='lat' dir='ltr'><strong>misericordioe</strong></span> <span class='ocrx_word' id='word_1_335' title='bbox 1411 1186 1571 1216; x_wconf 87' lang='lat' dir='ltr'><strong>clementer</strong></span> <span class='ocrx_word' id='word_1_336' title='bbox 1581 1187 1706 1224; x_wconf 85' lang='lat' dir='ltr'><strong>suscipe,</strong></span> <span class='ocrx_word' id='word_1_337' title='bbox 1722 1188 1751 1215; x_wconf 89' lang='lat' dir='ltr'><strong>et</strong></span> <span class='ocrx_word' id='word_1_338' title='bbox 1763 1186 1828 1214; x_wconf 91' lang='lat' dir='ltr'><strong>vul-</strong></span> 
     </span>
     <span class='ocr_line' id='line_1_67' title="bbox 1045 1236 1829 1270; baseline 0 -6"><span class='ocrx_word' id='word_1_339' title='bbox 1045 1244 1115 1264; x_wconf 86' lang='lat' dir='ltr'><strong>nera</strong></span> <span class='ocrx_word' id='word_1_340' title='bbox 1141 1236 1247 1264; x_wconf 87' lang='lat' dir='ltr'><strong>mentis</strong></span> <span class='ocrx_word' id='word_1_341' title='bbox 1269 1238 1375 1264; x_wconf 81' lang='lat' dir='ltr'><strong>nostroe</strong></span> <span class='ocrx_word' id='word_1_342' title='bbox 1395 1239 1446 1265; x_wconf 87' lang='lat' dir='ltr'><strong>tuo</strong></span> <span class='ocrx_word' id='word_1_343' title='bbox 1469 1244 1542 1265; x_wconf 82' lang='lat' dir='ltr'><strong>sana</strong></span> <span class='ocrx_word' id='word_1_344' title='bbox 1563 1236 1770 1270; x_wconf 86' lang='lat' dir='ltr'><strong>medicamine,</strong></span> <span class='ocrx_word' id='word_1_345' title='bbox 1797 1238 1829 1264; x_wconf 89' lang='lat' dir='ltr'><strong>ut</strong></span> 
     </span>
     <span class='ocr_line' id='line_1_68' title="bbox 1044 1282 1829 1320; baseline -0.001 -9"><span class='ocrx_word' id='word_1_346' title='bbox 1044 1283 1162 1320; x_wconf 79' lang='lat' dir='ltr'><strong>purgati</strong></span> <span class='ocrx_word' id='word_1_347' title='bbox 1177 1291 1194 1311; x_wconf 87' lang='lat' dir='ltr'><strong>a</strong></span> <span class='ocrx_word' id='word_1_348' title='bbox 1212 1285 1401 1320; x_wconf 84' lang='lat' dir='ltr'><strong>peccatorum</strong></span> <span class='ocrx_word' id='word_1_349' title='bbox 1428 1283 1578 1319; x_wconf 82' lang='lat' dir='ltr'><strong>sordibus,</strong></span> <span class='ocrx_word' id='word_1_350' title='bbox 1600 1283 1745 1320; x_wconf 86' lang='lat' dir='ltr'><strong>templum</strong></span> <span class='ocrx_word' id='word_1_351' title='bbox 1767 1282 1829 1311; x_wconf 78' lang='lat' dir='ltr'><strong>etli-</strong></span> 
     </span>
     <span class='ocr_line' id='line_1_69' title="bbox 1046 1331 1413 1367; baseline 0 -8"><span class='ocrx_word' id='word_1_352' title='bbox 1046 1331 1160 1359; x_wconf 87' lang='lat' dir='ltr'><strong>ciamur</strong></span> <span class='ocrx_word' id='word_1_353' title='bbox 1175 1331 1297 1367; x_wconf 86' lang='lat' dir='ltr'><strong>Spiritus</strong></span> <span class='ocrx_word' id='word_1_354' title='bbox 1309 1331 1413 1360; x_wconf 88' lang='lat' dir='ltr'><strong>saneti.</strong></span> 
     </span>
    </p>
   </div>
   <div class='ocr_carea' id='block_1_15' title="bbox 1083 1443 1608 1557">
    <p class='ocr_par' dir='ltr' id='par_1_26' title="bbox 1083 1443 1608 1557">
     <span class='ocr_line' id='line_1_70' title="bbox 1341 1443 1534 1471; baseline 0.01 -2"><span class='ocrx_word' id='word_1_355' title='bbox 1341 1443 1386 1469; x_wconf 76' lang='lat' dir='ltr'><strong>AD</strong></span> <span class='ocrx_word' id='word_1_356' title='bbox 1406 1443 1534 1471; x_wconf 76' lang='lat' dir='ltr'>NONAM.</span> 
     </span>
     <span class='ocr_line' id='line_1_71' title="bbox 1083 1520 1608 1557; baseline 0.002 -8"><span class='ocrx_word' id='word_1_357' title='bbox 1083 1523 1166 1556; x_wconf 88' lang='lat' dir='ltr'><strong>Deus,</strong></span> <span class='ocrx_word' id='word_1_358' title='bbox 1183 1521 1213 1548; x_wconf 92' lang='lat' dir='ltr'><strong>in</strong></span> <span class='ocrx_word' id='word_1_359' title='bbox 1228 1520 1412 1556; x_wconf 75' lang='lat' dir='ltr'><strong>adJutorium</strong></span> <span class='ocrx_word' id='word_1_360' title='bbox 1426 1529 1538 1557; x_wconf 83' lang='lat' dir='ltr'><strong>meum,</strong></span> <span class='ocrx_word' id='word_1_361' title='bbox 1555 1524 1608 1550; x_wconf 84' lang='lat' dir='ltr'><strong>etc.</strong></span> 
     </span>
    </p>
   </div>
   <div class='ocr_carea' id='block_1_16' title="bbox 1372 1604 1494 1632">
    <p class='ocr_par' dir='ltr' id='par_1_27' title="bbox 1372 1604 1494 1632">
     <span class='ocr_line' id='line_1_72' title="bbox 1372 1604 1494 1632; baseline 0 -1"><span class='ocrx_word' id='word_1_362' title='bbox 1372 1604 1494 1632; x_wconf 63' lang='lat' dir='ltr'><strong>lli&#39;muus.</strong></span> 
     </span>
    </p>
   </div>
   <div class='ocr_carea' id='block_1_17' title="bbox 1083 1664 1671 2124">
    <p class='ocr_par' dir='ltr' id='par_1_28' title="bbox 1083 1664 1671 2124">
     <span class='ocr_line' id='line_1_73' title="bbox 1207 1664 1523 1693; baseline 0.003 -1"><span class='ocrx_word' id='word_1_363' title='bbox 1207 1666 1292 1692; x_wconf 80' lang='lat' dir='ltr'><strong>Beata</strong></span> <span class='ocrx_word' id='word_1_364' title='bbox 1306 1664 1409 1692; x_wconf 82' lang='lat' dir='ltr'><strong>Christi</strong></span> <span class='ocrx_word' id='word_1_365' title='bbox 1426 1664 1523 1693; x_wconf 79' lang='lat' dir='ltr'><strong>Passio</strong></span> 
     </span>
     <span class='ocr_line' id='line_1_74' title="bbox 1170 1710 1485 1745; baseline 0 -6"><span class='ocrx_word' id='word_1_366' title='bbox 1170 1711 1210 1739; x_wconf 89' lang='lat' dir='ltr'><strong>Sit</strong></span> <span class='ocrx_word' id='word_1_367' title='bbox 1224 1713 1324 1739; x_wconf 78' lang='lat' dir='ltr'><strong>nostra</strong></span> <span class='ocrx_word' id='word_1_368' title='bbox 1338 1710 1485 1745; x_wconf 84' lang='lat' dir='ltr'><strong>liberatio,</strong></span> 
     </span>
     <span class='ocr_line' id='line_1_75' title="bbox 1171 1758 1586 1794; baseline 0.002 -9"><span class='ocrx_word' id='word_1_369' title='bbox 1171 1759 1202 1786; x_wconf 80' lang='lat' dir='ltr'><strong>L&#39;t</strong></span> <span class='ocrx_word' id='word_1_370' title='bbox 1215 1766 1267 1794; x_wconf 81' lang='lat' dir='ltr'><strong>per</strong></span> <span class='ocrx_word' id='word_1_371' title='bbox 1282 1758 1358 1786; x_wconf 84' lang='lat' dir='ltr'><strong>hanc</strong></span> <span class='ocrx_word' id='word_1_372' title='bbox 1374 1758 1460 1786; x_wconf 89' lang='lat' dir='ltr'><strong>nobis</strong></span> <span class='ocrx_word' id='word_1_373' title='bbox 1476 1758 1586 1794; x_wconf 78' lang='lat' dir='ltr'><strong>gaudia</strong></span> 
     </span>
     <span class='ocr_line' id='line_1_76' title="bbox 1171 1805 1497 1833; baseline 0 0"><span class='ocrx_word' id='word_1_374' title='bbox 1171 1807 1273 1833; x_wconf 81' lang='lat' dir='ltr'><strong>Parata</strong></span> <span class='ocrx_word' id='word_1_375' title='bbox 1288 1805 1346 1833; x_wconf 89' lang='lat' dir='ltr'><strong>sint</strong></span> <span class='ocrx_word' id='word_1_376' title='bbox 1360 1806 1497 1833; x_wconf 73' lang='lat' dir='ltr'><strong>coelestia.</strong></span> 
     </span>
     <span class='ocr_line' id='line_1_77' title="bbox 1206 1852 1587 1887; baseline 0.003 -7"><span class='ocrx_word' id='word_1_377' title='bbox 1206 1852 1305 1880; x_wconf 80' lang='lat' dir='ltr'><strong>Gloria</strong></span> <span class='ocrx_word' id='word_1_378' title='bbox 1319 1852 1432 1880; x_wconf 84' lang='lat' dir='ltr'><strong>Christo</strong></span> <span class='ocrx_word' id='word_1_379' title='bbox 1450 1852 1587 1887; x_wconf 87' lang='lat' dir='ltr'><strong>Domino,</strong></span> 
     </span>
     <span class='ocr_line' id='line_1_78' title="bbox 1171 1899 1578 1935; baseline 0.002 -8"><span class='ocrx_word' id='word_1_380' title='bbox 1171 1899 1224 1933; x_wconf 74' lang='lat' dir='ltr'><strong>Qui</strong></span> <span class='ocrx_word' id='word_1_381' title='bbox 1237 1899 1373 1935; x_wconf 84' lang='lat' dir='ltr'><strong>pendens</strong></span> <span class='ocrx_word' id='word_1_382' title='bbox 1388 1900 1417 1927; x_wconf 90' lang='lat' dir='ltr'><strong>in</strong></span> <span class='ocrx_word' id='word_1_383' title='bbox 1432 1899 1578 1935; x_wconf 85' lang='lat' dir='ltr'><strong>patibulo,</strong></span> 
     </span>
     <span class='ocr_line' id='line_1_79' title="bbox 1171 1946 1582 1983; baseline 0 -9"><span class='ocrx_word' id='word_1_384' title='bbox 1171 1947 1308 1974; x_wconf 82' lang='lat' dir='ltr'><strong>Clamans</strong></span> <span class='ocrx_word' id='word_1_385' title='bbox 1323 1947 1420 1975; x_wconf 82' lang='lat' dir='ltr'><strong>emisit</strong></span> <span class='ocrx_word' id='word_1_386' title='bbox 1434 1946 1582 1983; x_wconf 88' lang='lat' dir='ltr'><strong>spiritum,</strong></span> 
     </span>
     <span class='ocr_line' id='line_1_80' title="bbox 1172 1993 1671 2030; baseline 0.002 -9"><span class='ocrx_word' id='word_1_387' title='bbox 1172 1993 1374 2030; x_wconf 81' lang='lat' dir='ltr'><strong>Munduinquc</strong></span> <span class='ocrx_word' id='word_1_388' title='bbox 1384 1994 1503 2022; x_wconf 80' lang='lat' dir='ltr'><strong>salvans</strong></span> <span class='ocrx_word' id='word_1_389' title='bbox 1511 1994 1671 2030; x_wconf 88' lang='lat' dir='ltr'><strong>perditum.</strong></span> 
     </span>
     <span class='ocr_line' id='line_1_81' title="bbox 1207 2041 1414 2075; baseline -0.005 -6"><span class='ocrx_word' id='word_1_390' title='bbox 1207 2042 1291 2075; x_wconf 63' lang='lat' dir='ltr'><strong>Lam,</strong></span> <span class='ocrx_word' id='word_1_391' title='bbox 1308 2041 1414 2069; x_wconf 87' lang='lat' dir='ltr'><strong>honor.</strong></span> 
     </span>
     <span class='ocr_line' id='line_1_82' title="bbox 1083 2089 1398 2124; baseline 0 -8"><span class='ocrx_word' id='word_1_392' title='bbox 1083 2089 1255 2124; x_wconf 72' lang='lat' dir='ltr'><strong>Antiphonti.</strong></span> <span class='ocrx_word' id='word_1_393' title='bbox 1273 2089 1304 2116; x_wconf 87' lang='lat' dir='ltr'><strong>Et</strong></span> <span class='ocrx_word' id='word_1_394' title='bbox 1319 2096 1398 2116; x_wconf 91' lang='lat' dir='ltr'><strong>cum.</strong></span> 
     </span>
    </p>
   </div>
   <div class='ocr_carea' id='block_1_18' title="bbox 1335 2167 1542 2195">
    <p class='ocr_par' dir='ltr' id='par_1_29' title="bbox 1335 2167 1542 2195">
     <span class='ocr_line' id='line_1_83' title="bbox 1335 2167 1542 2195; baseline 0 -1"><span class='ocrx_word' id='word_1_395' title='bbox 1335 2168 1462 2195; x_wconf 72' lang='lat' dir='ltr'>PSALmUS</span> <span class='ocrx_word' id='word_1_396' title='bbox 1482 2167 1542 2195; x_wconf 77' lang='lat'><strong>141.</strong></span> 
     </span>
    </p>
   </div>
   <div class='ocr_carea' id='block_1_19' title="bbox 1048 2227 1831 2689">
    <p class='ocr_par' dir='ltr' id='par_1_30' title="bbox 1048 2227 1831 2310">
     <span class='ocr_line' id='line_1_84' title="bbox 1085 2227 1831 2257; baseline 0.004 -3"><span class='ocrx_word' id='word_1_397' title='bbox 1085 2229 1160 2256; x_wconf 87' lang='lat' dir='ltr'><strong>Voce</strong></span> <span class='ocrx_word' id='word_1_398' title='bbox 1179 2235 1246 2255; x_wconf 88' lang='lat' dir='ltr'><strong>mea</strong></span> <span class='ocrx_word' id='word_1_399' title='bbox 1266 2227 1305 2255; x_wconf 86' lang='lat' dir='ltr'><strong>ad</strong></span> <span class='ocrx_word' id='word_1_400' title='bbox 1327 2228 1485 2255; x_wconf 87' lang='lat' dir='ltr'><strong>Dominum</strong></span> <span class='ocrx_word' id='word_1_401' title='bbox 1507 2227 1655 2256; x_wconf 84' lang='lat' dir='ltr'><strong>clamavi:</strong></span> <span class='ocrx_word' id='word_1_402' title='bbox 1676 2235 1748 2256; x_wconf 86' lang='lat' dir='ltr'><strong>voce</strong></span> <span class='ocrx_word' id='word_1_403' title='bbox 1764 2236 1831 2257; x_wconf 80' lang='lat' dir='ltr'><strong>mea</strong></span> 
     </span>
     <span class='ocr_line' id='line_1_85' title="bbox 1048 2274 1542 2310; baseline -0.002 -7"><span class='ocrx_word' id='word_1_404' title='bbox 1048 2275 1086 2303; x_wconf 88' lang='lat' dir='ltr'><strong>ad</strong></span> <span class='ocrx_word' id='word_1_405' title='bbox 1103 2275 1261 2303; x_wconf 87' lang='lat' dir='ltr'><strong>Dominum</strong></span> <span class='ocrx_word' id='word_1_406' title='bbox 1277 2274 1452 2310; x_wconf 79' lang='lat' dir='ltr'><strong>deprecatus</strong></span> <span class='ocrx_word' id='word_1_407' title='bbox 1467 2283 1542 2302; x_wconf 88' lang='lat' dir='ltr'><strong>sum.</strong></span> 
     </span>
    </p>

    <p class='ocr_par' dir='ltr' id='par_1_31' title="bbox 1049 2322 1827 2406">
     <span class='ocr_line' id='line_1_86' title="bbox 1085 2322 1827 2357; baseline 0.001 -7"><span class='ocrx_word' id='word_1_408' title='bbox 1085 2323 1211 2351; x_wconf 83' lang='lat' dir='ltr'><strong>Ess&#39;undo</strong></span> <span class='ocrx_word' id='word_1_409' title='bbox 1226 2323 1257 2350; x_wconf 92' lang='lat' dir='ltr'><strong>in</strong></span> <span class='ocrx_word' id='word_1_410' title='bbox 1272 2324 1431 2357; x_wconf 73' lang='lat' dir='ltr'><strong>conspectu</strong></span> <span class='ocrx_word' id='word_1_411' title='bbox 1447 2322 1511 2357; x_wconf 84' lang='lat' dir='ltr'><strong>ejus</strong></span> <span class='ocrx_word' id='word_1_412' title='bbox 1525 2322 1690 2351; x_wconf 87' lang='lat' dir='ltr'><strong>orationem</strong></span> <span class='ocrx_word' id='word_1_413' title='bbox 1705 2331 1804 2351; x_wconf 88' lang='lat' dir='ltr'><strong>meam</strong></span> <span class='ocrx_word' id='word_1_414' title='bbox 1821 2333 1827 2350; x_wconf 92' lang='lat'>:</span> 
     </span>
     <span class='ocr_line' id='line_1_87' title="bbox 1049 2370 1826 2406; baseline -0.004 -8"><span class='ocrx_word' id='word_1_415' title='bbox 1049 2371 1076 2398; x_wconf 85' lang='lat' dir='ltr'><strong>et</strong></span> <span class='ocrx_word' id='word_1_416' title='bbox 1092 2370 1313 2398; x_wconf 83' lang='lat' dir='ltr'><strong>tribulationem</strong></span> <span class='ocrx_word' id='word_1_417' title='bbox 1333 2377 1430 2397; x_wconf 83' lang='lat' dir='ltr'><strong>ineam</strong></span> <span class='ocrx_word' id='word_1_418' title='bbox 1455 2371 1522 2397; x_wconf 85' lang='lat' dir='ltr'><strong>ante</strong></span> <span class='ocrx_word' id='word_1_419' title='bbox 1538 2370 1636 2405; x_wconf 89' lang='lat' dir='ltr'><strong>ipsum</strong></span> <span class='ocrx_word' id='word_1_420' title='bbox 1656 2370 1826 2406; x_wconf 83' lang='lat' dir='ltr'><strong>pronuntio.</strong></span> 
     </span>
    </p>

    <p class='ocr_par' dir='ltr' id='par_1_32' title="bbox 1049 2416 1829 2500">
     <span class='ocr_line' id='line_1_88' title="bbox 1084 2416 1829 2453; baseline -0.001 -8"><span class='ocrx_word' id='word_1_421' title='bbox 1084 2419 1114 2445; x_wconf 90' lang='lat' dir='ltr'><strong>lu</strong></span> <span class='ocrx_word' id='word_1_422' title='bbox 1137 2416 1304 2445; x_wconf 78' lang='lat' dir='ltr'><strong>deficiendo</strong></span> <span class='ocrx_word' id='word_1_423' title='bbox 1326 2425 1358 2443; x_wconf 72' lang='lat' dir='ltr'><strong>cx</strong></span> <span class='ocrx_word' id='word_1_424' title='bbox 1383 2425 1429 2444; x_wconf 88' lang='lat' dir='ltr'><strong>mo</strong></span> <span class='ocrx_word' id='word_1_425' title='bbox 1453 2417 1589 2453; x_wconf 75' lang='lat' dir='ltr'><strong>spiritum</strong></span> <span class='ocrx_word' id='word_1_426' title='bbox 1611 2425 1732 2445; x_wconf 86' lang='lat' dir='ltr'><strong>meum:</strong></span> <span class='ocrx_word' id='word_1_427' title='bbox 1752 2419 1779 2445; x_wconf 92' lang='lat' dir='ltr'><strong>et</strong></span> <span class='ocrx_word' id='word_1_428' title='bbox 1798 2418 1829 2444; x_wconf 89' lang='lat' dir='ltr'><strong>tu</strong></span> 
     </span>
     <span class='ocr_line' id='line_1_89' title="bbox 1049 2464 1452 2500; baseline 0 -9"><span class='ocrx_word' id='word_1_429' title='bbox 1049 2465 1212 2500; x_wconf 72' lang='lat' dir='ltr'><strong>cognovisti</strong></span> <span class='ocrx_word' id='word_1_430' title='bbox 1227 2464 1345 2492; x_wconf 76' lang='lat' dir='ltr'><strong>semitas</strong></span> <span class='ocrx_word' id='word_1_431' title='bbox 1361 2472 1452 2492; x_wconf 83' lang='lat' dir='ltr'><strong>meas.</strong></span> 
     </span>
    </p>

    <p class='ocr_par' dir='ltr' id='par_1_33' title="bbox 1049 2511 1829 2595">
     <span class='ocr_line' id='line_1_90' title="bbox 1085 2511 1829 2547; baseline 0.001 -8"><span class='ocrx_word' id='word_1_432' title='bbox 1085 2514 1115 2539; x_wconf 90' lang='lat' dir='ltr'><strong>ln</strong></span> <span class='ocrx_word' id='word_1_433' title='bbox 1134 2512 1182 2540; x_wconf 83' lang='lat' dir='ltr'><strong>via</strong></span> <span class='ocrx_word' id='word_1_434' title='bbox 1202 2512 1268 2546; x_wconf 82' lang='lat' dir='ltr'><strong>hac,</strong></span> <span class='ocrx_word' id='word_1_435' title='bbox 1294 2520 1353 2547; x_wconf 83' lang='lat' dir='ltr'><strong>qua</strong></span> <span class='ocrx_word' id='word_1_436' title='bbox 1373 2511 1568 2540; x_wconf 80' lang='lat' dir='ltr'><strong>ambulabam</strong></span> <span class='ocrx_word' id='word_1_437' title='bbox 1585 2520 1591 2539; x_wconf 91' lang='lat'>:</span> <span class='ocrx_word' id='word_1_438' title='bbox 1608 2511 1829 2540; x_wconf 81' lang='lat' dir='ltr'><strong>absconderunt</strong></span> 
     </span>
     <span class='ocr_line' id='line_1_91' title="bbox 1049 2558 1289 2595; baseline -0.004 -8"><span class='ocrx_word' id='word_1_439' title='bbox 1049 2560 1191 2595; x_wconf 85' lang='lat' dir='ltr'><strong>laqueum</strong></span> <span class='ocrx_word' id='word_1_440' title='bbox 1206 2558 1289 2586; x_wconf 82' lang='lat' dir='ltr'><strong>mihi.</strong></span> 
     </span>
    </p>

    <p class='ocr_par' dir='ltr' id='par_1_34' title="bbox 1049 2604 1829 2689">
     <span class='ocr_line' id='line_1_92' title="bbox 1085 2604 1829 2641; baseline 0 -7"><span class='ocrx_word' id='word_1_441' title='bbox 1085 2606 1319 2634; x_wconf 79' lang='lat' dir='ltr'><strong>considerabam</strong></span> <span class='ocrx_word' id='word_1_442' title='bbox 1339 2606 1377 2633; x_wconf 86' lang='lat' dir='ltr'><strong>ad</strong></span> <span class='ocrx_word' id='word_1_443' title='bbox 1393 2606 1556 2641; x_wconf 82' lang='lat' dir='ltr'><strong>dexteram,</strong></span> <span class='ocrx_word' id='word_1_444' title='bbox 1573 2607 1601 2633; x_wconf 89' lang='lat' dir='ltr'><strong>et</strong></span> <span class='ocrx_word' id='word_1_445' title='bbox 1620 2604 1779 2634; x_wconf 86' lang='lat' dir='ltr'><strong>videbam:</strong></span> <span class='ocrx_word' id='word_1_446' title='bbox 1801 2608 1829 2634; x_wconf 90' lang='lat' dir='ltr'><strong>et</strong></span> 
     </span>
     <span class='ocr_line' id='line_1_93' title="bbox 1049 2653 1531 2689; baseline -0.006 -7"><span class='ocrx_word' id='word_1_447' title='bbox 1049 2662 1111 2682; x_wconf 90' lang='lat' dir='ltr'><strong>non</strong></span> <span class='ocrx_word' id='word_1_448' title='bbox 1127 2655 1188 2682; x_wconf 82' lang='lat' dir='ltr'><strong>erat</strong></span> <span class='ocrx_word' id='word_1_449' title='bbox 1203 2653 1254 2689; x_wconf 89' lang='lat' dir='ltr'><strong>qui</strong></span> <span class='ocrx_word' id='word_1_450' title='bbox 1270 2655 1461 2689; x_wconf 78' lang='lat' dir='ltr'><strong>cognosceret</strong></span> <span class='ocrx_word' id='word_1_451' title='bbox 1475 2661 1531 2680; x_wconf 86' lang='lat' dir='ltr'><strong>me.</strong></span> 
     </span>
    </p>
   </div>
   <div class='ocr_carea' id='block_1_20' title="bbox 1081 2751 1716 2784">
    <p class='ocr_par' dir='ltr' id='par_1_35' title="bbox 1081 2751 1716 2784">
     <span class='ocr_line' id='line_1_94' title="bbox 1081 2751 1716 2784; baseline 0.002 -8"><span class='ocrx_word' id='word_1_452' title='bbox 1081 2754 1116 2784; x_wconf 81' lang='grc' dir='ltr'><strong>(α)</strong></span> <span class='ocrx_word' id='word_1_453' title='bbox 1134 2753 1190 2783; x_wconf 71' lang='lat' dir='ltr'><strong>Ley.</strong></span> <span class='ocrx_word' id='word_1_454' title='bbox 1203 2752 1361 2783; x_wconf 77' lang='lat' dir='ltr'><strong>extinguere.</strong></span> <span class='ocrx_word' id='word_1_455' title='bbox 1381 2766 1400 2769; x_wconf 31' lang='lat' dir='ltr'><em>fl</em></span> <span class='ocrx_word' id='word_1_456' title='bbox 1415 2752 1450 2783; x_wconf 57' lang='lat' dir='ltr'><strong>(la)</strong></span> <span class='ocrx_word' id='word_1_457' title='bbox 1466 2752 1525 2776; x_wconf 68' lang='lat' dir='ltr'><strong>Cat.</strong></span> <span class='ocrx_word' id='word_1_458' title='bbox 1540 2751 1599 2776; x_wconf 67' lang='lat' dir='ltr'><strong>edit.</strong></span> <span class='ocrx_word' id='word_1_459' title='bbox 1616 2752 1716 2778; x_wconf 83' lang='lat' dir='ltr'><strong>Tradet.</strong></span> 
     </span>
    </p>
   </div>
  </div>
 </body>
</html>
