2060 3052
157 437 236 456 Exem-

757 216 807 249 DE
830 216 886 249 SS.
910 212 1141 248 APOSTOLIS.
1167 210 1302 244 SERMO
1326 210 1363 243 X.
1832 211 1871 243 29

247 288 350 324 nescit,
371 287 445 325 quid
465 286 553 315 faciat
573 285 713 314 dominus
737 285 810 321 ejus.
827 295 840 311 n
859 286 892 313 Et
907 284 970 312 hoec
985 284 1028 310 cst

248 335 330 364 bona
354 334 499 369 amicitia,
524 333 595 370 quia
620 333 773 362 bonorum
795 331 959 360 multorum
986 331 1029 358 est

249 390 338 411 causa
356 382 541 418 promotiva,
569 383 596 410 et
623 389 712 409 causa
741 380 830 408 etiam
857 377 1025 415 perfectiva.

249 431 322 458 Nam
336 428 410 457 sicut
424 428 538 457 malum
559 430 683 464 augetur
699 436 733 455 ex
755 427 846 461 malo,
863 426 903 453 sic
925 427 953 453 et
973 424 1028 452 bo-

249 484 323 506 num
338 484 373 504 ex
387 476 479 505 bono.
502 477 617 504 Bonum
632 483 713 511 ergo,
737 475 818 502 hono
835 473 980 506 additum,
998 471 1030 499 fit

249 524 344 560 magis
369 524 504 559 bonum,
534 523 606 550 dum
635 521 784 559 potentius
809 520 908 549 reddit
938 519 1031 547 conti-

249 580 354 600 nuum.
371 572 444 599 Nam
459 572 487 598 et
504 570 622 606 sirupus
637 569 819 606 compositus
840 567 942 603 sirupo
958 566 1029 594 sim-

249 618 319 655 plici
335 619 377 646 est
400 617 567 645 virtuosior.
596 616 755 644 Theriaca¹
780 615 879 649 etiam,
906 622 972 650 quae
995 620 1031 640 ex

251 665 350 694 multis
365 665 468 693 calidis
481 663 679 700 componitur,
696 664 800 691 contra
810 669 959 689 venenum
973 667 1031 696 po—

252 713 358 741 tentior
372 712 528 741 invenitur.
548 712 673 739 Planetae
689 711 777 738 etiam
792 708 942 743 benevoli,
959 707 1033 735 dum

251 760 282 788 in
298 760 400 796 aliquo
421 767 481 787 uno
507 759 592 794 signo
614 757 809 791 conveniunt,
833 755 969 784 fortiores
995 754 1034 782 ad

253 807 403 843 agendum
425 806 510 840 fiunt,
536 806 610 833 dum
633 804 726 833 virtus
749 804 837 831 unius
861 802 1035 830 fortificatur

254 862 290 882 ex
305 854 410 882 virtute
426 853 555 881 alterius.
572 852 666 881 Stellae
677 851 765 880 etiam
780 850 836 878 sibi
851 849 955 878 vicinae
968 850 1036 876 sunt

255 901 383 937 amplius
404 900 578 937 splendidae,
595 907 687 936 quam
708 899 732 926 si
754 899 850 926 essent
872 897 903 925 ia
923 905 954 924 se
977 896 1035 923 sin-

256 948 342 984 guloe,
359 956 394 976 eo
410 947 493 984 quod
513 947 614 975 lumen
636 946 723 974 unius
749 945 903 981 suppletur
927 952 963 972 ex
988 943 1035 971 lu-

258 995 338 1023 mine
353 995 481 1023 alterius.
498 994 543 1022 Sic
558 996 586 1022 et
599 993 672 1021 boni
687 993 753 1026 viri,
771 992 843 1019 dum
860 991 916 1019 sibi
932 992 1036 1018 mutuo

257 1042 385 1071 amicitia
400 1041 548 1078 conjuncti
559 1040 642 1075 fiunt,
654 1039 793 1068 meliores
803 1038 928 1074 singulis
939 1039 1035 1072 erunt,

257 1090 330 1118 dum
345 1089 401 1117 sibi
415 1097 483 1117 suas
503 1087 724 1116 communicant
745 1086 908 1120 bonitates,
932 1087 1036 1112 mutuo

255 1145 286 1165 se
303 1136 456 1170 docendo,
478 1144 508 1163 se
531 1135 675 1171 exemplis
698 1134 808 1162 mutuis
830 1132 1037 1168 suffragiisque

256 1184 440 1220 adjuvando.
463 1183 545 1210 Unde
568 1182 674 1210 dicitur
689 1183 699 1198 ²
718 1191 724 1209 :
744 1190 757 1206 «
773 1181 873 1209 Melius
898 1182 940 1207 est
962 1179 1038 1206 duos

256 1239 318 1259 esse
333 1230 433 1264 simul,
450 1238 541 1266 quam
557 1237 662 1263 unum,
679 1239 692 1255 ι)
713 1228 785 1264 quia
801 1228 811 1244 ³
825 1238 838 1253 α
861 1228 883 1254 si
899 1235 976 1254 unus
992 1234 1039 1253 ce-

257 1278 370 1312 eiderit,
387 1277 425 1305 ab
442 1276 500 1305 alio
514 1276 659 1304 fulcietur.
674 1286 687 1301 n
706 1277 737 1303 Et
752 1275 873 1303 additur
887 1273 1001 1301 ibidem
1011 1274 1036 1300 ¹':

261 1335 274 1351 «
295 1324 453 1353 Funiculus
475 1324 582 1360 triplex
604 1323 724 1351 difficile
753 1322 901 1358 rumpitur
928 1331 933 1349 :
959 1332 972 1346 »
1003 1328 1039 1348 eo

258 1371 340 1408 quod
354 1371 441 1399 trium
455 1371 584 1399 amicitia
598 1370 634 1398 sit
650 1370 820 1397 firmissima
830 1391 838 1404 ,
856 1369 928 1396 dum
952 1368 1040 1396 etiam

257 1419 387 1456 perfecto
411 1426 538 1446 numero
560 1418 596 1445 sit
621 1418 788 1452 conjuncta.
818 1418 849 1443 Et
873 1415 980 1443 dicitnr
1000 1415 1009 1431 ⁵

263 1465 392 1494 «Amico
414 1465 496 1492 fideli
519 1465 603 1492 nulla
623 1465 665 1492 est
689 1463 884 1499 comparatio,
900 1470 955 1489 nec
978 1461 1042 1489 auri

260 1513 352 1549 digna
375 1512 562 1549 ponderatio,
587 1519 641 1539 nec
671 1511 801 1546 argenti,
824 1520 837 1536 »
856 1518 921 1546 quae
950 1508 1043 1544 possit

258 1560 392 1588 resistere
407 1561 510 1587 contra
525 1558 688 1586 bonitatem
707 1557 778 1585 fidei
798 1557 887 1584 illius.
905 1557 915 1573 ⁶
934 1566 947 1582 «
963 1555 1041 1583 Ami-

261 1615 312 1634 cus
327 1606 350 1633 si
365 1605 561 1642 permanserit
575 1605 668 1638 fixrm,
683 1605 736 1632 erit
751 1603 803 1631 tibi
820 1603 995 1639 eoaequalis,
1017 1604 1044 1630 et

260 1654 291 1681 iu
313 1652 483 1681 domesticis
505 1652 560 1680 tuis
582 1651 759 1679 fiducialiter
784 1652 859 1686 aget.
884 1661 896 1676 n
920 1651 982 1677 Haec
1003 1651 1045 1676 est

261 1701 389 1729 amicitia
405 1699 497 1728 David
512 1702 539 1727 et
552 1699 701 1732 Jonathae,
721 1699 758 1726 de
776 1698 885 1734 quibus
903 1697 1008 1724 dicitur
1022 1697 1043 1729 7,

263 1748 347 1784 quod
362 1747 501 1775 Jonathas
523 1756 537 1772 (ι
561 1746 705 1780 diligebat
728 1753 795 1772 eum
819 1744 893 1772 sicut
913 1744 1044 1771 animam

263 1804 359 1830 suam,
375 1805 387 1819 n
407 1797 434 1822 et
453 1794 479 1821 ei
495 1793 617 1821 tradidit
631 1793 732 1820 omnia
749 1800 802 1819 sua
817 1791 1000 1823 vestimenta,
1018 1793 1045 1818 et

262 1850 355 1870 arma.
372 1843 444 1876 Lege
457 1842 549 1868 totam
560 1840 723 1867 historiam.
737 1839 793 1867 Sed
809 1838 860 1875 qui
875 1840 943 1865 sunt
955 1837 1044 1865 hodie

264 1889 334 1916 tales
354 1888 459 1916 amici?
478 1889 541 1915 Non
559 1889 625 1914 sunt
641 1886 739 1921 amici,
764 1886 815 1913 sed
832 1886 904 1913 socii
925 1893 1044 1918 mensae,

264 1936 316 1972 qui
331 1937 397 1962 sunt
412 1934 499 1962 amici
514 1933 638 1961 fortunae
657 1933 767 1969 potins,
791 1941 882 1968 quam
898 1940 1043 1968 personae.

264 1984 297 2010 Et
310 1982 379 2009 ideo
400 1981 553 2008 deficiente
569 1980 703 2013 fortuna,
726 1982 753 2007 et
774 1979 923 2015 prosperis
944 1979 974 2005 in
991 1978 1044 2006 ad-

264 2038 349 2058 versa
363 2028 492 2063 mutatis,
504 2030 597 2056 cessat
608 2027 746 2061 amicitia,
759 2027 782 2054 si
795 2030 892 2054 tamen
906 2026 1046 2060 amicitia,

266 2080 294 2105 et
317 2085 377 2105 non
405 2075 606 2104 fraudulentia
629 2075 727 2111 potius
754 2076 796 2102 cst
819 2073 956 2101 dicenda.
982 2074 1047 2101 Ces-

267 2126 348 2152 sante
364 2124 443 2151 enim
458 2130 558 2156 causa,
583 2123 676 2149 cessat
691 2121 819 2148 eftectus.
839 2122 871 2148 Et
887 2120 957 2148 ideo
979 2122 1047 2147 Boe-

267 2172 322 2198 tius
336 2170 405 2198 dicit
419 2169 428 2185 ⁸
444 2179 449 2197 :
470 2181 483 2194 «
502 2168 659 2203 Quomodo
675 2168 794 2196 fortuna
814 2167 883 2195 facit
905 2167 1046 2201 amicum,

268 2218 307 2245 ita
320 2217 514 2245 infortunium
524 2216 592 2243 facit
604 2215 767 2243 inimicum.
791 2216 847 2240 »θα
862 2214 947 2242 Omni
969 2214 1048 2241 enim

269 2267 402 2300 tempore
418 2263 523 2298 diligit,
539 2263 588 2299 qui
614 2262 727 2290 amicus
748 2264 804 2296 est,
829 2264 857 2289 et
879 2269 996 2296 semper
1018 2261 1047 2287 in

269 2311 495 2339 adversitatibus
521 2310 742 2346 comprobatur.
772 2319 786 2335 »
813 2308 884 2335 Hinc
910 2307 1016 2335 dicitur
1041 2316 1047 2334 :

270 2360 332 2386 Non
348 2365 419 2392 ergo
441 2356 545 2384 eredas
565 2365 700 2392 unquam
724 2356 854 2383 amicum
874 2354 926 2382 tibi
949 2354 1049 2387 fuisse,

271 2414 361 2442 quem
371 2404 455 2432 vides
466 2403 518 2431 tibi
532 2403 562 2430 in
577 2403 803 2430 adversitatibus
817 2402 968 2429 defecisse.
981 2402 1051 2428 Sunt

273 2453 351 2480 enim
374 2451 469 2485 multi,
486 2450 605 2478 cuidam
629 2450 765 2484 animali,
786 2449 869 2485 quod
890 2448 1004 2484 Mygale
1030 2450 1051 2465 ¹⁰

305 2515 311 2530 ¹
327 2513 449 2537 Theriaca
468 2514 506 2536 est
521 2512 736 2535 medicamentum
751 2510 912 2534 notissimum
933 2517 963 2533 ex
983 2510 1051 2540 vipe-

274 2557 360 2574 rarum
381 2549 500 2573 carnibus
520 2549 640 2572 constans
660 2549 749 2570 contra
766 2553 903 2570 venenum.
927 2546 960 2569 Ex
978 2545 1052 2575 l’lin,

275 2586 319 2610 lib.
335 2585 393 2614 XX,
410 2592 431 2609 c.
451 2590 523 2614 xxiv,
539 2586 564 2607 et
580 2584 623 2606 lib.
641 2583 736 2612 XXIX,
752 2590 774 2606 c.
791 2588 826 2606 iv.
842 2596 869 2599 —
885 2582 893 2595 ²
908 2581 1000 2611 Eccle„
1019 2587 1053 2610 iv,

276 2624 300 2645 9.
317 2635 346 2639 —
362 2621 369 2635 ³
387 2620 460 2650 thid„
477 2622 513 2643 10.
530 2620 581 2636 -12
600 2618 773 2647 tbid.‚12.-
789 2619 797 2634 ⁵
816 2617 901 2647 aceli„
918 2623 953 2645 v1,
972 2618 1007 2640 153.
1023 2629 1054 2634 --

277 2658 286 2672 ἢ
304 2657 376 2683 thid„
400 2659 435 2679 tl.
458 2670 488 2673 -
512 2655 519 2670 ³
545 2656 550 2678 Ι
576 2655 643 2685 Ιίεςχ.δ
664 2660 739 2681 xviii,
759 2657 781 2683 ti,
804 2655 826 2676 4.
847 2666 876 2670 —
896 2656 904 2666 θ
926 2654 1006 2682 licet,
1026 2652 1056 2675 cle

279 2692 379 2716 Consul.
404 2691 508 2717 Plulos..
531 2690 573 2714 lib.
597 2692 625 2713 tlt
637 2708 644 2719 ‚
660 2698 728 2720 ptum
748 2691 771 2718 ij,
788 2689 812 2712 ἰιι
828 2690 886 2712 line.
904 2702 933 2705 —
948 2690 956 2698 ”
972 2689 1054 2717 Ριόυ.,

1084 280 1202 315 dicitur,
1219 279 1338 314 similes,
1351 279 1435 315 quod
1450 278 1564 307 tamdiu
1578 278 1690 307 blande
1699 278 1871 307 hominibus

1083 336 1113 356 se
1129 327 1267 362 ostendit,
1289 334 1447 363 quousque
1473 325 1657 354 confidentes
1680 326 1736 354 sibi
1761 334 1871 363 appro-

1082 375 1246 410 pinquantj.
1263 376 1290 402 et
1302 375 1371 401 tunc
1386 373 1416 401 in
1433 381 1483 401 eos
1501 373 1591 400 insilit
1607 375 1635 401 et
1650 380 1803 401 venenum
1817 374 1872 400 im-

1085 421 1182 449 mittit.
1200 421 1245 449 Sic
1260 421 1339 449 enim
1355 420 1462 448 dicitur
1478 421 1497 438 ¹¹
1516 429 1522 448 z
1543 430 1555 445 α
1571 419 1740 448 ὃίῐηυίῑιίοι·Δ
1751 428 1801 448 ore
1822 419 1872 447 de-

1085 468 1155 504 cipit
1165 469 1294 496 amieum
1304 476 1402 496 suum.
1415 478 1427 493 n
1440 469 1512 495 Nam
1526 475 1592 495 cum
1605 466 1769 501 blanditur,
1787 468 1820 494 ut
1833 467 1872 495 ad

1086 517 1202 551 tempus
1226 515 1351 551 placeat,
1375 516 1403 542 et
1427 515 1464 542 ab
1488 522 1522 542 eo
1548 513 1664 550 aliquid
1688 513 1794 550 rapiat,
1811 521 1872 541 non

1085 562 1200 598 ipsum,
1224 561 1276 589 sed
1291 561 1372 590 dona
1387 570 1440 590 sua
1455 563 1550 596 amat,
1565 561 1640 589 sicut
1655 560 1795 589 meretrix
1811 568 1872 588 non

1088 611 1168 637 amat
1185 609 1292 643 virum,
1314 609 1366 636 sed
1382 617 1550 637 nummum.
1567 608 1648 636 Unde
1667 609 1804 636 narratur
1822 616 1874 644 pa-

1086 656 1219 684 rabolice
1231 656 1263 690 ¹2,
1279 655 1362 692 quod
1379 656 1471 683 semel
1485 656 1600 692 vulpes,
1610 664 1676 692 quae
1686 655 1873 684 adulantium

1088 712 1203 732 morem
1220 703 1304 738 gerit,
1320 703 1359 731 ad
1377 711 1500 731 corvum
1515 711 1584 730 cum
1599 711 1685 731 caseo
1703 704 1820 731 recente
1842 702 1872 730 in

1090 759 1141 779 ore
1154 758 1244 786 super
1264 750 1404 778 arborem
1423 751 1560 785 stantem,
1576 750 1749 785 famescens,
1767 758 1801 778 ac
1824 757 1874 778 ca-

1089 805 1173 825 seum
1188 796 1320 833 cupiens,
1337 796 1378 824 ait
1394 805 1400 824 :
1418 798 1440 825 O
1456 796 1557 824 avium
1570 796 1783 832 pulcherrima,
1800 805 1871 825 can-

1089 846 1181 880 tuque
1197 843 1383 878 suavissima,
1396 851 1566 879 sonoraque
1579 851 1665 878 voce,
1678 851 1769 880 supra
1781 851 1873 880 quam

1091 891 1148 919 diei
1162 892 1269 927 potest,
1296 893 1405 927 exopto
1420 892 1448 918 te
1464 890 1567 918 audire
1592 892 1769 918 cantantem.
1795 893 1874 918 Tunc

1090 947 1206 972 corvus,
1227 938 1398 966 adulatione
1423 938 1574 973 deceptus,
1593 937 1690 965 stricto
1717 940 1812 966 rostro
1837 946 1874 965 ne

1090 994 1211 1014 caseum
1225 985 1374 1021 perderet,
1390 984 1488 1020 coepit,
1501 987 1532 1012 ut
1545 986 1674 1021 poterat,
1690 993 1776 1012 voces
1792 984 1874 1012 dare.

1090 1036 1169 1062 Tunc
1185 1033 1237 1061 illa
1254 1044 1260 1060 :
1278 1033 1348 1061 Miro
1364 1033 1457 1060 modo
1477 1041 1524 1060 me
1539 1032 1646 1060 reficis.
1663 1032 1720 1061 Sed
1742 1031 1815 1067 quid
1830 1031 1874 1059 fa-

1092 1089 1181 1115 ceres,
1198 1081 1220 1108 si
1236 1088 1305 1108 vere
1321 1081 1476 1108 cantares?
1492 1081 1575 1114 Rogo
1588 1080 1625 1113 te,
1641 1086 1677 1106 ne
1693 1088 1740 1106 mc
1756 1078 1876 1106 fraudes

1092 1130 1173 1155 tanto
1187 1127 1348 1155 desiderio.
1365 1129 1444 1154 Tunc
1461 1126 1511 1154 ille
1532 1134 1636 1154 verum
1659 1134 1721 1154 esse
1741 1126 1874 1159 credens,

1093 1174 1176 1210 quod
1203 1174 1340 1209 dicebat,
1368 1174 1441 1201 dum
1476 1175 1605 1201 rostrum
1628 1173 1667 1200 ad
1694 1172 1876 1200 cantandum

1093 1221 1219 1257 aperuit,
1233 1229 1335 1249 caseus
1352 1220 1472 1254 cecidit,
1489 1228 1579 1256 quem
1601 1219 1704 1255 vulpes
1719 1220 1833 1255 rapuit,
1850 1222 1877 1248 et

1094 1268 1233 1296 comedit.
1251 1269 1272 1297 Ο
1293 1270 1367 1304 quot
1382 1269 1449 1295 sunt
1463 1267 1562 1299 hodie,
1581 1266 1632 1303 qui
1654 1266 1735 1294 falsis
1759 1266 1878 1295 blandi-

1093 1315 1139 1343 tiis
1155 1323 1172 1343 a
1183 1315 1402 1351 joculatoribus
1421 1314 1600 1350 spoliantur!
1625 1314 1739 1341 Utinam
1754 1322 1877 1349 respon-

1095 1362 1198 1390 derent
1212 1362 1280 1397 illis,
1296 1362 1370 1389 sicut
1381 1361 1539 1397 joculatori
1550 1360 1671 1388 cuidam
1683 1360 1879 1396 philosophus

1095 1409 1268 1445 respondit:
1287 1408 1447 1444 Numquid,
1465 1408 1515 1442 ait,
1529 1417 1577 1435 me
1593 1407 1722 1435 vendere
1738 1408 1804 1435 vis?
1815 1407 1879 1435 Scio

1096 1456 1169 1492 quid
1186 1464 1263 1490 sum,
1280 1455 1354 1491 quid
1370 1463 1503 1492 possum,
1520 1455 1560 1482 ad
1581 1454 1655 1490 quid
1676 1457 1771 1482 natus.
1793 1455 1880 1482 Num-

1097 1503 1171 1539 quid
1195 1503 1286 1530 verba
1310 1505 1359 1530 tua
1382 1511 1428 1530 me
1456 1504 1580 1538 possunt
1603 1501 1699 1529 facere
1724 1501 1881 1529 meliorem

1101 1558 1192 1586 quam
1207 1551 1293 1577 sum?

1133 1597 1228 1624 Tertio
1251 1596 1380 1624 amicitia
1400 1598 1442 1623 est
1459 1596 1610 1623 bonorum
1634 1604 1702 1623 eum
1726 1595 1831 1630 malis,
1855 1598 1883 1623 et

1099 1644 1248 1672 malorum
1268 1652 1336 1671 eum
1357 1643 1459 1676 bonis,
1485 1644 1513 1670 et
1535 1643 1591 1670 hac
1619 1642 1781 1678 aliquando
1811 1642 1883 1670 mali

1099 1692 1250 1720 bonorum
1280 1693 1491 1719 convertuntur
1519 1691 1676 1727 exemplo3
1701 1692 1728 1718 et
1747 1690 1883 1726 aliquan-

1100 1739 1139 1766 do
1156 1739 1228 1766 boni
1251 1739 1432 1766 seducuntur
1454 1747 1472 1766 a
1496 1738 1592 1765 malis.
1620 1739 1779 1773 Utrumque
1805 1738 1883 1765 enim

1100 1786 1235 1814 accidere
1264 1794 1342 1822 saepe
1372 1785 1509 1813 videmus
1544 1795 1550 1812 :
1587 1793 1657 1812 nam
1695 1785 1779 1820 quod
1811 1785 1884 1812 honi

1100 1842 1176 1869 saepc
1213 1835 1404 1866 convertant,
1435 1835 1462 1859 et
1491 1832 1529 1859 ad
1564 1840 1593 1859 se
1624 1832 1739 1859 trahant
1767 1832 1883 1865 malos,

1100 1879 1329 1908 innumerabilia
1368 1882 1435 1906 sunt
1470 1878 1606 1914 exempla
1643 1878 1855 1914 Apostolorum
1876 1900 1884 1912 ‚

1101 1927 1288 1962 aliorumque
1315 1927 1503 1959 sanctorum,
1536 1925 1585 1960 qui
1608 1927 1816 1953 converterunt
1846 1926 1884 1953 ad

1100 1974 1192 2002 fidem
1211 1973 1433 2000 multitudinem
1449 1980 1653 2008 paganorum;
1671 1980 1726 1999 nee
1741 1980 1800 2000 non
1814 1980 1886 2008 quo-

1102 2021 1172 2049 tidie
1184 2020 1320 2048 videmus
1340 2020 1435 2047 malos
1453 2019 1584 2046 converti
1605 2019 1749 2055 exemplis
1770 2022 1797 2046 ct
1821 2028 1886 2046 ver-

1102 2069 1148 2096 b‘s
1174 2068 1334 2095 bonorum.
1374 2066 1454 2093 Unde
1485 2065 1591 2093 Paulus
1621 2066 1779 2101 Apostolus
1808 2066 1887 2094 dice-

1103 2116 1154 2143 bat
1173 2116 1194 2132 ¹³
1213 2125 1219 2142 ε
1244 2124 1257 2140 (ι
1280 2114 1424 2142 Omnibus
1447 2113 1549 2140 omnia
1571 2113 1661 2140 factus
1682 2121 1764 2147 sum,
1781 2115 1811 2141 ut
1827 2122 1888 2140 om-

1103 2171 1154 2190 nes
1178 2161 1371 2189 lucrifaciam.
1399 2171 1411 2185 »
1440 2159 1584 2187 Omnibus
1608 2167 1638 2186 se
1668 2159 1887 2194 conformabat,

1105 2212 1135 2237 ut
1158 2217 1262 2236 omnes
1286 2210 1385 2244 posset
1409 2207 1553 2242 exemplis
1578 2208 1606 2233 et
1632 2206 1773 2234 doctrinis
1798 2207 1836 2234 ad
1858 2216 1887 2234 se

1104 2257 1229 2284 trahere.
1247 2255 1328 2282 Unde
1343 2257 1370 2282 et
1384 2255 1518 2282 Salvator
1534 2256 1642 2289 noster,
1655 2255 1686 2281 ut
1699 2254 1806 2282 ludam
1817 2262 1888 2290 pro-

1107 2304 1231 2331 ditorem
1261 2302 1301 2330 ad
1329 2301 1469 2337 pietatem
1498 2303 1647 2335 moveret,
1674 2303 1700 2328 et
1730 2301 1889 2329 dulcedine

1105 2351 1189 2378 verbi
1219 2349 1363 2377 malitiam
1391 2348 1454 2383 ejus
1483 2347 1631 2382 frangeret
1657 2348 1891 2383 (consueverunt

1107 2397 1186 2425 enim
1201 2397 1293 2424 verba
1304 2395 1403 2423 dulcia
1418 2394 1578 2429 iufringere
1592 2394 1683 2421 corda
1699 2394 1799 2429 mala),
1819 2395 1891 2422 dixit

1108 2446 1134 2473 ei
1149 2446 1170 2463 ¹*
1188 2454 1194 2473 :
1213 2455 1226 2470 «
1241 2444 1350 2478 Amice,
1367 2442 1405 2470 ad
1421 2441 1494 2478 quid
1511 2440 1638 2468 venisti?
1659 2451 1672 2466 ›>
1691 2441 1775 2477 quasi
1790 2442 1869 2470 dicat
1883 2452 1889 2470 2

1109 2549 1173 2573 xvxi,
1192 2544 1227 2566 17.
1245 2555 1274 2559 —
1293 2543 1313 2557 ¹⁰
1330 2549 1341 2563 α
1358 2539 1456 2571 §lp-gale
1473 2539 1511 2561 est
1527 2544 1583 2561 mus
1600 2544 1717 2568 ereneus,
1732 2539 1825 2562 animal
1840 2546 1892 2563 me-

1110 2580 1177 2603 diam
1202 2579 1268 2602 inter
1289 2583 1388 2600 murem
1414 2577 1438 2598 ct
1462 2573 1597 2597 mustelam
1623 2574 1735 2604 speciem
1757 2574 1862 2598 habens.
1879 2584 1891 2597 »

1112 2616 1186 2645 Plin.,
1204 2614 1247 2638 lib.
1264 2614 1331 2642 Viti,
1346 2619 1367 2635 e.
1386 2616 1449 2639 Lvu,
1465 2611 1490 2633 et
1505 2609 1549 2633 lib.
1568 2610 1609 2639 tx,
1623 2617 1644 2633 c.
1661 2616 1714 2633 xix.
1730 2625 1756 2627 —
1776 2612 1793 2626 ¹¹
1811 2611 1892 2639 Prov„

1111 2657 1154 2681 xi,
1171 2652 1193 2675 9.
1211 2663 1239 2666 —
1262 2650 1280 2665 Ν
1298 2650 1397 2678 .Ὲ5ωμ.,
1417 2646 1459 2670 ἰὼ,
1478 2646 1513 2675 ll,
1528 2645 1590 2669 Feb.
1607 2652 1644 2669 x1.
1661 2659 1691 2663 —
1711 2647 1729 2662 ¹³
1745 2648 1750 2670 Ι
1769 2647 1892 2677 C01·.‚1x,

1118 2688 1154 2711 19,
1171 2700 1200 2704 -
1222 2687 1237 2701 m
1255 2684 1357 2714 Matala„
1373 2688 1444 2712 xxti,
1459 2683 1497 2705 50.
