1955 3021
1747 160 1804 184 xm

183 212 294 253 bergae
308 212 340 243 et
357 211 566 252 Argentorati
588 211 610 242 ¹.
634 210 700 243 Hos
714 213 822 243 tamen
837 219 949 244 omnes
964 211 1173 244 vehementer
1196 221 1314 255 errare,
1336 224 1372 248 ae
1387 225 1424 249 ea
1443 217 1551 249 testari
1575 226 1650 259 quae
1669 219 1804 251 minime

182 271 344 310 viderunt,
360 271 484 302 certum
499 271 556 309 est,
572 273 601 302 1.
619 269 695 311 quia
709 273 720 290 ²
735 269 902 311 exemplar
916 279 1020 303 unum
1038 272 1187 304 editionis
1198 272 1400 313 Augustanae
1416 285 1469 308 an.
1484 279 1574 316 1476,
1590 277 1692 310 in-fol.
1709 287 1800 320 parv.

181 329 272 370 goth.
299 328 456 368 charact„
484 327 611 360 labente
632 328 750 361 saeculo
772 338 870 368 xvnI,
902 329 1009 362 adhue
1033 331 1223 363 servabatur
1244 331 1279 364 in
1302 332 1451 366 Biblioth.
1479 335 1697 368 Novacellensi
1718 338 1802 378 apud

185 387 350 420 Brixinam
373 387 448 420 Can.
465 387 547 428 Reg.
564 387 711 420 Lateran.
729 387 761 420 S.
778 388 878 429 Aug„
895 397 970 420 cum
984 389 1046 420 hoc
1066 389 1156 421 titulo
1172 401 1178 421 :
1196 391 1369 431 Speculum
1393 393 1492 427 bealae
1517 395 1630 427 Μανία.)
1657 396 1802 437 Virginis

179 447 386 488 compilatum
408 447 447 479 ab
469 447 586 480 humili
606 448 720 480 Fratre
748 449 974 480 Bonaventura
985 457 998 488 ;
1021 450 1051 479 et
1071 448 1106 479 in
1125 449 1189 480 fine
1206 449 1280 481 libri
1300 451 1490 491 legebatur:
1513 465 1528 484 (1
1544 454 1744 486 Devotissimi
1766 465 1802 487 ac

179 505 434 546 praestantissimi
449 505 591 537 Doctoris
607 506 645 538 fr.
663 506 899 539 Bonaventurae
917 505 1084 538 Tractatus
1099 515 1196 548 super
1215 509 1374 547 gaudiosa
1395 512 1572 544 ambasiata
1592 523 1649 554 per
1662 515 1798 546 archan-

180 564 292 604 gelum
307 563 487 596 Gabrielem
500 563 540 596 ad
550 564 862 604 excellentissimam,
876 566 971 606 atque
984 565 1250 606 gloriosissimam
1268 567 1437 609 Virginem
1447 571 1583 603 Mariam
1597 574 1797 614 annuntiata,

180 623 348 665 Speculum
363 623 480 655 Μανῑοε2
494 622 664 662 vocitatuS,
681 623 810 664 explicit
831 624 974 656 feliciter.
990 623 1062 656 Non
1083 625 1213 665 quidem
1237 630 1494 670 cyrographatus
1516 632 1569 673 (α),
1586 632 1640 664 sed
1662 642 1719 674 per
1737 634 1799 666 fide

177 681 314 722 dignum
338 681 447 714 virum
470 681 673 713 Anthonium
694 681 780 723 Sorg
802 683 967 715 concivem
1000 682 1261 725 Augustensem,
1291 697 1389 728 quam
1413 689 1586 730 diligenter
1610 692 1797 733 impressus.

176 739 271 771 Anno
285 740 457 771 salutiferae
473 739 631 772 Incarnat.
649 740 764 772 Christi
782 740 1043 780 MCCCCLXXVI,
1059 742 1160 782 pridie
1180 743 1325 777 kalendis
1339 747 1476 780 Marciis.
1493 759 1508 778 »
1528 749 1701 791 Exemplar
1719 752 1798 784 illud

178 801 217 831 ad
232 799 286 832 Fr.
302 799 510 831 Benedictum
529 808 548 830 a
563 798 736 839 Cavalesio⁷
760 809 818 841 per
839 800 878 832 A.
905 800 939 832 R.
962 800 999 831 D.
1017 800 1203 842 Philippum
1227 803 1361 836 Nerium
1384 805 1544 839 Puellium
1562 808 1681 841 ibidem
1696 811 1797 843 Cano-

175 859 296 899 nicum,
313 860 349 891 ut
364 868 438 890 cum
454 858 546 889 editis
562 859 632 890 aliis
648 859 815 898 conferret,
837 869 897 891 suo
918 862 1063 901 tempore
1087 862 1314 894 transmissum
1336 867 1393 896 est.
1411 865 1510 899 Porro
1525 868 1610 899 tituli
1632 869 1678 900 illi
1701 869 1797 903 devo-

176 918 299 951 tissimi
313 926 350 951 ac
365 918 634 959 proestamlssz'mz'
649 919 796 951 Doctorz‘s
811 927 849 950 ea
864 919 933 960 ipsa
953 921 1141 960 tempestate
1161 921 1259 952 tribui
1282 927 1517 957 consueverunt
1541 936 1607 959 non
1626 927 1794 961 Bonaven-

175 978 258 1009 turae
282 978 321 1009 de
345 978 488 1019 Peraga,
515 979 569 1010 sed
599 977 836 1010 Bonaventurae
865 978 904 1009 de
933 977 1156 1019 Balneoregio.
1189 979 1250 1011 Per
1267 980 1312 1021 ⁴ly
1347 983 1445 1014 etiam
1480 984 1518 1016 ab
1545 985 1665 1019 humili
1685 988 1796 1020 Fratre

174 1037 401 1070 Bonaventura
416 1038 492 1070 satis
506 1038 665 1069 indicatur
679 1037 777 1068 fuisse
791 1036 925 1067 humilis
939 1036 1076 1068 instituti
1091 1037 1275 1068 minoritici.

214 1098 244 1127 2.
272 1095 308 1127 111
331 1097 432 1128 veteri
455 1106 515 1128 ms.
543 1096 690 1136 catalogo
710 1095 869 1126 librorum
892 1095 1040 1136 Episcopi
1064 1098 1094 1127 et
1114 1096 1287 1127 Cardinalis
1309 1096 1485 1130 Tridentini
1506 1099 1660 1133 Bernardi
1682 1102 1769 1134 Clesii
1784 1128 1792 1143 ‚

173 1156 233 1188 sub
247 1166 281 1188 n.
296 1159 347 1196 96,
367 1157 653 1197 Theologicorum⁷
671 1156 808 1187 refertur
822 1163 879 1186 ceu
903 1155 986 1195 typis
1003 1164 1157 1186 excusum
1182 1155 1348 1195 Speculum
1371 1157 1411 1188 B.
1435 1158 1479 1189 M.
1503 1158 1540 1190 V.
1557 1161 1666 1193 sancti
1689 1161 1794 1194 Bonu-

173 1217 324 1248 venturae.

212 1276 241 1305 3.
255 1276 265 1293 ³
282 1274 319 1305 In
334 1274 525 1314 Pollingana
541 1274 637 1306 etiam
653 1273 794 1305 Canonia
809 1272 999 1305 servabatur
1014 1272 1190 1313 exemplar,
1209 1274 1260 1305 eui
1274 1274 1387 1305 titulus
1404 1285 1412 1306 :
1429 1276 1602 1316 Speculum
1616 1279 1652 1310 B.
1669 1279 1706 1311 V.
1725 1280 1793 1313 Mu-

170 1334 230 1366 rz'oe
242 1333 451 1374 compilatum
466 1333 504 1365 ab
516 1333 636 1365 humili
651 1332 763 1364 Fratre
778 1333 1019 1370 Beneventum,
1041 1332 1201 1372 Augustae
1223 1341 1280 1372 per
1294 1333 1471 1365 Antonium
1496 1335 1581 1376 Sorg
1597 1338 1674 1367 1477
1689 1337 1789 1370 in-fol.

171 1392 308 1424 charact.
333 1392 423 1433 goth.
446 1392 481 1423 In
501 1392 598 1432 hujus
620 1392 684 1422 fine
708 1390 901 1430 legebatur:
926 1402 940 1420 «
961 1390 1163 1422 Devotissimi
1182 1400 1219 1421 ac
1239 1392 1498 1432 praestantissimi
1513 1394 1655 1427 Doctoris
1671 1396 1791 1429 Fratris

170 1450 404 1484 Bonaventurae
423 1451 589 1482 Tractatus
610 1458 706 1490 super
722 1449 889 1490 gaudiosa,
907 1459 922 1477 ›>
941 1453 998 1480 etc.
1016 1451 1052 1480 ut
1073 1458 1181 1490 supra,
1200 1458 1320 1490 usque:
1342 1462 1356 1480 α
1375 1451 1469 1483 Α11110
1491 1453 1663 1486 salutiferae
1685 1455 1789 1487 incar-

167 1509 305 1540 nationis
320 1509 436 1540 Christi
456 1507 730 1546 MCCGCLXXVH,
753 1495 914 1547 vigesima
935 1507 986 1538 die
1010 1508 1129 1538 mensis
1153 1509 1353 1548 septembris.
1381 1521 1395 1538 >³
1417 1510 1504 1542 Circa
1519 1512 1689 1544 editionem
1705 1514 1789 1546 hanc

167 1567 286 1608 accepit
304 1566 357 1598 Fr.
372 1566 560 1598 Benedictus
577 1576 595 1597 a
611 1566 772 1599 Cavalesio
791 1566 889 1606 longe
908 1566 1197 1607 locupletissimum
1213 1576 1351 1607 sequens
1368 1570 1590 1602 testimonium
1613 1572 1652 1603 ab
1673 1572 1742 1603 Illmo
1758 1576 1788 1605 et

165 1626 265 1658 Revm
280 1626 331 1657 1)Ιιυ
343 1625 512 1657 Francisco
520 1625 676 1666 Toepseiio
686 1625 762 1656 Can.
773 1625 854 1664 Reg.
868 1625 970 1656 Later.
981 1625 1115 1663 Abbate,
1128 1634 1164 1656 ac
1175 1625 1348 1666 Praeposito
1355 1625 1511 1667 Pollingee
1522 1628 1554 1659 in
1568 1629 1713 1669 navaria,
1731 1641 1789 1672 per

165 1685 413 1717 humanissimas
424 1685 545 1717 litteras
557 1685 597 1716 ad
612 1694 645 1716 se
660 1685 749 1715 datas
770 1693 810 1715 ex
831 1684 994 1724 Pollinga,
1021 1693 1102 1716 xmv
1124 1684 1254 1716 Januar.
1280 1685 1476 1719 MDCCLXIV
1494 1696 1501 1717 :
1520 1699 1534 1717 α
1561 1688 1652 1726 Quod
1675 1691 1787 1723 attinet

166 1744 334 1785 Speculum
348 1745 385 1776 B.
402 1746 444 1775 M.
469 1744 506 1776 V.
524 1743 734 1784 compilatum
748 1743 787 1774 ab
802 1743 922 1775 humili
935 1743 1047 1776 Fratre
1063 1744 1300 1782 Beneventum,
1320 1746 1350 1774 et
1369 1745 1527 1785 Augustae
1548 1746 1785 1781 vindelicorum

165 1812 217 1834 an.
240 1806 329 1842 1477,
344 1803 465 1841 in-fol.,
479 1805 516 1834 ut
530 1804 656 1841 vocant,
673 1801 798 1832 minore
817 1811 874 1841 per
890 1801 1066 1832 Antonium
1087 1800 1171 1841 Sorg
1190 1802 1323 1839 editum,
1340 1812 1409 1834 rem
1425 1803 1468 1834 ita
1488 1813 1520 1835 se
1542 1804 1661 1837 habere
1674 1807 1785 1838 nullus

163 1862 285 1893 dubita.
302 1862 370 1903 Ipse
386 1862 524 1903 propriis
538 1861 638 1893 oculis
654 1860 780 1901 inspexi
794 1860 915 1898 omnia,
933 1862 964 1891 et
979 1860 1058 1890 dum
1071 1860 1141 1890 haec
1156 1861 1271 1899 scribo,
1289 1861 1408 1892 librum
1424 1871 1491 1902 prae
1507 1864 1657 1895 manibus
1669 1865 1783 1898 habeo.

162 1920 340 1952 Editionem
357 1921 440 1952 hanc
455 1930 520 1952 una
534 1929 610 1952 cum
626 1919 719 1951 titulo
739 1919 872 1951 humilis
892 1919 1019 1951 Fratris
1039 1928 1187 1960 pugnare
1201 1920 1308 1959 potius
1328 1930 1386 1961 pro
1405 1924 1534 1953 auctore
1558 1922 1785 1957 Bonaventura

163 1978 374 2020 Balneoregio
395 1980 469 2012 Ord.
492 1979 582 2019 Min.,
602 1988 701 2019 quam
724 1987 781 2019 pro
805 1977 961 2009 Patavino
982 1977 1056 2009 Ord.
1075 1977 1305 2017 Eremitarum,
1331 1979 1450 2010 iterum
1472 1982 1578 2012 tecum
1599 1984 1685 2014 totus
1707 1993 1782 2015 con-

161 2038 277 2078 sentio,
300 2049 315 2068 »
338 2040 396 2070 etc.
429 2050 443 2068 (‹
467 2038 626 2070 Caeterum
645 2037 706 2068 hoe
731 2037 899 2077 Speculum
925 2038 962 2069 B.
980 2037 1024 2070 M.
1057 2037 1094 2069 V.
1121 2046 1186 2068 non
1209 2040 1292 2068 esset
1314 2047 1395 2078 opus
1415 2039 1599 2079 indignum,
1626 2045 1782 2082 quantum

162 2097 242 2127 mihi
256 2097 396 2134 videtur,
412 2096 491 2129 Divo
505 2096 742 2135 Bonaventura,
754 2106 768 2125 >³
785 2097 844 2127 etc.
861 2096 907 2127 Ita
919 2096 1123 2127 doctissimus
1138 2095 1190 2126 ille
1201 2096 1409 2137 Praepositus.
1423 2097 1596 2130 Laudatam
1610 2100 1782 2133 editionem

163 2155 275 2186 haberi
292 2164 421 2196 quoque
435 2155 566 2186 Bulsani
582 2155 616 2186 in
637 2155 833 2186 Bibliotheca
848 2154 910 2186 ΡΡ.
930 2155 1227 2193 Dominicanorum,
1253 2154 1341 2184 testis
1356 2154 1486 2186 Auctori
1502 2155 1670 2190 Prodromz·
1684 2159 1782 2199 hujus

163 2213 306 2244 oculatus
320 2216 388 2245 erat
402 2214 479 2246 Rev.
505 2214 540 2245 P.
561 2213 610 2245 Jo.
635 2214 780 2254 Ignatius
805 2213 1005 2245 Tudeschius
1025 2214 1063 2245 dc
1080 2213 1237 2245 Roboreto
1256 2212 1368 2244 Lector
1387 2213 1570 2254 Theologus
1592 2216 1627 2247 Ο.
1653 2216 1694 2248 Μ.
1713 2217 1778 2249 Res.

162 2271 337 2312 provinciae
352 2272 532 2304 Tirolensis.

205 2332 215 2349 ⁴
229 2330 253 2361 F
255 2333 351 2362 avent
365 2331 470 2371 itaque
493 2331 551 2362 soli
566 2330 802 2363 Bonaventurae
815 2335 924 2364 nostro
939 2332 990 2363 vel
1011 2332 1208 2372 antiquiores
1229 2332 1394 2363 editiones.
1418 2332 1511 2364 Decet
1529 2343 1658 2375 quoque
1674 2337 1780 2377 potius

162 2391 337 2422 vetustiora
351 2389 495 2430 ejusdem
515 2389 748 2422 Bonaventurae
773 2393 926 2432 tempora,
946 2400 1044 2431 quam
1067 2391 1246 2422 recentiora
1266 2390 1502 2423 Bonaventurae
1525 2392 1686 2433 Baduarii‚
1703 2396 1776 2427 doc-

162 2448 247 2480 trina
262 2448 316 2480 illa
325 2448 502 2480 undecimae
519 2449 661 2480 lectionis
676 2449 899 2489 hujuscemodi
925 2450 1058 2490 Speculz'
1072 2450 1110 2481 de
1130 2449 1264 2489 Virgine
1283 2450 1393 2489 Maria,
1416 2458 1480 2483 nou
1499 2452 1600 2484 solum
1619 2453 1658 2485 ab
1673 2456 1778 2495 02'2'92'-

193 2570 201 2585 ¹
223 2568 344 2607 Diutric„
369 2575 428 2599 pag.
450 2568 508 2607 ‚¹33¹
530 2569 625 2592 nostrae
648 2575 711 2593 vero
729 2569 792 2594 edit.
811 2570 873 2594 tom.
891 2570 917 2600 1,
939 2576 998 2600 pag.
1017 2574 1095 2594 Lxxx.
1117 2582 1149 2587 -
1167 2568 1177 2584 ‘2
1192 2568 1333 2599 Prodrom„
1354 2567 1402 2592 eol.
1427 2569 1542 2593 338—339.
1561 2584 1585 2587 —
1610 2571 1619 2588 ³
1635 2562 1775 2605 Proclrem„

161 2603 209 2629 col.
223 2605 335 2629 358-559.
350 2617 380 2621 —
394 2604 404 2620 ‘⁴
419 2603 494 2634 that,
510 2603 558 2628 col.
576 2605 690 2628 707-708.

195 2663 227 2694 (α)
245 2663 301 2695 Leq.
317 2662 540 2693 chirographatus.
