2029 3052
189 218 249 248 530

187 285 271 316 ferre
295 293 364 317 non
386 284 594 323 sustinemus,
617 285 650 316 et
674 292 732 324 per
759 282 971 324 privilegium

187 339 398 380 apostolicum
411 339 561 371 omnibus
570 338 766 369 inhibemus.
781 337 851 369 Una
861 347 968 377 causa,

187 394 264 435 quia
277 403 352 426 cum
365 394 466 426 simus
480 403 521 425 ex
535 393 730 434 professione
742 392 868 433 regulae
882 401 970 424 men-

187 448 339 488 dicantes,
359 448 386 479 si
409 448 469 479 sub
488 448 599 479 nostro
620 446 734 478 habitu
754 446 872 478 diversi
892 446 970 478 hinc

186 502 260 534 inde
270 502 500 542 mendicarent,
511 500 660 533 homines
670 500 725 541 qui
734 501 804 541 jam
817 499 878 532 illis
885 500 968 532 elee-

186 565 358 598 mosynam
372 556 542 595 dedissent,
556 556 589 586 et
607 563 667 586 nos
687 554 739 587 vel
753 554 807 586 alii
821 555 857 586 in
871 554 969 585 simili

185 611 300 644 habitu
323 611 442 643 iterum
462 609 672 651 supervenire
685 609 850 649 viderent,
872 610 970 650 puta-

185 667 269 705 rent,
286 665 373 707 quod
388 665 475 697 idem
489 674 531 696 ex
551 664 687 696 avaritia
706 664 826 695 iterum
845 665 967 704 petere-

185 721 249 758 tur,
260 721 291 751 et
302 719 592 752 scandalizarentur
601 718 640 750 de
653 718 732 759 ipsis
742 718 794 750 vel
808 718 847 749 de
861 717 965 756 nobis,

184 774 272 815 quod
295 773 392 805 nimis
411 782 465 805 eos
488 772 624 814 petendo
645 780 870 812 gravaremus
888 770 967 802 Item

183 837 259 860 cum
273 829 423 869 putarent
435 827 528 859 nobis
542 826 675 865 dedisse,
690 825 777 866 quod
790 825 861 857 aliis
875 825 967 857 nobis

182 883 341 915 similibus
354 883 523 921 dederunt,
537 881 593 922 qui
614 881 698 913 inter
712 880 842 912 habitus
862 881 966 912 nesci-

182 939 255 969 rent
283 938 463 969 discernere
479 960 487 976 ,
514 937 700 968 recusarent
727 935 819 966 nobis
847 935 965 966 iterum

182 991 258 1024 dare
272 992 520 1033 eleemosynam,
530 992 562 1022 et
571 990 616 1022 sic
626 989 708 1021 nihil
720 989 885 1030 acquirere
895 998 966 1030 pos-

181 1055 302 1086 semus,
316 1048 347 1078 et
361 1046 552 1087 periremus
573 1045 652 1076 Item
667 1053 741 1076 cum
757 1043 851 1076 multi
870 1043 964 1074 intel-

180 1101 320 1141 ligerent
333 1125 344 1140 ,
369 1100 455 1142 quod
484 1100 632 1131 homines
661 1097 768 1138 magis
794 1097 965 1137 diligerent

180 1164 256 1194 nOS,
281 1158 312 1187 et
334 1155 486 1186 libentius
511 1153 603 1185 nobis
629 1152 837 1184 subvenirent
865 1161 963 1192 quam

180 1209 263 1250 aliis,
281 1209 341 1241 sub
356 1209 468 1241 habitu
482 1210 592 1240 nostro
606 1216 663 1248 per
685 1208 787 1238 terras
801 1206 961 1237 discurre-

179 1266 262 1303 rent,
278 1265 309 1295 et
323 1263 409 1304 quod
427 1262 520 1294 nobis
535 1261 676 1293 dandum
693 1262 783 1299 esset,
800 1260 860 1300 ipsi
874 1269 961 1300 prae-

178 1317 321 1358 riperent
346 1316 577 1354 fraudulenter,
599 1317 631 1346 et
653 1316 831 1356 peccarent,
851 1316 881 1345 ct
902 1323 961 1345 nos

178 1371 416 1410 fraudaremur,
433 1372 464 1402 et
483 1370 630 1401 homines
646 1371 873 1409 gravarentur.
890 1368 961 1399 Alia

177 1435 295 1458 causa:
313 1426 389 1466 quia
408 1434 466 1466 pro
484 1424 694 1456 aedificatione
716 1423 863 1455 Ecclesiae
887 1433 959 1464 spe-

176 1481 298 1512 cialiter
316 1481 406 1512 missi
431 1490 554 1519 sumus,
572 1480 598 1511 si
623 1479 683 1511 sub
709 1481 818 1510 nostro
845 1479 957 1510 habitu

177 1535 260 1567 alius
274 1535 382 1576 aliquo
402 1537 531 1575 peccato
546 1533 773 1565 scandalizaret
795 1532 955 1572 homines,

174 1589 227 1622 vel
246 1599 305 1621 nos
325 1589 429 1621 taliter
451 1589 632 1627 infamaret,
651 1587 702 1619 vel
718 1597 810 1618 suam
831 1587 874 1618 sic
899 1596 956 1618 ne-

174 1644 312 1684 quitiam
326 1645 524 1683 contegeret,
540 1652 615 1674 cum
631 1643 749 1682 rejecto
771 1641 885 1672 habitu
901 1650 955 1672 no-

174 1700 240 1730 stro
266 1708 330 1730 non
354 1701 585 1738 agnosceretur
602 1721 610 1736 ,
641 1696 695 1727 sed
721 1697 818 1727 frater
846 1697 954 1726 noster

659 213 852 247 LIBELLUS
874 213 1172 247 APOLOGETICUS
1195 214 1236 247 IN
1255 213 1330 247 EOS

1028 282 1166 325 quisque
1181 283 1322 325 prudens
1339 291 1398 324 per
1410 291 1445 316 se
1458 283 1562 324 potest
1581 284 1779 326 perpendere
1794 297 1803 320 ι

1027 339 1058 370 et
1071 338 1141 371 ideo
1156 341 1204 372 est
1215 339 1448 372 studiosissime
1462 339 1711 380 prohibendum.

1307 434 1425 468 Quaestio
1444 441 1526 462 nona.

1067 499 1146 531 Cum
1162 501 1312 532 asseratis
1325 510 1395 540 vos,
1409 501 1584 533 secundum
1607 500 1756 542 regulam
1774 503 1806 533 et

1025 554 1258 595 professionem
1279 556 1432 594 vestram,
1454 554 1561 587 nullos
1581 555 1698 587 debere
1720 555 1806 587 reci-

1023 619 1099 651 pere
1112 612 1289 650 proventus
1303 609 1500 648 reddituum,
1509 618 1567 641 seu
1576 609 1803 650 possessiones,

1024 663 1165 705 exceptis
1180 664 1340 703 domibus,
1355 663 1390 695 in
1404 663 1522 705 quibus
1539 663 1701 704 habitatis,
1717 663 1805 696 vide-

1023 717 1103 749 mini
1121 719 1376 758 transgressores
1405 717 1530 758 regulae
1553 720 1687 758 vestrae,
1711 718 1746 749 in
1765 727 1804 751 eo

1023 772 1109 813 quod
1137 772 1279 814 recipitis
1300 773 1412 804 domos
1433 772 1484 805 vel
1501 781 1592 804 areas
1612 781 1678 804 non
1701 772 1802 804 conti-

1023 836 1107 867 guas
1128 827 1242 859 vestris
1261 827 1356 867 areis,
1373 827 1408 859 in
1430 827 1548 868 quibus
1562 826 1725 858 habitatis.
1739 826 1801 858 Eo-

1021 881 1094 912 dem
1110 881 1197 913 enim
1212 881 1319 922 modo,
1333 882 1359 914 si
1373 882 1435 913 hoc
1448 881 1532 921 licet,
1548 881 1692 922 poteritis
1705 881 1802 913 etiam

1020 935 1132 967 vineas
1155 936 1306 977 recipere,
1322 939 1354 968 et
1374 944 1481 976 agros,
1495 937 1528 967 et
1550 944 1691 974 mansos,
1707 937 1740 967 et
1760 935 1802 967 si-

1020 989 1110 1021 milia
1132 999 1271 1031 quaeque
1297 990 1449 1031 recipere,
1478 989 1545 1021 imo
1570 989 1740 1030 grangias»,
1770 991 1803 1021 et

1019 1043 1123 1083 villas,
1140 1046 1172 1076 et
1185 1046 1298 1083 castra,
1313 1046 1345 1076 et
1357 1046 1471 1083 terras,
1486 1046 1518 1076 et
1531 1043 1658 1085 oppida,
1670 1046 1702 1075 et
1716 1052 1803 1084 quae-

1019 1105 1159 1138 cumque
1179 1097 1298 1130 fuerint
1323 1098 1416 1130 vohis
1438 1098 1528 1137 data3
1545 1100 1577 1130 et
1592 1097 1637 1129 sic
1668 1098 1802 1139 pristina.

1018 1154 1202 1193 paupertas,
1217 1154 1249 1184 et
1267 1152 1465 1192 mendicitas,
1480 1161 1580 1193 quam
1597 1152 1731 1193 professi
1750 1161 1800 1184 es-

1018 1205 1070 1245 tis,
1086 1206 1243 1247 paulatim
1266 1208 1480 1245 evanesceret,
1495 1208 1527 1238 et
1545 1215 1612 1238 non
1631 1206 1719 1238 eritis
1740 1207 1800 1239 dis-

1018 1259 1115 1301 cipuli
1131 1261 1232 1292 sancti
1252 1260 1425 1300 Francisci,
1441 1270 1517 1293 cum
1539 1270 1604 1293 non
1619 1261 1800 1302 sequamini

1017 1315 1155 1354 vestigia
1168 1316 1249 1356 eJus,
1268 1325 1326 1348 nec
1340 1317 1410 1357 ejus
1423 1315 1571 1356 regulam
1592 1316 1738 1348 teneatis.
1754 1316 1798 1348 De

1016 1368 1165 1400 domibus
1185 1370 1272 1401 enim
1297 1371 1390 1402 vobis
1417 1370 1578 1410 contiguis
1603 1371 1706 1411 potest
1730 1379 1798 1402 esse

1016 1424 1209 1462 excusabile,
1227 1425 1313 1466 quod
1337 1434 1395 1466 pro
1417 1424 1576 1457 dilatanda
1597 1434 1672 1457 area
1691 1427 1798 1457 vestra

1014 1477 1083 1509 illas
1097 1479 1287 1520 quandoque
1303 1479 1462 1520 recipiatis
1476 1490 1484 1518 ;
1509 1479 1564 1511 sed
1586 1479 1624 1510 de
1638 1479 1710 1510 aliis
1732 1488 1797 1511 non

1014 1531 1071 1571 ita,
1086 1532 1118 1563 in
1133 1533 1252 1573 quibus
1267 1533 1415 1564 homines
1428 1533 1507 1565 alios
1521 1542 1579 1574 pro
1592 1542 1690 1564 censu
1708 1532 1796 1565 loca-

1014 1586 1064 1625 tis,
1077 1596 1174 1627 quem
1190 1591 1378 1628 procurator
1397 1591 1504 1620 vester
1525 1587 1594 1619 loco
1611 1587 1710 1619 vestri
1731 1587 1797 1618 exi-

1013 1641 1072 1681 git,
1089 1643 1120 1672 et
1135 1642 1168 1672 in
1179 1651 1259 1674 usus
1268 1645 1391 1675 vestros
1404 1643 1562 1675 convertit
1575 1642 1614 1674 de
1629 1642 1795 1675 voluntate

1012 1697 1129 1726 vestra.

1321 1742 1475 1778 Responsio.

173 1753 294 1784 ordinis
309 1753 410 1784 nostri
426 1754 593 1792 putaretur
608 1751 669 1782 hoc
683 1750 804 1788 fecisse,
817 1749 955 1780 Ecclesia

174 1816 239 1838 non
263 1807 396 1838 haberet
423 1806 462 1837 de
487 1805 579 1837 nobis
603 1804 847 1836 aedificationem
863 1827 872 1842 ,
900 1803 953 1834 sed

172 1861 414 1899 scandalum,et
428 1870 488 1892 nos
506 1860 689 1900 frequentes
708 1858 823 1889 exinde
838 1858 952 1889 confu-

172 1916 278 1947 siones
296 1918 490 1956 pateremur,
504 1924 579 1945 cum
603 1913 704 1945 multa
715 1912 831 1943 similia
847 1914 953 1943 atten-

1052 1803 1084 1835 Si
1099 1803 1155 1844 qui
1171 1803 1204 1834 in
1219 1803 1337 1835 talibus
1359 1804 1486 1836 incaute
1505 1806 1620 1844 agunt,
1635 1803 1790 1843 dolemus,
1807 1813 1915 1868 euagand-

1816 1853 1851 1868 mo
1869 1855 1906 1869 um

1011 1859 1041 1888 et
1060 1857 1328 1897 contradicimus,
1352 1861 1383 1889 et
1407 1858 1625 1898 prohibemus.
1651 1858 1794 1897 Qualiter
1820 1880 1895 1907 legata

1010 1913 1117 1942 autem
1134 1911 1165 1942 in
1181 1911 1241 1943 hoc
1253 1911 1339 1943 licite
1354 1921 1454 1952 agere
1468 1913 1637 1954 possimus
1650 1913 1791 1953 adverte,
1807 1912 1913 1938 ⁹⁰³³f⁰²⁰

1010 1967 1040 1996 et
1056 1968 1134 1996 tunc
1150 1975 1215 1996 non
1233 1966 1392 2005 Judicabis
1407 1976 1466 1998 nos
1484 1967 1521 2007 (si
1537 1977 1614 1999 sane
1629 1967 1791 2008 intelligis)
1808 1943 1913 2003 {arigisus

172 1971 288 2009 tarent,
301 1969 385 2001 sicut
394 1969 610 2009 comperImus
625 1967 793 2008 aliquoties
807 1975 876 1997 esse
893 1966 952 1997 sac-

170 2026 253 2055 tum.
269 2023 347 2055 Item
362 2025 468 2064 posset
483 2022 652 2054 haercticus
666 2021 781 2062 aliquis
796 2020 856 2051 sub
872 2029 951 2051 nos-

169 2080 218 2109 tro
238 2078 351 2109 habitu
377 2077 497 2108 inlocis
513 2076 701 2117 opportunis
716 2075 828 2106 docere
845 2075 952 2106 liaere-

168 2132 250 2171 sim,
274 2134 310 2163 ut
331 2132 375 2163 sic
397 2132 425 2162 ei
448 2131 538 2172 quasi
559 2131 692 2171 probato
719 2129 808 2160 fratri
830 2129 950 2160 ordinis

167 2186 267 2218 nostri
282 2186 475 2224 crederetur,
491 2188 522 2216 et
537 2194 594 2216 nos
605 2184 751 2215 similiter
767 2184 946 2215 infamaret.

167 2240 247 2272 Item
263 2241 288 2271 si
308 2241 387 2271 torte
402 2240 574 2281 aliquando
589 2249 628 2271 ex
652 2239 770 2270 nostris
790 2238 890 2279 aliqui
915 2238 948 2269 in

166 2296 220 2327 via
242 2295 351 2326 minus
375 2295 505 2325 honeste
522 2304 555 2325 se
571 2296 729 2333 gererent,
750 2303 822 2324 cum
850 2302 948 2333 super

165 2349 226 2381 hoc
241 2349 475 2390 corriperentur
490 2358 508 2379 a
523 2349 625 2385 nobis,
641 2350 770 2387 possent
789 2356 822 2377 se
845 2356 946 2378 excu-

168 2414 249 2442 sare,
262 2404 346 2444 quod
363 2403 423 2434 snb
438 2405 546 2434 nostro
564 2402 677 2432 habitu
695 2402 748 2432 alii
775 2402 834 2432 hoc
856 2402 945 2432 fecis-

164 2461 245 2496 sent,
271 2468 345 2489 cum
370 2458 409 2489 de
435 2456 578 2497 personis
598 2458 679 2486 esset
703 2456 851 2494 dubium,
872 2465 946 2496 quae

163 2510 311 2541 fuissent.
328 2509 372 2541 Ne
388 2510 488 2549 igitur
509 2511 615 2539 tantus
630 2508 708 2538 ordo
723 2508 858 2538 totaliter
873 2517 946 2539 con-

161 2564 325 2601 fundatur,
339 2565 370 2594 et
385 2565 430 2594 tot
447 2562 532 2593 mala
548 2561 621 2592 inde
636 2561 836 2601 proveniant,
847 2571 945 2601 expe-

160 2618 205 2649 dit
236 2620 272 2649 ut
296 2617 414 2649 ordinis
438 2616 540 2647 nostri
560 2615 706 2646 habitum
733 2615 843 2646 nullus
862 2616 944 2646 alius

160 2672 367 2713 permittatur
381 2670 514 2702 deferre.
531 2669 613 2707 Quid
625 2668 718 2700 etiam
738 2668 814 2699 mali
828 2679 941 2710 seque-

158 2728 260 2764 retur,
271 2725 298 2757 si
313 2725 464 2756 mulieres
475 2733 550 2756 eum
565 2723 648 2754 ferre
663 2723 939 2763 permitterentur,

1010 2022 1277 2059 transgressores·
1296 2019 1514 2052 Protestamur
1535 2031 1593 2053 nos
1614 2022 1792 2053 secundum

1009 2074 1157 2113 regulam
1175 2076 1330 2112 nostram,
1350 2075 1395 2105 nil
1410 2075 1535 2114 debere,
1548 2085 1604 2107 seu
1620 2075 1702 2107 velle
1718 2085 1789 2117 pos-

1010 2128 1170 2165 sessionis,
1191 2128 1242 2159 vel
1262 2131 1422 2160 certorum
1438 2129 1622 2161 reddituum
1637 2130 1788 2171 recipere,

1008 2182 1059 2213 vel
1088 2182 1219 2213 habere.
1242 2182 1324 2220 Quia
1349 2192 1426 2214 vero
1451 2184 1591 2215 mendici
1616 2193 1729 2216 sumus
1760 2187 1792 2216 et

1006 2245 1183 2277 pauperes,
1209 2246 1246 2267 ca
1267 2237 1384 2277 quibus
1404 2246 1462 2277 pro
1484 2238 1634 2278 praesenti
1653 2239 1790 2269 necessi-

1007 2293 1069 2321 tate
1085 2291 1282 2330 indigemus,
1301 2291 1370 2322 ideo
1388 2292 1572 2332 recipimus,
1589 2294 1685 2333 prout
1705 2292 1787 2332 licet,

1005 2345 1073 2376 sive
1100 2354 1158 2385 pro
1183 2345 1343 2376 solvendis
1365 2346 1491 2384 debitis,
1515 2346 1567 2378 vel
1589 2346 1658 2376 aliis
1679 2355 1790 2377 neces-

1006 2399 1098 2429 sariis
1114 2400 1332 2439 procurandis.
1347 2400 1426 2431 Cum
1447 2409 1527 2440 ergo
1543 2400 1659 2440 aliquis
1673 2409 1713 2431 ex
1732 2400 1787 2431 de-

1006 2454 1134 2484 votione
1148 2454 1218 2484 vult
1233 2455 1324 2485 nobis
1345 2455 1452 2495 legare
1468 2456 1601 2486 domum
1616 2465 1720 2493 suam,
1733 2454 1784 2485 vel

1003 2516 1111 2537 aream
1127 2517 1190 2538 non
1206 2509 1394 2548 contiguam
1407 2512 1523 2540 nostraz
1541 2509 1710 2546 mansioni,
1728 2517 1786 2539 nec

1003 2562 1177 2602 recipimus
1192 2572 1274 2601 eam,
1291 2573 1348 2594 nec
1367 2573 1424 2604 per
1443 2573 1513 2602 nos,
1524 2573 1582 2595 nec
1604 2572 1661 2604 per
1685 2563 1784 2594 inter-

1002 2616 1138 2656 positam
1162 2626 1331 2657 personam
1358 2621 1395 2649 ut
1421 2620 1576 2649 nostram.
1593 2616 1654 2648 Sed
1681 2617 1707 2647 si
1733 2617 1786 2648 ille

1001 2679 1072 2701 eam
1087 2670 1225 2710 disponit
1248 2680 1304 2712 per
1319 2671 1419 2703 alium
1432 2679 1680 2713 quemcumque,
1697 2672 1733 2702 ut
1748 2679 1786 2702 ea

1001 2724 1140 2763 vendita,
1154 2725 1192 2756 de
1211 2726 1315 2766 pretio
1326 2727 1398 2767 ejus
1412 2726 1620 2767 provideatur
1634 2725 1727 2758 nobis
1741 2734 1783 2757 ex
