1955 3021
1694 270 1751 292 XXI

130 331 189 364 dro
204 330 255 370 IV,
271 337 346 371 quae
360 329 518 360 eontentae
534 328 568 359 in
581 329 652 368 ejus
664 326 815 358 Tractatu
829 325 869 359 de
882 325 1077 367 Paupertate
1096 326 1217 359 Christi
1231 325 1393 365 videntur,
1408 326 1466 358 ubi
1480 327 1543 359 late
1558 327 1597 360 cle
1607 336 1750 369 pauper-

130 392 194 423 tate
206 389 242 420 in
255 389 428 428 utramque
442 388 568 427 partem
584 385 761 425 disseritur,
776 385 937 426 solideque
952 385 991 416 de
1013 394 1103 416 more
1117 385 1150 415 in
1167 385 1311 417 favorem
1324 386 1541 426 paupertatis,
1559 386 1626 419 sive
1641 395 1751 427 quan-

131 451 198 482 tum
208 447 252 480 ad
262 447 591 486 abrenuntiationem,
603 445 671 477 sive
684 447 843 486 quantum
855 444 899 477 ad
913 444 1195 484 mendicationem,
1207 445 1395 485 resolvitur;
1410 446 1607 478 occurrendo
1620 446 1753 488 insuper

129 507 175 539 illi
189 506 246 547 qui
257 506 429 547 proedictis
442 507 577 538 conatus
594 507 641 537 est
657 503 881 544 multipliciter
896 502 1084 542 adversari;
1102 512 1139 534 ac
1157 503 1254 535 etiam
1283 504 1504 546 expendendo,
1530 507 1641 538 utrum
1663 514 1752 546 pau-

126 573 215 607 peres
228 565 348 605 validi,
364 567 394 598 et
419 565 563 597 maxime
582 563 768 605 Requlares,
793 563 838 595 aa
859 570 956 603 opera
969 563 1140 595 manualia
1163 563 1393 597 universaliter
1410 565 1479 597 sint
1508 565 1638 598 astricti
1652 574 1661 597 :
1677 575 1752 606 quae

128 627 236 657 tamen
259 627 422 666 postrema
442 626 551 666 postea
571 625 611 655 ab
634 624 705 665 ipso
729 623 956 655 Bonaventura
978 622 1081 654 videri
1104 623 1242 663 possunt
1266 622 1400 663 adjecta.
1419 623 1428 640 ¹
1457 622 1547 655 Certe
1573 624 1752 656 secundum

128 683 322 716 Parisienses
344 684 467 715 codices
474 684 497 723 ¹,
514 683 744 724 distinguenda
765 685 812 715 est
826 683 861 714 in
876 692 925 722 eo,
942 682 981 714 de
996 692 1061 724 quo
1076 692 1163 714 nunc
1184 682 1364 723 loquimur,
1381 682 1541 723 Opusculo
1556 684 1692 724 quoestio
1710 684 1751 717 de

129 743 232 776 labore
242 751 408 778 manuum,
422 752 441 774 a
456 743 632 784 quoestione
648 742 687 774 de
701 743 893 783 paupertate
908 742 1040 778 Christi,
1057 751 1131 783 quae
1145 742 1178 773 in
1193 742 1285 773 editis
1299 742 1444 783 primum
1457 744 1542 774 tenet
1556 743 1678 775 locum.
1695 743 1752 775 Illa

127 803 236 843 etiam,
257 812 331 844 quae
345 803 591 844 praemittuntur
603 802 638 833 in
651 801 713 833 ista
727 801 907 843 quaestione
922 800 961 833 de
977 803 1178 842 paupertate,
1195 810 1300 842 usque
1317 801 1357 832 ad
1371 801 1442 832 haec
1455 801 1557 833 verba
1571 801 1748 833 inclusive:

127 864 190 896 His
204 864 298 902 visis,
308 863 412 904 plana
423 865 470 896 est
482 863 649 904 responsio
662 862 707 895 aa
720 862 881 903 prcedicta
892 863 913 901 ³,
925 861 1155 901 distinguenda
1170 862 1246 891 sunt
1260 859 1387 898 abillis,
1404 869 1478 900 quae
1493 859 1749 901 subsequuntur,

127 923 298 956 videlicet:
316 923 378 956 His
393 925 511 962 autem,
534 930 606 963 quoe
629 921 788 963 praedicta
812 922 920 960 surm,
943 924 1079 954 conatus
1105 923 1150 953 est
1172 920 1291 961 aliquis
1316 919 1542 959 multipliciter
1566 919 1748 952 adversari.

127 982 392 1015 Animadvertere
419 983 516 1014 etiam
538 983 646 1023 juvat,
671 981 756 1022 quod
786 981 918 1022 quidam
947 980 1058 1012 Frater
1080 980 1184 1011 Minor
1207 979 1363 1010 adversus
1389 978 1691 1017 Sanctamoranum,
1718 981 1749 1010 et

126 1050 288 1082 sequaces,
300 1042 422 1074 librum
435 1041 496 1073 sub
511 1051 548 1073 ea
558 1043 705 1082 tempora
713 1040 867 1079 ediderat,
876 1039 1083 1080 incipientem
1097 1050 1103 1070 :
1119 1039 1249 1077 Manus,
1266 1046 1339 1079 quse
1351 1040 1465 1070 contra
1478 1038 1745 1078 Omnipotentem.

126 1099 188 1132 Sed
202 1100 352 1141 quisnam
365 1100 418 1132 hic
432 1100 543 1132 Frater
558 1100 686 1132 Minor?
704 1099 737 1131 Si
751 1099 831 1130 fides
847 1098 888 1129 sit
911 1098 1053 1137 Boulaeo,
1069 1097 1131 1129 fuit
1150 1098 1219 1138 ipse
1235 1097 1473 1129 Bonaventura.
1496 1096 1625 1129 Erravit
1639 1099 1748 1128 tamen

125 1158 286 1197 Boulaeus,
303 1169 405 1200 quum
429 1160 499 1200 ejus
520 1159 594 1190 libri
615 1158 718 1190 voluit
740 1167 807 1189 esse
832 1157 1044 1198 principium:
1066 1156 1205 1188 Tantum
1226 1155 1291 1188 sibi
1313 1156 1583 1196 praesumptionis
1608 1154 1748 1196 quidam

124 1218 268 1251 homines
282 1218 557 1260 assumpserunt⁵;
574 1219 645 1250 haec
659 1217 746 1249 enim
758 1217 859 1249 verba
880 1218 955 1247 sunt
980 1215 1177 1256 principium
1201 1214 1380 1253 Tractatus,
1408 1223 1506 1255 quem
1533 1213 1688 1245 Geraldus
1709 1214 1749 1246 de

124 1277 258 1309 Abbatis
269 1277 352 1310 Villa
368 1277 613 1309 Sanctamorani
627 1277 747 1309 vindex
762 1276 888 1316 scripsit
903 1277 1013 1306 contra
1027 1274 1050 1306 F
1052 1274 1288 1312 ranciscanum,
1314 1276 1350 1305 ut
1369 1273 1452 1304 infra
1467 1283 1508 1304 ex
1522 1273 1749 1305 Bonaventura

124 1337 255 1377 patebit,
271 1338 418 1378 recteque
433 1337 569 1369 Jacobus
584 1336 750 1368 Echardus
770 1335 966 1376 praemonuit
977 1337 998 1365 ⁶.

165 1394 203 1426 In
214 1396 282 1426 toto
296 1394 580 1427 Bonaventuriano
595 1394 745 1426 Tractatu
760 1394 798 1426 de
818 1395 1013 1434 Paupertate
1031 1393 1153 1425 Christi
1176 1392 1350 1424 laudantur
1373 1392 1458 1423 inter
1481 1392 1590 1423 Patres
1607 1391 1746 1423 Ambro-

125 1455 203 1493 sius,
218 1454 475 1495 Chrysostomus,
493 1454 721 1495 Hieronymus,
738 1453 954 1493 Augustinus,
972 1452 1119 1492 Prosper,
1142 1451 1328 1491 Gregorius,
1347 1451 1532 1490 Anselmus,
1549 1450 1743 1482 Bernardus.

125 1513 211 1544 Inter
226 1513 396 1544 Pontifices
415 1513 598 1553 allegantur
619 1513 780 1551 Urbanus,
798 1512 1012 1550 Innocentius,
1031 1511 1204 1542 Honorius.
1226 1510 1312 1541 Inter
1333 1511 1422 1542 viros
1446 1510 1692 1550 probatissimos
1707 1510 1745 1542 in

124 1571 350 1612 Beliqz'onibus
360 1572 543 1604 referuntur
553 1571 704 1610 Basilius,
717 1571 919 1609 Benedictus,
931 1570 1148 1609 Augustinus,
1165 1569 1394 1610 Hieronymus,
1405 1568 1591 1608 Gregorius,
1604 1568 1747 1600 Hilarius

123 1632 155 1662 et
171 1630 336 1662 Paulinus.
353 1631 389 1662 In
400 1639 515 1672 maqno
531 1634 609 1664 coetu
626 1631 814 1663 Sanctorum
828 1630 885 1670 qui
899 1628 1174 1667 mendicaverunt,
1192 1629 1400 1659 recensentur
1415 1627 1614 1666 Franciscus‚
1639 1627 1746 1659 Domi-

123 1689 226 1729 nicus,
247 1689 392 1729 Alexius,
410 1690 611 1729 Benedictus,
628 1692 659 1721 et
680 1690 748 1730 ipse
770 1698 892 1720 cuneus
908 1688 1135 1728 Apostolorum
1159 1689 1190 1718 et
1208 1687 1456 1727 Prophetarum,
1473 1695 1598 1718 necnon
1624 1688 1654 1717 et
1678 1686 1748 1727 ipse

124 1747 278 1779 Dominus
300 1747 391 1779 Jesus
410 1748 567 1780 Christus.
584 1748 798 1779 Adducuntur
823 1756 953 1788 quoque
976 1746 1123 1786 Leqenda
1150 1745 1181 1777 S.
1202 1745 1324 1783 Ale-vii,
1342 1745 1489 1786 Leqenda
1505 1745 1541 1776 S.
1561 1746 1744 1784 Francisci,

124 1806 299 1839 Decretatis
313 1806 352 1839 ae
366 1807 549 1840 excessibus
560 1807 783 1845 Proelatorum,
800 1806 918 1846 saepius
935 1806 1064 1844 Glossa,
1083 1806 1141 1836 etc.

165 1865 257 1903 Quod
279 1867 399 1906 spectat
427 1866 565 1897 illatinas
589 1865 745 1906 quasdam
770 1874 864 1897 voces
894 1865 927 1895 in
950 1864 1063 1896 eodem
1093 1865 1277 1902 contentas,
1304 1863 1331 1894 si
1354 1864 1461 1904 ipsum
1487 1872 1552 1894 una
1578 1872 1653 1893 oum
1677 1862 1748 1893 aliis

126 1922 294 1963 Opusculis
308 1923 439 1963 legisset
450 1924 605 1961 OudinUS,
616 1924 972 1964 temperassetprofecto
983 1933 1002 1954 a
1011 1922 1281 1963 reprehendendis
1296 1923 1331 1953 in
1346 1921 1577 1954 Luminaribus
1593 1921 1747 1953 Ecclesiae

125 1981 258 2013 vocibus
273 1983 471 2015 amaricatus
486 1984 517 2013 et
529 1982 720 2022 vilificatus,
745 1991 849 2023 neque
871 1991 969 2013 ausus
993 1982 1104 2012 fuisset
1126 1981 1229 2013 dicere
1247 1991 1253 2011 z
1276 1993 1290 2010 «
1311 1980 1446 2013 Videant
1469 1980 1564 2020 docti,
1585 1989 1628 2011 an
1653 1988 1747 2012 voces

124 2040 194 2071 istae
207 2041 421 2080 amaricatus,
433 2043 465 2073 et
480 2041 670 2081 vilificatus,
686 2042 752 2072 sint
771 2042 879 2082 dignae
903 2041 1053 2080 Doctore,
1071 2051 1169 2082 quern
1188 2040 1391 2072 Franciscani
1411 2040 1574 2081 appellant
1594 2039 1745 2080 Seraphi-

123 2109 209 2140 cum,
223 2110 331 2132 annon
339 2101 505 2141 digniores
516 2101 589 2132 rudi
601 2103 632 2132 et
643 2102 764 2132 rustico
778 2101 910 2132 homine
918 2102 933 2131 ἶ)
945 2100 1031 2131 Itane
1040 2100 1183 2141 loquitur
1192 2100 1289 2131 Divus
1299 2099 1526 2131 Bouaventura
1534 2099 1568 2130 in
1579 2098 1746 2139 Opusculis

122 2159 188 2190 suis
204 2160 318 2191 certis?
333 2160 448 2192 Cedam
462 2160 588 2199 lubens,
605 2160 682 2192 dum
697 2159 816 2190 similes
831 2160 865 2190 111
880 2160 925 2191 eis
947 2169 1041 2191 voces
1060 2169 1258 2200 conspexero
1273 2160 1295 2191 ⁷.
1314 2171 1327 2188 »
1348 2159 1485 2197 Etenim,
1507 2158 1590 2189 sicut
1606 2158 1640 2188 in
1655 2157 1744 2198 Opu-

122 2218 211 2249 sculo
225 2217 264 2249 de
279 2219 380 2259 Liqno
395 2221 474 2252 vitae
488 2219 673 2251 notavimus
696 2228 806 2251 vocem
827 2220 1075 2252 amaricationis
1089 2221 1111 2257 ⁸,
1136 2219 1179 2249 ita
1202 2219 1234 2249 in
1260 2218 1321 2249 1100
1345 2218 1385 2250 de
1405 2218 1599 2258 Paupertate
1622 2217 1746 2250 Christi

123 2276 243 2317 pluries
257 2278 429 2318 repetitum
447 2278 570 2318 legitur
585 2278 725 2309 verbum
739 2278 909 2317 vilificare,
931 2277 1083 2316 vilificat,
1102 2285 1139 2307 ac
1155 2277 1251 2308 etiam
1268 2277 1400 2307 iteratus
1424 2278 1528 2307 exstat
1544 2284 1622 2307 usus
1637 2275 1744 2314 vilisi-

123 2337 276 2370 cationis.
294 2337 366 2368 Alia
377 2338 409 2369 id
425 2347 529 2378 genus
541 2338 635 2379 plura
654 2338 750 2368 missa
764 2338 855 2376 tacto,
876 2339 964 2378 puta,
985 2337 1140 2369 Stultizat
1154 2336 1193 2368 cle
1209 2336 1340 2376 magmis
1353 2338 1382 2368 et
1392 2336 1512 2376 =‹Jrossis
1525 2334 1742 2375 eleemosynis,

123 2397 291 2437 occupa-tio
305 2396 497 2435 scientialis,
514 2399 572 2428 etc.
589 2396 699 2438 Itaque
714 2407 817 2438 quum
832 2398 876 2428 sic
890 2397 1015 2428 locutus
1031 2396 1128 2427 suerit
1143 2396 1175 2426 S.
1201 2395 1430 2427 Bonaventura
1445 2394 1478 2425 in
1496 2394 1663 2434 Opusculis
1678 2394 1745 2424 suis

123 2456 227 2495 certis,
244 2456 360 2487 lubens
375 2456 464 2487 cedat
478 2455 629 2495 oudinus,
647 2465 705 2487 nec
718 2456 857 2496 amplius
878 2455 972 2486 11111111
989 2454 1095 2486 credat
1115 2455 1155 2485 ab
1178 2453 1356 2484 indiscretis
1376 2453 1595 2485 Franciscanis
1616 2453 1743 2484 amari-

123 2515 257 2554 ficatum
270 2517 301 2547 et
322 2515 527 2555 vilificatum,
548 2515 626 2546 dum
650 2515 685 2546 in
708 2515 800 2546 certis
821 2514 967 2555 ejusdem
991 2512 1160 2554 Opusculis
1184 2512 1263 2543 tales
1281 2512 1414 2551 phrases
1439 2521 1458 2542 a
1477 2511 1569 2543 nobis
1590 2510 1743 2542 indicatas
1784 2546 1787 2549 ¹

124 2574 300 2614 conspexit.
315 2573 386 2606 Jam
401 2575 440 2606 ad
455 2574 630 2606 secundum
648 2573 845 2614 Opusculum
857 2575 1068 2604 transeamus.

164 2633 337 2665 indubium
350 2634 459 2666 itidem
473 2633 613 2665 secundo
629 2633 696 2664 loco
714 2626 907 2664 recensitum
921 2631 1132 2672 Opuscqum,
1159 2630 1210 2660 cui
1235 2629 1347 2660 titulus
1368 2628 1525 2669 Apologia
1546 2628 1741 2668 Pauperum‚

158 2714 322 2745 ¹1³rodrom„
340 2716 390 2739 col.
407 2716 495 2739 [503.—
510 2716 520 2731 2
532 2714 596 2739 Bihl.
613 2714 672 2738 011111
689 2714 762 2745 Reg„
778 2721 847 2738 nuuc
863 2715 967 2745 imper„
983 2713 1040 2737 cod.
1056 2713 1127 2742 3183,
1144 2711 1204 2735 olim
1221 2710 1394 2735 Colhertin.—
1411 2711 1418 2724 ³
1435 2710 1491 2735 Vid.
1508 2717 1566 2741 pag.
1582 2712 1637 2739 391,
1655 2710 1702 2734 col.
1721 2712 1742 2735 i.

124 2763 154 2767 --
172 2750 249 2774 ⁴Vid.
264 2751 324 2775 ibid.
338 2765 368 2769 -
384 2753 392 2765 ⁵
405 2752 470 2775 Hist.
489 2751 596 2774 univers.
614 2750 706 2779 Paris„
724 2753 786 2774 tom.
805 2750 847 2779 ΙΙΙ,
863 2756 920 2780 pan.
935 2751 989 2773 680.
1002 2762 1031 2766 —
1046 2749 1054 2761 ⁶
1066 2748 1187 2779 Scriptor.
1204 2746 1266 2770 Ord.
1284 2746 1377 2776 Proecl„
1391 2747 1453 2771 tom.
1470 2747 1488 2777 l,
1507 2753 1564 2777 pag.
1583 2746 1638 2777 336,
1654 2746 1701 2770 Col.
1720 2748 1741 2770 1.

126 2799 154 2803 —
172 2786 178 2799 ⁷
193 2787 267 2810 Tom.
285 2787 328 2818 ΙΙΙ,
345 2787 393 2812 001.
409 2788 463 2811 395.
479 2800 509 2804 -
524 2787 531 2800 ⁸
548 2786 604 2811 Vid.
623 2786 676 2816 huj.
696 2786 756 2810 edit.
773 2788 836 2810 tom.
854 2786 908 2816 ΧΗ,
926 2792 984 2816 pag.
1002 2791 1035 2808 v1.
