2029 3052
603 193 886 228 RESPONSIONIS
909 194 1101 228 SECUNDAE
1123 196 1252 229 CAPUT
1276 196 1298 227 1.

143 263 248 301 liceat,
265 263 366 296 vitare
376 263 542 303 festinant;
558 263 613 296 sed
624 263 773 296 timentes
783 262 921 295 occultas

144 317 393 358 dispensationes
424 317 495 357 Dei,
522 319 632 350 tenent
658 317 744 358 quod
765 317 919 357 fugiunt,

144 373 293 402 exercent
308 371 392 412 quod
407 371 520 404 vitant.
535 382 550 401 »
575 371 623 404 Ex
637 371 687 403 his
703 373 811 413 aperte
831 371 919 403 colli-

145 424 234 465 gitur
248 425 334 466 quod
349 425 438 457 locus
459 425 664 466 praelationis‚
691 435 748 466 pro
772 425 921 456 sublimi-

145 479 208 510 tate
222 479 353 520 quidem
370 479 502 518 graduS,
521 481 552 511 et
566 479 822 511 multiformitate
835 478 921 520 peri-

144 531 229 571 culi,
255 541 274 563 a
299 532 378 564 viris
397 533 467 573 ,iam
491 533 634 574 probatae
661 533 790 566 virtutis
820 534 922 574 potest

144 586 304 619 coactione
314 587 345 617 et
356 586 525 618 formidine
534 587 661 628 suscipi,
675 597 694 618 a
705 587 922 628 peccatoribus

145 649 223 673 vero
236 641 267 672 et
280 640 418 672 infirmis
432 642 497 672 tota
517 641 609 672 debet
624 641 799 672 intentione
815 641 920 680 vitari,

145 704 164 726 a
176 693 274 727 nullis
288 703 418 735 prorsus
428 694 546 735 appeti,
563 696 594 726 et
606 695 647 726 ab
661 695 811 726 omnibus
825 695 924 726 hono-

145 749 221 780 rari.
249 748 357 780 Status
380 750 488 779 autern
511 748 677 788 religionis
699 749 739 780 ab
761 749 923 782 universis

146 804 212 834 tam
224 802 322 842 justis
337 811 436 842 quam
458 803 693 842 peccatoribus,
716 804 783 833 tam
803 803 925 843 perfec-

146 855 186 886 tis
203 864 301 896 quam
318 855 521 896 imperfectis,
541 857 607 887 tam
618 856 811 896 sapientibus
825 865 924 896 quam

147 908 356 949 simplicibus,
369 909 452 940 licite
462 911 564 949 potest
574 909 690 950 appeti,
702 919 721 940 a
728 909 825 940 nullis
834 910 925 941 dehet

148 963 324 1001 contemni;
341 963 381 994 ah
395 963 446 994 his
460 973 548 1003 vero,
568 964 625 1004 qui
640 966 796 996 vocantur
810 964 926 995 divini-

148 1017 211 1055 tus,
228 1025 339 1048 secure
352 1017 480 1057 suscipi,
500 1019 531 1048 et
547 1017 686 1049 studiose
704 1018 835 1050 servari.
852 1017 926 1049 Haec

148 1070 186 1101 de
202 1070 393 1110 perfectione
414 1070 562 1102 diffusius
583 1071 665 1102 dicta
685 1074 775 1111 sunt,
802 1081 861 1112 pro
875 1081 924 1111 eo,

149 1124 233 1164 quod
256 1133 324 1156 non
344 1134 482 1165 parvum
508 1125 738 1157 adminiculum
759 1126 927 1157 conferunt

148 1177 188 1209 ad
209 1178 453 1210 declinationem
478 1188 624 1210 errorum
648 1180 870 1220 sequentium,
894 1180 928 1211 in

148 1239 229 1271 quos
244 1231 282 1270 is,
299 1232 352 1263 cui
366 1233 558 1273 respondere
572 1233 775 1274 incoepimus,
792 1234 901 1265 incidit
918 1245 925 1265 :

149 1285 225 1324 quia
257 1285 458 1318 considerare
488 1287 778 1327 praedeterminata,
809 1287 860 1319 vel
887 1297 927 1318 ex

148 1338 285 1370 ruditate
300 1349 366 1371 non
380 1340 492 1379 valuit,
507 1340 558 1372 vel
572 1349 612 1372 ex
629 1342 834 1381 protervitate
851 1351 928 1373 0011-

149 1392 289 1433 tempsit.

271 1514 590 1551 RESPONSIONIS
620 1515 830 1552 SECUNDAE

372 1604 514 1638 CAPUT
537 1605 711 1639 PRIMUM

151 1673 184 1700 1η
207 1680 260 1706 quo
284 1673 424 1708 appetitus
442 1673 572 1707 martyrii
591 1673 623 1701 de
641 1681 668 1701 se
684 1674 821 1709 perfectus
840 1676 928 1701 osten-

186 1717 281 1752 ditur,
307 1720 332 1745 et
354 1720 446 1745 contra
469 1719 538 1752 fuya
564 1718 597 1745 de
621 1725 648 1745 se
668 1719 830 1753 imperfecta
855 1726 929 1746 mou-

185 1764 301 1790 stratur.

191 1824 356 1864 Spirituali
373 1824 492 1855 divinae
507 1824 589 1864 legis
610 1825 823 1865 intelligentia
845 1834 927 1865 prae-

150 1877 231 1908 ditos
245 1887 451 1918 nequaquam
462 1878 657 1909 arbitramur
667 1879 844 1918 ambigere,
861 1888 930 1919 per-

150 1930 293 1962 fectionis
308 1931 505 1971 evangelicae
514 1932 651 1971 culmen,
663 1933 763 1963 instar
776 1933 929 1964 davidicae

150 1984 260 2023 turris,
277 1985 499 2025 spiritualibus
510 1986 764 2026 propugnaculis
779 1995 845 2017 esse
856 1996 929 2017 mu-

150 2038 267 2076 nitum,
285 2039 402 2078 quibus
421 2040 452 2070 et
464 2039 540 2070 foriS
564 2039 719 2071 hostilitas
742 2040 854 2071 infesta
878 2049 927 2071 re-

150 2092 289 2132 pellitur,
307 2095 338 2123 01
361 2093 448 2124 1111115
464 2093 677 2134 tranquillitas
697 2094 930 2134 imperturbata

152 2148 308 2177 servatur.
331 2146 454 2178 Horum
473 2149 581 2178 autem
602 2147 801 2188 praecipuum
822 2148 930 2179 locum

151 2201 260 2231 tenere
286 2201 478 2232 desiderium
501 2202 655 2241 passionis
679 2204 710 2233 et
732 2203 843 2233 mortis
872 2211 929 2243 pro

153 2255 283 2286 nomine
298 2255 424 2286 Domini
435 2256 535 2286 nostri
547 2256 563 2288 J
566 2265 623 2288 esu
637 2257 752 2287 Christi
766 2257 832 2297 ipse
842 2257 930 2288 nobi-

154 2308 193 2338 lis
207 2308 372 2339 christiani
385 2310 544 2340 exereitus
555 2310 621 2341 dux
635 2311 796 2350 apostolus
811 2311 930 2342 Paulus

154 2362 318 2393 evidenter
331 2363 479 2401 ostendit,
495 2373 570 2394 cum
584 2365 623 2395 ad
642 2364 794 2396 Hebraeos
807 2365 882 2396 dicit
895 2366 903 2382 ¹
921 2376 928 2396 z

157 2416 331 2448 Currumus
359 2424 415 2455 per
440 2417 635 2456 patientiam
661 2418 706 2450 ud
731 2420 931 2459 propositum

154 2470 246 2502 nobis
255 2472 426 2507 certamen,
436 2471 627 2510 aspicientes
636 2473 672 2504 in
682 2475 841 2505 auctorem
851 2473 932 2512 fidei

157 2526 186 2556 et
198 2527 482 2556 consummatorem
496 2525 614 2563 Jesum,
631 2527 688 2565 qui
695 2528 857 2566 proposito
868 2527 932 2559 sibi

156 2577 287 2617 quadro,
317 2586 438 2610 crucem
466 2579 626 2612 sustinuit
644 2581 830 2619 confusione
857 2589 931 2612 con-

186 2660 197 2675 *
213 2658 299 2691 Helw„
314 2666 361 2691 xu,
377 2662 431 2685 1-2.
446 2674 477 2679 —-
492 2661 500 2675 ²
517 2661 535 2684 11
554 2661 622 2690 Cor„
639 2667 685 2692 111,
705 2663 744 2686 15.
758 2675 787 2679 —
802 2663 812 2679 3
827 2663 932 2694 Philip„

159 2701 178 2725 1,
193 2696 232 2719 23.
248 2708 278 2713 —
293 2696 301 2710 ⁴
319 2696 338 2720 11
356 2696 427 2726 Tim„
444 2703 480 2727 IV,
495 2699 517 2721 7.

1700 200 1753 230 431

978 265 1111 304 tempta.
1143 263 1203 295 Ubi
1232 263 1341 295 Glossa
1367 274 1374 296 :
1396 275 1411 294 α
1433 262 1590 296 Succincti
1605 266 1638 296 et
1660 274 1757 307 expe-

977 317 1033 349 diti
1048 326 1216 349 curramus
1228 318 1297 349 sine
1316 317 1512 350 dubitatione
1536 317 1577 349 ad
1598 320 1758 350 certamen

976 369 1134 410 martyrii,
1152 369 1340 410 aspicientes
1360 369 1394 400 in
1418 371 1581 401 auctorem
1598 370 1682 409 fidei,
1703 370 1758 411 qui

978 422 1095 454 scilicet
1115 423 1224 454 omnia
1247 423 1332 454 bona
1352 424 1480 454 terrena
1503 423 1702 463 contempsit,
1725 425 1761 455 ut

977 477 1210 508 contemnenda
1226 479 1427 516 monstraret3
1445 479 1474 509 et
1487 477 1596 508 omnia
1608 477 1762 509 malater-

978 539 1055 561 rena
1067 530 1237 569 sustinuit,
1254 540 1328 571 quae
1343 531 1527 562 sustinenda
1543 531 1759 572 praecipiebat,

978 586 1014 615 ut
1024 593 1081 615 nec
1094 584 1199 615 inillis
1213 586 1413 625 quaereretur
1426 585 1570 624 felicitas,
1582 585 1680 617 necin
1693 585 1762 616 istis

978 638 1144 669 timeretur
1158 638 1336 669 infelicitas.
1353 649 1367 667 ι)
1384 638 1420 669 Et
1436 639 1531 679 paulo
1548 641 1636 679 post:
1658 650 1672 668 «
1686 638 1763 671 Vin-

979 693 1048 723 ctus
1070 694 1136 729 est,
1159 691 1215 732 qui
1240 692 1469 722 infirmitatum
1495 692 1623 724 vincula
1650 693 1760 732 solvit;

980 748 1127 777 mortuus
1140 748 1196 784 est,
1213 746 1269 787 qui
1285 748 1429 778 mortuos
1444 747 1608 779 suscitavit
1626 759 1632 779 z
1654 757 1763 779 amore

980 801 1089 841 itaque
1104 802 1175 841 ejus
1196 801 1313 832 similia
1328 801 1499 841 patiamur.
1517 812 1530 829 »
1546 801 1622 832 Haec
1642 802 1761 834 Glossa.

980 854 1028 885 Ad
1044 855 1114 886 haec
1128 864 1256 895 quoque
1268 855 1352 886 idem
1368 854 1538 895 Apostolus
1549 865 1606 886 suo
1619 865 1676 887 nos
1693 856 1764 887 lior-

980 909 1067 939 tatur
1081 909 1240 949 exemplo,
1257 909 1296 940 ad
1311 908 1491 940 Corinthios
1505 909 1666 940 scribens:
1684 909 1762 950 1390,

981 962 1084 1002 inquit
1098 963 1109 979 ²
1124 987 1133 1001 ,
1151 962 1360 995 libentissime
1382 962 1577 1002 impendum,
1601 966 1630 995 et
1654 971 1765 1003 super—

981 1016 1151 1055 impendar
1185 1017 1254 1056 ipse
1284 1024 1341 1056 pro
1361 1017 1533 1048 animabus
1559 1017 1687 1050 vestris.
1717 1017 1764 1048 lbi

982 1070 1089 1102 Glossa
1105 1082 1112 1102 ε
1134 1082 1149 1100 α
1166 1070 1307 1102 Perfecta
1319 1071 1456 1102 charitas
1472 1071 1543 1102 haec
1557 1074 1616 1110 est,
1633 1074 1669 1103 ut
1689 1072 1763 1112 quis

982 1126 1112 1164 paratus
1139 1125 1179 1155 sit
1199 1125 1295 1156 etiam
1319 1134 1377 1165 pro
1399 1125 1553 1156 fratribus
1577 1126 1672 1157 mori.
1701 1125 1764 1157 Sed

983 1179 1161 1219 numquid,
1189 1188 1265 1210 mox
1292 1182 1328 1210 ut
1360 1179 1522 1217 nascitur,
1544 1181 1614 1220 J'am
1634 1189 1765 1220 prorsus

982 1233 1119 1272 perfecta
1147 1234 1212 1263 est?
1241 1234 1325 1272 imo,
1357 1235 1394 1264 ut
1423 1234 1623 1273 perficiatur,
1655 1235 1764 1266 nasci-

982 1288 1048 1316 tur.
1077 1285 1155 1316 Cum
1181 1286 1267 1317 enim
1286 1286 1381 1317 fuerit
1403 1289 1488 1326 nata,
1508 1288 1651 1319 nutritur
1659 1299 1666 1326 ;
1691 1297 1765 1319 cum

982 1339 1078 1370 fuerit
1096 1340 1235 1378 nutrita,
1252 1340 1436 1379 roboratum
1454 1350 1528 1372 cum
1542 1342 1638 1373 fuerit
1666 1343 1761 1374 roho·

983 1395 1068 1433 rata,
1094 1394 1271 1434 perficitur;
1288 1404 1362 1425 cum
1383 1395 1422 1425 ad
1447 1395 1673 1435 perfectionem
1696 1405 1766 1436 per—

982 1448 1117 1485 venerit,
1133 1448 1255 1478 dictt³z
1283 1448 1383 1488 Cupio
1404 1449 1446 1488 (α)
1472 1448 1623 1489 dissolvi,
1651 1452 1679 1482 et
1701 1458 1766 1482 esse

984 1510 1055 1533 cum
1073 1501 1210 1534 Christo.
1229 1512 1243 1530 1)
1261 1501 1336 1532 Haec
1351 1502 1468 1533 Glossa.
1490 1502 1549 1534 Per
1564 1512 1637 1543 quae
1652 1505 1764 1543 paten-

984 1557 1032 1586 ter
1046 1555 1221 1595 colligitur,
1238 1555 1322 1595 quod
1335 1556 1480 1595 perfectae
1496 1556 1660 1588 charitatis
1675 1559 1766 1588 actus

985 1611 1032 1641 051
1046 1609 1096 1640 5111
1106 1609 1246 1649 corporis
1260 1609 1500 1641 dissolutionem
1514 1612 1543 1641 et
1560 1613 1698 1642 mortem
1709 1621 1763 1652 ap-

984 1665 1101 1703 petere,
1121 1663 1269 1703 exemplo
1291 1663 1392 1703 ipsius
1414 1664 1555 1704 Apostoli
1577 1665 1711 1696 dicentis
1725 1666 1765 1697 ad

986 1717 1205 1757 Philippenses
1228 1728 1234 1748 ε
1266 1717 1365 1757 Cupio
1398 1717 1436 1757 (a)
1461 1718 1614 1757 dissolvi,
1646 1722 1676 1752 et
1703 1727 1766 1751 esse

985 1779 1056 1802 cum
1081 1771 1215 1803 Christo.
1239 1770 1297 1802 Ubi
1322 1771 1429 1802 Glossa
1449 1782 1455 1803 :
1489 1783 1504 1800 «
1529 1771 1610 1804 Sunt
1632 1773 1764 1813 quidam

984 1824 1131 1856 homines
1147 1825 1334 1865 imperfecti,
1359 1826 1413 1865 qui
1438 1834 1513 1856 011111
1529 1827 1680 1866 patientia
1695 1837 1764 1859 mo-

985 1879 1130 1917 riuntur3
1152 1881 1183 1909 et
1205 1881 1280 1909 sunt
1300 1879 1429 1919 quidam
1451 1879 1598 1911 homines
1622 1881 1763 1920 perfecti,

986 1932 1041 1972 qui
1056 1941 1129 1963 eum
1146 1933 1298 1972 patientia
1314 1933 1439 1964 vivunt.
1463 1932 1522 1970 Qui
1538 1934 1624 1964 enim
1639 1935 1763 1966 deside-

985 1989 1058 2017 rant
1070 1987 1164 2017 istam
1177 1987 1288 2025 vitam,
1302 1996 1375 2017 cum
1389 1987 1513 2019 venerit
1527 1987 1589 2018 illis
1603 1988 1669 2019 dies
1683 1998 1765 2019 mor-

985 2040 1036 2077 tis⁷
1053 2040 1215 2070 luctantur
1230 2040 1400 2072 adversum
1417 2050 1460 2079 se,
1477 2042 1513 2072 ut
1524 2044 1702 2082 sequantur
1713 2052 1765 2074 vo-

985 2093 1141 2124 luntatem
1172 2094 1243 2132 Dei3
1280 2095 1337 2134 qui
1365 2103 1442 2126 vero
1476 2095 1652 2134 desiderat,
1685 2096 1765 2127 510111

986 2148 1165 2188 Apostolus,
1181 2147 1322 2185 dissolvi,
1338 2150 1368 2178 et
1380 2157 1447 2178 csse
1460 2157 1533 2179 cum
1549 2148 1683 2188 Christo,
1699 2159 1764 2180 non

986 2201 1140 2242 patienter
1156 2202 1303 2240 moritur3
1321 2202 1374 2233 sed
1390 2202 1546 2242 patienter
1561 2203 1652 2241 vivit,
1668 2206 1699 2234 et
1714 2204 1764 2235 de-

986 2255 1172 2286 lectabiliter
1184 2256 1330 2287 moritur.
1341 2256 1429 2287 Unde
1438 2257 1576 2297 passioni
1588 2259 1764 2298 appropin-

986 2319 1103 2350 quans,
1132 2310 1295 2341 exultabat
1319 2312 1350 2341 et
1375 2311 1576 2350 gloriabatur
1597 2312 1705 2342 dicens
1726 2312 1736 2328 '’
1755 2323 1761 2343 :

987 2366 1111 2396 Bonum
1126 2366 1285 2396 certamen
1297 2365 1428 2401 certavi,
1452 2376 1466 2394 ›)
1479 2367 1537 2396 etc.
1554 2365 1628 2396 Ilaec
1644 2365 1762 2397 Glossa.

987 2418 1065 2449 Ecce
1086 2418 1171 2458 quod
1197 2418 1235 2457 (b)
1262 2417 1343 2448 1111111
1366 2418 1481 2450 clarius
1503 2420 1541 2450 ad
1565 2420 1764 2459 propositum

986 2474 1089 2513 potest
1107 2472 1233 2511 adduci,
1255 2482 1329 2503 cum
1356 2483 1506 2514 expresse
1525 2475 1622 2512 dicat,
1650 2475 1765 2514 persec-

987 2527 1107 2557 tionem
1141 2526 1303 2557 charitatis
1338 2528 1509 2558 consistere
1543 2529 1577 2558 in
1610 2528 1765 2559 desiderio
1799 2563 1802 2566 ⁴

988 2581 1110 2612 mortis.
1125 2580 1229 2612 Potest
1244 2583 1352 2612 autem
1367 2584 1398 2612 et
1418 2582 1476 2612 1100
1496 2582 1603 2622 ipsum
1619 2591 1765 2613 necessa-

989 2635 1035 2665 ria
1049 2635 1172 2666 ratione
1187 2635 1343 2666 concludi.
1361 2635 1392 2666 Si
1418 2636 1503 2665 enim
1519 2644 1620 2674 amor,
1639 2637 1674 2666 ut
1691 2636 1765 2666 dicit

1021 2698 1053 2729 (a)
1069 2699 1144 2729 Vutg.
1164 2698 1312 2722 desiderium
1333 2698 1431 2722 liabens.
1452 2712 1482 2716 —
1500 2699 1531 2729 (b)
1549 2699 1623 2722 Forte
1640 2699 1688 2730 leq.
1703 2706 1764 2730 quo.
