<?xml version="1.0" encoding="UTF-8"?>
<!DOCTYPE html PUBLIC "-//W3C//DTD XHTML 1.0 Transitional//EN"
    "http://www.w3.org/TR/xhtml1/DTD/xhtml1-transitional.dtd">
<html xmlns="http://www.w3.org/1999/xhtml" xml:lang="en" lang="en">
 <head>
  <title>
</title>
<meta http-equiv="Content-Type" content="text/html;charset=utf-8" />
  <meta name='ocr-system' content='tesseract 3.04.00' />
  <meta name='ocr-capabilities' content='ocr_page ocr_carea ocr_par ocr_line ocrx_word'/>
</head>
<body>
  <div class='ocr_page' id='page_1' title='image "./operaomniasixtiv14bonauoft_0523.png"; bbox 0 0 2029 3052; ppageno 0'>
   <div class='ocr_carea' id='block_1_1' title="bbox 619 205 1307 250">
    <p class='ocr_par' dir='ltr' id='par_1_1' title="bbox 619 205 1307 250">
     <span class='ocr_line' id='line_1_1' title="bbox 619 205 1307 250; baseline 0.007 -12"><span class='ocrx_word' id='word_1_1' title='bbox 619 205 903 250; x_wconf 73' lang='lat' dir='ltr'><strong>RESPONsioNtS</strong></span> <span class='ocrx_word' id='word_1_2' title='bbox 923 206 1081 240; x_wconf 87' lang='lat' dir='ltr'><strong>TERTlAE</strong></span> <span class='ocrx_word' id='word_1_3' title='bbox 1103 209 1233 242; x_wconf 84' lang='lat' dir='ltr'>CAPUT</span> <span class='ocrx_word' id='word_1_4' title='bbox 1255 211 1307 243; x_wconf 91' lang='grc' dir='ltr'><strong>ΙΙΙ.</strong></span> 
     </span>
    </p>
   </div>
   <div class='ocr_carea' id='block_1_2' title="bbox 146 274 933 2584">
    <p class='ocr_par' dir='ltr' id='par_1_2' title="bbox 146 274 933 2584">
     <span class='ocr_line' id='line_1_2' title="bbox 152 274 933 318; baseline -0.008 -7"><span class='ocrx_word' id='word_1_5' title='bbox 152 289 227 311; x_wconf 90' lang='lat' dir='ltr'><strong>cum</strong></span> <span class='ocrx_word' id='word_1_6' title='bbox 243 287 300 311; x_wconf 89' lang='lat' dir='ltr'><strong>vos</strong></span> <span class='ocrx_word' id='word_1_7' title='bbox 314 279 397 310; x_wconf 89' lang='lat' dir='ltr'><strong>bona</strong></span> <span class='ocrx_word' id='word_1_8' title='bbox 408 278 513 318; x_wconf 80' lang='lat' dir='ltr'><strong>egisse</strong></span> <span class='ocrx_word' id='word_1_9' title='bbox 526 275 675 315; x_wconf 88' lang='lat' dir='ltr'><strong>recolitis,</strong></span> <span class='ocrx_word' id='word_1_10' title='bbox 702 274 794 307; x_wconf 88' lang='lat' dir='ltr'><strong>valde</strong></span> <span class='ocrx_word' id='word_1_11' title='bbox 819 275 857 306; x_wconf 89' lang='lat' dir='ltr'><strong>de</strong></span> <span class='ocrx_word' id='word_1_12' title='bbox 883 274 933 306; x_wconf 88' lang='lat' dir='ltr'><strong>his</strong></span> 
     </span>
     <span class='ocr_line' id='line_1_3' title="bbox 151 329 932 376; baseline -0.008 -11"><span class='ocrx_word' id='word_1_13' title='bbox 151 332 364 376; x_wconf 80' lang='lat' dir='ltr'>pertimescite</span> <span class='ocrx_word' id='word_1_14' title='bbox 375 356 383 371; x_wconf 92' lang='lat'><strong>,</strong></span> <span class='ocrx_word' id='word_1_15' title='bbox 412 341 453 363; x_wconf 90' lang='lat' dir='ltr'><strong>ne</strong></span> <span class='ocrx_word' id='word_1_16' title='bbox 480 339 628 363; x_wconf 88' lang='lat' dir='ltr'><strong>concessa</strong></span> <span class='ocrx_word' id='word_1_17' title='bbox 656 329 748 362; x_wconf 88' lang='lat' dir='ltr'><strong>vobis</strong></span> <span class='ocrx_word' id='word_1_18' title='bbox 771 329 932 370; x_wconf 89' lang='lat' dir='ltr'><strong>prosperi-</strong></span> 
     </span>
     <span class='ocr_line' id='line_1_4' title="bbox 152 384 930 425; baseline -0.005 -7"><span class='ocrx_word' id='word_1_19' title='bbox 152 389 218 425; x_wconf 87' lang='lat' dir='ltr'><strong>tas,</strong></span> <span class='ocrx_word' id='word_1_20' title='bbox 251 386 438 418; x_wconf 90' lang='lat' dir='ltr'><strong>eorumdem</strong></span> <span class='ocrx_word' id='word_1_21' title='bbox 457 385 673 417; x_wconf 78' lang='lat' dir='ltr'><strong>remuneratio</strong></span> <span class='ocrx_word' id='word_1_22' title='bbox 698 384 738 415; x_wconf 91' lang='lat' dir='ltr'><strong>sit</strong></span> <span class='ocrx_word' id='word_1_23' title='bbox 759 384 930 415; x_wconf 90' lang='lat' dir='ltr'><strong>bonorum.</strong></span> 
     </span>
     <span class='ocr_line' id='line_1_5' title="bbox 153 438 930 481; baseline -0.005 -9"><span class='ocrx_word' id='word_1_24' title='bbox 153 441 278 472; x_wconf 88' lang='lat' dir='ltr'><strong>Etcum</strong></span> <span class='ocrx_word' id='word_1_25' title='bbox 293 439 453 481; x_wconf 90' lang='lat' dir='ltr'><strong>quoslibet</strong></span> <span class='ocrx_word' id='word_1_26' title='bbox 466 447 622 480; x_wconf 80' lang='lat' dir='ltr'><strong>pauperes</strong></span> <span class='ocrx_word' id='word_1_27' title='bbox 642 438 797 470; x_wconf 88' lang='lat' dir='ltr'><strong>nonnulla</strong></span> <span class='ocrx_word' id='word_1_28' title='bbox 822 447 930 478; x_wconf 91' lang='lat' dir='ltr'><strong>repre-</strong></span> 
     </span>
     <span class='ocr_line' id='line_1_6' title="bbox 151 492 932 534; baseline -0.004 -9"><span class='ocrx_word' id='word_1_29' title='bbox 151 494 320 526; x_wconf 84' lang='lat' dir='ltr'><strong>hensibilia</strong></span> <span class='ocrx_word' id='word_1_30' title='bbox 344 495 525 534; x_wconf 85' lang='lat' dir='ltr'><strong>perpetrare</strong></span> <span class='ocrx_word' id='word_1_31' title='bbox 545 492 743 533; x_wconf 87' lang='lat' dir='ltr'><strong>conspicitis,</strong></span> <span class='ocrx_word' id='word_1_32' title='bbox 765 492 863 523; x_wconf 89' lang='lat' dir='ltr'><strong>nolite</strong></span> <span class='ocrx_word' id='word_1_33' title='bbox 881 492 932 523; x_wconf 90' lang='lat' dir='ltr'><strong>de-</strong></span> 
     </span>
     <span class='ocr_line' id='line_1_7' title="bbox 151 546 933 588; baseline -0.003 -9"><span class='ocrx_word' id='word_1_34' title='bbox 151 548 290 588; x_wconf 83' lang='lat' dir='ltr'><strong>spicere,</strong></span> <span class='ocrx_word' id='word_1_35' title='bbox 321 547 420 579; x_wconf 91' lang='lat' dir='ltr'><strong>nolite</strong></span> <span class='ocrx_word' id='word_1_36' title='bbox 448 548 618 588; x_wconf 87' lang='lat' dir='ltr'><strong>desperare</strong></span> <span class='ocrx_word' id='word_1_37' title='bbox 649 558 656 578; x_wconf 71' lang='grc' dir='ltr'><em>ι</em></span> <span class='ocrx_word' id='word_1_38' title='bbox 687 546 764 587; x_wconf 91' lang='lat' dir='ltr'><strong>quia</strong></span> <span class='ocrx_word' id='word_1_39' title='bbox 791 546 933 578; x_wconf 75' lang='lat' dir='ltr'>fortassis</span> 
     </span>
     <span class='ocr_line' id='line_1_8' title="bbox 150 600 933 642; baseline -0.003 -9"><span class='ocrx_word' id='word_1_40' title='bbox 150 601 237 642; x_wconf 90' lang='lat' dir='ltr'><strong>quod</strong></span> <span class='ocrx_word' id='word_1_41' title='bbox 279 601 484 642; x_wconf 86' lang='lat' dir='ltr'><strong>superfluitas</strong></span> <span class='ocrx_word' id='word_1_42' title='bbox 524 600 721 632; x_wconf 86' lang='lat' dir='ltr'><strong>tenuissimae</strong></span> <span class='ocrx_word' id='word_1_43' title='bbox 764 600 933 641; x_wconf 88' lang='lat' dir='ltr'><strong>pravitatis</strong></span> 
     </span>
     <span class='ocr_line' id='line_1_9' title="bbox 150 654 930 695; baseline -0.001 -9"><span class='ocrx_word' id='word_1_44' title='bbox 150 654 314 695; x_wconf 80' lang='lat' dir='ltr'><strong>inquinat,</strong></span> <span class='ocrx_word' id='word_1_45' title='bbox 341 654 487 685; x_wconf 89' lang='lat' dir='ltr'><strong>caminus</strong></span> <span class='ocrx_word' id='word_1_46' title='bbox 511 654 707 695; x_wconf 81' lang='lat' dir='ltr'><strong>paupertatis</strong></span> <span class='ocrx_word' id='word_1_47' title='bbox 731 656 860 694; x_wconf 80' lang='lat' dir='ltr'><strong>purgat.</strong></span> <span class='ocrx_word' id='word_1_48' title='bbox 887 654 930 685; x_wconf 89' lang='lat' dir='ltr'><strong>De</strong></span> 
     </span>
     <span class='ocr_line' id='line_1_10' title="bbox 153 707 931 748; baseline -0.003 -8"><span class='ocrx_word' id='word_1_49' title='bbox 153 708 242 740; x_wconf 88' lang='lat' dir='ltr'><strong>vobis</strong></span> <span class='ocrx_word' id='word_1_50' title='bbox 265 709 397 740; x_wconf 88' lang='lat' dir='ltr'><strong>omnino</strong></span> <span class='ocrx_word' id='word_1_51' title='bbox 419 707 643 748; x_wconf 79' lang='lat' dir='ltr'><strong>pertimescite,</strong></span> <span class='ocrx_word' id='word_1_52' title='bbox 669 708 746 748; x_wconf 90' lang='lat' dir='ltr'><strong>quia</strong></span> <span class='ocrx_word' id='word_1_53' title='bbox 774 708 931 739; x_wconf 87' lang='lat' dir='ltr'><strong>nonnulla</strong></span> 
     </span>
     <span class='ocr_line' id='line_1_11' title="bbox 149 762 931 802; baseline -0.003 -7"><span class='ocrx_word' id='word_1_54' title='bbox 149 763 245 795; x_wconf 84' lang='lat' dir='ltr'><strong>etiarn</strong></span> <span class='ocrx_word' id='word_1_55' title='bbox 262 763 345 794; x_wconf 89' lang='lat' dir='ltr'><strong>male</strong></span> <span class='ocrx_word' id='word_1_56' title='bbox 359 764 425 793; x_wconf 86' lang='lat' dir='ltr'><strong>acta</strong></span> <span class='ocrx_word' id='word_1_57' title='bbox 444 771 597 802; x_wconf 89' lang='lat' dir='ltr'><strong>prospera</strong></span> <span class='ocrx_word' id='word_1_58' title='bbox 611 762 677 793; x_wconf 88' lang='lat' dir='ltr'><strong>vita</strong></span> <span class='ocrx_word' id='word_1_59' title='bbox 691 764 799 793; x_wconf 89' lang='lat' dir='ltr'><strong>secuta</strong></span> <span class='ocrx_word' id='word_1_60' title='bbox 813 763 872 793; x_wconf 87' lang='lat' dir='ltr'><strong>est.</strong></span> <span class='ocrx_word' id='word_1_61' title='bbox 888 762 931 793; x_wconf 89' lang='lat' dir='ltr'><strong>De</strong></span> 
     </span>
     <span class='ocr_line' id='line_1_12' title="bbox 149 816 931 856; baseline -0.001 -8"><span class='ocrx_word' id='word_1_62' title='bbox 149 818 212 849; x_wconf 89' lang='lat' dir='ltr'><strong>illis</strong></span> <span class='ocrx_word' id='word_1_63' title='bbox 227 826 303 848; x_wconf 90' lang='lat' dir='ltr'><strong>vero</strong></span> <span class='ocrx_word' id='word_1_64' title='bbox 317 816 448 848; x_wconf 85' lang='lat' dir='ltr'><strong>sollicite</strong></span> <span class='ocrx_word' id='word_1_65' title='bbox 459 817 599 856; x_wconf 87' lang='lat' dir='ltr'><strong>pensate,</strong></span> <span class='ocrx_word' id='word_1_66' title='bbox 616 816 692 856; x_wconf 89' lang='lat' dir='ltr'><strong>quia</strong></span> <span class='ocrx_word' id='word_1_67' title='bbox 706 825 818 847; x_wconf 90' lang='lat' dir='ltr'><strong>eorum</strong></span> <span class='ocrx_word' id='word_1_68' title='bbox 829 817 931 848; x_wconf 86' lang='lat' dir='ltr'><strong>vitam</strong></span> 
     </span>
     <span class='ocr_line' id='line_1_13' title="bbox 150 870 932 911; baseline -0.001 -9"><span class='ocrx_word' id='word_1_69' title='bbox 150 871 306 911; x_wconf 84' lang='lat' dir='ltr'><strong>magistra</strong></span> <span class='ocrx_word' id='word_1_70' title='bbox 330 872 501 911; x_wconf 82' lang='lat' dir='ltr'><strong>paupertas</strong></span> <span class='ocrx_word' id='word_1_71' title='bbox 530 870 667 907; x_wconf 85' lang='lat' dir='ltr'><strong>cruciat,</strong></span> <span class='ocrx_word' id='word_1_72' title='bbox 698 879 867 910; x_wconf 87' lang='lat' dir='ltr'><strong>quousque</strong></span> <span class='ocrx_word' id='word_1_73' title='bbox 891 870 932 901; x_wconf 89' lang='lat' dir='ltr'><strong>ad</strong></span> 
     </span>
     <span class='ocr_line' id='line_1_14' title="bbox 148 923 931 964; baseline -0.001 -8"><span class='ocrx_word' id='word_1_74' title='bbox 148 925 371 956; x_wconf 81' lang='lat' dir='ltr'><strong>rectitudinem</strong></span> <span class='ocrx_word' id='word_1_75' title='bbox 393 923 586 964; x_wconf 85' lang='lat' dir='ltr'><strong>perducat.»</strong></span> <span class='ocrx_word' id='word_1_76' title='bbox 611 923 776 961; x_wconf 88' lang='lat' dir='ltr'><strong>Secundo,</strong></span> <span class='ocrx_word' id='word_1_77' title='bbox 801 926 931 964; x_wconf 90' lang='lat' dir='ltr'><strong>propter</strong></span> 
     </span>
     <span class='ocr_line' id='line_1_15' title="bbox 149 977 931 1018; baseline -0.001 -8"><span class='ocrx_word' id='word_1_78' title='bbox 149 978 398 1010; x_wconf 76' lang='lat' dir='ltr'><strong>subtractionem</strong></span> <span class='ocrx_word' id='word_1_79' title='bbox 426 977 629 1008; x_wconf 82' lang='lat' dir='ltr'><strong>occasionum</strong></span> <span class='ocrx_word' id='word_1_80' title='bbox 655 977 826 1017; x_wconf 87' lang='lat' dir='ltr'><strong>peccandi,</strong></span> <span class='ocrx_word' id='word_1_81' title='bbox 856 987 931 1018; x_wconf 78' lang='lat' dir='ltr'><strong>quae</strong></span> 
     </span>
     <span class='ocr_line' id='line_1_16' title="bbox 150 1031 929 1069; baseline 0 -6"><span class='ocrx_word' id='word_1_82' title='bbox 150 1032 234 1063; x_wconf 89' lang='lat' dir='ltr'><strong>sicut</strong></span> <span class='ocrx_word' id='word_1_83' title='bbox 248 1032 434 1063; x_wconf 87' lang='lat' dir='ltr'><strong>divitiarum</strong></span> <span class='ocrx_word' id='word_1_84' title='bbox 449 1031 613 1061; x_wconf 82' lang='lat' dir='ltr'><strong>affluentia</strong></span> <span class='ocrx_word' id='word_1_85' title='bbox 628 1033 788 1069; x_wconf 89' lang='lat' dir='ltr'><strong>crescunt,</strong></span> <span class='ocrx_word' id='word_1_86' title='bbox 812 1031 856 1062; x_wconf 88' lang='lat' dir='ltr'><strong>sic</strong></span> <span class='ocrx_word' id='word_1_87' title='bbox 871 1041 929 1063; x_wconf 87' lang='lat' dir='ltr'><strong>vo-</strong></span> 
     </span>
     <span class='ocr_line' id='line_1_17' title="bbox 148 1084 929 1126; baseline 0.001 -11"><span class='ocrx_word' id='word_1_88' title='bbox 148 1085 289 1116; x_wconf 88' lang='lat' dir='ltr'><strong>luntaria</strong></span> <span class='ocrx_word' id='word_1_89' title='bbox 304 1086 490 1125; x_wconf 89' lang='lat' dir='ltr'><strong>paupertate</strong></span> <span class='ocrx_word' id='word_1_90' title='bbox 505 1085 710 1116; x_wconf 89' lang='lat' dir='ltr'><strong>minuuntur.</strong></span> <span class='ocrx_word' id='word_1_91' title='bbox 724 1084 811 1116; x_wconf 88' lang='lat' dir='ltr'><strong>Unde</strong></span> <span class='ocrx_word' id='word_1_92' title='bbox 827 1085 929 1126; x_wconf 87' lang='lat' dir='ltr'><strong>Chry-</strong></span> 
     </span>
     <span class='ocr_line' id='line_1_18' title="bbox 150 1139 931 1180; baseline 0 -9"><span class='ocrx_word' id='word_1_93' title='bbox 150 1141 310 1171; x_wconf 85' lang='lat' dir='ltr'><strong>sostomus</strong></span> <span class='ocrx_word' id='word_1_94' title='bbox 325 1140 422 1171; x_wconf 87' lang='lat' dir='ltr'><strong>dicit¹</strong></span> <span class='ocrx_word' id='word_1_95' title='bbox 448 1150 455 1170; x_wconf 88' lang='lat'>:</span> <span class='ocrx_word' id='word_1_96' title='bbox 477 1139 705 1170; x_wconf 87' lang='lat' dir='ltr'><strong>«Christianus</strong></span> <span class='ocrx_word' id='word_1_97' title='bbox 725 1140 759 1170; x_wconf 90' lang='lat' dir='ltr'><strong>in</strong></span> <span class='ocrx_word' id='word_1_98' title='bbox 779 1141 931 1180; x_wconf 86' lang='lat' dir='ltr'><strong>pauperie</strong></span> 
     </span>
     <span class='ocr_line' id='line_1_19' title="bbox 149 1194 930 1234; baseline 0 -10"><span class='ocrx_word' id='word_1_99' title='bbox 149 1194 351 1231; x_wconf 77' lang='lat' dir='ltr'><strong>constitutus,</strong></span> <span class='ocrx_word' id='word_1_100' title='bbox 370 1203 466 1234; x_wconf 88' lang='lat' dir='ltr'><strong>quam</strong></span> <span class='ocrx_word' id='word_1_101' title='bbox 482 1203 556 1225; x_wconf 87' lang='lat' dir='ltr'><strong>cum</strong></span> <span class='ocrx_word' id='word_1_102' title='bbox 571 1194 708 1233; x_wconf 87' lang='lat' dir='ltr'><strong>divitiis,</strong></span> <span class='ocrx_word' id='word_1_103' title='bbox 727 1194 831 1234; x_wconf 85' lang='lat' dir='ltr'><strong>magis</strong></span> <span class='ocrx_word' id='word_1_104' title='bbox 849 1194 930 1225; x_wconf 90' lang='lat' dir='ltr'><strong>irra-</strong></span> 
     </span>
     <span class='ocr_line' id='line_1_20' title="bbox 149 1247 931 1288; baseline 0.001 -9"><span class='ocrx_word' id='word_1_105' title='bbox 149 1248 225 1280; x_wconf 87' lang='lat' dir='ltr'><strong>diat.</strong></span> <span class='ocrx_word' id='word_1_106' title='bbox 244 1248 410 1285; x_wconf 83' lang='lat' dir='ltr'><strong>Quomodo</strong></span> <span class='ocrx_word' id='word_1_107' title='bbox 421 1249 436 1279; x_wconf 75' lang='lat'><strong>⁸?</strong></span> <span class='ocrx_word' id='word_1_108' title='bbox 447 1247 523 1288; x_wconf 88' lang='lat' dir='ltr'><strong>quia</strong></span> <span class='ocrx_word' id='word_1_109' title='bbox 537 1248 679 1279; x_wconf 85' lang='lat' dir='ltr'><strong>excludit</strong></span> <span class='ocrx_word' id='word_1_110' title='bbox 695 1257 714 1278; x_wconf 91' lang='lat' dir='ltr'><strong>a</strong></span> <span class='ocrx_word' id='word_1_111' title='bbox 727 1257 760 1278; x_wconf 89' lang='lat' dir='ltr'><strong>se</strong></span> <span class='ocrx_word' id='word_1_112' title='bbox 771 1249 931 1288; x_wconf 72' lang='lat' dir='ltr'><strong>superbiae</strong></span> 
     </span>
     <span class='ocr_line' id='line_1_21' title="bbox 147 1302 930 1343; baseline 0 -10"><span class='ocrx_word' id='word_1_113' title='bbox 147 1302 300 1343; x_wconf 84' lang='lat' dir='ltr'><strong>typhum;</strong></span> <span class='ocrx_word' id='word_1_114' title='bbox 317 1311 381 1333; x_wconf 91' lang='lat' dir='ltr'><strong>non</strong></span> <span class='ocrx_word' id='word_1_115' title='bbox 396 1302 456 1332; x_wconf 87' lang='lat' dir='ltr'><strong>erit</strong></span> <span class='ocrx_word' id='word_1_116' title='bbox 471 1311 643 1341; x_wconf 76' lang='lat' dir='ltr'><strong>arrogans,</strong></span> <span class='ocrx_word' id='word_1_117' title='bbox 658 1302 713 1332; x_wconf 90' lang='lat' dir='ltr'><strong>sed</strong></span> <span class='ocrx_word' id='word_1_118' title='bbox 727 1302 861 1341; x_wconf 87' lang='lat' dir='ltr'><strong>patiens,</strong></span> <span class='ocrx_word' id='word_1_119' title='bbox 875 1303 930 1334; x_wconf 89' lang='lat' dir='ltr'><strong>ob-</strong></span> 
     </span>
     <span class='ocr_line' id='line_1_22' title="bbox 147 1355 931 1396; baseline 0 -8"><span class='ocrx_word' id='word_1_120' title='bbox 147 1358 339 1396; x_wconf 82' lang='lat' dir='ltr'><strong>temperans,</strong></span> <span class='ocrx_word' id='word_1_121' title='bbox 369 1356 515 1396; x_wconf 84' lang='lat' dir='ltr'><strong>pudicus,</strong></span> <span class='ocrx_word' id='word_1_122' title='bbox 542 1355 628 1386; x_wconf 77' lang='lat' dir='ltr'><strong>mit1s</strong></span> <span class='ocrx_word' id='word_1_123' title='bbox 651 1357 682 1386; x_wconf 88' lang='lat' dir='ltr'><strong>et</strong></span> <span class='ocrx_word' id='word_1_124' title='bbox 708 1356 845 1396; x_wconf 89' lang='lat' dir='ltr'><strong>sapiens.</strong></span> <span class='ocrx_word' id='word_1_125' title='bbox 870 1356 931 1394; x_wconf 84' lang='lat' dir='ltr'><strong>Qui</strong></span> 
     </span>
     <span class='ocr_line' id='line_1_23' title="bbox 148 1409 930 1447; baseline 0 -6"><span class='ocrx_word' id='word_1_126' title='bbox 148 1419 225 1442; x_wconf 85' lang='lat' dir='ltr'><strong>vero</strong></span> <span class='ocrx_word' id='word_1_127' title='bbox 240 1410 272 1440; x_wconf 90' lang='lat' dir='ltr'><strong>in</strong></span> <span class='ocrx_word' id='word_1_128' title='bbox 293 1409 413 1441; x_wconf 89' lang='lat' dir='ltr'><strong>divitiis</strong></span> <span class='ocrx_word' id='word_1_129' title='bbox 428 1409 620 1440; x_wconf 89' lang='lat' dir='ltr'><strong>constitutus</strong></span> <span class='ocrx_word' id='word_1_130' title='bbox 636 1411 700 1447; x_wconf 90' lang='lat' dir='ltr'><strong>est,</strong></span> <span class='ocrx_word' id='word_1_131' title='bbox 720 1409 823 1440; x_wconf 86' lang='lat' dir='ltr'><strong>multa</strong></span> <span class='ocrx_word' id='word_1_132' title='bbox 837 1410 930 1441; x_wconf 83' lang='lat' dir='ltr'><strong>illum</strong></span> 
     </span>
     <span class='ocr_line' id='line_1_24' title="bbox 148 1463 929 1505; baseline 0.001 -10"><span class='ocrx_word' id='word_1_133' title='bbox 148 1464 185 1495; x_wconf 88' lang='lat' dir='ltr'><strong>ad</strong></span> <span class='ocrx_word' id='word_1_134' title='bbox 201 1464 287 1495; x_wconf 88' lang='lat' dir='ltr'><strong>bona</strong></span> <span class='ocrx_word' id='word_1_135' title='bbox 302 1463 511 1504; x_wconf 61' lang='lat' dir='ltr'><strong>praepediunt.</strong></span> <span class='ocrx_word' id='word_1_136' title='bbox 526 1463 735 1503; x_wconf 83' lang='lat' dir='ltr'><strong>Inspiciamus</strong></span> <span class='ocrx_word' id='word_1_137' title='bbox 747 1473 838 1503; x_wconf 84' lang='lat' dir='ltr'><strong>ergo,</strong></span> <span class='ocrx_word' id='word_1_138' title='bbox 856 1475 929 1505; x_wconf 83' lang='lat' dir='ltr'><strong>quae</strong></span> 
     </span>
     <span class='ocr_line' id='line_1_25' title="bbox 148 1517 926 1559; baseline 0 -10"><span class='ocrx_word' id='word_1_139' title='bbox 148 1520 223 1559; x_wconf 86' lang='lat' dir='ltr'><strong>sunt</strong></span> <span class='ocrx_word' id='word_1_140' title='bbox 250 1526 324 1558; x_wconf 85' lang='lat' dir='ltr'><strong>quae</strong></span> <span class='ocrx_word' id='word_1_141' title='bbox 350 1518 439 1548; x_wconf 88' lang='lat' dir='ltr'><strong>dives</strong></span> <span class='ocrx_word' id='word_1_142' title='bbox 468 1519 619 1557; x_wconf 88' lang='lat' dir='ltr'><strong>operatur</strong></span> <span class='ocrx_word' id='word_1_143' title='bbox 649 1528 656 1548; x_wconf 87' lang='lat'><strong>:</strong></span> <span class='ocrx_word' id='word_1_144' title='bbox 685 1517 768 1558; x_wconf 84' lang='lat' dir='ltr'><strong>rapit</strong></span> <span class='ocrx_word' id='word_1_145' title='bbox 800 1519 926 1556; x_wconf 88' lang='lat' dir='ltr'><strong>aliena,</strong></span> 
     </span>
     <span class='ocr_line' id='line_1_26' title="bbox 148 1571 927 1614; baseline 0.001 -10"><span class='ocrx_word' id='word_1_146' title='bbox 148 1573 262 1604; x_wconf 85' lang='lat' dir='ltr'><strong>aestuat</strong></span> <span class='ocrx_word' id='word_1_147' title='bbox 276 1571 459 1611; x_wconf 87' lang='lat' dir='ltr'><strong>cupiditate,</strong></span> <span class='ocrx_word' id='word_1_148' title='bbox 476 1571 628 1602; x_wconf 80' lang='lat' dir='ltr'><strong>nefandos</strong></span> <span class='ocrx_word' id='word_1_149' title='bbox 643 1581 708 1602; x_wconf 87' lang='lat' dir='ltr'><strong>non</strong></span> <span class='ocrx_word' id='word_1_150' title='bbox 724 1572 840 1604; x_wconf 88' lang='lat' dir='ltr'><strong>desinit</strong></span> <span class='ocrx_word' id='word_1_151' title='bbox 854 1583 927 1614; x_wconf 87' lang='lat' dir='ltr'><strong>per-</strong></span> 
     </span>
     <span class='ocr_line' id='line_1_27' title="bbox 147 1626 926 1664; baseline 0.001 -6"><span class='ocrx_word' id='word_1_152' title='bbox 147 1628 283 1658; x_wconf 87' lang='lat' dir='ltr'><strong>tractare</strong></span> <span class='ocrx_word' id='word_1_153' title='bbox 305 1626 509 1664; x_wconf 87' lang='lat' dir='ltr'><strong>concubitus,</strong></span> <span class='ocrx_word' id='word_1_154' title='bbox 536 1626 692 1657; x_wconf 81' lang='lat' dir='ltr'><strong>maleficia</strong></span> <span class='ocrx_word' id='word_1_155' title='bbox 712 1629 826 1658; x_wconf 88' lang='lat' dir='ltr'><strong>cuncta</strong></span> <span class='ocrx_word' id='word_1_156' title='bbox 838 1637 926 1659; x_wconf 92' lang='lat' dir='ltr'><strong>com-</strong></span> 
     </span>
     <span class='ocr_line' id='line_1_28' title="bbox 147 1680 928 1713; baseline 0.003 -2"><span class='ocrx_word' id='word_1_157' title='bbox 147 1681 255 1712; x_wconf 83' lang='lat' dir='ltr'><strong>mittit.</strong></span> <span class='ocrx_word' id='word_1_158' title='bbox 272 1680 384 1711; x_wconf 91' lang='lat' dir='ltr'><strong>Nonne</strong></span> <span class='ocrx_word' id='word_1_159' title='bbox 399 1680 549 1712; x_wconf 89' lang='lat' dir='ltr'><strong>universa</strong></span> <span class='ocrx_word' id='word_1_160' title='bbox 563 1680 633 1711; x_wconf 88' lang='lat' dir='ltr'><strong>haec</strong></span> <span class='ocrx_word' id='word_1_161' title='bbox 654 1689 695 1711; x_wconf 80' lang='lat' dir='ltr'><strong>ex</strong></span> <span class='ocrx_word' id='word_1_162' title='bbox 717 1681 836 1712; x_wconf 89' lang='lat' dir='ltr'><strong>divitiis</strong></span> <span class='ocrx_word' id='word_1_163' title='bbox 851 1691 928 1713; x_wconf 90' lang='lat' dir='ltr'><strong>con-</strong></span> 
     </span>
     <span class='ocr_line' id='line_1_29' title="bbox 147 1734 928 1776; baseline 0.003 -11"><span class='ocrx_word' id='word_1_164' title='bbox 147 1735 243 1775; x_wconf 84' lang='lat' dir='ltr'><strong>spicis</strong></span> <span class='ocrx_word' id='word_1_165' title='bbox 260 1734 431 1774; x_wconf 80' lang='lat' dir='ltr'><strong>generari?</strong></span> <span class='ocrx_word' id='word_1_166' title='bbox 445 1734 582 1765; x_wconf 88' lang='lat' dir='ltr'><strong>Intueris</strong></span> <span class='ocrx_word' id='word_1_167' title='bbox 595 1735 756 1774; x_wconf 86' lang='lat' dir='ltr'><strong>quomodo</strong></span> <span class='ocrx_word' id='word_1_168' title='bbox 767 1735 799 1765; x_wconf 94' lang='lat' dir='ltr'><strong>in</strong></span> <span class='ocrx_word' id='word_1_169' title='bbox 811 1745 928 1776; x_wconf 84' lang='lat' dir='ltr'><strong>paupe-</strong></span> 
     </span>
     <span class='ocr_line' id='line_1_30' title="bbox 146 1788 928 1828; baseline 0.004 -10"><span class='ocrx_word' id='word_1_170' title='bbox 146 1789 205 1827; x_wconf 89' lang='lat' dir='ltr'><strong>rie,</strong></span> <span class='ocrx_word' id='word_1_171' title='bbox 222 1788 328 1827; x_wconf 86' lang='lat' dir='ltr'><strong>magis</strong></span> <span class='ocrx_word' id='word_1_172' title='bbox 344 1798 441 1828; x_wconf 87' lang='lat' dir='ltr'><strong>quam</strong></span> <span class='ocrx_word' id='word_1_173' title='bbox 456 1788 490 1818; x_wconf 93' lang='lat' dir='ltr'><strong>in</strong></span> <span class='ocrx_word' id='word_1_174' title='bbox 504 1788 633 1827; x_wconf 90' lang='lat' dir='ltr'><strong>divitiis,</strong></span> <span class='ocrx_word' id='word_1_175' title='bbox 650 1789 785 1819; x_wconf 88' lang='lat' dir='ltr'><strong>virtutes</strong></span> <span class='ocrx_word' id='word_1_176' title='bbox 805 1789 928 1821; x_wconf 78' lang='lat' dir='ltr'><strong>facilius</strong></span> 
     </span>
     <span class='ocr_line' id='line_1_31' title="bbox 148 1841 927 1882; baseline 0.003 -10"><span class='ocrx_word' id='word_1_177' title='bbox 148 1842 358 1882; x_wconf 87' lang='lat' dir='ltr'><strong>possidemus.</strong></span> <span class='ocrx_word' id='word_1_178' title='bbox 376 1842 438 1873; x_wconf 90' lang='lat' dir='ltr'><strong>Nec</strong></span> <span class='ocrx_word' id='word_1_179' title='bbox 447 1841 529 1872; x_wconf 89' lang='lat' dir='ltr'><strong>mihi</strong></span> <span class='ocrx_word' id='word_1_180' title='bbox 540 1842 637 1880; x_wconf 88' lang='lat' dir='ltr'><strong>dicas,</strong></span> <span class='ocrx_word' id='word_1_181' title='bbox 650 1842 725 1882; x_wconf 89' lang='lat' dir='ltr'><strong>quia</strong></span> <span class='ocrx_word' id='word_1_182' title='bbox 740 1842 773 1872; x_wconf 91' lang='lat' dir='ltr'><strong>in</strong></span> <span class='ocrx_word' id='word_1_183' title='bbox 786 1843 846 1873; x_wconf 88' lang='lat' dir='ltr'><strong>hac</strong></span> <span class='ocrx_word' id='word_1_184' title='bbox 861 1844 927 1874; x_wconf 88' lang='lat' dir='ltr'><strong>vita</strong></span> 
     </span>
     <span class='ocr_line' id='line_1_32' title="bbox 148 1895 925 1936; baseline 0 -9"><span class='ocrx_word' id='word_1_185' title='bbox 148 1896 262 1927; x_wconf 90' lang='lat' dir='ltr'><strong>divites</strong></span> <span class='ocrx_word' id='word_1_186' title='bbox 285 1895 408 1926; x_wconf 85' lang='lat' dir='ltr'><strong>nullam</strong></span> <span class='ocrx_word' id='word_1_187' title='bbox 434 1895 609 1926; x_wconf 89' lang='lat' dir='ltr'><strong>vindictam</strong></span> <span class='ocrx_word' id='word_1_188' title='bbox 633 1896 810 1936; x_wconf 90' lang='lat' dir='ltr'><strong>suscipunt.</strong></span> <span class='ocrx_word' id='word_1_189' title='bbox 833 1897 925 1935; x_wconf 90' lang='lat' dir='ltr'><strong>Nam,</strong></span> 
     </span>
     <span class='ocr_line' id='line_1_33' title="bbox 148 1949 927 1988; baseline 0.001 -7"><span class='ocrx_word' id='word_1_190' title='bbox 148 1959 221 1981; x_wconf 90' lang='lat' dir='ltr'><strong>cum</strong></span> <span class='ocrx_word' id='word_1_191' title='bbox 236 1950 386 1981; x_wconf 90' lang='lat' dir='ltr'><strong>omnibus</strong></span> <span class='ocrx_word' id='word_1_192' title='bbox 402 1949 492 1980; x_wconf 88' lang='lat' dir='ltr'><strong>malis</strong></span> <span class='ocrx_word' id='word_1_193' title='bbox 509 1949 587 1988; x_wconf 87' lang='lat' dir='ltr'><strong>suis,</strong></span> <span class='ocrx_word' id='word_1_194' title='bbox 611 1949 708 1980; x_wconf 86' lang='lat' dir='ltr'><strong>etiam</strong></span> <span class='ocrx_word' id='word_1_195' title='bbox 725 1950 786 1981; x_wconf 87' lang='lat' dir='ltr'><strong>hoc</strong></span> <span class='ocrx_word' id='word_1_196' title='bbox 805 1951 927 1982; x_wconf 87' lang='lat' dir='ltr'><strong>malum</strong></span> 
     </span>
     <span class='ocr_line' id='line_1_34' title="bbox 148 2004 927 2044; baseline 0.001 -9"><span class='ocrx_word' id='word_1_197' title='bbox 148 2004 267 2035; x_wconf 86' lang='lat' dir='ltr'><strong>habent</strong></span> <span class='ocrx_word' id='word_1_198' title='bbox 289 2004 420 2042; x_wconf 85' lang='lat' dir='ltr'><strong>divitiae,</strong></span> <span class='ocrx_word' id='word_1_199' title='bbox 441 2004 517 2044; x_wconf 89' lang='lat' dir='ltr'><strong>quia</strong></span> <span class='ocrx_word' id='word_1_200' title='bbox 541 2004 742 2043; x_wconf 80' lang='lat' dir='ltr'><strong>malignitate</strong></span> <span class='ocrx_word' id='word_1_201' title='bbox 762 2007 927 2044; x_wconf 86' lang='lat' dir='ltr'><strong>peccantes</strong></span> 
     </span>
     <span class='ocr_line' id='line_1_35' title="bbox 148 2058 925 2099; baseline 0 -9"><span class='ocrx_word' id='word_1_202' title='bbox 148 2059 188 2090; x_wconf 87' lang='lat' dir='ltr'><strong>ab</strong></span> <span class='ocrx_word' id='word_1_203' title='bbox 205 2058 381 2089; x_wconf 85' lang='lat' dir='ltr'><strong>ultionibus</strong></span> <span class='ocrx_word' id='word_1_204' title='bbox 394 2060 537 2097; x_wconf 85' lang='lat' dir='ltr'><strong>tuentur,</strong></span> <span class='ocrx_word' id='word_1_205' title='bbox 558 2060 588 2089; x_wconf 89' lang='lat' dir='ltr'><strong>et</strong></span> <span class='ocrx_word' id='word_1_206' title='bbox 604 2058 658 2098; x_wconf 89' lang='lat' dir='ltr'><strong>qui</strong></span> <span class='ocrx_word' id='word_1_207' title='bbox 673 2058 800 2089; x_wconf 88' lang='lat' dir='ltr'><strong>divitias</strong></span> <span class='ocrx_word' id='word_1_208' title='bbox 824 2059 925 2099; x_wconf 87' lang='lat' dir='ltr'><strong>possi-</strong></span> 
     </span>
     <span class='ocr_line' id='line_1_36' title="bbox 148 2112 924 2152; baseline 0.001 -9"><span class='ocrx_word' id='word_1_209' title='bbox 148 2112 211 2151; x_wconf 87' lang='lat' dir='ltr'><strong>det,</strong></span> <span class='ocrx_word' id='word_1_210' title='bbox 227 2121 352 2152; x_wconf 86' lang='lat' dir='ltr'><strong>semper</strong></span> <span class='ocrx_word' id='word_1_211' title='bbox 366 2121 511 2152; x_wconf 88' lang='lat' dir='ltr'><strong>peccans,</strong></span> <span class='ocrx_word' id='word_1_212' title='bbox 526 2112 616 2142; x_wconf 89' lang='lat' dir='ltr'><strong>nulla</strong></span> <span class='ocrx_word' id='word_1_213' title='bbox 631 2121 726 2152; x_wconf 87' lang='lat' dir='ltr'><strong>poena</strong></span> <span class='ocrx_word' id='word_1_214' title='bbox 739 2116 924 2151; x_wconf 81' lang='lat' dir='ltr'><strong>revocatur3</strong></span> 
     </span>
     <span class='ocr_line' id='line_1_37' title="bbox 149 2165 926 2206; baseline 0.001 -10"><span class='ocrx_word' id='word_1_215' title='bbox 149 2165 202 2196; x_wconf 89' lang='lat' dir='ltr'><strong>sed</strong></span> <span class='ocrx_word' id='word_1_216' title='bbox 218 2165 286 2195; x_wconf 90' lang='lat' dir='ltr'><strong>sine</strong></span> <span class='ocrx_word' id='word_1_217' title='bbox 300 2165 373 2196; x_wconf 87' lang='lat' dir='ltr'><strong>ullis</strong></span> <span class='ocrx_word' id='word_1_218' title='bbox 389 2165 537 2196; x_wconf 89' lang='lat' dir='ltr'><strong>remediis</strong></span> <span class='ocrx_word' id='word_1_219' title='bbox 553 2175 689 2196; x_wconf 90' lang='lat' dir='ltr'><strong>munera</strong></span> <span class='ocrx_word' id='word_1_220' title='bbox 704 2166 836 2206; x_wconf 86' lang='lat' dir='ltr'><strong>suscipit</strong></span> <span class='ocrx_word' id='word_1_221' title='bbox 851 2176 926 2206; x_wconf 90' lang='lat' dir='ltr'><strong>pec-</strong></span> 
     </span>
     <span class='ocr_line' id='line_1_38' title="bbox 149 2219 923 2260; baseline -0.001 -10"><span class='ocrx_word' id='word_1_222' title='bbox 149 2220 307 2256; x_wconf 87' lang='lat' dir='ltr'><strong>catorum,</strong></span> <span class='ocrx_word' id='word_1_223' title='bbox 331 2221 362 2249; x_wconf 90' lang='lat' dir='ltr'><strong>et</strong></span> <span class='ocrx_word' id='word_1_224' title='bbox 385 2219 521 2250; x_wconf 82' lang='lat' dir='ltr'><strong>fraenum</strong></span> <span class='ocrx_word' id='word_1_225' title='bbox 541 2219 587 2249; x_wconf 92' lang='lat' dir='ltr'><strong>illi</strong></span> <span class='ocrx_word' id='word_1_226' title='bbox 612 2219 721 2250; x_wconf 89' lang='lat' dir='ltr'><strong>nullus</strong></span> <span class='ocrx_word' id='word_1_227' title='bbox 745 2220 923 2260; x_wconf 88' lang='lat' dir='ltr'><strong>imponit.»</strong></span> 
     </span>
     <span class='ocr_line' id='line_1_39' title="bbox 149 2272 927 2314; baseline 0 -10"><span class='ocrx_word' id='word_1_228' title='bbox 149 2273 322 2312; x_wconf 90' lang='lat' dir='ltr'><strong>Hucusque</strong></span> <span class='ocrx_word' id='word_1_229' title='bbox 339 2272 595 2312; x_wconf 81' lang='lat' dir='ltr'><strong>Chrysostomus.</strong></span> <span class='ocrx_word' id='word_1_230' title='bbox 611 2273 702 2311; x_wconf 86' lang='lat' dir='ltr'><strong>Quod</strong></span> <span class='ocrx_word' id='word_1_231' title='bbox 716 2274 742 2304; x_wconf 90' lang='lat' dir='ltr'><strong>si</strong></span> <span class='ocrx_word' id='word_1_232' title='bbox 756 2273 838 2304; x_wconf 85' lang='lat' dir='ltr'><strong>forte</strong></span> <span class='ocrx_word' id='word_1_233' title='bbox 853 2275 927 2314; x_wconf 91' lang='lat' dir='ltr'><strong>quis</strong></span> 
     </span>
     <span class='ocr_line' id='line_1_40' title="bbox 149 2325 928 2366; baseline 0.001 -8"><span class='ocrx_word' id='word_1_234' title='bbox 149 2327 242 2364; x_wconf 85' lang='lat' dir='ltr'><strong>dicat,</strong></span> <span class='ocrx_word' id='word_1_235' title='bbox 259 2325 343 2366; x_wconf 90' lang='lat' dir='ltr'><strong>quod</strong></span> <span class='ocrx_word' id='word_1_236' title='bbox 357 2325 394 2356; x_wconf 84' lang='lat' dir='ltr'><strong>de</strong></span> <span class='ocrx_word' id='word_1_237' title='bbox 409 2326 559 2366; x_wconf 86' lang='lat' dir='ltr'><strong>pauperie</strong></span> <span class='ocrx_word' id='word_1_238' title='bbox 574 2327 811 2358; x_wconf 85' lang='lat' dir='ltr'><strong>occasionaliter</strong></span> <span class='ocrx_word' id='word_1_239' title='bbox 827 2328 928 2359; x_wconf 86' lang='lat' dir='ltr'><strong>multa</strong></span> 
     </span>
     <span class='ocr_line' id='line_1_41' title="bbox 149 2380 927 2420; baseline 0.001 -8"><span class='ocrx_word' id='word_1_240' title='bbox 149 2381 234 2412; x_wconf 87' lang='lat' dir='ltr'><strong>mala</strong></span> <span class='ocrx_word' id='word_1_241' title='bbox 256 2380 416 2419; x_wconf 87' lang='lat' dir='ltr'><strong>oriuntur,</strong></span> <span class='ocrx_word' id='word_1_242' title='bbox 446 2381 613 2420; x_wconf 86' lang='lat' dir='ltr'><strong>respondet</strong></span> <span class='ocrx_word' id='word_1_243' title='bbox 637 2381 782 2419; x_wconf 81' lang='lat' dir='ltr'><strong>inferiuS,</strong></span> <span class='ocrx_word' id='word_1_244' title='bbox 814 2384 927 2413; x_wconf 85' lang='lat' dir='ltr'><strong>octavo</strong></span> 
     </span>
     <span class='ocr_line' id='line_1_42' title="bbox 150 2433 927 2476; baseline 0.003 -11"><span class='ocrx_word' id='word_1_245' title='bbox 150 2435 272 2466; x_wconf 91' lang='lat' dir='ltr'><strong>decimo</strong></span> <span class='ocrx_word' id='word_1_246' title='bbox 283 2443 445 2465; x_wconf 84' lang='lat' dir='ltr'><strong>sermone:</strong></span> <span class='ocrx_word' id='word_1_247' title='bbox 462 2433 585 2465; x_wconf 84' lang='lat' dir='ltr'><strong>«Nemo</strong></span> <span class='ocrx_word' id='word_1_248' title='bbox 595 2437 755 2473; x_wconf 85' lang='lat' dir='ltr'><strong>causetur,</strong></span> <span class='ocrx_word' id='word_1_249' title='bbox 766 2446 780 2463; x_wconf 88' lang='lat'>»</span> <span class='ocrx_word' id='word_1_250' title='bbox 795 2435 927 2476; x_wconf 78' lang='lat' dir='ltr'><strong>inquit2,</strong></span> 
     </span>
     <span class='ocr_line' id='line_1_43' title="bbox 154 2487 928 2528; baseline 0.004 -11"><span class='ocrx_word' id='word_1_251' title='bbox 154 2499 169 2517; x_wconf 72' lang='lat' dir='ltr'><strong>a</strong></span> <span class='ocrx_word' id='word_1_252' title='bbox 182 2488 220 2519; x_wconf 91' lang='lat' dir='ltr'><strong>de</strong></span> <span class='ocrx_word' id='word_1_253' title='bbox 238 2490 435 2528; x_wconf 87' lang='lat' dir='ltr'><strong>paupertate,</strong></span> <span class='ocrx_word' id='word_1_254' title='bbox 452 2487 544 2527; x_wconf 86' lang='lat' dir='ltr'><strong>quasi</strong></span> <span class='ocrx_word' id='word_1_255' title='bbox 570 2497 666 2519; x_wconf 87' lang='lat' dir='ltr'><strong>causa</strong></span> <span class='ocrx_word' id='word_1_256' title='bbox 688 2489 728 2519; x_wconf 89' lang='lat' dir='ltr'><strong>sit</strong></span> <span class='ocrx_word' id='word_1_257' title='bbox 751 2489 928 2520; x_wconf 89' lang='lat' dir='ltr'><strong>multorum</strong></span> 
     </span>
     <span class='ocr_line' id='line_1_44' title="bbox 151 2541 929 2584; baseline 0.004 -12"><span class='ocrx_word' id='word_1_258' title='bbox 151 2542 322 2580; x_wconf 87' lang='lat' dir='ltr'><strong>malorum,</strong></span> <span class='ocrx_word' id='word_1_259' title='bbox 344 2551 450 2582; x_wconf 87' lang='lat' dir='ltr'><strong>neque</strong></span> <span class='ocrx_word' id='word_1_260' title='bbox 464 2541 656 2582; x_wconf 84' lang='lat' dir='ltr'><strong>obloquatur</strong></span> <span class='ocrx_word' id='word_1_261' title='bbox 673 2542 711 2573; x_wconf 90' lang='lat' dir='ltr'><strong>de</strong></span> <span class='ocrx_word' id='word_1_262' title='bbox 726 2542 859 2581; x_wconf 84' lang='lat' dir='ltr'><strong>Christo,</strong></span> <span class='ocrx_word' id='word_1_263' title='bbox 873 2544 929 2584; x_wconf 90' lang='lat' dir='ltr'><strong>qui</strong></span> 
     </span>
    </p>
   </div>
   <div class='ocr_carea' id='block_1_3' title="bbox 150 2640 930 2746">
    <p class='ocr_par' dir='ltr' id='par_1_3' title="bbox 150 2640 930 2746">
     <span class='ocr_line' id='line_1_45' title="bbox 183 2640 928 2672; baseline 0.004 -8"><span class='ocrx_word' id='word_1_264' title='bbox 183 2642 191 2658; x_wconf 78' lang='lat'><strong>¹</strong></span> <span class='ocrx_word' id='word_1_265' title='bbox 207 2640 350 2672; x_wconf 65' lang='lat' dir='ltr'><strong>Chrysost„</strong></span> <span class='ocrx_word' id='word_1_266' title='bbox 371 2641 398 2665; x_wconf 91' lang='lat' dir='ltr'><strong>in</strong></span> <span class='ocrx_word' id='word_1_267' title='bbox 414 2641 491 2672; x_wconf 85' lang='lat' dir='ltr'><strong>Epist.</strong></span> <span class='ocrx_word' id='word_1_268' title='bbox 510 2640 544 2664; x_wconf 82' lang='lat' dir='ltr'><strong>ad</strong></span> <span class='ocrx_word' id='word_1_269' title='bbox 562 2641 647 2669; x_wconf 67' lang='lat' dir='ltr'><strong>Helm,</strong></span> <span class='ocrx_word' id='word_1_270' title='bbox 667 2641 738 2665; x_wconf 87' lang='lat' dir='ltr'><strong>hom.</strong></span> <span class='ocrx_word' id='word_1_271' title='bbox 761 2648 794 2672; x_wconf 90' lang='lat'><strong>11,</strong></span> <span class='ocrx_word' id='word_1_272' title='bbox 815 2649 841 2667; x_wconf 88' lang='lat' dir='ltr'><strong>n.</strong></span> <span class='ocrx_word' id='word_1_273' title='bbox 860 2644 884 2667; x_wconf 84' lang='lat'><strong>5.</strong></span> <span class='ocrx_word' id='word_1_274' title='bbox 900 2657 928 2661; x_wconf 96' lang='lat'>—</span> 
     </span>
     <span class='ocr_line' id='line_1_46' title="bbox 150 2677 930 2710; baseline 0.003 -9"><span class='ocrx_word' id='word_1_275' title='bbox 150 2678 161 2694; x_wconf 87' lang='lat'><strong>¹</strong></span> <span class='ocrx_word' id='word_1_276' title='bbox 178 2677 251 2707; x_wconf 83' lang='lat' dir='ltr'><strong>ibid„</strong></span> <span class='ocrx_word' id='word_1_277' title='bbox 265 2677 336 2701; x_wconf 89' lang='lat' dir='ltr'><strong>hom.</strong></span> <span class='ocrx_word' id='word_1_278' title='bbox 352 2683 434 2707; x_wconf 74' lang='lat' dir='ltr'><strong>xviii,</strong></span> <span class='ocrx_word' id='word_1_279' title='bbox 449 2685 475 2702; x_wconf 84' lang='lat' dir='ltr'><strong>n.</strong></span> <span class='ocrx_word' id='word_1_280' title='bbox 493 2678 516 2702; x_wconf 84' lang='grc'><strong>3.</strong></span> <span class='ocrx_word' id='word_1_281' title='bbox 530 2690 560 2696; x_wconf 90' lang='lat'><strong>—-</strong></span> <span class='ocrx_word' id='word_1_282' title='bbox 575 2677 585 2694; x_wconf 77' lang='lat'>³</span> <span class='ocrx_word' id='word_1_283' title='bbox 598 2677 672 2708; x_wconf 65' lang='lat' dir='ltr'><strong>ibid„</strong></span> <span class='ocrx_word' id='word_1_284' title='bbox 688 2684 714 2701; x_wconf 87' lang='lat' dir='ltr'><strong>n.</strong></span> <span class='ocrx_word' id='word_1_285' title='bbox 731 2679 755 2702; x_wconf 84' lang='lat'><strong>2.</strong></span> <span class='ocrx_word' id='word_1_286' title='bbox 770 2691 801 2696; x_wconf 92' lang='lat'><em>-</em></span> <span class='ocrx_word' id='word_1_287' title='bbox 814 2679 822 2692; x_wconf 88' lang='lat'><strong>⁴</strong></span> <span class='ocrx_word' id='word_1_288' title='bbox 838 2679 930 2710; x_wconf 80' lang='lat' dir='ltr'><strong>Eccle.‚</strong></span> 
     </span>
     <span class='ocr_line' id='line_1_47' title="bbox 154 2713 928 2746; baseline 0 -7"><span class='ocrx_word' id='word_1_289' title='bbox 154 2720 190 2744; x_wconf 70' lang='lat'><strong>1³1,</strong></span> <span class='ocrx_word' id='word_1_290' title='bbox 206 2714 245 2738; x_wconf 86' lang='lat'><strong>16.</strong></span> <span class='ocrx_word' id='word_1_291' title='bbox 260 2726 290 2731; x_wconf 87' lang='lat'>—</span> <span class='ocrx_word' id='word_1_292' title='bbox 305 2713 315 2730; x_wconf 75' lang='lat'>⁸</span> <span class='ocrx_word' id='word_1_293' title='bbox 329 2714 413 2744; x_wconf 87' lang='lat' dir='ltr'><strong>Prov.‚</strong></span> <span class='ocrx_word' id='word_1_294' title='bbox 429 2721 496 2744; x_wconf 81' lang='lat' dir='ltr'><strong>xxx,</strong></span> <span class='ocrx_word' id='word_1_295' title='bbox 511 2715 534 2737; x_wconf 89' lang='lat'><strong>8.</strong></span> <span class='ocrx_word' id='word_1_296' title='bbox 551 2726 581 2731; x_wconf 95' lang='lat'>—</span> <span class='ocrx_word' id='word_1_297' title='bbox 597 2714 605 2727; x_wconf 77' lang='lat'><strong>⁶</strong></span> <span class='ocrx_word' id='word_1_298' title='bbox 621 2713 688 2737; x_wconf 74' lang='lat' dir='ltr'><strong>Psal.</strong></span> <span class='ocrx_word' id='word_1_299' title='bbox 703 2719 773 2745; x_wconf 79' lang='lat' dir='ltr'><strong>xx1v,</strong></span> <span class='ocrx_word' id='word_1_300' title='bbox 795 2716 830 2745; x_wconf 82' lang='lat'><strong>17,</strong></span> <span class='ocrx_word' id='word_1_301' title='bbox 845 2715 928 2746; x_wconf 88' lang='lat' dir='ltr'><strong>quoad</strong></span> 
     </span>
    </p>
   </div>
   <div class='ocr_carea' id='block_1_4' title="bbox 1709 218 1768 246">
    <p class='ocr_par' dir='ltr' id='par_1_4' title="bbox 1709 218 1768 246">
     <span class='ocr_line' id='line_1_48' title="bbox 1709 218 1768 246; baseline 0 0"><span class='ocrx_word' id='word_1_302' title='bbox 1709 218 1768 246; x_wconf 65' lang='lat'><strong>485</strong></span> 
     </span>
    </p>
   </div>
   <div class='ocr_carea' id='block_1_5' title="bbox 980 276 1787 2639">
    <p class='ocr_par' dir='ltr' id='par_1_5' title="bbox 980 276 1787 2639">
     <span class='ocr_line' id='line_1_49' title="bbox 987 276 1768 321; baseline 0.01 -14"><span class='ocrx_word' id='word_1_303' title='bbox 987 276 1212 316; x_wconf 82' lang='lat' dir='ltr'><strong>perfectionem</strong></span> <span class='ocrx_word' id='word_1_304' title='bbox 1236 278 1324 310; x_wconf 89' lang='lat' dir='ltr'><strong>illam</strong></span> <span class='ocrx_word' id='word_1_305' title='bbox 1345 278 1426 310; x_wconf 80' lang='lat' dir='ltr'><strong>dixit</strong></span> <span class='ocrx_word' id='word_1_306' title='bbox 1443 289 1450 310; x_wconf 77' lang='lat' dir='ltr'><strong><em>z</em></strong></span> <span class='ocrx_word' id='word_1_307' title='bbox 1478 279 1515 311; x_wconf 78' lang='lat' dir='ltr'><strong>Si</strong></span> <span class='ocrx_word' id='word_1_308' title='bbox 1537 281 1588 312; x_wconf 79' lang='lat' dir='ltr'><strong>vis</strong></span> <span class='ocrx_word' id='word_1_309' title='bbox 1607 283 1768 321; x_wconf 72' lang='lat' dir='ltr'><strong>perfectus·</strong></span> 
     </span>
     <span class='ocr_line' id='line_1_50' title="bbox 986 331 1768 377; baseline 0.009 -15"><span class='ocrx_word' id='word_1_310' title='bbox 986 338 1060 369; x_wconf 85' lang='lat' dir='ltr'><strong>esse,</strong></span> <span class='ocrx_word' id='word_1_311' title='bbox 1077 332 1136 363; x_wconf 89' lang='lat' dir='ltr'><strong>etc.</strong></span> <span class='ocrx_word' id='word_1_312' title='bbox 1153 331 1220 364; x_wconf 89' lang='lat' dir='ltr'><strong>Hoc</strong></span> <span class='ocrx_word' id='word_1_313' title='bbox 1234 333 1321 364; x_wconf 88' lang='lat' dir='ltr'><strong>enim</strong></span> <span class='ocrx_word' id='word_1_314' title='bbox 1336 333 1371 364; x_wconf 88' lang='lat' dir='ltr'><strong>in</strong></span> <span class='ocrx_word' id='word_1_315' title='bbox 1386 333 1493 364; x_wconf 90' lang='lat' dir='ltr'><strong>verbis</strong></span> <span class='ocrx_word' id='word_1_316' title='bbox 1508 333 1600 371; x_wconf 81' lang='lat' dir='ltr'><strong>dixit,</strong></span> <span class='ocrx_word' id='word_1_317' title='bbox 1618 338 1648 366; x_wconf 93' lang='lat' dir='ltr'><strong>et</strong></span> <span class='ocrx_word' id='word_1_318' title='bbox 1662 338 1768 377; x_wconf 89' lang='lat' dir='ltr'><strong>operi-</strong></span> 
     </span>
     <span class='ocr_line' id='line_1_51' title="bbox 992 384 1766 428; baseline 0.01 -13"><span class='ocrx_word' id='word_1_319' title='bbox 992 384 1052 415; x_wconf 89' lang='lat' dir='ltr'><strong>bus</strong></span> <span class='ocrx_word' id='word_1_320' title='bbox 1065 386 1213 425; x_wconf 90' lang='lat' dir='ltr'><strong>ostendit,</strong></span> <span class='ocrx_word' id='word_1_321' title='bbox 1239 388 1270 418; x_wconf 88' lang='lat' dir='ltr'><strong>et</strong></span> <span class='ocrx_word' id='word_1_322' title='bbox 1285 396 1342 428; x_wconf 91' lang='lat' dir='ltr'><strong>per</strong></span> <span class='ocrx_word' id='word_1_323' title='bbox 1363 387 1535 428; x_wconf 84' lang='lat' dir='ltr'><strong>discipulos</strong></span> <span class='ocrx_word' id='word_1_324' title='bbox 1555 398 1628 420; x_wconf 87' lang='lat' dir='ltr'><strong>suos</strong></span> <span class='ocrx_word' id='word_1_325' title='bbox 1648 390 1766 423; x_wconf 88' lang='lat' dir='ltr'><strong>docuit.</strong></span> 
     </span>
     <span class='ocr_line' id='line_1_52' title="bbox 986 437 1768 482; baseline 0.009 -13"><span class='ocrx_word' id='word_1_326' title='bbox 986 437 1153 470; x_wconf 89' lang='lat' dir='ltr'><strong>Sectemur</strong></span> <span class='ocrx_word' id='word_1_327' title='bbox 1180 440 1284 480; x_wconf 83' lang='lat' dir='ltr'><strong>igitur</strong></span> <span class='ocrx_word' id='word_1_328' title='bbox 1314 444 1556 482; x_wconf 85' lang='lat' dir='ltr'><strong>paupertatem,</strong></span> <span class='ocrx_word' id='word_1_329' title='bbox 1586 444 1768 476; x_wconf 84' lang='lat' dir='ltr'><strong>maximum</strong></span> 
     </span>
     <span class='ocr_line' id='line_1_53' title="bbox 987 492 1770 537; baseline 0.01 -15"><span class='ocrx_word' id='word_1_330' title='bbox 987 492 1104 532; x_wconf 87' lang='lat' dir='ltr'><strong>quippe</strong></span> <span class='ocrx_word' id='word_1_331' title='bbox 1134 493 1257 525; x_wconf 91' lang='lat' dir='ltr'><strong>bonum</strong></span> <span class='ocrx_word' id='word_1_332' title='bbox 1278 497 1336 526; x_wconf 88' lang='lat' dir='ltr'><strong>est.</strong></span> <span class='ocrx_word' id='word_1_333' title='bbox 1362 494 1447 526; x_wconf 89' lang='lat' dir='ltr'><strong>Nihil</strong></span> <span class='ocrx_word' id='word_1_334' title='bbox 1477 496 1564 527; x_wconf 91' lang='lat' dir='ltr'><strong>enim</strong></span> <span class='ocrx_word' id='word_1_335' title='bbox 1587 497 1770 537; x_wconf 89' lang='lat' dir='ltr'><strong>opulentius</strong></span> 
     </span>
     <span class='ocr_line' id='line_1_54' title="bbox 986 546 1769 590; baseline 0.009 -13"><span class='ocrx_word' id='word_1_336' title='bbox 986 555 1035 584; x_wconf 87' lang='lat' dir='ltr'><strong>eo,</strong></span> <span class='ocrx_word' id='word_1_337' title='bbox 1052 546 1108 586; x_wconf 89' lang='lat' dir='ltr'><strong>qui</strong></span> <span class='ocrx_word' id='word_1_338' title='bbox 1130 550 1351 588; x_wconf 85' lang='lat' dir='ltr'><strong>paupertatem</strong></span> <span class='ocrx_word' id='word_1_339' title='bbox 1373 551 1486 589; x_wconf 84' lang='lat' dir='ltr'><strong>sponte</strong></span> <span class='ocrx_word' id='word_1_340' title='bbox 1507 550 1624 590; x_wconf 81' lang='lat' dir='ltr'><strong>diligit,</strong></span> <span class='ocrx_word' id='word_1_341' title='bbox 1648 554 1769 584; x_wconf 90' lang='lat' dir='ltr'><strong>etcum</strong></span> 
     </span>
     <span class='ocr_line' id='line_1_55' title="bbox 986 599 1769 646; baseline 0.009 -16"><span class='ocrx_word' id='word_1_342' title='bbox 986 599 1181 631; x_wconf 85' lang='lat' dir='ltr'><strong>alacritatem</strong></span> <span class='ocrx_word' id='word_1_343' title='bbox 1197 602 1339 642; x_wconf 85' lang='lat' dir='ltr'><strong>suscipit.</strong></span> <span class='ocrx_word' id='word_1_344' title='bbox 1351 613 1365 631; x_wconf 68' lang='lat' dir='ltr'><strong>a</strong></span> <span class='ocrx_word' id='word_1_345' title='bbox 1384 602 1575 634; x_wconf 85' lang='lat' dir='ltr'><strong>Valetetiam</strong></span> <span class='ocrx_word' id='word_1_346' title='bbox 1589 605 1683 636; x_wconf 73' lang='lat' dir='ltr'><strong>tertio</strong></span> <span class='ocrx_word' id='word_1_347' title='bbox 1694 616 1769 646; x_wconf 85' lang='lat' dir='ltr'><strong>pro-</strong></span> 
     </span>
     <span class='ocr_line' id='line_1_56' title="bbox 986 654 1769 694; baseline 0.011 -10"><span class='ocrx_word' id='word_1_348' title='bbox 986 655 1056 694; x_wconf 89' lang='lat' dir='ltr'><strong>pter</strong></span> <span class='ocrx_word' id='word_1_349' title='bbox 1070 654 1296 686; x_wconf 85' lang='lat' dir='ltr'><strong>abscissionem</strong></span> <span class='ocrx_word' id='word_1_350' title='bbox 1309 656 1497 688; x_wconf 86' lang='lat' dir='ltr'><strong>vitiosarum</strong></span> <span class='ocrx_word' id='word_1_351' title='bbox 1509 658 1666 690; x_wconf 86' lang='lat' dir='ltr'><strong>radicum.</strong></span> <span class='ocrx_word' id='word_1_352' title='bbox 1680 659 1769 692; x_wconf 89' lang='lat' dir='ltr'><strong>Unde</strong></span> 
     </span>
     <span class='ocr_line' id='line_1_57' title="bbox 986 707 1769 754; baseline 0.01 -16"><span class='ocrx_word' id='word_1_353' title='bbox 986 709 1017 739; x_wconf 87' lang='lat' dir='ltr'><strong>et</strong></span> <span class='ocrx_word' id='word_1_354' title='bbox 1031 707 1547 748; x_wconf 86' lang='lat' dir='ltr'><strong>Chrysostomussermoneeodem</strong></span> <span class='ocrx_word' id='word_1_355' title='bbox 1559 712 1586 743; x_wconf 84' lang='lat'><strong>³:</strong></span> <span class='ocrx_word' id='word_1_356' title='bbox 1603 725 1618 742; x_wconf 75' lang='grc' dir='ltr'><strong>(ι</strong></span> <span class='ocrx_word' id='word_1_357' title='bbox 1630 713 1769 754; x_wconf 66' lang='lat' dir='ltr'><strong>Abjic&#39;za-</strong></span> 
     </span>
     <span class='ocr_line' id='line_1_58' title="bbox 986 765 1768 807; baseline 0.008 -14"><span class='ocrx_word' id='word_1_358' title='bbox 986 770 1059 793; x_wconf 89' lang='lat' dir='ltr'><strong>mus</strong></span> <span class='ocrx_word' id='word_1_359' title='bbox 1074 772 1286 803; x_wconf 72' lang='lat' dir='ltr'><strong>quaecumque</strong></span> <span class='ocrx_word' id='word_1_360' title='bbox 1301 773 1417 804; x_wconf 85' lang='lat' dir='ltr'><strong>corpus</strong></span> <span class='ocrx_word' id='word_1_361' title='bbox 1439 765 1550 796; x_wconf 80' lang='lat' dir='ltr'><strong>llorere</strong></span> <span class='ocrx_word' id='word_1_362' title='bbox 1566 766 1703 807; x_wconf 80' lang='lat' dir='ltr'><strong>faciunt,</strong></span> <span class='ocrx_word' id='word_1_363' title='bbox 1718 770 1768 799; x_wconf 76' lang='lat' dir='ltr'><strong>vi—</strong></span> 
     </span>
     <span class='ocr_line' id='line_1_59' title="bbox 986 816 1765 861; baseline 0.008 -15"><span class='ocrx_word' id='word_1_364' title='bbox 986 816 1068 847; x_wconf 88' lang='lat' dir='ltr'><strong>tiant</strong></span> <span class='ocrx_word' id='word_1_365' title='bbox 1090 818 1198 848; x_wconf 89' lang='lat' dir='ltr'><strong>autem</strong></span> <span class='ocrx_word' id='word_1_366' title='bbox 1220 817 1374 855; x_wconf 88' lang='lat' dir='ltr'><strong>animam,</strong></span> <span class='ocrx_word' id='word_1_367' title='bbox 1401 820 1510 858; x_wconf 88' lang='lat' dir='ltr'><strong>utpote</strong></span> <span class='ocrx_word' id='word_1_368' title='bbox 1530 824 1606 850; x_wconf 88' lang='lat' dir='ltr'><strong>sunt</strong></span> <span class='ocrx_word' id='word_1_369' title='bbox 1626 820 1765 861; x_wconf 85' lang='lat' dir='ltr'><strong>divitiae,</strong></span> 
     </span>
     <span class='ocr_line' id='line_1_60' title="bbox 986 870 1767 912; baseline 0.008 -12"><span class='ocrx_word' id='word_1_370' title='bbox 986 870 1090 910; x_wconf 83' lang='lat' dir='ltr'><strong>gloria</strong></span> <span class='ocrx_word' id='word_1_371' title='bbox 1108 871 1232 911; x_wconf 85' lang='lat' dir='ltr'><strong>(cuncta</strong></span> <span class='ocrx_word' id='word_1_372' title='bbox 1244 871 1314 902; x_wconf 78' lang='lat' dir='ltr'><strong>haec</strong></span> <span class='ocrx_word' id='word_1_373' title='bbox 1324 872 1428 903; x_wconf 87' lang='lat' dir='ltr'><strong>carnis</strong></span> <span class='ocrx_word' id='word_1_374' title='bbox 1442 875 1539 912; x_wconf 86' lang='lat' dir='ltr'><strong>sunt),</strong></span> <span class='ocrx_word' id='word_1_375' title='bbox 1552 876 1582 904; x_wconf 90' lang='lat' dir='ltr'><strong>et</strong></span> <span class='ocrx_word' id='word_1_376' title='bbox 1593 883 1684 906; x_wconf 87' lang='lat' dir='ltr'><strong>amor</strong></span> <span class='ocrx_word' id='word_1_377' title='bbox 1700 885 1767 906; x_wconf 91' lang='lat' dir='ltr'><strong>cor-</strong></span> 
     </span>
     <span class='ocr_line' id='line_1_61' title="bbox 986 925 1768 968; baseline 0.009 -14"><span class='ocrx_word' id='word_1_378' title='bbox 986 933 1115 964; x_wconf 91' lang='lat' dir='ltr'><strong>porum.</strong></span> <span class='ocrx_word' id='word_1_379' title='bbox 1134 925 1247 965; x_wconf 86' lang='lat' dir='ltr'><strong>ltaque</strong></span> <span class='ocrx_word' id='word_1_380' title='bbox 1268 935 1334 956; x_wconf 91' lang='lat' dir='ltr'><strong>non</strong></span> <span class='ocrx_word' id='word_1_381' title='bbox 1358 936 1506 958; x_wconf 89' lang='lat' dir='ltr'><strong>amemus</strong></span> <span class='ocrx_word' id='word_1_382' title='bbox 1529 928 1696 968; x_wconf 83' lang='lat' dir='ltr'><strong>ampliora,</strong></span> <span class='ocrx_word' id='word_1_383' title='bbox 1713 931 1768 961; x_wconf 90' lang='lat' dir='ltr'><strong>sed</strong></span> 
     </span>
     <span class='ocr_line' id='line_1_62' title="bbox 985 980 1769 1020; baseline 0.008 -11"><span class='ocrx_word' id='word_1_384' title='bbox 985 980 1206 1019; x_wconf 89' lang='lat' dir='ltr'><strong>paupertatem</strong></span> <span class='ocrx_word' id='word_1_385' title='bbox 1218 989 1343 1020; x_wconf 90' lang='lat' dir='ltr'><strong>semper</strong></span> <span class='ocrx_word' id='word_1_386' title='bbox 1356 983 1588 1020; x_wconf 83' lang='lat' dir='ltr'><strong>consectemur,</strong></span> <span class='ocrx_word' id='word_1_387' title='bbox 1607 982 1665 1013; x_wconf 85' lang='lat' dir='ltr'><strong>ista</strong></span> <span class='ocrx_word' id='word_1_388' title='bbox 1681 984 1769 1015; x_wconf 88' lang='lat' dir='ltr'><strong>enim</strong></span> 
     </span>
     <span class='ocr_line' id='line_1_63' title="bbox 986 1033 1767 1077; baseline 0.008 -14"><span class='ocrx_word' id='word_1_389' title='bbox 986 1042 1144 1072; x_wconf 80' lang='lat' dir='ltr'><strong>magnum</strong></span> <span class='ocrx_word' id='word_1_390' title='bbox 1155 1033 1277 1065; x_wconf 88' lang='lat' dir='ltr'><strong>bonum</strong></span> <span class='ocrx_word' id='word_1_391' title='bbox 1288 1036 1346 1065; x_wconf 89' lang='lat' dir='ltr'><strong>est.</strong></span> <span class='ocrx_word' id='word_1_392' title='bbox 1368 1035 1434 1066; x_wconf 82' lang='lat' dir='ltr'><strong>Sed</strong></span> <span class='ocrx_word' id='word_1_393' title='bbox 1448 1036 1622 1075; x_wconf 75' lang='lat' dir='ltr'><strong>sapientia,</strong></span> <span class='ocrx_word' id='word_1_394' title='bbox 1635 1037 1767 1077; x_wconf 77' lang='lat' dir='ltr'><strong>inquit‘,</strong></span> 
     </span>
     <span class='ocr_line' id='line_1_64' title="bbox 983 1088 1768 1127; baseline 0.005 -9"><span class='ocrx_word' id='word_1_395' title='bbox 983 1088 1140 1126; x_wconf 77' lang='lat' dir='ltr'><strong>pauperis</strong></span> <span class='ocrx_word' id='word_1_396' title='bbox 1161 1096 1220 1127; x_wconf 81' lang='lat' dir='ltr'><strong>pro</strong></span> <span class='ocrx_word' id='word_1_397' title='bbox 1239 1088 1343 1120; x_wconf 74' lang='lat' dir='ltr'><strong>m&#39;lm&#39;lo</strong></span> <span class='ocrx_word' id='word_1_398' title='bbox 1365 1088 1508 1121; x_wconf 74' lang='lat' dir='ltr'><strong>habetur.</strong></span> <span class='ocrx_word' id='word_1_399' title='bbox 1536 1089 1573 1120; x_wconf 85' lang='lat' dir='ltr'><strong>Et</strong></span> <span class='ocrx_word' id='word_1_400' title='bbox 1592 1090 1709 1121; x_wconf 84' lang='lat' dir='ltr'><strong>iterum</strong></span> <span class='ocrx_word' id='word_1_401' title='bbox 1733 1092 1768 1122; x_wconf 83' lang='lat'><strong>¹⁵:</strong></span> 
     </span>
     <span class='ocr_line' id='line_1_65' title="bbox 987 1141 1768 1182; baseline 0.008 -11"><span class='ocrx_word' id='word_1_402' title='bbox 987 1141 1128 1172; x_wconf 73' lang='lat' dir='ltr'><strong>Divitias</strong></span> <span class='ocrx_word' id='word_1_403' title='bbox 1149 1144 1179 1174; x_wconf 80' lang='lat' dir='ltr'><strong>ec</strong></span> <span class='ocrx_word' id='word_1_404' title='bbox 1204 1145 1430 1182; x_wconf 72' lang='lat' dir='ltr'><strong>paupertatem</strong></span> <span class='ocrx_word' id='word_1_405' title='bbox 1457 1151 1495 1175; x_wconf 74' lang='lat' dir='ltr'><strong>ne</strong></span> <span class='ocrx_word' id='word_1_406' title='bbox 1515 1143 1645 1176; x_wconf 74' lang='lat' dir='ltr'><strong>dederis</strong></span> <span class='ocrx_word' id='word_1_407' title='bbox 1672 1146 1768 1178; x_wconf 76' lang='lat' dir='ltr'><strong>milti.</strong></span> 
     </span>
     <span class='ocr_line' id='line_1_66' title="bbox 986 1194 1766 1236; baseline 0.008 -11"><span class='ocrx_word' id='word_1_408' title='bbox 986 1194 1050 1225; x_wconf 82' lang='lat' dir='ltr'><strong>Et·</strong></span> <span class='ocrx_word' id='word_1_409' title='bbox 1075 1206 1081 1225; x_wconf 90' lang='lat'>:</span> <span class='ocrx_word' id='word_1_410' title='bbox 1106 1196 1159 1227; x_wconf 72' lang='lat' dir='ltr'><strong>Ea:</strong></span> <span class='ocrx_word' id='word_1_411' title='bbox 1188 1198 1315 1228; x_wconf 72' lang='lat' dir='ltr'><strong>camino</strong></span> <span class='ocrx_word' id='word_1_412' title='bbox 1342 1198 1548 1236; x_wconf 77' lang='lat' dir='ltr'><strong>paupertatis</strong></span> <span class='ocrx_word' id='word_1_413' title='bbox 1578 1198 1676 1230; x_wconf 71' lang='lat' dir='ltr'><strong>libera</strong></span> <span class='ocrx_word' id='word_1_414' title='bbox 1706 1208 1766 1231; x_wconf 83' lang='lat' dir='ltr'><strong>me.</strong></span> 
     </span>
     <span class='ocr_line' id='line_1_67' title="bbox 987 1248 1768 1289; baseline 0.006 -10"><span class='ocrx_word' id='word_1_415' title='bbox 987 1248 1091 1286; x_wconf 86' lang='lat' dir='ltr'><strong>Quare</strong></span> <span class='ocrx_word' id='word_1_416' title='bbox 1105 1258 1186 1289; x_wconf 80' lang='lat' dir='ltr'><strong>ergo</strong></span> <span class='ocrx_word' id='word_1_417' title='bbox 1209 1250 1279 1280; x_wconf 84' lang='lat' dir='ltr'><strong>haec</strong></span> <span class='ocrx_word' id='word_1_418' title='bbox 1293 1250 1376 1281; x_wconf 87' lang='lat' dir='ltr'><strong>dicta</strong></span> <span class='ocrx_word' id='word_1_419' title='bbox 1401 1252 1498 1281; x_wconf 78' lang='lat' dir='ltr'><strong>sunt?</strong></span> <span class='ocrx_word' id='word_1_420' title='bbox 1515 1250 1591 1282; x_wconf 78' lang='lat' dir='ltr'><strong>Ilaec</strong></span> <span class='ocrx_word' id='word_1_421' title='bbox 1614 1252 1648 1282; x_wconf 83' lang='lat' dir='ltr'><strong>in</strong></span> <span class='ocrx_word' id='word_1_422' title='bbox 1664 1252 1768 1284; x_wconf 81' lang='lat' dir='ltr'><strong>Veteri</strong></span> 
     </span>
     <span class='ocr_line' id='line_1_68' title="bbox 986 1302 1769 1343; baseline 0.005 -10"><span class='ocrx_word' id='word_1_423' title='bbox 986 1302 1188 1334; x_wconf 88' lang='lat' dir='ltr'><strong>Testamento</strong></span> <span class='ocrx_word' id='word_1_424' title='bbox 1203 1304 1401 1343; x_wconf 84' lang='lat' dir='ltr'><strong>dicebantur,</strong></span> <span class='ocrx_word' id='word_1_425' title='bbox 1428 1305 1483 1335; x_wconf 90' lang='lat' dir='ltr'><strong>ubi</strong></span> <span class='ocrx_word' id='word_1_426' title='bbox 1501 1305 1601 1336; x_wconf 91' lang='lat' dir='ltr'><strong>multa</strong></span> <span class='ocrx_word' id='word_1_427' title='bbox 1618 1307 1700 1337; x_wconf 87' lang='lat' dir='ltr'><strong>ratio</strong></span> <span class='ocrx_word' id='word_1_428' title='bbox 1720 1307 1769 1338; x_wconf 91' lang='lat' dir='ltr'><strong>di-</strong></span> 
     </span>
     <span class='ocr_line' id='line_1_69' title="bbox 985 1357 1770 1399; baseline 0.004 -10"><span class='ocrx_word' id='word_1_429' title='bbox 985 1357 1151 1396; x_wconf 89' lang='lat' dir='ltr'><strong>vitiarum,</strong></span> <span class='ocrx_word' id='word_1_430' title='bbox 1166 1358 1222 1388; x_wconf 89' lang='lat' dir='ltr'><strong>ubi</strong></span> <span class='ocrx_word' id='word_1_431' title='bbox 1235 1359 1432 1399; x_wconf 89' lang='lat' dir='ltr'><strong>paupertatis</strong></span> <span class='ocrx_word' id='word_1_432' title='bbox 1443 1359 1602 1399; x_wconf 88' lang='lat' dir='ltr'><strong>plurimus</strong></span> <span class='ocrx_word' id='word_1_433' title='bbox 1617 1363 1685 1392; x_wconf 87' lang='lat' dir='ltr'><strong>erat</strong></span> <span class='ocrx_word' id='word_1_434' title='bbox 1697 1371 1770 1392; x_wconf 88' lang='lat' dir='ltr'><strong>con-</strong></span> 
     </span>
     <span class='ocr_line' id='line_1_70' title="bbox 984 1413 1767 1455; baseline 0.006 -13"><span class='ocrx_word' id='word_1_435' title='bbox 984 1414 1136 1452; x_wconf 87' lang='lat' dir='ltr'><strong>temptus,</strong></span> <span class='ocrx_word' id='word_1_436' title='bbox 1155 1413 1212 1444; x_wconf 90' lang='lat' dir='ltr'><strong>ubi</strong></span> <span class='ocrx_word' id='word_1_437' title='bbox 1236 1414 1307 1445; x_wconf 79' lang='lat' dir='ltr'><strong>haec</strong></span> <span class='ocrx_word' id='word_1_438' title='bbox 1329 1414 1460 1454; x_wconf 84' lang='lat' dir='ltr'><strong>quidem</strong></span> <span class='ocrx_word' id='word_1_439' title='bbox 1483 1415 1661 1446; x_wconf 89' lang='lat' dir='ltr'><strong>maledictio</strong></span> <span class='ocrx_word' id='word_1_440' title='bbox 1688 1419 1767 1455; x_wconf 83' lang='lat' dir='ltr'><strong>erat,</strong></span> 
     </span>
     <span class='ocr_line' id='line_1_71' title="bbox 985 1466 1769 1509; baseline 0.006 -13"><span class='ocrx_word' id='word_1_441' title='bbox 985 1466 1063 1497; x_wconf 89' lang='lat' dir='ltr'><strong>illud</strong></span> <span class='ocrx_word' id='word_1_442' title='bbox 1085 1467 1280 1506; x_wconf 87' lang='lat' dir='ltr'><strong>benedictio;</strong></span> <span class='ocrx_word' id='word_1_443' title='bbox 1304 1468 1358 1499; x_wconf 85' lang='lat' dir='ltr'><strong>sed</strong></span> <span class='ocrx_word' id='word_1_444' title='bbox 1383 1478 1471 1499; x_wconf 89' lang='lat' dir='ltr'><strong>nunc</strong></span> <span class='ocrx_word' id='word_1_445' title='bbox 1495 1478 1700 1509; x_wconf 88' lang='lat' dir='ltr'><strong>nequaquam</strong></span> <span class='ocrx_word' id='word_1_446' title='bbox 1724 1471 1769 1501; x_wconf 88' lang='lat' dir='ltr'><strong>ita</strong></span> 
     </span>
     <span class='ocr_line' id='line_1_72' title="bbox 985 1520 1765 1563; baseline 0.006 -13"><span class='ocrx_word' id='word_1_447' title='bbox 985 1522 1042 1550; x_wconf 88' lang='lat' dir='ltr'><strong>est.</strong></span> <span class='ocrx_word' id='word_1_448' title='bbox 1059 1520 1093 1550; x_wconf 89' lang='lat' dir='ltr'><strong>Si</strong></span> <span class='ocrx_word' id='word_1_449' title='bbox 1109 1520 1159 1551; x_wconf 90' lang='lat' dir='ltr'><strong>vis</strong></span> <span class='ocrx_word' id='word_1_450' title='bbox 1175 1521 1286 1552; x_wconf 90' lang='lat' dir='ltr'><strong>audire</strong></span> <span class='ocrx_word' id='word_1_451' title='bbox 1300 1523 1495 1562; x_wconf 83' lang='lat' dir='ltr'><strong>paupertatis</strong></span> <span class='ocrx_word' id='word_1_452' title='bbox 1506 1523 1765 1563; x_wconf 76' lang='lat' dir='ltr'><strong>praedicamenta,</strong></span> 
     </span>
     <span class='ocr_line' id='line_1_73' title="bbox 984 1573 1765 1615; baseline 0.008 -12"><span class='ocrx_word' id='word_1_453' title='bbox 984 1573 1086 1613; x_wconf 88' lang='lat' dir='ltr'><strong>ipsam</strong></span> <span class='ocrx_word' id='word_1_454' title='bbox 1100 1575 1260 1614; x_wconf 86' lang='lat' dir='ltr'><strong>professus</strong></span> <span class='ocrx_word' id='word_1_455' title='bbox 1275 1578 1321 1606; x_wconf 89' lang='lat' dir='ltr'><strong>est</strong></span> <span class='ocrx_word' id='word_1_456' title='bbox 1341 1576 1495 1615; x_wconf 88' lang='lat' dir='ltr'><strong>Christus,</strong></span> <span class='ocrx_word' id='word_1_457' title='bbox 1515 1579 1545 1607; x_wconf 88' lang='lat' dir='ltr'><strong>et</strong></span> <span class='ocrx_word' id='word_1_458' title='bbox 1562 1577 1643 1608; x_wconf 74' lang='lat' dir='ltr'><strong>dixit</strong></span> <span class='ocrx_word' id='word_1_459' title='bbox 1659 1578 1689 1608; x_wconf 85' lang='lat'><strong>⁷:</strong></span> <span class='ocrx_word' id='word_1_460' title='bbox 1708 1579 1765 1610; x_wconf 72' lang='lat' dir='ltr'><strong>Fc-</strong></span> 
     </span>
     <span class='ocr_line' id='line_1_74' title="bbox 983 1626 1766 1670; baseline 0.006 -12"><span class='ocrx_word' id='word_1_461' title='bbox 983 1626 1048 1658; x_wconf 72' lang='lat' dir='ltr'><strong>lc&#39;us</strong></span> <span class='ocrx_word' id='word_1_462' title='bbox 1065 1627 1207 1660; x_wconf 79' lang='lat' dir='ltr'><strong>hominis</strong></span> <span class='ocrx_word' id='word_1_463' title='bbox 1221 1637 1285 1660; x_wconf 77' lang='lat' dir='ltr'><strong>non</strong></span> <span class='ocrx_word' id='word_1_464' title='bbox 1305 1629 1398 1661; x_wconf 78' lang='lat' dir='ltr'><strong>habet</strong></span> <span class='ocrx_word' id='word_1_465' title='bbox 1412 1630 1468 1661; x_wconf 81' lang='lat' dir='ltr'><strong>ubi</strong></span> <span class='ocrx_word' id='word_1_466' title='bbox 1488 1633 1585 1670; x_wconf 79' lang='lat' dir='ltr'><strong>caput</strong></span> <span class='ocrx_word' id='word_1_467' title='bbox 1610 1639 1704 1662; x_wconf 77' lang='lat' dir='ltr'><strong>suam</strong></span> <span class='ocrx_word' id='word_1_468' title='bbox 1719 1640 1766 1663; x_wconf 81' lang='lat' dir='ltr'><strong>re-</strong></span> 
     </span>
     <span class='ocr_line' id='line_1_75' title="bbox 983 1681 1764 1723; baseline 0.006 -11"><span class='ocrx_word' id='word_1_469' title='bbox 983 1681 1091 1714; x_wconf 76' lang='lat' dir='ltr'><strong>clinet.</strong></span> <span class='ocrx_word' id='word_1_470' title='bbox 1108 1681 1147 1713; x_wconf 87' lang='lat' dir='ltr'><strong>Et</strong></span> <span class='ocrx_word' id='word_1_471' title='bbox 1160 1682 1277 1713; x_wconf 88' lang='lat' dir='ltr'><strong>iterum</strong></span> <span class='ocrx_word' id='word_1_472' title='bbox 1294 1683 1455 1723; x_wconf 88' lang='lat' dir='ltr'><strong>discipulis</strong></span> <span class='ocrx_word' id='word_1_473' title='bbox 1475 1684 1620 1715; x_wconf 77' lang='lat' dir='ltr'><strong>dicebat⁸</strong></span> <span class='ocrx_word' id='word_1_474' title='bbox 1636 1695 1642 1716; x_wconf 92' lang='lat'><strong>:</strong></span> <span class='ocrx_word' id='word_1_475' title='bbox 1661 1685 1764 1717; x_wconf 66' lang='lat' dir='ltr'><strong>Nolite</strong></span> 
     </span>
     <span class='ocr_line' id='line_1_76' title="bbox 980 1736 1763 1778; baseline 0.003 -11"><span class='ocrx_word' id='word_1_476' title='bbox 980 1736 1143 1775; x_wconf 78' lang='lat' dir='ltr'><strong>possidere</strong></span> <span class='ocrx_word' id='word_1_477' title='bbox 1168 1745 1296 1775; x_wconf 72' lang='lat' dir='ltr'><strong>aarum,</strong></span> <span class='ocrx_word' id='word_1_478' title='bbox 1320 1745 1419 1777; x_wconf 77' lang='lat' dir='ltr'><strong>neque</strong></span> <span class='ocrx_word' id='word_1_479' title='bbox 1445 1741 1623 1778; x_wconf 64' lang='lat' dir='ltr'><strong>arpentum.</strong></span> <span class='ocrx_word' id='word_1_480' title='bbox 1647 1738 1685 1769; x_wconf 86' lang='lat' dir='ltr'><strong>Et</strong></span> <span class='ocrx_word' id='word_1_481' title='bbox 1706 1738 1763 1769; x_wconf 86' lang='lat' dir='ltr'><strong>Pe-</strong></span> 
     </span>
     <span class='ocr_line' id='line_1_77' title="bbox 980 1791 1767 1830; baseline 0.004 -9"><span class='ocrx_word' id='word_1_482' title='bbox 980 1793 1050 1821; x_wconf 91' lang='lat' dir='ltr'><strong>trus</strong></span> <span class='ocrx_word' id='word_1_483' title='bbox 1064 1791 1186 1821; x_wconf 83' lang='lat' dir='ltr'><strong>dicebat</strong></span> <span class='ocrx_word' id='word_1_484' title='bbox 1199 1791 1240 1828; x_wconf 89' lang='lat' dir='ltr'><strong>ei,</strong></span> <span class='ocrx_word' id='word_1_485' title='bbox 1256 1791 1311 1830; x_wconf 90' lang='lat' dir='ltr'><strong>qui</strong></span> <span class='ocrx_word' id='word_1_486' title='bbox 1325 1801 1365 1822; x_wconf 81' lang='lat' dir='ltr'><strong>ex</strong></span> <span class='ocrx_word' id='word_1_487' title='bbox 1380 1792 1546 1823; x_wconf 87' lang='lat' dir='ltr'><strong>nativitate</strong></span> <span class='ocrx_word' id='word_1_488' title='bbox 1561 1802 1618 1823; x_wconf 88' lang='lat' dir='ltr'><strong>sua</strong></span> <span class='ocrx_word' id='word_1_489' title='bbox 1632 1793 1767 1824; x_wconf 86' lang='lat' dir='ltr'><strong>claudus</strong></span> 
     </span>
     <span class='ocr_line' id='line_1_78' title="bbox 982 1845 1761 1883; baseline 0.005 -9"><span class='ocrx_word' id='word_1_490' title='bbox 982 1846 1050 1874; x_wconf 85' lang='lat' dir='ltr'><strong>erat</strong></span> <span class='ocrx_word' id='word_1_491' title='bbox 1065 1847 1074 1863; x_wconf 78' lang='lat'>⁹</span> <span class='ocrx_word' id='word_1_492' title='bbox 1097 1845 1293 1883; x_wconf 73' lang='lat' dir='ltr'><strong>:Arqencum</strong></span> <span class='ocrx_word' id='word_1_493' title='bbox 1314 1847 1343 1876; x_wconf 80' lang='lat' dir='ltr'><strong>et</strong></span> <span class='ocrx_word' id='word_1_494' title='bbox 1366 1853 1482 1876; x_wconf 77' lang='lat' dir='ltr'><strong>aarum</strong></span> <span class='ocrx_word' id='word_1_495' title='bbox 1506 1854 1571 1877; x_wconf 81' lang='lat' dir='ltr'><strong>non</strong></span> <span class='ocrx_word' id='word_1_496' title='bbox 1597 1850 1643 1878; x_wconf 82' lang='lat' dir='ltr'><strong>est</strong></span> <span class='ocrx_word' id='word_1_497' title='bbox 1667 1847 1761 1878; x_wconf 68' lang='lat' dir='ltr'><strong>mihi.</strong></span> 
     </span>
     <span class='ocr_line' id='line_1_79' title="bbox 983 1897 1762 1937; baseline 0.005 -10"><span class='ocrx_word' id='word_1_498' title='bbox 983 1897 1021 1928; x_wconf 90' lang='lat' dir='ltr'><strong>Et</strong></span> <span class='ocrx_word' id='word_1_499' title='bbox 1035 1898 1068 1927; x_wconf 91' lang='lat' dir='ltr'><strong>in</strong></span> <span class='ocrx_word' id='word_1_500' title='bbox 1083 1897 1152 1937; x_wconf 91' lang='lat' dir='ltr'><strong>ipso</strong></span> <span class='ocrx_word' id='word_1_501' title='bbox 1167 1897 1297 1937; x_wconf 88' lang='lat' dir='ltr'><strong>quidem</strong></span> <span class='ocrx_word' id='word_1_502' title='bbox 1308 1897 1413 1929; x_wconf 85' lang='lat' dir='ltr'><strong>Veteri</strong></span> <span class='ocrx_word' id='word_1_503' title='bbox 1429 1898 1641 1937; x_wconf 79' lang='lat' dir='ltr'><strong>Testamento,</strong></span> <span class='ocrx_word' id='word_1_504' title='bbox 1654 1909 1762 1931; x_wconf 87' lang='lat' dir='ltr'><strong>nonne</strong></span> 
     </span>
     <span class='ocr_line' id='line_1_80' title="bbox 983 1950 1764 1991; baseline 0.003 -9"><span class='ocrx_word' id='word_1_505' title='bbox 983 1950 1067 1982; x_wconf 85' lang='lat' dir='ltr'><strong>Elias</strong></span> <span class='ocrx_word' id='word_1_506' title='bbox 1082 1953 1198 1991; x_wconf 82' lang='lat' dir='ltr'><strong>praeter</strong></span> <span class='ocrx_word' id='word_1_507' title='bbox 1215 1952 1365 1982; x_wconf 86' lang='lat' dir='ltr'><strong>melotam</strong></span> <span class='ocrx_word' id='word_1_508' title='bbox 1381 1952 1461 1982; x_wconf 87' lang='lat' dir='ltr'><strong>nihil</strong></span> <span class='ocrx_word' id='word_1_509' title='bbox 1475 1953 1632 1984; x_wconf 85' lang='lat' dir='ltr'><strong>habebat?</strong></span> <span class='ocrx_word' id='word_1_510' title='bbox 1657 1963 1764 1984; x_wconf 89' lang='lat' dir='ltr'><strong>nonne</strong></span> 
     </span>
     <span class='ocr_line' id='line_1_81' title="bbox 985 2005 1764 2048; baseline 0.005 -13"><span class='ocrx_word' id='word_1_511' title='bbox 985 2005 1119 2036; x_wconf 84' lang='lat' dir='ltr'><strong>Elisaeus</strong></span> <span class='ocrx_word' id='word_1_512' title='bbox 1129 2006 1144 2035; x_wconf 68' lang='grc' dir='ltr'><strong>’ἒ</strong></span> <span class='ocrx_word' id='word_1_513' title='bbox 1155 2014 1261 2036; x_wconf 87' lang='lat' dir='ltr'><strong>nonne</strong></span> <span class='ocrx_word' id='word_1_514' title='bbox 1271 2005 1452 2037; x_wconf 86' lang='lat' dir='ltr'><strong>Joannes?»</strong></span> <span class='ocrx_word' id='word_1_515' title='bbox 1478 2006 1650 2047; x_wconf 87' lang='lat' dir='ltr'><strong>Hucusque</strong></span> <span class='ocrx_word' id='word_1_516' title='bbox 1665 2007 1764 2048; x_wconf 90' lang='lat' dir='ltr'><strong>Chry-</strong></span> 
     </span>
     <span class='ocr_line' id='line_1_82' title="bbox 983 2060 1765 2100; baseline 0.004 -11"><span class='ocrx_word' id='word_1_517' title='bbox 983 2062 1142 2090; x_wconf 88' lang='lat' dir='ltr'><strong>sostomus</strong></span> <span class='ocrx_word' id='word_1_518' title='bbox 1176 2060 1372 2099; x_wconf 83' lang='lat' dir='ltr'><strong>paupertatis</strong></span> <span class='ocrx_word' id='word_1_519' title='bbox 1405 2060 1607 2091; x_wconf 85' lang='lat' dir='ltr'><strong>tolerantiam</strong></span> <span class='ocrx_word' id='word_1_520' title='bbox 1637 2061 1765 2100; x_wconf 85' lang='lat' dir='ltr'><strong>laudat,</strong></span> 
     </span>
     <span class='ocr_line' id='line_1_83' title="bbox 983 2113 1764 2154; baseline 0.004 -11"><span class='ocrx_word' id='word_1_521' title='bbox 983 2113 1059 2154; x_wconf 88' lang='lat' dir='ltr'><strong>quia</strong></span> <span class='ocrx_word' id='word_1_522' title='bbox 1076 2113 1291 2153; x_wconf 83' lang='lat' dir='ltr'><strong>corporalium</strong></span> <span class='ocrx_word' id='word_1_523' title='bbox 1308 2123 1364 2153; x_wconf 85' lang='lat' dir='ltr'><strong>per</strong></span> <span class='ocrx_word' id='word_1_524' title='bbox 1379 2123 1451 2144; x_wconf 82' lang='lat' dir='ltr'><strong>eam</strong></span> <span class='ocrx_word' id='word_1_525' title='bbox 1474 2123 1585 2145; x_wconf 86' lang='lat' dir='ltr'><strong>rerum</strong></span> <span class='ocrx_word' id='word_1_526' title='bbox 1601 2124 1692 2146; x_wconf 89' lang='lat' dir='ltr'><strong>amor</strong></span> <span class='ocrx_word' id='word_1_527' title='bbox 1706 2116 1764 2146; x_wconf 84' lang='lat' dir='ltr'><strong>ab-</strong></span> 
     </span>
     <span class='ocr_line' id='line_1_84' title="bbox 984 2167 1763 2207; baseline 0.001 -9"><span class='ocrx_word' id='word_1_528' title='bbox 984 2167 1158 2204; x_wconf 83' lang='lat' dir='ltr'><strong>scinditur,</strong></span> <span class='ocrx_word' id='word_1_529' title='bbox 1183 2167 1238 2206; x_wconf 92' lang='lat' dir='ltr'><strong>qui</strong></span> <span class='ocrx_word' id='word_1_530' title='bbox 1263 2168 1310 2197; x_wconf 89' lang='lat' dir='ltr'><strong>est</strong></span> <span class='ocrx_word' id='word_1_531' title='bbox 1334 2167 1439 2207; x_wconf 88' lang='lat' dir='ltr'><strong>prima</strong></span> <span class='ocrx_word' id='word_1_532' title='bbox 1462 2168 1555 2199; x_wconf 82' lang='lat' dir='ltr'><strong>radix</strong></span> <span class='ocrx_word' id='word_1_533' title='bbox 1584 2169 1763 2200; x_wconf 83' lang='lat' dir='ltr'><strong>vitiorum:</strong></span> 
     </span>
     <span class='ocr_line' id='line_1_85' title="bbox 983 2220 1766 2261; baseline 0 -9"><span class='ocrx_word' id='word_1_534' title='bbox 983 2221 1093 2252; x_wconf 85' lang='lat' dir='ltr'><strong>laudat</strong></span> <span class='ocrx_word' id='word_1_535' title='bbox 1108 2221 1215 2257; x_wconf 80' lang='lat' dir='ltr'><strong>etiam,</strong></span> <span class='ocrx_word' id='word_1_536' title='bbox 1228 2220 1304 2260; x_wconf 84' lang='lat' dir='ltr'><strong>quia</strong></span> <span class='ocrx_word' id='word_1_537' title='bbox 1317 2230 1373 2260; x_wconf 88' lang='lat' dir='ltr'><strong>per</strong></span> <span class='ocrx_word' id='word_1_538' title='bbox 1389 2222 1491 2261; x_wconf 89' lang='lat' dir='ltr'><strong>ipsam</strong></span> <span class='ocrx_word' id='word_1_539' title='bbox 1507 2221 1702 2253; x_wconf 85' lang='lat' dir='ltr'><strong>abscinditur</strong></span> <span class='ocrx_word' id='word_1_540' title='bbox 1717 2231 1766 2252; x_wconf 88' lang='lat' dir='ltr'><strong>ra-</strong></span> 
     </span>
     <span class='ocr_line' id='line_1_86' title="bbox 984 2275 1762 2314; baseline 0.001 -9"><span class='ocrx_word' id='word_1_541' title='bbox 984 2276 1039 2306; x_wconf 83' lang='lat' dir='ltr'><strong>dix</strong></span> <span class='ocrx_word' id='word_1_542' title='bbox 1054 2275 1204 2312; x_wconf 84' lang='lat' dir='ltr'><strong>secunda,</strong></span> <span class='ocrx_word' id='word_1_543' title='bbox 1222 2283 1295 2314; x_wconf 84' lang='lat' dir='ltr'><strong>quae</strong></span> <span class='ocrx_word' id='word_1_544' title='bbox 1312 2277 1358 2305; x_wconf 91' lang='lat' dir='ltr'><strong>est</strong></span> <span class='ocrx_word' id='word_1_545' title='bbox 1374 2275 1469 2306; x_wconf 89' lang='lat' dir='ltr'><strong>timor</strong></span> <span class='ocrx_word' id='word_1_546' title='bbox 1481 2275 1563 2306; x_wconf 87' lang='lat' dir='ltr'><strong>male</strong></span> <span class='ocrx_word' id='word_1_547' title='bbox 1575 2276 1762 2306; x_wconf 83' lang='lat' dir='ltr'><strong>humilians.</strong></span> 
     </span>
     <span class='ocr_line' id='line_1_87' title="bbox 985 2329 1765 2369; baseline -0.001 -9"><span class='ocrx_word' id='word_1_548' title='bbox 985 2329 1073 2360; x_wconf 90' lang='lat' dir='ltr'><strong>Unde</strong></span> <span class='ocrx_word' id='word_1_549' title='bbox 1095 2331 1126 2359; x_wconf 91' lang='lat' dir='ltr'><strong>et</strong></span> <span class='ocrx_word' id='word_1_550' title='bbox 1152 2330 1382 2368; x_wconf 88' lang='lat' dir='ltr'><strong>consequenter</strong></span> <span class='ocrx_word' id='word_1_551' title='bbox 1403 2329 1553 2369; x_wconf 78' lang='lat' dir='ltr'><strong>adjungit</strong></span> <span class='ocrx_word' id='word_1_552' title='bbox 1574 2330 1595 2346; x_wconf 90' lang='lat'><strong>¹⁰</strong></span> <span class='ocrx_word' id='word_1_553' title='bbox 1614 2341 1620 2360; x_wconf 72' lang='grc' dir='ltr'>ε</span> <span class='ocrx_word' id='word_1_554' title='bbox 1643 2329 1765 2360; x_wconf 82' lang='lat' dir='ltr'><strong>«Vides</strong></span> 
     </span>
     <span class='ocr_line' id='line_1_88' title="bbox 984 2382 1765 2424; baseline 0 -10"><span class='ocrx_word' id='word_1_555' title='bbox 984 2383 1060 2424; x_wconf 82' lang='lat' dir='ltr'><strong>quia</strong></span> <span class='ocrx_word' id='word_1_556' title='bbox 1083 2382 1168 2423; x_wconf 87' lang='lat' dir='ltr'><strong>quod</strong></span> <span class='ocrx_word' id='word_1_557' title='bbox 1194 2383 1336 2413; x_wconf 83' lang='lat' dir='ltr'><strong>maxime</strong></span> <span class='ocrx_word' id='word_1_558' title='bbox 1359 2383 1432 2414; x_wconf 80' lang='lat' dir='ltr'><strong>facit</strong></span> <span class='ocrx_word' id='word_1_559' title='bbox 1456 2384 1617 2421; x_wconf 84' lang='lat' dir='ltr'><strong>fiduciam,</strong></span> <span class='ocrx_word' id='word_1_560' title='bbox 1639 2384 1700 2413; x_wconf 89' lang='lat' dir='ltr'><strong>hoc</strong></span> <span class='ocrx_word' id='word_1_561' title='bbox 1718 2386 1765 2414; x_wconf 84' lang='lat' dir='ltr'><strong>est</strong></span> 
     </span>
     <span class='ocr_line' id='line_1_89' title="bbox 984 2436 1766 2478; baseline 0 -11"><span class='ocrx_word' id='word_1_562' title='bbox 984 2439 1165 2478; x_wconf 70' lang='lat' dir='ltr'><strong>paupertas,</strong></span> <span class='ocrx_word' id='word_1_563' title='bbox 1192 2436 1284 2467; x_wconf 89' lang='lat' dir='ltr'><strong>Dives</strong></span> <span class='ocrx_word' id='word_1_564' title='bbox 1308 2446 1419 2467; x_wconf 89' lang='lat' dir='ltr'><strong>servus</strong></span> <span class='ocrx_word' id='word_1_565' title='bbox 1441 2439 1502 2475; x_wconf 87' lang='lat' dir='ltr'><strong>est,</strong></span> <span class='ocrx_word' id='word_1_566' title='bbox 1533 2437 1691 2468; x_wconf 78' lang='lat' dir='ltr'><strong>obnoxius</strong></span> <span class='ocrx_word' id='word_1_567' title='bbox 1719 2439 1766 2468; x_wconf 89' lang='lat' dir='ltr'><strong>est</strong></span> 
     </span>
     <span class='ocr_line' id='line_1_90' title="bbox 985 2491 1764 2529; baseline 0 -7"><span class='ocrx_word' id='word_1_568' title='bbox 985 2492 1052 2522; x_wconf 86' lang='lat' dir='ltr'><strong>istis</strong></span> <span class='ocrx_word' id='word_1_569' title='bbox 1071 2491 1207 2529; x_wconf 90' lang='lat' dir='ltr'><strong>damnis,</strong></span> <span class='ocrx_word' id='word_1_570' title='bbox 1224 2493 1255 2521; x_wconf 88' lang='lat' dir='ltr'><strong>et</strong></span> <span class='ocrx_word' id='word_1_571' title='bbox 1269 2491 1413 2522; x_wconf 88' lang='lat' dir='ltr'><strong>tribuens</strong></span> <span class='ocrx_word' id='word_1_572' title='bbox 1436 2491 1523 2521; x_wconf 89' lang='lat' dir='ltr'><strong>omni</strong></span> <span class='ocrx_word' id='word_1_573' title='bbox 1545 2491 1663 2522; x_wconf 83' lang='lat' dir='ltr'><strong>volenti</strong></span> <span class='ocrx_word' id='word_1_574' title='bbox 1688 2500 1764 2522; x_wconf 90' lang='lat' dir='ltr'><strong>eum</strong></span> 
     </span>
     <span class='ocr_line' id='line_1_91' title="bbox 985 2544 1787 2585; baseline 0.001 -9"><span class='ocrx_word' id='word_1_575' title='bbox 985 2555 1120 2583; x_wconf 89' lang='lat' dir='ltr'><strong>nocere;</strong></span> <span class='ocrx_word' id='word_1_576' title='bbox 1150 2545 1202 2576; x_wconf 90' lang='lat' dir='ltr'><strong>ille</strong></span> <span class='ocrx_word' id='word_1_577' title='bbox 1220 2547 1328 2576; x_wconf 86' lang='lat' dir='ltr'><strong>autem</strong></span> <span class='ocrx_word' id='word_1_578' title='bbox 1349 2544 1431 2575; x_wconf 88' lang='lat' dir='ltr'><strong>nihil</strong></span> <span class='ocrx_word' id='word_1_579' title='bbox 1455 2544 1575 2575; x_wconf 87' lang='lat' dir='ltr'><strong>habens</strong></span> <span class='ocrx_word' id='word_1_580' title='bbox 1590 2569 1597 2583; x_wconf 92' lang='lat'><strong>,</strong></span> <span class='ocrx_word' id='word_1_581' title='bbox 1623 2546 1765 2585; x_wconf 88' lang='lat' dir='ltr'><strong>proscri-</strong></span> <span class='ocrx_word' id='word_1_582' title='bbox 1784 2575 1787 2577; x_wconf 92' lang='grc'><em>,</em></span> 
     </span>
     <span class='ocr_line' id='line_1_92' title="bbox 986 2598 1763 2639; baseline 0.003 -10"><span class='ocrx_word' id='word_1_583' title='bbox 986 2600 1128 2639; x_wconf 87' lang='lat' dir='ltr'><strong>ptionem</strong></span> <span class='ocrx_word' id='word_1_584' title='bbox 1139 2608 1203 2629; x_wconf 89' lang='lat' dir='ltr'><strong>non</strong></span> <span class='ocrx_word' id='word_1_585' title='bbox 1212 2599 1313 2636; x_wconf 88' lang='lat' dir='ltr'><strong>timet,</strong></span> <span class='ocrx_word' id='word_1_586' title='bbox 1328 2607 1433 2638; x_wconf 89' lang='lat' dir='ltr'><strong>neque</strong></span> <span class='ocrx_word' id='word_1_587' title='bbox 1443 2598 1742 2630; x_wconf 88' lang='lat' dir='ltr'><strong>condemnationem</strong></span> <span class='ocrx_word' id='word_1_588' title='bbox 1755 2610 1763 2631; x_wconf 90' lang='lat'>:</span> 
     </span>
    </p>
   </div>
   <div class='ocr_carea' id='block_1_6' title="bbox 987 2679 1765 2747">
    <p class='ocr_par' dir='ltr' id='par_1_6' title="bbox 987 2679 1765 2747">
     <span class='ocr_line' id='line_1_93' title="bbox 987 2679 1765 2709; baseline -0.001 -6"><span class='ocrx_word' id='word_1_589' title='bbox 987 2686 1100 2704; x_wconf 87' lang='lat' dir='ltr'><strong>sensum.</strong></span> <span class='ocrx_word' id='word_1_590' title='bbox 1115 2692 1147 2697; x_wconf 90' lang='lat'>—</span> <span class='ocrx_word' id='word_1_591' title='bbox 1168 2680 1175 2694; x_wconf 90' lang='lat'>⁷</span> <span class='ocrx_word' id='word_1_592' title='bbox 1195 2679 1298 2708; x_wconf 72' lang='lat' dir='ltr'><strong>Matth..</strong></span> <span class='ocrx_word' id='word_1_593' title='bbox 1320 2685 1381 2709; x_wconf 82' lang='lat' dir='ltr'><strong>vm,</strong></span> <span class='ocrx_word' id='word_1_594' title='bbox 1401 2680 1439 2703; x_wconf 86' lang='lat'><strong>20.</strong></span> <span class='ocrx_word' id='word_1_595' title='bbox 1462 2692 1492 2696; x_wconf 91' lang='lat'><em>-</em></span> <span class='ocrx_word' id='word_1_596' title='bbox 1512 2679 1522 2695; x_wconf 73' lang='grc' dir='ltr'><strong>Β</strong></span> <span class='ocrx_word' id='word_1_597' title='bbox 1542 2679 1615 2707; x_wconf 73' lang='lat' dir='ltr'><strong>ibid..</strong></span> <span class='ocrx_word' id='word_1_598' title='bbox 1638 2686 1670 2707; x_wconf 69' lang='lat' dir='ltr'><strong>X,</strong></span> <span class='ocrx_word' id='word_1_599' title='bbox 1690 2681 1712 2703; x_wconf 77' lang='lat'><strong>9.</strong></span> <span class='ocrx_word' id='word_1_600' title='bbox 1736 2693 1765 2698; x_wconf 91' lang='lat'><strong>—</strong></span> 
     </span>
     <span class='ocr_line' id='line_1_94' title="bbox 987 2715 1630 2747; baseline -0.002 -7"><span class='ocrx_word' id='word_1_601' title='bbox 987 2716 995 2730; x_wconf 83' lang='lat'>⁹</span> <span class='ocrx_word' id='word_1_602' title='bbox 1011 2717 1077 2747; x_wconf 62' lang='lat' dir='ltr'><strong>Act„</strong></span> <span class='ocrx_word' id='word_1_603' title='bbox 1093 2721 1132 2747; x_wconf 81' lang='grc' dir='ltr'><em>ιιι,</em></span> <span class='ocrx_word' id='word_1_604' title='bbox 1147 2718 1169 2740; x_wconf 85' lang='grc'><strong>6.</strong></span> <span class='ocrx_word' id='word_1_605' title='bbox 1191 2730 1216 2733; x_wconf 94' lang='grc'>-</span> <span class='ocrx_word' id='word_1_606' title='bbox 1237 2717 1253 2733; x_wconf 84' lang='lat'><strong>¹⁰</strong></span> <span class='ocrx_word' id='word_1_607' title='bbox 1269 2716 1411 2746; x_wconf 60' lang='lat' dir='ltr'><strong>Chrysost„</strong></span> <span class='ocrx_word' id='word_1_608' title='bbox 1426 2715 1469 2739; x_wconf 91' lang='lat' dir='ltr'><strong>ubi</strong></span> <span class='ocrx_word' id='word_1_609' title='bbox 1483 2723 1539 2746; x_wconf 89' lang='lat' dir='ltr'><strong>sup.</strong></span> <span class='ocrx_word' id='word_1_610' title='bbox 1556 2722 1630 2746; x_wconf 80' lang='lat' dir='ltr'><strong>prox.</strong></span> 
     </span>
    </p>
   </div>
  </div>
 </body>
</html>
