2029 3052
84 1450 177 1470 Fructus

85 1482 159 1504 Mai-im

78 1516 111 1535 cit
126 1519 167 1533 nn-

91 1549 155 1571 tium,

89 1580 164 1599 contra

93 1611 156 1630 irem.

194 231 256 263 286

194 306 291 326 meam.
318 297 377 327 Sed
399 298 478 327 certe
497 304 561 326 non
583 297 681 326 solum
701 297 756 326 filii
774 299 844 326 sunt
863 305 978 327 merces

193 344 306 374 fructus
318 344 446 381 ventris;
461 343 516 373 sed
529 344 593 381 ipse
607 343 718 373 fructus
731 344 843 374 ventris
857 345 978 374 sanctis-

195 392 263 421 simi
287 393 330 422 est
360 400 474 421 merces
495 391 549 420 filii
571 385 730 427 cujuslibet
754 391 899 429 adoptivi.
921 392 976 427 Qui

193 440 294 468 autem
307 441 376 468 sunt
389 438 435 467 isli
449 438 526 466 filii?
546 437 628 466 audi.
644 438 786 468 Filiorum
800 440 844 468 est
853 439 976 475 diligere

193 487 319 522 patrem,
335 487 364 514 et
374 485 467 522 patris
480 485 569 514 filios.
586 485 650 514 Filii
664 493 737 522 ergo
751 485 800 514 Dei
811 487 839 515 et
851 485 907 514 filii
921 487 978 515 Ec-

193 532 291 561 olesiae
305 534 384 568 sunt,
401 532 584 569 quicumque
599 533 694 561 Deum
707 534 736 561 et
748 532 922 570 proximum
933 533 978 562 di-

193 579 299 616 ligunt.
321 579 403 608 Unde
420 578 578 615 Apostolus
598 578 638 607 ad
662 579 803 616 Ephesios
822 579 830 597 ¹
846 589 853 608 :
885 581 977 608 Estote

193 627 347 655 imitatores
361 627 422 660 Dei,
441 627 515 654 sicut
533 627 589 661 filii
610 626 774 662 charissimi,
797 629 824 655 et
841 627 978 655 ambulate

193 674 224 700 in
244 672 395 705 dilectione,
413 674 468 701 etc.
485 673 518 701 Et
533 672 564 701 in
587 673 718 702 Matthoeo
738 673 865 702 dicitur²
880 683 887 702 ε
907 675 977 701 Dili-

193 720 250 755 qz'te
269 721 394 748 inimicos
413 722 524 752 vestros,
548 720 698 754 benefacite
716 721 769 756 his,
793 722 842 756 qui
861 720 976 749 oderunt

191 774 248 802 vos,
264 769 290 795 et
306 769 380 795 orate
396 775 448 803 pro
467 767 692 803 persequentibus
707 769 732 795 et
745 767 976 796 calumniantibus

191 821 248 849 vos,
263 815 294 841 ut
306 815 371 842 sitis
384 815 440 848 filii
453 815 647 848 Patrisvestri‚
661 815 711 849 qui
722 816 752 842 in
764 815 837 842 coelae's
852 816 901 850 est,
917 816 973 842 etc.

190 859 274 889 Tales
289 868 360 896 ergo
375 860 441 895 filii,
456 860 596 889 videlicet
605 861 754 888 amatores
769 860 819 888 Dei
835 862 864 889 et
873 861 974 897 proxi-

191 907 243 942 mi,
257 909 326 935 sunt
340 915 452 936 merces
467 907 556 942 hujus
568 907 680 935 fructus
687 907 847 943 benedicti,
860 908 976 936 talium-

189 961 249 990 que
261 953 393 982 filiorum
406 961 520 982 merces
534 956 577 982 est
589 954 651 990 ipse
663 954 774 983 fructus
787 954 973 984 benedictus.

189 999 236 1029 Sic
257 1000 346 1036 igitur
361 1000 473 1029 fructus
496 1001 549 1030 iste
573 1000 762 1037 diligentium
781 1003 839 1038 est3
861 1005 890 1030 et
903 1002 973 1030 ideo

188 1047 278 1076 Maria
292 1056 382 1084 super
404 1056 508 1077 omnes
522 1049 658 1077 homines
675 1048 730 1077 fuit
746 1049 803 1078 hoc
818 1049 913 1078 fructu
928 1049 975 1078 di-

189 1094 341 1130 gnissima,
357 1095 428 1131 quia
451 1104 542 1132 super
559 1103 663 1124 omnes
684 1096 822 1124 homines
840 1096 894 1124 l'uit
908 1096 977 1125 cha-

187 1141 271 1170 ritate
296 1142 551 1171 affectuosissima.
577 1144 698 1179 Propter
726 1143 811 1180 quod
835 1143 911 1171 bene
934 1143 976 1172 nit

188 1187 292 1217 beatus
313 1189 494 1225 Augustinus
513 1190 555 1218 sic
581 1199 588 1217 :
612 1201 625 1216 α
641 1189 711 1224 Quis
731 1189 868 1218 dubitare
891 1192 974 1226 pote-

188 1235 226 1264 rit
247 1235 371 1264 omnino
393 1236 422 1264 iu
447 1236 636 1264 allectionem
662 1237 812 1265 charitatis
836 1237 974 1266 transisse

189 1282 303 1311 viscera
322 1283 432 1318 Marioe,
456 1283 486 1310 in
511 1283 621 1319 quibus
636 1283 715 1320 ipsa,
736 1292 803 1320 qum
829 1286 902 1312 Deus
917 1286 975 1317 est,

193 1330 320 1358 charitas
337 1338 447 1358 novem
468 1331 621 1359 mensibus
644 1331 838 1368 corporaliter
860 1331 977 1368 requie-

191 1377 253 1405 vit?
269 1387 282 1403 »

226 1425 332 1460 Tertio,
349 1425 526 1460 charissimi,
548 1425 704 1453 videamus
721 1426 878 1462 quomodo
900 1426 976 1454 l'ruc-

193 1475 238 1500 tus
252 1472 348 1500 Marioe
366 1472 541 1500 benedictus
562 1472 598 1500 sit
619 1472 793 1508 patientium
809 1473 975 1509 ciminum,

193 1520 297 1547 contra
313 1518 398 1546 iram.
415 1521 452 1546 De
468 1519 525 1547 hoc
540 1519 721 1555 accipiamus
734 1520 817 1556 quod
828 1520 935 1548 dicitur
946 1521 975 1548 in

192 1565 270 1594 libro
285 1566 333 1593 Job
344 1567 354 1582 ’Δ
370 1575 376 1593 ;
390 1567 534 1601 Acqiii'escc
547 1575 607 1601 erqo
623 1567 678 1601 illi,
690 1569 714 1594 ct
729 1567 822 1594 habeto
834 1576 936 1602 pacem,
950 1571 974 1595 ct

189 1621 239 1648 pci-
259 1613 313 1640 lucc
330 1613 437 1640 habebis
458 1614 566 1646 fructus
584 1615 710 1648 optimos.
734 1614 926 1649 Acquivsccrc
949 1617 977 1642 et

192 1667 296 1695 pacem
316 1659 439 1693 hahere,
461 1662 503 1687 cst
523 1659 637 1687 mitium
658 1663 685 1687 ct
709 1661 884 1696 patientium
901 1671 907 1689 ε
924 1661 975 1697 qui

192 1709 290 1734 autem
306 1706 379 1734 iales
395 1710 472 1740 sunt,
497 1706 552 1742 ipsi
571 1715 625 1742 por
641 1707 702 1734 lunc
719 1707 829 1735 fructus
845 1709 974 1744 optimos

192 1753 355 1781 habebunt.
383 1754 444 1781 Duo
480 1756 578 1781 autem
614 1754 718 1790 optimi
747 1757 815 1782 sunt
842 1755 955 1783 fructus
967 1777 975 1790 ,

192 1808 268 1828 unus
296 1800 425 1835 virtutis,
455 1800 528 1828 alter
557 1801 676 1829 ventris.
707 1802 841 1838 Optimus
865 1802 976 1831 fructus

191 1847 296 1874 mentis
322 1849 365 1874 est
391 1847 528 1882 charitaS,
552 1847 589 1875 dc
611 1856 672 1884 qua
695 1849 852 1884 Apostolus
877 1850 917 1878 ait
937 1851 946 1866 ⁸
968 1860 974 1878 ε

192 1895 302 1921 Fructus
320 1897 408 1922 alitem
424 1896 552 1930 spiritus,
568 1897 621 1922 etc.
639 1896 758 1924 Fructus
779 1896 829 1932 qui
846 1896 887 1924 ibi
904 1905 976 1925 cnu-

190 1943 352 1976 merantur,
369 1941 418 1969 alii
435 1941 558 1977 quidem
573 1945 639 1970 sunt
655 1943 739 1976 boui,
755 1943 804 1971 alii
823 1952 893 1972 vero
910 1953 972 1972 me-

190 1987 293 2023 liores;
309 1988 500 2024 sedprimus,
514 1989 564 2025 qui
581 1991 622 2017 est
633 1989 770 2024 charitas,
781 1991 912 2026 optimus
922 1994 974 2023 est,

190 2044 244 2071 per
259 2045 349 2072 quem
365 2036 415 2064 alii
431 2045 544 2070 omncS,
559 2037 633 2064 sicut
644 2038 771 2065 ostendit
785 2039 974 2074 Augustinus,

190 2083 262 2111 honi
285 2085 362 2111 sunt.
385 2083 518 2119 Optimus
547 2087 645 2111 autem
671 2084 781 2112 fructus
806 2086 916 2113 ventris
935 2088 978 2114 est

190 2130 335 2157 Christus:
353 2130 402 2158 ille
418 2139 548 2167 namque
564 2131 662 2158 bonus
674 2131 783 2158 fructus
799 2133 907 2160 ventris
922 2136 974 2166 est,

191 2177 375 2213 quicumque
392 2177 421 2204 in
436 2180 535 2205 venire
551 2178 748 2206 sanctificatus
763 2181 804 2206 cst
822 2188 827 2206 ;
846 2179 974 2216 ideoque

191 2224 288 2252 bonus
304 2227 346 2252 cst
361 2225 471 2252 fructus
487 2226 594 2253 ventris
618 2225 779 2260 Elisabeth:
802 2227 907 2255 melior
925 2236 974 2256 au-

191 2273 249 2299 tem
266 2271 376 2299 fructus
389 2273 498 2299 veniris
515 2276 622 2307 Ami-‘m
639 2273 769 2309 optimus
784 2277 881 2302 aulem
897 2275 974 2303 sruc-

192 2321 236 2346 tus
254 2319 362 2346 ventris
378 2319 482 2346 Mariw.
501 2321 596 2346 nonus
613 2323 710 2347 autem
736 2320 846 2348 fruetus
866 2323 976 2350 ventris

191 2365 339 2393 Elisabeth
352 2366 497 2399 loannes3
516 2366 620 2393 melior
638 2367 748 2394 fructus
768 2370 856 2396 Auum
871 2369 973 2404 Maria3

191 2412 435 2448 optimussructus
446 2413 636 2440 Marcum—sus.
649 2415 749 2447 Pensa,
758 2415 855 2450 frater,
866 2417 933 2452 quis
940 2417 975 2444 sit

191 2460 405 2495 iste1·ructus‚et
419 2460 455 2488 de
472 2468 531 2496 qua
543 2461 659 2488 terras-it
671 2463 843 2497 productim,
853 2467 879 2491 et
893 2464 975 2492 vide-

190 2507 236 2534 bis
255 2507 339 2543 quod
362 2509 403 2534 est
426 2507 565 2543 optimus.
583 2507 658 2535 Audi
683 2508 906 2546 Hieronymum,
923 2513 975 2548 qui

190 2554 230 2582 ait
244 2554 253 2569 Β
270 2563 276 2581 :
297 2564 309 2579 ιι
326 2555 446 2582 Fructus
461 2555 504 2581 est
522 2553 607 2589 virgo
623 2554 659 2582 dc
685 2555 808 2591 virgine,
832 2558 974 2586 Dominus

224 2629 227 2641 ¹
247 2627 347 2658 Ephe-5..
363 2634 387 2658 V,
402 2630 424 2651 2.
438 2641 468 2646 -
484 2629 494 2645 ⁵
508 2627 608 2658 Matllh,
625 2634 648 2659 V,
666 2630 703 2653 4¹1.
717 2643 747 2647 —
760 2631 768 2644 ³
783 2631 837 2661 ,ΙυΙιν
853 2639 917 2662 xxm,
933 2636 973 2658 21,

190 2676 220 2680 —
247 2664 252 2677 ¹
276 2664 343 2692 Gal„
368 2670 391 2692 v,
419 2666 457 2688 22.
480 2677 510 2681 —
532 2665 541 2680 ⁶
563 2665 679 2695 morou„
703 2667 728 2689 ιἰι
753 2667 820 2691 psal.
850 2674 921 2693 vai.
946 2684 975 2688 —

190 2702 198 2714 ι’
212 2699 297 2729 ΗεΙη-.,
313 2706 360 2731 xii,
380 2702 415 2724 ll.
431 2713 462 2717 —
477 2700 487 2716 '¹
502 2700 570 2732 Luc„
590 2707 651 2732 vin,
672 2703 708 2726 15.
725 2715 755 2720 —
771 2704 778 2716 ‘¹
796 2705 928 2735 Ambros„
945 2706 976 2730 de

633 229 846 263 SPECULUM
865 229 1011 263 BEATAE
1030 229 1170 264 MARIAE
1190 231 1377 266 VIRGINIS.

1032 297 1071 328 de
1085 299 1204 336 ancilla,
1225 301 1300 336 Deus
1313 308 1351 330 ex
1368 299 1503 336 homine,
1525 299 1616 330 Filius
1638 307 1678 331 ox
1696 303 1811 340 maha,

1030 344 1143 375 fructus
1156 355 1194 376 ex
1211 348 1297 376 terra.
1309 357 1324 375 n
1341 348 1364 377 Ο
1374 346 1485 382 felices,
1499 346 1598 384 quiin
1611 347 1749 378 omnium
1760 354 1813 381 m-

1031 392 1223 429 stigationum
1245 394 1403 432 disciplina
1417 394 1553 424 animum
1569 395 1632 423 tam
1655 394 1815 432 patientem

1031 438 1144 469 hahent
1157 442 1186 469 et
1201 442 1262 470 tam
1275 443 1424 478 paratum,
1440 441 1524 478 quod
1539 449 1576 470 ex
1585 441 1644 471 hoc
1653 441 1814 478 justissime

1032 490 1255 524 consequuntur
1267 487 1398 517 fructum
1410 488 1598 526 patientium,
1612 488 1741 518 §ructum
1760 496 1816 526 pa-

1032 533 1225 570 catissimum,
1239 534 1278 563 de
1293 542 1355 572 quo
1374 534 1415 563 ad
1434 535 1572 565 Eebraeos
1593 535 1702 565 Paulus
1714 535 1815 573 loqui-

1032 581 1101 610 tur‘
1115 591 1124 609 =
1146 581 1251 617 Omnis,
1271 581 1379 619 inquit,
1395 581 1546 618 disciplina
1563 584 1595 611 in
1605 585 1736 619 proesenti
1749 585 1815 619 qui-

1032 627 1093 656 dem
1104 635 1158 656 non
1171 628 1280 656 videtur
1300 636 1355 657 esse
1374 629 1484 665 qaudtz‘,
1503 629 1551 658 sed
1568 631 1706 665 ποατ-οντες
1717 633 1816 666 postea

1031 677 1122 703 autem
1141 675 1260 708 fructum
1284 677 1492 711 pacatissimum
1513 677 1667 705 exercitatis
1685 685 1734 713 per
1756 685 1816 706 eam

1030 721 1126 750 reddet
1136 721 1267 757 justitia.
1283 723 1475 752 Exci-citatam
1489 731 1561 760 ergo
1575 724 1750 761 patientiam
1762 725 1817 754 ha-

1030 768 1146 804 bentes,
1169 769 1298 798 fructum
1315 769 1463 807 optimum
1481 771 1622 808 referunt,
1636 772 1722 808 juxta
1739 771 1816 801 illud

1033 817 1111 845 Lucoe
1121 817 1144 844 ⁷:
1163 818 1295 846 Fructum
1310 818 1430 853 ‹tfferunt
1443 820 1473 846 in
1486 821 1634 854 patientia.
1651 819 1730 848 Sicut
1742 827 1815 856 ergo

1030 863 1142 892 fructus
1153 863 1206 892 iste
1220 863 1396 893 benedictus
1408 867 1452 893 est
1460 865 1636 902 patientium
1646 868 1674 895 et
1685 866 1816 902 mitium,

1031 913 1059 939 et
1081 910 1150 939 ideo
1175 911 1264 940 Maria
1285 920 1375 948 super
1396 920 1500 941 omnes
1521 913 1660 942 homines
1680 912 1735 942 fuit
1756 913 1816 942 hoc

1030 957 1126 987 fructu
1141 959 1326 996 dignissima,
1346 960 1418 996 quia
1437 967 1528 996 super
1547 967 1652 989 omnes
1677 960 1816 990 homines

1030 1005 1085 1042 fuit
1099 1006 1265 1041 mitissima,
1278 1007 1318 1035 ita
1333 1008 1365 1034 ut
1379 1014 1434 1034 nec
1448 1006 1550 1042 oculo,
1566 1015 1621 1036 nec
1638 1007 1745 1044 verbo,
1758 1015 1815 1037 nec

1030 1052 1108 1081 sacto
1123 1053 1328 1082 tenuissimum
1343 1053 1534 1090 impatientiae
1543 1053 1662 1090 signum
1677 1054 1815 1083 ostende-

1031 1099 1078 1134 rit;
1094 1101 1121 1127 ct
1140 1100 1368 1136 patientissima,
1382 1102 1454 1129 teste
1469 1101 1639 1136 Ambrosio,
1663 1101 1715 1138 qui
1729 1101 1770 1130 ait
1782 1102 1793 1119 ⁸
1806 1110 1813 1130 :

1033 1156 1046 1172 <a
1059 1146 1136 1174 Nihil
1156 1149 1274 1175 torvum
1295 1147 1325 1175 in
1348 1147 1442 1176 oculis
1457 1148 1563 1184 Merite,
1580 1147 1655 1177 nihil
1669 1148 1701 1177 in
1715 1148 1815 1178 verbis

1031 1202 1153 1230 procax,
1169 1194 1242 1222 nihil
1257 1194 1286 1222 in
1303 1197 1369 1223 actu
1385 1195 1630 1224 inverecundum.
1647 1207 1660 1222 n

1067 1241 1368 1276 Quarto,charissimi‚
1378 1242 1534 1270 videamus
1540 1242 1696 1279 quomodo
1703 1243 1813 1272 fructus

1030 1288 1125 1316 Mariae
1139 1288 1175 1316 sit
1185 1289 1385 1317 exercentium
1397 1297 1428 1318 se
1443 1292 1470 1318 et
1482 1290 1693 1325 laborantium,
1709 1292 1813 1319 contra

1031 1335 1175 1363 acediam.
1194 1337 1230 1363 Dc
1246 1337 1303 1364 hoc
1320 1336 1427 1364 dicitur
1438 1337 1468 1364 in
1480 1338 1644 1373 Sapientia⁹
1660 1339 1811 1366 :Bonorum

1031 1383 1151 1410 laborum
1177 1384 1310 1418 gloriosus
1335 1386 1373 1411 cst
1393 1385 1512 1418 fructus.
1534 1384 1715 1418 Quaerendus
1740 1392 1812 1420 ergo

1031 1432 1073 1458 est
1088 1430 1199 1458 fructus
1213 1431 1266 1459 iste
1279 1439 1347 1459 cum
1361 1431 1498 1459 exercitio
1510 1431 1634 1466 laboris,
1647 1431 1812 1460 secundum

1032 1477 1115 1512 quod
1131 1477 1196 1514 apis
1217 1478 1320 1514 quoerit
1335 1478 1462 1506 fructum
1478 1478 1590 1513 mellis3
1608 1478 1745 1514 fructum,
1769 1478 1814 1506 in-

1032 1533 1135 1560 quam,
1149 1524 1185 1552 de
1202 1533 1262 1561 quo
1280 1525 1496 1553 Ecclesiasticus
1516 1525 1587 1553 dicit
1597 1525 1617 1541 ¹⁰
1641 1534 1648 1553 ε
1665 1527 1758 1554 Brevis
1783 1527 1814 1554 in

1031 1572 1221 1599 volueibilibus
1238 1575 1276 1600 cst
1287 1574 1359 1608 apis,
1375 1575 1400 1600 et
1409 1574 1521 1600 initium
1539 1573 1740 1600 dalem-ishabee
1754 1574 1814 1606 fru-

1029 1621 1089 1645 ctus
1104 1619 1170 1653 ejus.
1187 1619 1359 1653 Considera,
1373 1619 1555 1654 charissime,
1573 1619 1728 1655 quomodo
1749 1619 1814 1656 apis

1032 1665 1069 1693 de
1091 1665 1177 1693 horto
1199 1666 1237 1693 ad
1258 1666 1394 1700 hortum,
1416 1666 1453 1693 «lc
1474 1667 1581 1694 arbore
1602 1666 1641 1694 ad
1661 1666 1812 1702 arborem,

1032 1713 1069 1740 de
1084 1713 1157 1741 llore
1173 1713 1211 1741 ad
1227 1715 1331 1741 norem
1351 1713 1487 1741 discurrit
1510 1721 1564 1749 pro
1581 1713 1676 1741 fructu
1691 1713 1787 1741 mellis
1804 1722 1811 1741 :

1030 1760 1072 1788 sic
1096 1763 1124 1788 et
1143 1762 1173 1787 tu
1199 1760 1450 1795 meditationibus,
1475 1762 1504 1788 et
1525 1760 1689 1795 desideriis,
1705 1762 1733 1788 et
1748 1760 1812 1789 zelo

1031 1806 1182 1835 imitandae
1197 1807 1322 1841 virtutis,
1337 1807 1469 1835 discurre
1481 1807 1559 1835 eirca
1574 1806 1812 1844 exemplajusto-

1031 1863 1109 1888 rum,
1123 1857 1151 1882 ct
1163 1854 1291 1882 maximo
1302 1855 1510 1890 pei-sectorum.
1523 1854 1666 1889 Discurre,
1678 1854 1813 1891 inquam,

1032 1901 1068 1929 de
1084 1902 1170 1930 horto
1185 1901 1224 1929 ad
1239 1902 1369 1933 hortum,
1386 1901 1416 1929 id
1432 1904 1484 1936 cst,
1498 1901 1534 1929 de
1551 1903 1626 1929 statu
1641 1901 1680 1929 ad
1693 1903 1811 1930 statum.

1033 1949 1164 1977 niseum-e
1176 1949 1213 1977 dc
1229 1949 1336 1976 arbore
1352 1948 1391 1976 ad
1406 1949 1556 1983 arborem,
1572 1948 1603 1976 id
1616 1951 1669 1983 est,
1687 1949 1724 1977 dc
1733 1949 1813 1984 justo

1031 1995 1070 2022 ad
1082 1996 1210 2030 justum;
1232 1995 1269 2022 de
1287 1996 1358 2022 llore
1380 1995 1418 2022 ad
1439 1995 1555 2028 florem,
1579 1995 1609 2022 id
1631 1996 1685 2029 est,
1701 1995 1738 2023 de
1754 1995 1812 2022 vir-

1031 2044 1089 2070 tutc
1114 2042 1152 2070 ad
1175 2042 1320 2076 virtutem,
1344 2042 1380 2069 de
1405 2042 1544 2078 exemplo
1569 2041 1608 2069 ad
1630 2041 1811 2077 exemplum.

1032 2089 1165 2116 Discurrc
1182 2089 1311 2116 maxime
1328 2097 1415 2125 super
1427 2089 1512 2116 illum
1524 2089 1639 2122 liorem,
1652 2088 1682 2115 in
1696 2096 1757 2124 quo
1770 2087 1813 2115 in-

1033 2137 1133 2164 venies
1149 2138 1242 2164 totum
1259 2136 1351 2163 divini
1363 2136 1460 2163 mellis
1471 2135 1609 2168 fructum,
1625 2143 1714 2172 super
1729 2135 1813 2163 illum

1032 2183 1133 2219 utique
1150 2184 1265 2218 ssorem,
1283 2183 1333 2219 qui
1350 2185 1391 2210 est
1406 2184 1434 2210 ct
1448 2183 1514 2217 flos,
1530 2184 1558 2210 et
1572 2182 1693 2216 fructus,
1704 2181 1741 2210 de
1752 2189 1812 2218 quo

1033 2230 1136 2258 beatus
1151 2230 1325 2258 Ambrosius
1337 2230 1377 2258 ait
1394 2231 1410 2246 ¹¹
1429 2240 1434 2256 :
1461 2240 1475 2255 «
1490 2229 1556 2258 Flos
1573 2229 1668 2257 Mariae
1683 2229 1812 2258 Christus

1033 2280 1085 2311 est,
1102 2277 1153 2313 qui
1170 2277 1250 2305 velut
1262 2277 1349 2305 bonae
1365 2277 1481 2305 arboris
1498 2276 1619 2310 fructus,
1635 2284 1690 2312 pro
1706 2278 1812 2304 nostrae

1032 2332 1172 2361 processu
1193 2324 1305 2352 virtutis
1320 2332 1399 2352 nunc
1414 2324 1570 2351 fruetificat
1580 2323 1609 2351 in
1621 2323 1718 2351 nobis.
1731 2333 1744 2349 ι)
1762 2324 1811 2350 La—

1031 2371 1185 2405 boremus,
1206 2371 1318 2405 fratres,
1342 2371 1418 2398 bene
1435 2379 1489 2406 pro
1513 2370 1569 2399 hoc
1585 2370 1692 2404 fructu,
1707 2370 1776 2406 quia
1794 2368 1811 2384 ¹¹

1030 2419 1158 2446 bonorum
1173 2419 1292 2445 laborum
1304 2419 1435 2452 qloriosus
1449 2421 1485 2445 es!
1503 2419 1619 2451 fructus.
1634 2418 1705 2445 Nota
1719 2423 1790 2451 ergo
1803 2424 1810 2443 ε

1032 2473 1091 2493 non
1108 2473 1368 2501 quorumcumque
1389 2464 1539 2499 laborum,
1555 2463 1607 2491 sed
1628 2465 1739 2491 tantum
1755 2462 1810 2490 bo-

1030 2521 1138 2541 norum
1162 2513 1301 2541 laborum
1321 2515 1363 2540 est
1385 2512 1493 2540 fruetus
1515 2512 1583 2546 iste3
1600 2518 1661 2539 non
1676 2510 1753 2538 enim
1769 2512 1812 2538 est

1030 2560 1151 2588 illorum
1170 2560 1321 2594 laborum,
1339 2559 1375 2588 de
1391 2559 1500 2596 quibus
1516 2558 1622 2586 dicitur
1645 2557 1674 2585 in
1698 2557 1812 2592 Sapien-

1035 2635 1171 2665 lii-yz'm'b..
1189 2634 1233 2659 lii).
1250 2635 1281 2663 ll,
1297 2642 1322 2658 ll.
1340 2635 1362 2658 7.
1381 2646 1402 2650 -’
1423 2634 1430 2644 ’“
1443 2632 1513 2663 Sap„
1532 2638 1570 2660 lllv
1587 2633 1624 2655 15.
1640 2645 1671 2649 -
1687 2632 1707 2648 ¹⁰
1720 2631 1811 2661 Ecclt'.,

1031 2677 1068 2701 xi,
1083 2673 1106 2694 :ll
1120 2671 1368 2699 -11A1nbros.‚in
1383 2669 1448 2698 ΙΛισἰ
1465 2668 1508 2691 lib.
1526 2668 1555 2697 11,
1571 2674 1596 2692 11.
1612 2668 1651 2691 ΞΗ.
1663 2681 1693 2685 -
1707 2668 1726 2684 ¹¹
1739 2667 1810 2698 Sap„

1031 2706 1074 2730 ubi
1091 2714 1146 2737 sup.
1163 2706 1290 2737 proximo.

1841 1253 1936 1274 Fructus

1840 1284 1916 1304 Marini

1826 1316 1859 1335 cst
1871 1315 1934 1336 labo-

1826 1346 1922 1366 ratium
1929 1361 1937 1372 ,

1845 1378 1922 1398 eontra

1826 1408 1932 1430 acediam.
