2029 3052
673 203 788 238 CIRCA
809 204 1001 238 REGULAM
1023 205 1056 238 S.
1080 206 1300 240 FRANCISCI.

181 271 415 314 eleemosynam
436 272 595 314 recipere,
617 273 759 306 maxime
782 273 810 305 si
832 272 960 305 aliunde

183 336 249 359 non
262 336 430 369 possemus
449 327 631 360 sustentari.
657 327 690 360 Si
713 328 800 360 enim
820 327 896 360 boni
920 327 960 360 de

182 381 289 413 medio
307 381 469 414 malorum
488 381 691 422 tollerentur,
712 382 784 423 quis
803 383 886 413 esset
904 381 960 422 qui

183 435 285 467 malos
300 435 340 467 ad
355 435 478 469 bonum
498 436 613 475 verbo,
632 437 664 468 et
681 435 830 477 exemplo
847 443 957 468 move-

180 494 239 531 ret,
256 493 315 524 etc.

379 600 582 642 QUAESTIO
611 600 752 636 XXVII.

219 684 309 718 Quare
324 686 418 722 plures
437 687 530 714 clerici
546 687 695 722 Religiosos
714 686 775 714 odio
794 685 918 714 habeant.

217 761 297 793 Item
314 771 427 803 quaero
442 771 450 794 :
468 763 547 801 Quae
567 763 647 794 ratio
666 764 723 802 est,
747 762 832 803 quod
852 762 956 795 clerici

175 816 282 856 magis
300 816 414 848 odiunt
433 825 511 855 1105,
531 819 562 848 01
580 819 829 858 persequuntur,
854 826 954 858 quam

173 868 258 908 laici,
273 871 304 901 et
318 869 478 911 simplices
492 871 685 902 sacerdotes?

215 922 412 964 Respondeo.
427 923 516 956 Siout
527 933 592 956 non
605 933 717 956 omnes
727 923 800 955 laici
813 923 954 964 diligunt

173 986 242 1017 nos,
262 977 307 1009 sic
322 987 381 1009 nec
394 987 506 1010 omnes
520 978 627 1010 clerici
640 978 751 1009 odiunt
765 987 835 1010 nos.
853 977 887 1009 Si
898 977 954 1018 qui

173 1033 282 1063 autem
301 1032 452 1064 videntur
472 1041 531 1064 1105
554 1032 654 1071 odire,
670 1032 731 1064 1100
751 1032 896 1073 quinque
915 1031 954 1063 de

173 1085 278 1116 causis
301 1087 403 1126 potest
424 1095 503 1118 esse.
529 1085 614 1125 Una,
637 1085 723 1126 quod
744 1085 861 1117 timent
882 1094 953 1125 nos,

173 1139 259 1179 quod
275 1139 420 1180 ipsorum
434 1141 526 1180 facta,
543 1143 574 1172 et
589 1149 737 1172 excessus
751 1142 803 1173 vel
815 1140 956 1172 defectus

177 1194 303 1234 plenius
319 1204 545 1235 agnoscamUS,
561 1197 593 1227 et
607 1195 751 1227 severius
763 1204 953 1235 arguamus,

176 1257 240 1288 quo
255 1248 371 1280 clarius
388 1249 547 1288 videmus,
569 1249 681 1290 quales
703 1257 772 1281 esse
792 1248 954 1288 deberent,

175 1303 206 1333 et
219 1311 285 1334 non
300 1304 386 1342 sunt,
408 1312 465 1343 per
482 1311 562 1344 quos
583 1303 722 1335 Ecclesia
740 1303 953 1343 gubernatur.

176 1355 333 1395 Secunda,
348 1357 433 1397 quod
452 1357 596 1389 invident
613 1357 717 1395 nobis,
738 1357 824 1397 quod
842 1366 955 1388 sumus

176 1409 363 1441 hominibus
379 1411 549 1451 gratiores,
570 1413 602 1442 et
619 1411 680 1451 ipsi
699 1411 872 1451 comparati
897 1420 955 1442 no-

177 1463 227 1494 bis
246 1467 422 1505 appareant
439 1466 474 1496 in
491 1466 559 1498 vita
580 1465 632 1497 vel
653 1466 686 1496 in
708 1465 839 1497 scientia
862 1465 956 1496 vilio-

179 1526 242 1557 reS,
258 1518 309 1551 vel
330 1519 426 1550 etiam
447 1519 637 1551 indoctiores
654 1519 687 1550 in
707 1519 861 1550 doctrina.
879 1518 956 1550 Ter-

178 1573 234 1612 tia,
248 1573 335 1613 quod
347 1574 465 1613 dolent,
482 1574 508 1605 si
527 1583 584 1615 per
598 1574 812 1605 confessiones
835 1575 957 1605 secreta

181 1635 294 1658 eorum
309 1627 349 1659 ab
366 1627 447 1667 aliis,
463 1628 519 1668 qui
537 1628 654 1660 conscii
670 1627 799 1667 fuerint,
816 1627 955 1668 percipi—

179 1690 264 1721 mus,
280 1682 360 1713 dum
377 1682 492 1713 timent
510 1691 568 1723 per
591 1682 646 1714 illa
665 1682 772 1722 magis
790 1682 954 1720 vilescere,

178 1735 230 1768 vel
243 1735 323 1767 forte
335 1745 488 1777 personas
502 1735 572 1767 illas
586 1739 694 1767 nostro
709 1736 839 1767 consilio
854 1736 894 1767 ab
909 1736 955 1767 eis

173 1789 288 1829 averti,
306 1792 337 1820 et
351 1790 391 1821 ad
402 1790 536 1821 meliora
545 1790 698 1822 converti.
722 1790 852 1828 Quarta,
869 1789 956 1830 quod

175 1842 289 1874 timent
303 1843 364 1875 sihi
377 1843 487 1884 aliqua
501 1853 559 1884 per
572 1853 632 1875 nos
647 1843 864 1875 emolumenta
879 1844 954 1875 sub-

169 1896 268 1936 trahi,
283 1897 365 1929 dum
381 1897 611 1938 eleemosynaS,
628 1906 702 1938 quae
719 1897 837 1929 dantur
849 1897 953 1936 1101115,

1734 210 1791 240 62¹

1015 273 1213 308 arbitrantur
1237 274 1299 307 sibi
1325 274 1394 307 sore
1421 273 1560 314 dandas,
1590 274 1617 306 si
1645 283 1704 307 nos
1728 283 1796 308 non

1017 337 1171 362 essemus·
1195 329 1234 362 Et
1251 329 1321 362 haec
1341 328 1469 362 videtur
1489 328 1593 370 potior
1608 337 1678 361 esse
1698 338 1795 362 causa

1015 383 1184 424 pluribuS‚
1209 384 1266 425 qui
1290 393 1349 416 nos
1375 383 1504 423 odiunt,
1527 383 1645 416 scilicet
1669 383 1696 415 si
1722 383 1795 424 plus

1014 437 1142 470 inhiant
1160 438 1259 470 lucris
1281 438 1491 480 pecuniarum
1513 446 1533 469 a
1552 437 1620 468 suis
1641 437 1793 476 subditis,

1014 502 1112 534 quam
1135 493 1254 525 fructui
1274 493 1472 532 animarum,
1492 493 1552 524 etc.
1575 491 1681 523 Potest
1699 491 1795 523 etiam

1015 547 1128 588 quinta
1142 556 1238 579 causa
1252 556 1331 586 esse,
1347 547 1433 588 quod
1449 545 1558 579 divina
1572 545 1696 586 ¹iustitia
1709 545 1791 585 illos,

1014 601 1072 642 qui
1096 604 1217 642 quanto
1236 601 1376 642 amplius
1396 601 1632 641 cognoverunt,
1652 600 1683 630 et
1704 607 1792 640 spre-

1013 657 1143 695 verunt,
1161 656 1192 686 et
1206 655 1326 696 quibus
1340 656 1464 695 majora
1478 653 1632 686 beneficia
1647 653 1792 690 contulit,

1013 711 1045 741 et
1057 710 1181 749 ingrati
1195 710 1338 749 fuerunt,
1356 711 1388 741 et
1402 708 1536 750 gravius
1551 707 1675 739 caeteris
1689 707 1794 739 offen-

1012 764 1146 803 derunt,
1170 764 1369 805 frequentius
1393 772 1469 795 eum
1493 762 1626 802 indigne
1651 763 1792 793 contrec-

1011 817 1091 857 tant,
1111 820 1142 849 et
1160 818 1353 859 percipiunt,
1369 819 1456 849 tanto
1480 816 1585 856 magis
1606 815 1746 853 indurat,
1763 816 1795 846 et

1011 873 1202 912 profundius
1212 873 1324 905 cadere
1333 872 1498 913 permittit.
1509 870 1598 903 Unde
1610 879 1676 901 non
1686 869 1792 900 solum

1011 925 1072 966 ipsi
1086 929 1161 958 sunt
1182 927 1259 958 mali
1281 927 1315 958 111
1339 936 1383 965 50,
1400 926 1455 957 sed
1473 926 1569 956 etiam
1585 924 1664 956 alios
1684 932 1793 955 secum

1011 980 1113 1012 malos
1128 990 1195 1012 esse
1219 981 1415 1020 desiderant,
1441 983 1470 1011 et
1491 980 1592 1011 bonos
1615 978 1738 1017 odiunt,
1764 979 1795 1008 et

1011 1043 1092 1074 quos
1107 1034 1226 1066 imitari
1241 1035 1366 1073 nolunt,
1379 1035 1489 1074 optant
1503 1042 1568 1064 non
1582 1041 1661 1070 esse,
1674 1033 1705 1063 et
1718 1039 1795 1071 pro-

1011 1090 1192 1129 sequuntur
1210 1089 1249 1129 (a)
1266 1098 1331 1128 eos,
1356 1097 1438 1129 quos
1460 1087 1521 1118 sibi
1545 1085 1712 1118 dissimiles
1725 1093 1794 1116 esse

1011 1141 1129 1173 dolent.
1146 1142 1317 1174 Salomon¹
1336 1153 1343 1173 ε
1369 1141 1485 1174 Gravis
1504 1143 1551 1173 est
1565 1139 1658 1172 nobis
1681 1138 1726 1171 ad
1740 1139 1791 1171 vi-

1012 1196 1165 1229 dendum.
1182 1196 1221 1228 Et
1234 1197 1312 1227 tunc
1325 1195 1444 1227 ibidem
1457 1194 1566 1235 plures
1577 1194 1615 1225 de
1630 1193 1793 1234 praedictis

1011 1252 1204 1291 tanguntur.
1228 1250 1312 1282 LaIci
1340 1259 1437 1288 vero,
1471 1249 1547 1289 quia
1571 1248 1609 1279 de
1633 1247 1793 1288 praedictis

1010 1305 1116 1336 causis
1139 1305 1248 1336 minus
1273 1305 1408 1343 habent,
1435 1304 1505 1335 ideo
1529 1303 1639 1334 minus
1657 1302 1790 1341 odiunt3

1011 1359 1077 1391 imo
1094 1360 1192 1391 etiam
1211 1360 1363 1400 diligunt,
1388 1359 1445 1399 qui
1468 1358 1610 1389 sentiunt
1626 1365 1684 1388 1105
1705 1356 1790 1388 salu-

1011 1415 1076 1445 tem
1096 1423 1189 1445 suam
1205 1414 1351 1454 diligere,
1367 1415 1398 1444 et
1418 1414 1546 1453 sperant
1567 1420 1624 1452 per
1639 1420 1698 1442 nos
1720 1420 1791 1441 eam

1011 1466 1146 1498 fideliter
1161 1467 1245 1507 apud
1256 1467 1357 1498 Deum
1366 1465 1631 1506 promovendam,
1645 1473 1711 1503 ore,
1722 1473 1791 1495 me-

1010 1521 1080 1552 ritis
1094 1522 1126 1552 et
1140 1521 1303 1552 doctrinis.
1323 1520 1433 1551 Clerici
1454 1519 1551 1551 etiam
1569 1518 1626 1559 qui
1649 1527 1725 1549 sane
1740 1526 1790 1548 sa-

1010 1575 1114 1615 piunt,
1131 1575 1242 1606 eadem
1254 1575 1377 1606 ratione
1392 1583 1449 1605 nos
1458 1574 1578 1611 fovent,
1591 1574 1622 1603 et
1636 1571 1788 1611 diligunt,

1010 1628 1103 1668 quasi
1118 1628 1201 1660 filios
1222 1637 1308 1667 51105,
1334 1630 1365 1659 01
1386 1628 1562 1665 vocatores,
1586 1627 1617 1657 et
1640 1633 1790 1665 coopera-

1009 1684 1094 1713 tores
1108 1685 1174 1714 tam
1193 1692 1261 1714 suae
1275 1682 1397 1720 salutis,
1415 1690 1515 1722 quam
1539 1689 1606 1711 suae
1631 1678 1788 1710 sollicitu-

1010 1735 1093 1767 dinis
1107 1736 1167 1767 sihi
1185 1736 1365 1767 commissae
1388 1735 1421 1766 in
1437 1735 1505 1766 suis
1523 1733 1658 1765 subditis
1679 1740 1788 1763 110005-

1010 1790 1108 1820 sarios
1123 1790 1296 1830 adJutoreS‚
1313 1791 1345 1820 et
1362 1788 1468 1820 oneris
1483 1788 1543 1819 sibi
1558 1786 1699 1827 impositi
1714 1785 1790 1817 side-

1009 1843 1055 1874 les
1069 1843 1297 1875 sublevatores.
1313 1842 1351 1873 Et
1366 1842 1404 1873 de
1421 1842 1488 1872 istis
1503 1841 1589 1880 satis,
1607 1842 1666 1872 etc.

1041 1907 1049 1923 ¹
1064 1906 1133 1937 Sap„
1150 1911 1180 1936 11,
1198 1907 1235 1929 15.
1249 1919 1275 1923 -
1287 1904 1320 1935 (α)
1335 1904 1392 1936 Leq.
1408 1905 1607 1935 persequuntur.
