2029 3052
237 246 296 276 360

227 343 235 349 ,
276 310 398 343 Nobilis
412 311 561 352 quaedam
577 311 704 350 mulier,
727 311 851 351 Rogata
870 311 1011 350 nomine,

236 365 270 396 in
289 365 472 406 episcopatu
491 365 614 397 Sorano
627 373 684 405 per
705 364 822 404 viginti
834 366 898 396 tres
912 373 1014 396 annos

235 418 329 450 fluxu
338 419 507 459 sanguinis
516 418 660 458 fatigata,
672 418 727 450 sed
739 427 757 449 a
769 418 1014 459 quampluribus

236 472 367 503 medicis
387 471 625 512 quamplurima
648 471 732 503 mala
756 480 906 512 perpessa
923 482 930 503 :
946 479 1013 511 prae

237 525 401 557 nimietate
415 525 545 565 quidem
563 525 730 565 languoris
748 525 865 566 saepius
882 525 1014 557 videba-

236 580 290 610 tur
309 579 424 610 mulier
443 578 608 619 expirare;
635 578 689 610 sed
709 579 736 609 si
757 579 886 620 quando
905 579 1014 610 fluxus

235 632 422 674 hujusmodi
431 632 663 672 stringebatur,
674 633 871 664 tumescebat
881 641 1013 673 corpore

237 688 314 718 toto.
330 686 469 718 Audiens
488 688 596 718 autem
611 686 782 727 quemdam
806 695 944 727 puerum
960 695 1012 717 ro-

237 750 333 772 mano
343 749 490 772 sermone
498 742 664 772 canentem
672 741 837 779 miracula,
850 750 922 781 quae
931 740 1014 772 Deus

237 804 294 835 per
307 795 437 826 beatum
454 794 659 826 Franciseum
673 795 778 825 fuerat
790 795 951 834 operatus,
966 794 1014 825 ni-

236 849 301 880 mio
316 849 424 880 dolore
439 850 609 888 commota,
625 850 691 880 tota
705 848 851 889 prorupit
869 849 902 879 in
915 848 1015 890 lacry-

236 911 316 942 mas,
332 903 441 943 sicque
455 902 540 933 intra
558 912 591 934 se
611 903 673 934 fide
688 912 818 934 accensa
832 902 936 934 dicere
950 911 1015 934 coe-

236 956 283 997 pit
298 967 304 987 :
322 955 345 988 Ο
360 956 450 987 beate
467 955 560 987 Pater
576 955 753 994 Francisce‚
770 956 826 996 qui
846 956 941 987 tantis
960 965 1012 987 co-

235 1018 346 1042 ruscas
370 1009 550 1047 miraculis»,
580 1009 606 1040 si
633 1019 684 1040 me
713 1010 858 1049 digneris
885 1010 925 1040 ab
954 1010 1015 1041 hac

236 1063 432 1104 aegritudine
454 1063 607 1102 liberare,
631 1072 752 1103 magua
775 1064 832 1094 tibi
858 1066 1014 1094 accrescet

237 1118 348 1158 gloria,
369 1118 522 1157 quoniam
546 1117 650 1153 adhue
672 1119 796 1148 tantum
822 1117 1014 1148 miraculum

238 1182 303 1204 non
316 1173 427 1204 fecisti.
445 1171 525 1210 Quid
540 1171 657 1212 plura?
672 1171 724 1202 his
738 1171 828 1202 dictis
841 1194 848 1208 ‚
870 1171 967 1201 sensit
982 1180 1014 1202 se

236 1226 319 1257 beati
347 1225 506 1257 Francisci
539 1224 662 1255 meritis
689 1224 867 1255 liberatam.
899 1224 1014 1255 Filium

237 1289 364 1320 quoque
389 1279 500 1319 ipsius,
524 1278 669 1309 Marcum
694 1278 834 1316 nomine,
861 1278 917 1318 qui
941 1279 1014 1309 bra-

237 1333 346 1364 chium
362 1332 499 1363 habebat
514 1334 723 1370 contractum,
746 1334 873 1362 sanctus
892 1331 1015 1362 Franci-

238 1396 322 1425 scus⁷
340 1388 413 1417 voto
427 1386 466 1417 ad
481 1386 587 1426 ipsum
602 1385 729 1423 emisso,
746 1385 880 1416 sanavit.
898 1384 921 1415 1³
923 1386 1015 1416 oemi-

237 1449 314 1471 nam
329 1440 424 1470 etiam
445 1439 618 1479 qnamdam
637 1439 676 1470 de
695 1438 799 1469 Sicilia
819 1448 875 1478 per
889 1442 1016 1479 septen-

238 1494 330 1524 nium
362 1494 454 1524 ssuxu
487 1493 656 1532 sanguinis
686 1492 851 1532 fatigatam
866 1516 875 1530 ‚
905 1492 1016 1523 beatus

240 1547 355 1578 Christi
372 1547 505 1586 signifer
520 1546 641 1578 salvam
659 1546 740 1577 fecit.

281 1601 315 1631 ln
343 1601 421 1631 urbe
444 1600 598 1639 Romana,
616 1600 766 1631 Praxedis
781 1600 929 1639 qnaedam
954 1609 1015 1630 no-

241 1654 338 1692 mine,
364 1654 570 1693 religiositate
594 1654 726 1692 famosa,
755 1663 827 1694 qnae
856 1664 874 1685 a
904 1654 1016 1684 tenella

241 1710 334 1739 aetate
358 1710 488 1747 propter
510 1708 621 1738 aeterni
645 1708 758 1747 Sponsi
775 1717 916 1739 amorem
932 1710 1018 1739 arcto

241 1771 274 1791 se
296 1770 420 1792 carcere
443 1771 499 1801 per
521 1761 737 1801 quadraginta
755 1763 822 1801 jam
839 1762 901 1792 sere
917 1772 1017 1793 annos

242 1815 416 1853 abdiderat,
442 1815 527 1854 apud
550 1815 677 1845 beatum
706 1815 910 1846 Franciscum
941 1826 1016 1856 gra-

242 1869 319 1899 tiam
338 1869 516 1908 promeruit
531 1869 739 1908 spiritualem.
764 1869 843 1900 Nam
869 1879 942 1900 cun]
969 1871 1018 1901 die

243 1922 381 1962 quadam
403 1931 461 1962 pro
477 1922 572 1952 rebus
583 1923 769 1962 opportunis
784 1923 935 1954 solarium
952 1933 1018 1955 sua}

242 1976 363 2006 cellulae
378 1976 621 2013 conscendisset,
639 1978 669 2006 et
685 1976 874 2016 impulsione
890 1977 1020 2017 phanta-

243 2029 319 2060 stica
334 2038 496 2067 corruens,
513 2039 585 2060 cum
602 2030 735 2060 fractum
756 2030 887 2061 haberet.
907 2031 1018 2070 pedem

243 2092 316 2113 cum
332 2092 435 2120 crure,
452 2085 482 2113 et
501 2083 675 2113 humerum
696 2092 713 2113 a
738 2084 893 2123 positione
915 2085 1020 2115 debita

243 2138 477 2175 sequestratum
493 2160 499 2173 ,
529 2137 677 2176 apparuit
705 2137 733 2167 ei
770 2137 1020 2176 benignissimus

244 2191 333 2229 pater
348 2189 546 2220 vestimentis
559 2190 670 2228 gloriae
688 2191 885 2229 candidatus,
903 2194 931 2221 et
949 2193 1019 2223 dut-

245 2244 334 2274 cibus
341 2244 489 2273 affatibus
499 2244 617 2283 alloqui
628 2245 721 2284 coepit
730 2245 872 2275 eamdem
882 2257 887 2275 :
903 2245 1019 2285 Surge,

245 2297 360 2336 inquit,
376 2296 442 2327 filia
456 2297 628 2335 benedicta,
652 2307 761 2337 surge,
776 2308 815 2329 ne
831 2300 954 2330 timeas.
984 2300 1021 2330 Et

245 2350 442 2390 apprehensa
457 2359 554 2380 manu
576 2351 684 2390 ipsius,
707 2352 847 2383 allevans
860 2362 942 2391 eam,
963 2353 1022 2383 dis-

245 2404 363 2443 paruit.
393 2403 461 2443 Ipsa
489 2412 565 2434 vero
590 2413 646 2443 per
669 2404 813 2435 cellulam
839 2416 929 2436 suain
958 2407 1021 2437 hue

246 2460 341 2497 atque
354 2457 428 2487 illuc
450 2467 482 2487 se
497 2460 695 2496 convertens,
715 2460 844 2497 putabat
864 2469 897 2489 se
914 2460 1019 2490 visum

246 2510 365 2546 videre,
382 2520 549 2550 usquequo
560 2511 598 2541 ad
615 2510 785 2541 clamorem
799 2513 896 2551 ipsius
911 2523 1021 2553 appor-

247 2565 311 2593 tato
340 2565 406 2602 Jani
432 2564 573 2602 lumine,
600 2565 734 2604 perfecte
750 2574 782 2595 se
803 2567 943 2597 sentiens
967 2577 1022 2607 per

248 2626 378 2647 Servum
397 2617 448 2647 liei
464 2617 666 2648 Franciscum
681 2628 748 2648 esse
763 2622 918 2657 sanatam,
942 2630 1022 2651 eun·

240 2672 295 2699 -cta
314 2694 321 2707 ‚
351 2679 424 2709 quae
453 2671 651 2708 acciderant,
682 2681 738 2711 per
770 2672 912 2703 ordinem
946 2683 1020 2704 nar-

249 2724 342 2754 iavit.

797 243 982 276 LEGENDA
1003 243 1036 275 S.
1058 242 1276 276 FRANCISCI.

1070 362 1108 389 De
1121 369 1174 388 non
1189 361 1389 389 observantibus
1404 362 1519 396 festum,
1535 363 1561 388 et
1581 368 1635 388 non
1652 360 1844 389 honorantibus

1387 406 1524 434 Sanctum.

1109 472 1146 504 In
1161 473 1312 504 Pictaviae
1326 473 1472 514 partibus
1490 473 1523 504 in
1544 473 1630 512 villa,
1657 481 1730 513 quae
1755 471 1845 504 Simo

1069 526 1204 565 dieitur,
1227 524 1372 558 sacerdos
1394 527 1526 568 quidam
1554 526 1751 566 Reginaldus
1782 535 1842 557 no-

1069 579 1168 619 mine,
1189 581 1282 611 beato
1296 579 1463 611 Francisco
1485 581 1630 619 devotus,
1655 580 1772 611 festum
1793 580 1843 620 ip-

1069 633 1137 664 sius
1159 634 1360 674 parochianis
1383 634 1449 665 suis
1470 634 1630 665 indixerat
1661 633 1846 665 solemniter

1070 687 1305 720 celebrandum.
1322 687 1412 720 Unus
1426 690 1536 719 autem
1550 688 1589 719 de
1602 687 1732 728 populo,
1748 687 1844 728 igno-

1069 749 1145 771 rans
1157 741 1257 772 sancti
1273 741 1437 780 virtutem,
1460 741 1509 772 sui
1526 741 1728 782 parvipendit
1740 750 1844 773 sacer-

1069 794 1151 825 dotis
1173 795 1373 827 mandatum.
1396 795 1555 835 Egressus
1577 797 1685 826 autem
1704 795 1789 826 foras
1810 796 1844 826 in

1070 858 1199 888 agrum,
1216 851 1252 881 ut
1264 849 1354 889 ligna
1368 849 1553 888 succideret,
1571 858 1645 880 cum
1660 858 1694 880 se
1717 858 1842 890 praepa-

1069 904 1169 933 rasset
1193 902 1232 933 ad
1258 912 1356 943 opus,
1380 911 1491 934 vocem
1515 902 1637 934 audivit
1657 902 1844 943 hujusmodi

1069 958 1118 988 ter
1132 957 1288 987 dicentem
1305 967 1312 987 2
1329 955 1458 987 Festum
1472 958 1521 987 est
1543 967 1550 987 :
1575 956 1699 996 operari
1721 965 1786 987 non
1805 956 1844 987 li-
1860 989 1864 993 ,

1070 1013 1128 1042 cet.
1144 1010 1263 1042 Verum
1278 1019 1352 1041 cum
1367 1019 1427 1041 nec
1446 1009 1580 1050 imperio
1594 1009 1773 1047 sacerdotis,
1787 1019 1846 1042 nec

1070 1073 1219 1105 supernae
1245 1064 1332 1096 vocis
1360 1063 1489 1095 oraculo
1521 1063 1647 1094 servilis
1682 1063 1846 1095 temeritas

1069 1119 1270 1156 sraenaretur,
1289 1118 1408 1150 addidit
1420 1118 1528 1150 divina
1540 1118 1642 1148 virtus
1655 1118 1694 1149 ad
1709 1117 1845 1157 gloriam

1070 1173 1169 1204 saneti
1193 1173 1242 1204 sui
1263 1173 1331 1203 sine
1352 1181 1441 1203 mora
1464 1172 1658 1204 miraculum
1681 1175 1711 1204 et
1733 1172 1846 1212 flagel-

1070 1226 1150 1257 lum.
1167 1226 1240 1257 Mox
1262 1226 1348 1257 enim
1372 1228 1408 1257 ut
1429 1226 1554 1257 furcam
1576 1235 1642 1257 una
1663 1227 1842 1267 manuJam

1071 1283 1192 1318 tenens,
1211 1280 1342 1311 alteram
1363 1289 1437 1311 cum
1452 1280 1554 1311 ferreo
1569 1280 1781 1311 instrumento
1800 1280 1845 1311 le-

1071 1334 1159 1365 vavit
1182 1334 1222 1365 ad
1243 1342 1342 1374 opus,
1369 1334 1413 1364 sic
1437 1333 1546 1364 divina
1568 1333 1688 1364 virtute
1711 1336 1846 1374 utraque

1071 1396 1186 1419 manus
1205 1387 1333 1427 utrique
1352 1387 1566 1418 instrumento
1585 1387 1728 1425 cohaesit,
1749 1390 1786 1418 ut
1806 1388 1845 1419 ad

1071 1441 1218 1472 neutrius
1245 1441 1464 1472 dimissionem
1495 1441 1612 1480 digitos
1646 1441 1847 1481 aliquatenus

1072 1495 1216 1525 relaxare
1231 1494 1361 1525 valeret.
1380 1494 1425 1525 Ex
1445 1504 1508 1535 quo
1523 1496 1716 1535 stupefactus
1737 1495 1845 1534 nimiS,

1072 1551 1102 1579 et
1118 1548 1194 1588 quid
1216 1550 1325 1587 ageret
1340 1548 1493 1586 nesciens,
1511 1548 1549 1579 ad
1569 1548 1745 1587 ecclesiam,
1761 1549 1846 1580 mul-

1072 1603 1113 1634 tis
1128 1603 1270 1643 undique
1285 1604 1323 1634 ad
1339 1604 1512 1635 videndum
1531 1604 1718 1644 prodigium
1734 1613 1844 1635 occur-

1075 1657 1225 1695 rentibus,
1244 1658 1435 1697 properavit.
1449 1657 1507 1688 Ubi
1520 1661 1623 1689 mente
1639 1660 1848 1698 compunctus

1073 1713 1146 1742 ante
1161 1711 1269 1749 altare,
1287 1712 1426 1751 quodam
1441 1721 1480 1742 ex
1504 1712 1721 1743 assistentibus
1744 1721 1846 1743 sacer-

1073 1764 1144 1794 dote
1160 1767 1308 1795 monente
1323 1765 1443 1804 (plures
1458 1765 1574 1805 quippe
1591 1766 1629 1796 ad
1653 1766 1767 1797 testum
1791 1775 1847 1797 vo-

1075 1818 1134 1848 cati
1156 1821 1370 1849 convenerant
1395 1820 1603 1857 sacerdotes),
1630 1820 1722 1850 beato
1748 1819 1847 1850 Fran-

1075 1872 1156 1902 cisco
1180 1872 1344 1903 humiliter
1374 1882 1406 1903 se
1431 1873 1575 1912 devovit,
1598 1873 1669 1911 tria,
1698 1873 1779 1904 sicut
1802 1876 1850 1905 ter

1075 1935 1186 1956 vocem
1201 1926 1354 1964 audierat,
1378 1929 1451 1957 vota
1474 1936 1604 1964 voveam,
1627 1926 1710 1967 quod
1735 1927 1851 1958 scilicet

1076 1980 1190 2010 festum
1208 1979 1308 2019 ipsius
1322 1980 1448 2018 coleret,
1468 1981 1553 2020 quod
1570 1980 1608 2010 ad
1622 1980 1720 2019 illam,
1738 1981 1770 2011 in
1786 1990 1851 2021 qua

1076 2034 1153 2063 tunc
1168 2036 1246 2069 erat,
1262 2033 1427 2064 ecclesiam
1441 2033 1473 2063 in
1487 2034 1564 2064 sesto
1579 2034 1712 2072 veniret,
1726 2036 1756 2064 et
1766 2034 1850 2073 quod

1076 2087 1174 2117 sancti
1191 2096 1306 2126 corpus
1329 2087 1537 2126 personaliter
1559 2087 1710 2117 visitaret.
1736 2087 1850 2117 Mirum

1077 2143 1159 2170 certe
1175 2140 1293 2171 relatu!
1315 2149 1380 2171 uno
1396 2141 1510 2171 emisso
1526 2142 1611 2178 voto,
1632 2149 1715 2171 unus
1730 2141 1852 2180 digitus

1078 2194 1178 2224 sactus
1194 2196 1239 2224 est
1253 2193 1349 2231 liber3
1371 2194 1409 2223 ad
1432 2193 1561 2224 secundi
1582 2194 1786 2225 emissionem
1801 2203 1851 2225 so-

1078 2248 1164 2278 lutus
1179 2250 1225 2278 est
1240 2247 1341 2285 alins;
1359 2247 1411 2277 sed
1428 2247 1518 2277 tertio
1535 2247 1613 2278 sacto
1629 2249 1713 2285 voto,
1728 2247 1854 2278 laxatus

1078 2303 1124 2332 est
1138 2301 1260 2338 tertius,
1275 2303 1305 2331 et
1322 2301 1523 2341 postmodum
1547 2303 1612 2332 tota
1637 2310 1762 2339 manus)
1778 2310 1853 2332 nec-

1079 2364 1142 2385 non
1157 2354 1297 2385 etaltera
1312 2355 1553 2394 subsequenter,
1571 2355 1699 2394 populo,
1716 2355 1773 2394 qui
1784 2355 1853 2394 jam

1079 2408 1200 2438 multus
1213 2408 1396 2446 advenerat,
1412 2409 1509 2439 sancti
1533 2409 1732 2439 clementiam
1756 2408 1851 2439 devo-

1080 2462 1198 2492 tissime
1216 2462 1416 2501 implorante.
1435 2462 1485 2492 Sie
1501 2462 1607 2499 homo,
1624 2462 1764 2501 pristinae
1780 2461 1851 2491 red-

1079 2516 1164 2546 ditus
1181 2516 1330 2552 libertati,
1347 2525 1403 2555 per
1418 2515 1557 2555 seipsum
1573 2515 1783 2545 instrumenta
1798 2514 1853 2545 de-

1078 2569 1194 2609 posuit,
1210 2569 1331 2599 cunctis
1346 2568 1547 2599 laudantibus
1562 2568 1671 2603 Deum,
1688 2568 1854 2598 virtutem-

1079 2632 1141 2662 que
1164 2622 1268 2653 Sancti
1293 2622 1478 2659 mirificam,
1504 2622 1559 2661 qui
1582 2624 1645 2651 tam
1666 2621 1854 2652 mirabiliter

1080 2677 1245 2715 percutere
1261 2677 1393 2714 poterat,
1419 2677 1449 2705 et
1465 2683 1587 2705 sanare.
1614 2673 1683 2714 lpsa
1706 2683 1782 2704 vero
1803 2674 1851 2704 in-

1082 2730 1259 2759 strumenta
1274 2738 1375 2767 usque
1389 2727 1481 2758 hodie
1496 2736 1602 2758 coram
1622 2727 1712 2758 altari
1734 2727 1772 2758 ad
1792 2728 1852 2759 ho-
