2029 3052
241 226 300 254 444
822 219 1033 253 APOLOGlAE
1054 218 1275 251 PAUPERUM

240 289 456 329 detestandus,
466 289 501 321 in
507 289 601 328 hanc,
609 297 706 329 quam
712 288 765 320 hic
772 289 882 329 fingit,
891 288 1020 320 demen-

239 343 317 374 tiam
331 343 452 383 incidit,
473 344 510 374 ut
530 342 737 383 gulositatem
751 343 896 383 aequaret
917 341 1017 373 absti-

239 396 368 436 nentiae,
378 396 459 428 sicut
472 406 532 428 nec
545 396 710 428 luxuriam
722 396 927 428 continentiae
938 405 1019 427 coae-

239 451 365 491 quavit;
382 451 437 482 sed
451 450 638 491 pudicitiam
653 450 862 491 conjugalem
876 452 908 482 et.
917 449 1018 489 virgi-

239 504 392 543 nitatem,
417 513 513 535 usum
541 504 688 536 ciborum
717 506 749 536 et
770 503 1018 541 abstinentiam,

239 558 371 598 aequalis
401 557 488 598 apud
510 557 609 589 Deum
632 557 738 589 meriti
760 557 884 589 censuit
904 568 911 588 :
934 557 1021 597 quod

238 611 323 643 idem
338 611 556 651 Hieronymus
575 611 725 652 reprobat
745 613 782 642 ut
802 611 921 651 dogma
943 619 1020 651 pro-

239 665 396 705 phanum.
419 664 477 696 Hic
491 667 599 696 autem
622 665 721 705 longe
742 665 880 705 amplius
894 664 1018 704 desipit,

239 728 338 759 quam
364 718 417 750 ille
440 719 642 758 Jovinianus,
670 721 826 759 tanquam
850 718 1022 759 proficiens

239 773 274 804 in
289 773 407 804 erroris
421 773 567 805 doctrina
587 773 774 814 discipulus.
797 772 877 804 Nam
900 773 1022 804 sobrie-

239 829 338 859 tatem
352 828 387 859 in
401 837 463 859 usu
487 829 631 859 ciborum
651 828 726 859 dicit
747 829 926 868 competere
949 836 1022 868 per-

238 881 338 920 fectis,
363 882 588 914 abstinentiam
614 882 821 923 imperfectis,
847 881 924 922 quia
948 890 1019 921 per-

238 936 312 967 fecti
339 935 463 967 nullam
500 945 541 967 ex
578 937 639 967 1100
673 935 914 967 immunditiam
944 944 1019 966 con-

238 989 394 1029 trahunt,
419 991 450 1020 01
468 989 644 1030 imperfecti
670 989 818 1029 indigent
838 989 892 1020 illo
914 998 1020 1020 reme-

239 1043 291 1074 dio
333 1043 370 1074 ad
407 1044 641 1075 edomationem
676 1043 1018 1084 concupiscentiarum.

240 1097 368 1128 Constat
391 1099 498 1128 autem
533 1097 619 1137 quod
649 1097 776 1137 perfecti
805 1097 1021 1137 praeferuntur

239 1151 432 1191 imperfectis
451 1175 458 1188 ‚
490 1153 521 1182 et
553 1159 626 1192 quae
663 1150 724 1181 illis
752 1152 783 1181 et
813 1150 864 1180 his
893 1160 1022 1191 compe-

239 1206 322 1244 tunt,
346 1214 402 1245 per
426 1214 459 1236 se
482 1204 652 1245 loquendo,
680 1204 877 1235 consimilem
904 1204 1022 1236 habent

239 1258 510 1298 comparationem
537 1269 544 1289 ι
575 1259 676 1297 igitur
708 1258 884 1289 secundum
915 1259 1021 1299 ipsum

239 1313 410 1353 praefertur
424 1312 542 1343 horum
563 1313 711 1343 ciborum
737 1322 815 1344 usus
839 1313 1023 1344 moderatus

239 1368 270 1398 et
289 1367 425 1405 sobrius,
449 1366 648 1397 abstinentiae
674 1367 714 1397 al)
736 1366 867 1398 eisdem.
890 1367 979 1404 Quod
997 1367 1022 1397 si

240 1423 388 1452 causetur
412 1421 527 1452 falsum
548 1421 608 1451 51111
632 1421 755 1452 crimen
779 1422 912 1462 imponi,
940 1422 1023 1452 dicat

240 1475 342 1515 igitur
365 1475 430 1516 ipse
453 1475 537 1515 quod
562 1475 667 1506 sentit.
695 1475 760 1506 Aut
784 1476 868 1506 euim
896 1476 1023 1516 pra¹scrt

240 1529 465 1560 abstinentiam
483 1529 646 1560 moderato
672 1529 766 1560 modo
788 1530 948 1568 vescendi,
966 1532 1023 1561 aut

241 1586 358 1624 aequat,
383 1586 439 1614 aut
462 1584 631 1623 postponit.
661 1583 693 1614 Si
718 1584 856 1624 praefert,
883 1586 919 1614 01
944 1584 1022 1624 qnid

242 1640 287 1669 tot
299 1647 498 1678 supervacua
518 1639 615 1669 verbi
631 1640 741 1669 contra
763 1638 926 1678 propriam
949 1649 1021 1670 sen-

243 1692 374 1723 tentiam
389 1692 539 1732 protulit?
553 1692 707 1723 Concesso
722 1693 808 1723 enim
822 1692 906 1732 qnod
923 1693 1020 1723 absti-

242 1755 318 1777 nere
335 1746 503 1785 perfectius
526 1746 576 1781 sit,
601 1746 665 1785 jam
692 1746 780 1776 nulla
805 1748 903 1776 restat
928 1755 1024 1777 causa

242 1800 395 1832 adversus
405 1800 546 1841 aliquem
561 1800 754 1841 disputandi.
773 1801 805 1831 Si
818 1810 893 1832 vcro
904 1804 1022 1841 aeqnat,

244 1855 275 1885 in
291 1863 431 1885 errorem
446 1854 606 1885 Joviniani
623 1854 758 1894 turpiter
774 1854 893 1885 incidit.
913 1854 945 1885 Si
961 1865 1023 1886 au-

245 1911 310 1939 tem
334 1908 504 1949 postponit,
522 1908 681 1939 damnata}
703 1912 734 1939 ct
758 1909 936 1948 reprobatae.
956 1911 1024 1949 J'am

244 1962 358 1993 haeresi
368 1962 563 2002 superaddit.
577 1962 666 1999 Quod
679 1965 785 1993 autem
798 1963 853 2002 huj
860 1972 895 1993 ns
904 1963 1025 1994 11111111εο

243 2016 409 2046 sententia*v
432 2016 537 2054 suerit,
565 2025 605 2046 ex
628 2017 898 2056 consequentibns
918 2021 1026 2056 aperte

244 2070 396 2101 clarescit.
414 2070 509 2107 Quasi
526 2071 611 2101 cuim
628 2070 668 2109 01,
686 2071 770 2110 quod
788 2071 913 2101 dixerat
927 2071 1023 2102 absti-

246 2123 385 2154 nentiam
406 2123 597 2163 imperfectis
617 2126 812 2164 competere,
831 2134 870 2155 cx
893 2125 1027 2156 adverso

246 2177 360 2217 aliquis
375 2178 545 2216 resisteret,
570 2187 609 2208 ex
634 2178 765 2209 alterins
788 2188 925 2218 persona
950 2179 1026 2209 snb-

243 2231 354 2271 jungit
372 2242 378 2261 z
397 2243 411 2260 «
429 2232 489 2262 Sed
505 2232 589 2262 dices
607 2241 614 2262 :
642 2232 724 2269 Quid
751 2233 851 2271 igitur
876 2233 1028 2263 Dominus

247 2285 461 2315 sacerdotibus
477 2285 598 2316 Veteris
622 2285 817 2317 Testamenti
834 2296 908 2317 cum
931 2287 1027 2316 1111111-

247 2340 394 2376 strarent,
416 2339 582 2379 prohibuit
606 2340 740 2371 vinum?
763 2341 843 2378 Quid
865 2341 948 2380 1111011
966 2340 1026 2371 Na-

249 2392 359 2423 zaraeis
374 2392 571 2423 inhibuerit‘.>
586 2394 661 2433 qnid
678 2395 762 2435 quod
776 2395 831 2425 filii
850 2395 974 2425 1100111111
989 2405 1029 2425 cx

249 2446 309 2476 hoc
325 2446 517 2477 laudantur?
541 2446 578 2477 Et
594 2448 720 2478 tandem
737 2448 873 2479 ι10011005
893 2448 1030 2488 Baptista

249 2499 361 2530 vinum
376 2502 407 2530 01
423 2500 557 2531 siceram
573 2510 636 2531 non
653 2503 804 2540 gustavit.
831 2514 844 2530 1)
865 2502 902 2533 Ε1
917 2503 1003 2533 addit
1021 2512 1028 2533 ;

252 2565 265 2582 (1
283 2554 424 2590 Qualiter
438 2555 539 2594 igitur
554 2564 620 2585 non
642 2555 702 2585 erit
723 2557 891 2595 perfectius
907 2567 924 2587 a
941 2557 1027 2596 vino,

247 2609 277 2637 et
289 2616 307 2636 a
317 2608 467 2638 carnibus
479 2609 650 2646 abstinere,
663 2619 760 2649 qnam
772 2609 822 2640 his
831 2610 898 2640 uti‘?
915 2621 928 2638 ι)
942 2610 978 2641 Et
991 2610 1031 2641 ad

247 2660 336 2698 haec,
365 2663 518 2701 tanquam
544 2662 584 2694 ad
612 2663 812 2703 probandum
836 2663 951 2695 salsum
980 2664 1029 2694 in—

285 2724 290 2740 ¹
310 2723 394 2748 Levis..
411 2730 435 2756 λ,
451 2726 472 2748 9.

1076 287 1180 326 ducta,
1196 287 1361 329 respondit
1374 287 1494 326 dicens,
1510 287 1597 328 quod
1613 297 1629 317 11
1640 287 1860 329 sacerdotibus,

1075 341 1192 374 veteris
1210 342 1292 382 legis
1315 341 1479 373 inhibetur
1499 341 1615 373 vinum
1637 340 1728 374 velut
1751 341 1857 374 adhuc

1075 395 1289 427 nescientibus
1303 396 1349 427 uti
1357 407 1365 434 ;
1382 395 1466 437 quod
1481 395 1674 427 abstinentia
1688 394 1857 427 Nazaraeo-

1076 459 1152 481 rum
1166 449 1327 490 figuralis,
1338 459 1404 482 non
1417 450 1549 482 moralis
1562 450 1637 489 fuit3
1653 452 1685 481 et
1699 450 1786 491 quod
1800 450 1858 482 filii

1077 503 1204 535 Rechab
1218 504 1325 544 magis
1340 504 1379 536 de
1401 504 1593 543 obedientia,
1615 513 1716 545 quam
1738 503 1778 535 de
1800 504 1859 535 011-

1077 557 1228 589 511000110
1242 558 1361 590 laudati
1375 560 1470 597 sunt;
1495 560 1527 590 et
1540 558 1626 599 quod
1639 558 1756 590 ,loanni
1771 557 1853 599 Bap-

1076 612 1160 643 tistae
1167 612 1360 644 abstinentia
1367 613 1576 653 competebat,
1585 612 1662 653 quia
1671 612 1857 644 adolescens

1077 666 1157 704 erat,
1175 665 1304 704 addens,
1321 666 1397 707 quia
1411 666 1493 697 sicut
1506 666 1627 707 absque
1645 666 1858 698 diminutione

1077 719 1278 760 perfectionis
1308 728 1420 750 carnes
1442 719 1597 759 comedit,
1621 720 1666 751 sie
1687 720 1784 751 etiam
1797 743 1806 758 ‚
1831 720 1856 751 si

1076 772 1243 811 voluisset,
1260 773 1414 813 potuisset
1435 773 1545 805 bibere
1568 773 1696 813 vinum,
1720 782 1795 804 cum
1817 773 1856 804 ad

1077 827 1147 866 ejus
1172 827 1355 867 oppositum
1383 827 1471 858 nulla
1504 827 1578 867 lege
1609 829 1782 859 teneretur.
1811 827 1858 858 Ex

1077 880 1194 921 quibus
1207 883 1315 921 aperte
1329 880 1504 921 colligitur,
1527 881 1614 922 quod
1628 881 1673 921 {ad
1695 880 1856 913 Joviniani

1077 935 1262 975 superaddit
1276 944 1431 966 errorem.
1453 935 1531 966 Cum
1549 935 1636 966 enim
1661 944 1759 975 supra
1781 943 1855 975 pro-

1078 990 1213 1027 baverit,
1230 989 1314 1030 quod
1331 990 1475 1030 perfectis
1492 989 1642 1030 competit
1656 989 1733 1020 vino
1747 990 1779 1020 et
1792 998 1859 1020 car-

1078 1044 1174 1074 nibus
1198 1043 1264 1082 uti,
1290 1043 1438 1083 exemplo
1462 1043 1545 1081 Noe,
1572 1043 1649 1074 Eliae
1673 1045 1704 1074 01
1728 1042 1859 1074 Joannis

1079 1097 1240 1138 Baptistae,
1256 1099 1288 1128 et
1303 1106 1391 1128 0000
1404 1107 1462 1138 pro
1476 1097 1716 1128 inconvenienti
1730 1097 1856 1135 habeat,

1078 1151 1165 1192 quod
1196 1152 1342 1191 perfectis
1366 1151 1444 1182 viris
1469 1151 1660 1182 abstinentia
1684 1151 1855 1190 indicitur,

1079 1206 1245 1237 manifeste
1269 1205 1468 1237 convincitur
1493 1207 1564 1246 eJus
1585 1215 1652 1236 esse
1673 1205 1856 1243 sententiae,

1077 1269 1142 1298 qua
1168 1259 1312 1290 ciborum
1337 1269 1416 1290 usus
1443 1259 1644 1291 abstinentiae
1670 1268 1737 1291 non
1769 1261 1857 1300 post-

1079 1315 1219 1355 ponitur,
1237 1315 1291 1346 sed
1319 1315 1498 1354 praet'ertur.
1524 1314 1586 1346 Pro
1608 1315 1708 1355 huJus
1727 1323 1858 1355 quoque

1078 1369 1195 1400 erroris
1209 1369 1406 1399 defensatore
1423 1368 1555 1409 perfidia
1574 1368 1630 1408 (α),
1652 1368 1792 1408 plurima
1813 1367 1858 1398 di-

1079 1423 1121 1452 cit
1134 1422 1282 1453 absurda.
1300 1421 1381 1452 Nam
1395 1422 1479 1462 qnod
1494 1422 1606 1453 asserit
1619 1421 1735 1452 vinum
1760 1421 1858 1452 inter-

1079 1475 1137 1506 dici
1154 1476 1380 1511 sacerdotibus
1399 1478 1551 1516 tanquam
1568 1475 1782 1507 nescientibus
1798 1475 1856 1513 uti,

1079 1531 1188 1570 aperte
1203 1530 1414 1561 contrariatur
1427 1530 1564 1568 veritati,
1580 1539 1654 1561 cum
1669 1538 1765 1570 super
1779 1529 1859 1560 illud

1080 1583 1209 1615 Levitici
1227 1585 1234 1601 ¹
1254 1595 1260 1614 :
1290 1584 1410 1616 V‘e‘num
1431 1588 1460 1616 et
1481 1592 1572 1616 omne
1591 1583 1677 1624 qnod
1701 1583 1860 1616 inebriare

1076 1641 1186 1678 polest,
1203 1641 1276 1676 etc„
1295 1638 1377 1669 dicat
1389 1638 1497 1669 Glossa
1513 1650 1519 1669 ι
1537 1651 1550 1668 (1
1564 1638 1650 1669 Filiis
1664 1639 1782 1677 Aaron,
1794 1640 1860 1669 tan-

1078 1702 1175 1732 quam
1191 1693 1381 1723 sublimiora
1395 1693 1526 1733 adeptis,
1545 1692 1681 1723 traditur
1696 1692 1756 1723 hoc
1771 1701 1859 1723 man-

1079 1746 1201 1777 datum.
1222 1757 1235 1774 11
1255 1746 1387 1786 lnsnper
1402 1748 1513 1777 contra
1531 1746 1617 1777 viros
1637 1748 1761 1776 sanctos
1781 1745 1860 1776 blas-

1079 1800 1232 1840 phemare
1267 1800 1468 1831 convincitur
1487 1824 1496 1838 ,
1538 1809 1677 1839 quorum
1712 1799 1860 1830 nonnulli

1081 1854 1284 1885 sacerdotalis
1309 1855 1448 1893 generis,
1472 1854 1646 1884 sanctitatis
1671 1853 1859 1894 privilegio,

1081 1910 1110 1939 et
1127 1908 1303 1949 prophetiae
1319 1908 1433 1948 spiritu
1453 1908 1646 1939 claruerunt.
1672 1907 1750 1938 Mira
1765 1909 1859 1945 certe,

1081 1964 1131 1994 vel
1146 1963 1251 2003 potius
1265 1965 1466 1993 monstruosa
1491 1962 1649 1993 doctrina.
1674 1962 1753 1993 Cum
1776 1961 1862 1992 enim

1081 2026 1178 2057 supra
1193 2017 1394 2057 praemiscrit,
1411 2017 1496 2057 quod
1519 2016 1598 2047 viris
1618 2015 1762 2056 perfectis
1774 2024 1863 2046 com-

1082 2071 1207 2112 petebat
1232 2071 1422 2110 conjugium
1449 2071 1481 2100 in
1508 2070 1607 2101 veteri
1633 2070 1722 2109 lege,
1749 2071 1780 2099 et
1809 2077 1861 2099 se-

1082 2125 1186 2156 cundo
1203 2125 1367 2162 addiderit,
1391 2124 1476 2164 qnod
1500 2124 1607 2154 Aaron
1629 2126 1784 2164 tanquam
1812 2122 1862 2153 vir

1082 2179 1240 2219 perfectus
1268 2178 1369 2217 fugit,
1399 2187 1462 2218 qua
1486 2178 1589 2208 fronte
1614 2186 1699 2208 nunc
1725 2176 1862 2216 subjun-

1084 2242 1160 2272 gere
1196 2234 1297 2272 potest
1337 2232 1423 2272 qnod
1464 2234 1618 2271 tanquam
1661 2231 1865 2271 imperfectus

1083 2286 1252 2323 abstinuit,
1281 2286 1371 2325 quasi
1399 2285 1545 2326 conjugii
1567 2294 1681 2323 nexus,
1704 2284 1755 2315 vel
1777 2284 1864 2323 fugae

1084 2340 1270 2381 praesidium
1304 2339 1520 2370 sacerdotibus
1557 2338 1756 2379 perfectionis
1790 2337 1862 2377 glo-

1083 2395 1164 2425 riam
1188 2394 1323 2430 tribnat,
1343 2396 1374 2424 et
1392 2393 1540 2424 sauctitas
1571 2392 1770 2424 abstinentiae
1803 2390 1862 2421 tol-

1084 2448 1151 2478 lat?
1187 2447 1304 2487 Magna
1334 2447 1419 2477 enim
1450 2446 1645 2477 absurditate
1673 2454 1737 2476 non
1763 2447 1862 2483 caret,

1085 2501 1169 2542 quod
1188 2500 1393 2541 principalem
1416 2509 1544 2531 causam
1564 2498 1763 2530 abstinentiae
1778 2497 1865 2529 Prae-

1085 2555 1224 2586 cursoris
1235 2556 1362 2585 aetatem
1377 2554 1487 2584 asserit
1499 2553 1591 2583 fnisse.
1597 2551 1789 2592 juvenilem,
1806 2551 1866 2582 sci-

1086 2609 1157 2640 licet
1176 2611 1304 2649 propter
1323 2607 1565 2639 adolescentiam
1581 2606 1812 2646 castigandam,
1828 2615 1865 2637 ac

1085 2664 1112 2694 si
1127 2663 1316 2694 abstinentia
1326 2663 1453 2694 senibus
1463 2664 1494 2693 et
1509 2661 1651 2701 perfectis
1662 2670 1727 2692 000
1735 2668 1865 2700 0001110-

1120 2726 1152 2756 (a)
1173 2726 1248 2750 Forte
1266 2725 1314 2757 leq.
1331 2724 1479 2749 defensione
1496 2723 1607 2755 perfida,
1622 2723 1660 2748 vel
1675 2731 1733 2749 cum
1748 2722 1862 2756 perfidia.

2011 1969 2029 3052 ——n—QQ——ffi—..fi-——Q
2021 1911 2029 1957 -2
2011 1821 2029 1899 3422
2025 1785 2029 1789 .
