2029 3052
842 207 972 240 CAPUT
995 206 1046 241 Ν.

139 283 298 316 equorum
316 276 346 307 et
359 275 532 316 igneorum
546 283 704 307 curruum
728 274 762 306 in
785 274 924 306 circuitu

141 329 258 361 Helisei
282 332 303 360 ¹.
328 329 506 370 Regressus
527 332 636 362 autem
660 330 861 362 vir·sanetus
885 329 925 361 ad

139 383 252 415 fratres
276 384 369 425 coepit
400 384 669 416 conscientiarum
699 384 845 424 ipsorum
877 392 926 414 50-

141 438 227 469 creta
240 437 364 476 rimari,
386 437 564 469 confortare
578 438 663 478 ipsos
678 437 716 469 de
732 437 855 469 visione
872 437 926 468 illa

141 491 292 530 mirabili,
305 493 335 523 et
349 491 387 523 de
399 492 543 533 profectu
559 491 685 523 Ordinis
700 491 803 523 multa
814 491 927 523 futura

142 545 326 586 praedicere.
340 546 484 586 Cumque
495 546 685 586 patefaceret
695 546 836 587 plurima
851 554 925 586 quae

143 607 276 630 sensum
290 599 559 631 transcendebant
571 600 767 638 humanum,
784 608 860 631 vere
875 608 927 630 co-

144 655 330 693 gnoverunt
338 654 463 692 fratres,
478 663 575 694 snper
584 663 715 685 servum
727 662 821 684 suum
833 652 857 684 F
859 662 930 684 ran—

143 708 264 739 ciscum
277 708 434 749 Spiritum
446 708 574 739 Domini
586 708 620 738 in
630 709 718 739 tanta
731 707 929 748 plenitudine

143 762 314 803 quievisse,
333 763 419 803 quod
433 763 504 803 post
526 762 626 803 ipsius
647 762 824 794 doctrinam
838 763 869 793 et
884 762 930 794 vi-

143 817 210 846 tam
225 816 294 847 erat
308 816 354 847 eis
369 816 526 856 proficisci
542 816 754 847 tutissimum.
771 815 845 847 Post
859 816 930 847 haec

143 869 252 909 pusilli
266 869 379 909 gregis
393 871 501 910 pastor
515 869 702 901 Franciscus
722 869 761 900 ad
781 869 930 900 Sanctam

144 924 278 956 Mariam
293 924 332 956 de
355 924 563 956 Portiuncula
586 924 821 956 duodenarium
837 924 930 955 illum

146 978 281 1009 fratrum
289 987 478 1016 numerum,
489 987 630 1018 superna
637 978 743 1018 gratia
752 979 928 1019 praeeunte,

145 1031 290 1071 deduxit,
307 1033 341 1063 ut
357 1032 425 1071 ubi,
444 1032 569 1064 meritis
582 1032 693 1063 Matris
712 1032 851 1071 Domini,
875 1031 931 1063 Mi-

147 1095 264 1118 norum
286 1087 468 1126 sumpserat
484 1086 567 1117 Ordo
585 1086 728 1124 initium,
751 1086 852 1126 ipsius
867 1085 931 1116 illic

147 1140 321 1180 susciperet
333 1139 462 1171 auxiliis
477 1140 726 1171 incrementum.
739 1140 787 1170 Ibi
802 1149 932 1180 quoque

147 1194 247 1225 factus
273 1194 484 1233 evangelicus
508 1203 624 1234 praeco,
650 1194 794 1225 civitates
816 1193 932 1224 circui-

147 1247 201 1278 bat
214 1249 245 1279 et
260 1249 373 1285 castra,
390 1257 457 1279 non
471 1248 503 1278 in
518 1248 617 1279 doctis
632 1247 786 1278 hnmanae
811 1247 932 1288 sapien-

147 1301 201 1332 tiae
217 1301 335 1339 verbis
364 1301 418 1332 sed
440 1301 475 1331 in
500 1301 615 1333 virtute
638 1300 778 1341 Spiritus
802 1310 932 1331 annun—

147 1355 231 1385 tians
259 1364 401 1394 regnum
428 1354 491 1386 Dei.
523 1354 698 1386 Videbatur
732 1354 933 1385 intuentibus

149 1409 248 1439 homo
263 1408 395 1439 alterius
415 1407 536 1446 saeculi,
559 1408 676 1448 quippe
699 1408 754 1448 qni
778 1409 883 1438 mente
898 1416 934 1438 ac

151 1462 230 1493 facie
244 1463 278 1493 in
291 1462 408 1493 coelum
423 1471 549 1502 semper
567 1461 721 1500 intentus,
739 1471 850 1493 omnes
865 1470 935 1492 5111·-

150 1525 224 1547 sum
238 1516 366 1547 trahere
377 1518 557 1547 conaretur.
576 1515 676 1555 Coepit
689 1524 729 1546 ex
744 1515 806 1546 hoc
821 1514 935 1546 Christi

150 1570 246 1602 vinea
261 1570 444 1610 germinare
461 1578 596 1609 germen
621 1569 727 1600 odoris
746 1569 883 1608 Domini,
905 1571 935 1600 et

151 1624 314 1664 productis
329 1633 368 1654 ex
385 1633 419 1654 se
434 1623 577 1662 ssoribuS,
595 1623 791 1662 suavitatis,
806 1623 936 1655 honoris

152 1678 373 1711 ethonestatis
391 1677 501 1709 uberes
526 1678 652 1716 fructus
667 1679 679 1695 ²
704 1677 830 1708 afferre.
855 1676 936 1707 Nam

152 1731 388 1773 praedicationis
404 1731 504 1772 ipsius
518 1731 645 1763 fervore
660 1731 802 1762 succensi
820 1741 934 1772 quam-

152 1785 286 1826 plurimi
301 1785 478 1825 utriusque
493 1794 602 1823 sexus,
620 1785 651 1815 in
665 1785 828 1825 conjugali
842 1785 934 1825 pudi-

153 1839 228 1870 citia
243 1839 378 1870 Domino
391 1839 597 1877 famulantes,
610 1838 787 1870 secundum
800 1839 937 1870 formam

154 1902 172 1924 a
187 1893 241 1924 Dei
256 1893 327 1924 viro
341 1894 515 1933 acceptam,
532 1892 624 1924 novis
641 1902 673 1923 se
687 1892 883 1932 poenitentiae
896 1893 938 1923 le-

155 1947 253 1986 gibus
267 1946 461 1985 vinciebant,
486 1955 627 1986 quorum
650 1946 780 1977 vivendi
804 1946 938 1977 modum

153 2000 238 2032 idem
253 2000 367 2032 Christi
388 1999 531 2030 famulus
553 2000 703 2030 Ordinem
725 1999 876 2030 Fratrum
900 2000 938 2031 de

155 2054 349 2086 Paenitentia
364 2054 527 2086 nominari
540 2054 691 2086 decrevit,
708 2053 879 2092 Nimirum,
896 2054 938 2085 si-

156 2110 220 2147 cut,
238 2109 272 2139 in
283 2108 400 2140 coelum
414 2108 630 2145 tendentibus,
645 2107 840 2148 [1101111011113ἱ
851 2108 939 2139 viam

157 2162 306 2193 omnibus
319 2163 440 2193 constat
455 2171 523 2192 esse
540 2171 759 2200 communem,
780 2161 824 2192 sic
838 2163 869 2192 et
888 2161 941 2193 hic

158 2217 259 2246 status
282 2215 414 2246 clericos
438 2217 468 2246 et
486 2215 594 2253 laicos,
617 2215 763 2254 virgines
778 2217 809 2246 et
833 2217 941 2255 0011111-

159 2271 252 2308 gatos
267 2268 300 2299 in
323 2270 462 2308 utroque
478 2278 556 2299 sexu
572 2268 755 2307 admittens,
772 2269 883 2309 quanti
899 2269 940 2300 sit

159 2324 246 2364 apud
262 2323 364 2354 Deum
381 2323 498 2361 meriti,
515 2332 556 2354 ex
576 2323 722 2363 pluribus
738 2333 795 2362 per
816 2324 940 2364 aliquos

158 2378 302 2418 ipsorum
328 2376 462 2417 patratis
479 2376 640 2407 miraculis
668 2377 846 2408 innotescit.
864 2378 943 2409 Con-

159 2432 368 2463 vertebantur
391 2430 487 2462 etiam
508 2430 653 2470 virgines
684 2431 723 2462 ad
748 2434 942 2472 perpetuum

161 2485 344 2516 coelibatum
357 2495 364 2515 t
378 2484 461 2515 inter
474 2493 554 2524 quas
564 2484 661 2523 virgo
674 2484 737 2515 Deo
752 2485 943 2517 charissima

162 2539 262 2578 Clara,
276 2539 420 2579 ipsarum
432 2537 576 2578 plantula
592 2537 707 2577 prima,
720 2540 873 2579 tanquam
885 2540 943 2571 flos

163 2602 299 2623 vernans
307 2596 338 2623 et
347 2592 499 2623 candidus
505 2592 635 2622 odorem
644 2591 740 2629 dedit,
749 2595 780 2623 et
788 2595 943 2634 tanquam

194 2674 201 2689 ¹
223 2673 252 2698 lV
270 2674 337 2705 Κεφ,
352 2680 392 2705 Vi,
409 2675 445 2699 17.
464 2686 494 2691 -
515 2674 525 2689 ‘2
539 2673 628 2701 Eccli„
651 2680 722 2704 xxiv,
739 2676 777 2698 23.
796 2688 822 2692 -
839 2675 848 2691 3
867 2675 943 2707 ibid„

164 2716 238 2740 xxix,
254 2711 293 2734 30.

304 2763 379 2786 rom.
402 2763 470 2786 xrv.

1701 212 1760 244 305

980 275 1071 307 stella
1085 277 1276 318 praefuigida
1290 278 1437 312 radiavit.
1462 277 1538 310 Haec
1552 288 1640 311 nunc
1658 280 1760 320 glori-

979 329 1072 361 ficata
1084 330 1118 361 in
1133 331 1229 371 coelis,
1247 332 1286 363 ab
1306 332 1446 365 Ecclesia
1465 333 1565 372 digne
1588 335 1762 365 veneratur

980 382 1013 413 in
1027 384 1131 424 terris,
1149 394 1222 426 quae
1237 385 1305 417 filia
1319 386 1380 417 fuit
1395 387 1428 417 in
1443 386 1567 418 Christo
1583 387 1684 418 sancti
1704 396 1760 427 pa-

981 437 1037 467 tris
1060 437 1218 469 Francisci
1243 440 1447 480 pauperculi,
1470 441 1501 471 et
1524 442 1626 471 mater
1642 440 1763 481 Paupe-

981 499 1054 521 rum
1069 491 1288 524 Dominarum.
1300 493 1391 525 Multi
1407 494 1503 525 etiam
1518 503 1583 525 non
1598 493 1702 525 solum
1713 494 1764 525 de-

981 545 1109 576 votione
1123 547 1318 587 compuncti,
1335 548 1390 578 sed
1405 550 1435 579 et
1455 548 1658 588 perfectionis
1674 547 1764 579 Chri-

984 599 1024 630 sti
1040 600 1194 632 desiderio
1209 601 1410 642 inflammati,
1424 603 1512 634 omni
1522 603 1764 635 mundanorum

982 653 1123 685 vanitate
1134 656 1327 696 contempta,
1339 655 1498 688 Francisci
1509 657 1645 697 vestigia
1656 666 1765 698 seque-

982 708 1111 747 bantur,
1139 709 1196 749 qui
1219 709 1415 750 quotidianis
1435 713 1669 742 succrescentes
1692 720 1765 751 pro-

984 762 1117 794 fectibus
1132 772 1236 804 usque
1251 765 1290 796 ad
1306 765 1387 796 fines
1402 765 1488 796 orbis
1506 767 1599 796 terrae
1619 765 1764 798 celeriter

983 821 1211 857 pervenerunt.
1232 817 1381 850 Faciebat
1407 828 1547 860 namque
1563 821 1673 851 sancta
1686 829 1766 860 pau-

983 873 1100 911 pertas,
1118 881 1215 912 quam
1233 873 1333 904 solam
1357 873 1541 905 deferebant
1557 882 1615 913 pro
1634 875 1768 915 sumpti-

984 925 1056 964 bus,
1070 925 1156 965 ipsos
1171 926 1208 957 ad
1220 935 1350 958 omnem
1361 927 1576 958 obedientiam
1589 929 1765 968 promptos,

985 978 1134 1010 robustos
1148 979 1335 1019 adlabores,
1352 983 1383 1012 et
1398 981 1436 1012 ad
1453 981 1569 1012 itinera
1589 981 1765 1021 expeditos.

987 1031 1024 1063 Et
1039 1033 1116 1074 quia
1128 1033 1209 1064 nihil
1221 1035 1386 1065 terrenum
1400 1034 1573 1073 habebant,
1589 1035 1670 1066 nihil
1683 1045 1769 1067 ama-

986 1087 1074 1125 bant,
1107 1087 1253 1128 nihilque
1287 1088 1441 1120 timebant
1472 1089 1630 1127 3111111010,
1664 1090 1768 1121 securi

992 1142 1082 1171 erant
1097 1141 1228 1181 ubique,
1251 1142 1341 1173 nullo
1356 1151 1474 1182 pavore
1494 1143 1658 1183 suspensi,
1681 1143 1770 1174 nulla

988 1204 1065 1225 cura
1078 1195 1230 1234 distracti,
1252 1198 1410 1236 tanquam
1435 1197 1490 1237 qui
1509 1197 1630 1237 absque
1652 1197 1770 1228 mentis

988 1249 1169 1280 turbatione
1200 1250 1353 1281 vivebant
1362 1274 1371 1289 ,
1400 1252 1431 1281 et
1460 1251 1528 1281 sine
1558 1250 1770 1282 sollicitudine

987 1302 1072 1334 diem
1083 1304 1260 1334 crastinum
1276 1306 1307 1335 et
1322 1305 1499 1337 serotinum
1514 1305 1692 1345 hospitium
1713 1314 1769 1336 ex-

989 1357 1166 1397 pectabant.
1185 1357 1284 1389 Multa
1294 1358 1424 1398 quidem
1439 1359 1484 1390 eis
1498 1359 1531 1389 in
1547 1359 1681 1390 diversis
1697 1368 1770 1400 par-

988 1411 1075 1442 tibus
1089 1412 1176 1443 orbis
1200 1412 1420 1445 inferebantur
1441 1414 1592 1453 convitia,
1616 1416 1771 1455 tanquam

989 1466 1133 1505 personis
1158 1466 1403 1506 despicabilibus
1433 1470 1464 1499 et
1489 1469 1607 1508 ignotis
1617 1479 1625 1507 ;
1656 1478 1772 1501 verum

990 1529 1080 1551 amor
1095 1519 1264 1560 Evangelii
1286 1521 1402 1552 Christi
1424 1522 1503 1553 adeo
1518 1522 1603 1562 ipsos
1618 1523 1773 1563 patientes

991 1573 1149 1612 effecerat,
1166 1576 1202 1605 ut
1224 1577 1406 1615 quaererent
1426 1576 1532 1616 potius
1556 1576 1600 1606 ibi
1616 1586 1696 1615 esse,
1715 1577 1774 1607 ubi

992 1628 1247 1667 persecutionem
1265 1631 1451 1669 paterentur
1467 1630 1500 1660 in
1514 1639 1658 1671 corpore,
1675 1640 1774 1672 quam

994 1681 1046 1712 ubi
1071 1682 1200 1722 cognita
1230 1683 1395 1715 sanctitate
1416 1684 1578 1723 ipsorum,
1609 1685 1775 1717 mundano

993 1738 1120 1776 possent
1134 1737 1267 1776 gloriari
1282 1737 1402 1769 favore.
1427 1737 1498 1778 Ipsa
1519 1748 1648 1779 quoque
1664 1749 1776 1771 rerum

992 1789 1128 1829 penuria
1142 1791 1408 1830 superabundans
1433 1792 1479 1822 eis
1494 1792 1663 1824 videbatur
1678 1794 1774 1825 uber-

993 1845 1050 1881 tas,
1067 1843 1155 1882 dum,
1182 1845 1278 1883 Juxta
1302 1845 1469 1877 consilium
1489 1846 1647 1886 Sapientis
1671 1850 1692 1886 ³,
1720 1856 1778 1887 pro

993 1906 1115 1936 magno
1140 1897 1217 1938 ipsis
1242 1899 1415 1930 minimum
1439 1900 1665 1940 complacebat.
1695 1900 1779 1932 Sane

994 1960 1068 1981 cum
1084 1951 1123 1982 ad
1138 1951 1317 1983 infidelium
1337 1954 1442 1992 partes
1457 1953 1557 1994 aliqui
1573 1964 1614 1985 ex
1628 1955 1781 1985 fratribus

994 2006 1225 2045 pervenissent,
1236 2007 1381 2047 contigit,
1397 2009 1434 2038 ut
1445 2008 1577 2048 quidam
1588 2008 1779 2048 Saraeenus‚

994 2059 1109 2099 pietate
1125 2062 1315 2100 commotus,
1334 2062 1505 2100 pecuniam
1520 2062 1565 2093 015
1580 2063 1709 2094 offerret
1724 2073 1781 2103 pro

995 2113 1172 2144 necessario
1199 2114 1298 2146 victu.
1336 2114 1399 2145 Illis
1425 2117 1533 2146 autem
1560 2117 1783 2148 recusantibus

996 2166 1148 2207 accipere,
1163 2167 1341 2199 admiratus
1357 2170 1405 2199 est
1423 2169 1531 2209 homo,
1550 2179 1683 2202 cernens
1696 2172 1782 2211 quod

996 2220 1106 2261 inopes
1127 2224 1244 2252 essent.
1265 2221 1425 2254 lntellecto
1446 2223 1576 2254 tandem
1597 2225 1681 2265 qnod
1701 2235 1781 2265 pau-

998 2283 1088 2314 peres
1103 2275 1203 2305 effecti
1222 2284 1332 2315 amore
1347 2275 1413 2313 Dei,
1435 2277 1604 2316 pecuniam
1621 2278 1784 2318 possidere

998 2327 1163 2367 nolebant,
1181 2330 1270 2359 tanta
1280 2331 1327 2359 est
1338 2329 1383 2359 eis
1398 2329 1564 2361 affect1one
1580 2333 1782 2372 conjunctus,

999 2384 1034 2412 ut
1056 2382 1184 2413 offerret
1207 2392 1239 2414 se
1259 2383 1299 2414 ad
1322 2383 1574 2416 ministrandum
1599 2386 1707 2416 omnia
1728 2396 1784 2417 ne-

1004 2435 1150 2474 cessaria,
1165 2436 1322 2476 quamdiu
1332 2437 1520 2469 facultatum
1531 2439 1589 2469 sibi
1603 2439 1722 2479 aliquid
1736 2449 1787 2471 su-

1000 2491 1150 2529 peresset.
1165 2490 1188 2520 0
1205 2489 1438 2522 inaestimabilis
1453 2492 1633 2531 pretiositas
1648 2502 1788 2534 pauper-

1000 2543 1090 2581 talis,
1116 2545 1208 2584 cujus
1232 2545 1378 2576 miranda
1401 2546 1519 2577 virtute
1538 2555 1629 2577 mens
1654 2547 1801 2578 feritatis

1001 2597 1183 2629 barbaricae
1199 2599 1233 2629 in
1246 2600 1366 2630 tantam
1384 2599 1597 2631 miserationis
1610 2603 1657 2632 est
1672 2601 1788 2633 immu-

1004 2652 1070 2681 tata
1087 2651 1304 2684 dulcedineml
1324 2653 1527 2684 Ilorrendum
1543 2656 1591 2685 est
1605 2655 1737 2695 proinde
1753 2665 1788 2686 ac

1003 2705 1163 2736 nefarium
1182 2707 1294 2745 scelus,
1312 2710 1345 2737 nl
1367 2707 1449 2738 hanc
1469 2709 1680 2747 margaritam
1696 2710 1787 2741 nobi-

1605 2765 1643 2793 ⁶20
