2029 3052
245 177 304 207 342
808 167 995 201 LEGENDA
1015 166 1050 198 S.

244 241 452 274 Portiuncula
471 249 505 273 se
525 241 652 282 portare
672 237 825 279 poposcit,
842 238 1020 278 quatenus,

243 296 300 328 uhi
325 296 487 336 acceperat
501 294 650 335 spiritum
667 291 793 332 gratiae,
815 291 860 321 ihi
878 289 1023 321 redderet

245 349 395 390 spiritum
409 349 497 381 vitae.
520 347 589 385 Quo
610 355 684 377 eum
702 345 814 376 fuisset
835 343 1020 384 perductus,

244 405 282 435 ut
295 402 437 435 veritatis
451 401 598 442 exemplo
612 399 815 437 monstraret,
832 397 919 438 quod
942 397 1022 428 nihil

246 459 314 489 erat
329 457 375 488 illi
389 464 559 487 commune
572 463 648 486 cum
662 452 795 491 mundo,
811 452 845 482 in
859 451 914 482 illa
931 452 1021 482 infir-

246 512 356 543 mitate
370 512 437 542 tam
454 509 558 550 gravi,
584 517 657 549 quae
679 507 767 538 omni
781 506 932 546 languori
946 514 1021 536 con-

246 565 349 604 clusit,
372 573 470 604 super
488 562 608 594 nudam
623 561 763 592 humum
783 569 816 591 se
834 561 937 591 totum
960 568 1022 590 nu-

246 620 356 651 datum
371 619 406 649 in
420 617 551 659 spiritus
570 617 696 648 fervore
712 613 894 655 prostravit,
911 615 1023 653 quate-

246 682 310 705 nus
323 673 404 704 hora
419 671 473 703 illa
488 672 642 708 extrema,
658 669 693 699 in
709 677 773 709 qua
787 668 910 708 poterat
920 666 1025 698 adhuc

245 723 348 756 hostis
371 723 476 762 irasci,
498 721 606 753 nudus
629 721 805 751 luctaretur
827 726 902 749 cum
923 716 1022 748 nudo.

248 778 412 810 Decubans
427 777 471 808 sic
480 777 514 807 in
522 777 619 813 terra,
632 773 757 806 saccina
769 774 856 804 veste
870 770 1023 811 deposita,

247 833 360 864 faciem
374 831 467 862 solito
482 838 571 860 more
594 827 713 860 levavit
731 826 763 857 in
787 825 915 864 coelum,
931 826 961 856 et
976 824 1026 855 in-

248 885 380 918 tendens
395 885 439 915 illi
456 883 570 924 gloriae
582 884 679 919 totus,
694 889 792 912 manu
807 879 934 910 sinistra
947 879 1024 910 dex-

249 939 288 969 tri
303 938 411 970 lateris
430 938 562 976 vulnus,
585 945 625 967 ne
647 935 821 972 videretur,
841 932 973 970 obtexit,
997 934 1028 964 et

249 992 294 1023 ait
313 992 352 1023 ad
375 993 486 1023 fratres
502 1003 509 1023 ι
527 991 608 1030 Ego.
633 989 718 1030 quod
742 997 851 1019 meum
867 989 925 1024 est,
948 986 1025 1024 feci;

250 1046 336 1086 quod
351 1049 495 1078 vestrum
510 1047 569 1082 est,
585 1044 728 1076 Christus
742 1042 880 1074 edoceat.
898 1041 1029 1080 Illacry-

251 1100 414 1131 mantibus
428 1102 537 1131 autem
554 1097 646 1130 sociis
660 1097 771 1134 sancti,
787 1095 842 1135 qui
859 1094 941 1125 miro
957 1094 1025 1124 fue-

251 1156 324 1185 rant
337 1154 561 1195 compassionis
576 1152 638 1184 telo
654 1150 805 1191 percussi,
818 1159 901 1181 unus
916 1158 955 1180 ex
969 1149 1026 1188 eis,

252 1216 350 1247 quem
360 1207 410 1239 vir
420 1207 472 1238 Dei
484 1206 702 1246 guardianum
709 1212 805 1235 suum
813 1212 881 1234 esse
891 1202 1027 1240 dicebat,

252 1262 365 1291 votum
376 1261 476 1300 ipsius
486 1260 597 1291 divina
605 1257 812 1298 inspiratione
820 1264 1027 1295 cognoscens,

253 1315 385 1346 festinus
406 1314 556 1351 surrexit,
580 1314 610 1343 et
633 1313 792 1350 acceptam
815 1319 888 1340 cum
912 1309 1031 1340 chorda

254 1371 285 1399 et
306 1368 511 1399 femoralibus
532 1366 674 1397 tunicam
702 1363 895 1404 pauperculo
918 1363 1030 1394 Christi

254 1421 379 1460 obtulit,
404 1421 511 1452 dicens
528 1429 535 1451 ε
553 1419 627 1450 llaec
649 1418 705 1449 tibi
726 1420 879 1457 tanquam
899 1417 1032 1456 pauperi

255 1475 444 1513 commodo,
468 1477 499 1505 et
526 1477 561 1505 tu
589 1474 642 1504 illa
666 1472 820 1512 suscipias
844 1471 1032 1502 obediontiae

255 1531 372 1561 sanctae
387 1528 546 1559 mandato.
563 1526 685 1557 Gaudet
701 1535 740 1556 ex
755 1525 815 1556 hoc
830 1525 880 1555 vir
894 1527 1031 1562 sanctus,

256 1586 286 1614 et
298 1583 414 1623 jubilat
429 1591 494 1622 [πω
508 1581 618 1611 laetitia
635 1579 749 1615 cordis,
770 1579 922 1618 qnoniam
939 1578 1033 1608 tidem

256 1636 399 1667 tenuisse
413 1635 552 1666 dominae
567 1633 745 1674 paupertati
766 1642 866 1672 usquc
882 1632 912 1662 in
937 1634 1031 1661 tinem

257 1699 290 1720 sc
305 1689 401 1726 vidit;
420 1689 605 1728 palmasque
620 1687 730 1717 levans
744 1686 781 1716 ad
799 1686 928 1722 coelum,
950 1685 1036 1715 tlliri-

257 1746 343 1774 stum
359 1752 454 1774 suum
472 1741 669 1779 magnificat,
688 1749 744 1780 pro
759 1748 795 1770 eo
815 1739 898 1779 quod
914 1748 1035 1769 exone-

258 1800 348 1828 ratus
364 1798 403 1827 ab
419 1797 579 1834 omnibus,
596 1795 676 1825 liber
691 1794 776 1825 vadit
793 1794 832 1823 ad
846 1794 962 1833 ipsum.
983 1792 1037 1822 1³0-

259 1853 341 1882 rerat
364 1852 449 1881 enim
473 1851 542 1881 lime
559 1849 667 1879 omnia
689 1847 883 1888 paupertatis
903 1847 979 1884 zelo,
1003 1849 1037 1876 ut

260 1914 317 1935 nec
332 1904 478 1935 habitum
504 1903 632 1943 quidem
651 1902 743 1933 vellet
759 1901 886 1936 babere,
914 1900 975 1930 nisi
998 1900 1037 1930 ab

260 1958 322 1988 alio
346 1956 594 1987 commodatum.
620 1955 724 1985 Voluit
749 1957 832 1985 certe
855 1963 910 1994 per
929 1954 1038 1984 omnia

261 2011 384 2042 Christo
396 2011 549 2041 crucifixo
563 2019 630 2039 esse
643 2009 824 2045 conformis,
838 2008 892 2048 qui
905 2017 1037 2047 pauper,

262 2068 293 2096 et
307 2065 427 2101 dolens,
445 2066 475 2095 et
490 2064 594 2095 nudus
611 2063 645 2093 in
667 2072 760 2093 eriiw
777 2062 936 2102 pependit.
963 2061 1037 2091 l'ro-

262 2121 331 2158 pter
353 2119 437 2158 qnod
460 2121 490 2148 ct
506 2118 538 2148 in
561 2117 715 2157 principio
737 2116 952 2146 conversionis
972 2125 1039 2146 suu}

262 2172 368 2202 nudus
393 2172 545 2202 remansit
568 2180 674 2201 eoram
696 2170 844 2206 antistite,
868 2173 892 2199 et
913 2170 946 2199 in
962 2179 1039 2199 con-

264 2225 478 2255 summatione
506 2225 580 2255 vita}
599 2224 704 2255 nudus
732 2224 832 2253 voluit
859 2223 898 2253 dc
919 2223 1039 2253 mundo

265 2278 371 2309 exire:
390 2278 604 2317 fratribusque
620 2277 677 2307 sibi
690 2277 907 2307 assisttmtibus
923 2277 954 2306 in
971 2276 1042 2306 obc-

266 2333 384 2363 ‹lientia
399 2331 564 2362 charitatis
580 2331 739 2369 injunxit,
757 2333 793 2360 ut
808 2340 880 2360 cum
897 2331 1041 2360 viderent

266 2396 341 2417 eum
362 2387 431 2425 jam
455 2394 521 2415 esse
544 2384 737 2420 defunctum,
755 2392 810 2423 per
825 2386 889 2413 tam
906 2384 1040 2422 longum

267 2440 405 2479 spatium
429 2438 552 2469 nudum
575 2446 671 2476 super
694 2437 830 2467 humum
850 2439 955 2477 jacere
972 2447 1041 2477 per-

269 2494 440 2531 mitterent,
457 2492 540 2532 quod
556 2491 652 2521 unius
667 2491 804 2521 milliarii
817 2494 951 2521 tractum
968 2501 1044 2521 sua-

268 2547 351 2577 viter
367 2547 438 2586 quis
458 2546 608 2586 perticere
630 2547 742 2585 posset.
766 2547 787 2575 Ο
804 2555 877 2575 vere
898 2546 1042 2575 christia-

269 2600 440 2630 nissimum
464 2600 589 2636 virum,
615 2598 669 2638 qui
695 2600 725 2627 ct
748 2598 858 2629 vivens
882 2599 1043 2629 Christum

270 2653 410 2691 viventi,
434 2656 464 2684 et
485 2653 624 2683 moriens
648 2651 814 2689 morienti,
841 2654 871 2682 et
899 2656 1046 2683 mortuus

1072 164 1292 198 FRANCISCI.

1078 234 1207 265 mortuo
1221 233 1360 274 perfecta
1373 240 1441 264 esse
1455 231 1580 264 studuit
1594 233 1771 268 imitatione
1784 245 1857 269 con-

1076 286 1200 325 formis,
1226 287 1258 318 et
1280 295 1430 327 expressa
1452 287 1630 326 promeruit
1645 287 1856 323 similitudine

1077 340 1231 372 decorari.
1248 340 1335 371 Hora
1347 339 1486 380 denique
1499 339 1548 371 sui
1563 341 1717 373 transitus
1729 343 1858 384 propin-

1078 396 1208 435 quante,
1224 395 1297 426 fecit
1315 395 1427 426 fratres
1441 403 1552 426 omnes
1566 395 1737 428 existentes
1746 397 1859 430 inloco

1078 449 1118 480 ad
1132 457 1166 479 se
1180 448 1299 487 vocari,
1315 449 1347 479 et
1360 457 1414 479 eos
1435 448 1654 480 consolatoriis
1674 451 1784 482 verbis
1797 460 1857 492 pro

1079 511 1138 533 sua
1152 503 1255 533 morte
1269 501 1463 540 demulcens,
1477 505 1609 542 paterno
1623 503 1741 535 affeetu
1755 505 1795 536 ad
1810 505 1860 536 di-

1078 555 1193 587 vinum
1204 557 1251 586 est
1264 555 1410 586 hortatus
1423 563 1579 587 amorem.
1595 556 1639 587 De
1653 557 1816 598 patientia,
1828 560 1860 590 et

1080 610 1275 649 paupertate,
1293 611 1324 640 et
1337 610 1455 640 sanctae
1467 609 1621 641 Romanae
1636 610 1784 643 Ecclesiae
1797 612 1860 644 fide

1080 662 1246 694 servandis
1268 671 1449 694 sermonem
1468 663 1638 703 protraxit,
1662 665 1784 696 caeteris
1807 665 1859 696 in-

1081 716 1199 747 stitutis
1234 717 1380 747 sanctum
1409 715 1623 756 Evangelium
1650 719 1858 758 anteponens.

1081 769 1392 801 Circumsedentibus
1414 779 1491 801 vero
1516 770 1666 802 omnibus
1690 771 1858 811 fratribus,

1081 823 1222 855 extendit
1240 832 1336 864 super
1355 832 1410 855 eos
1425 833 1540 855 manus
1554 824 1588 855 in
1610 824 1743 856 modum
1758 826 1862 857 crucis

1082 877 1221 908 brachiis
1237 877 1427 913 cancellatis,
1439 886 1498 917 pro
1509 886 1546 908 eo
1556 878 1642 918 quod
1652 878 1713 910 hoc
1726 880 1861 919 signum

1083 940 1209 972 semper
1223 931 1365 969 amabat,
1388 933 1419 962 et
1435 931 1585 962 omnibus
1605 931 1770 971 fratribus,
1793 935 1860 964 tam

1085 984 1293 1025 praesentibus
1316 993 1414 1024 quam
1434 985 1621 1016 absentibus
1633 1009 1641 1024 ‚
1663 985 1697 1016 in
1713 985 1864 1018 Crucifixi

1084 1038 1203 1069 virtute
1215 1047 1250 1069 ac
1261 1038 1390 1069 nomine
1402 1038 1576 1069 benedixit.
1596 1038 1727 1080 Insuper
1737 1042 1768 1070 et
1779 1040 1864 1081 adJe-

1084 1093 1150 1124 cit:
1168 1093 1286 1131 Valete,
1310 1093 1366 1123 filii
1389 1101 1512 1131 omneS,
1535 1093 1568 1123 in
1590 1093 1705 1124 timore
1727 1093 1863 1134 Domini,

1084 1150 1115 1178 et
1131 1149 1312 1187 permanete
1328 1147 1359 1178 in
1375 1156 1412 1178 eo
1426 1156 1564 1187 semper.
1589 1147 1626 1178 Et
1643 1148 1796 1187 quoniam
1812 1148 1865 1179 fu-

1084 1203 1156 1232 tura
1167 1201 1297 1232 tentatio
1312 1203 1341 1231 et
1351 1200 1512 1231 tribulatio
1527 1201 1774 1242 appropinquat,
1791 1201 1861 1233 seli-

1085 1264 1135 1285 ces
1151 1255 1206 1295 qui
1218 1254 1468 1295 perseverabunt
1479 1254 1512 1284 in
1526 1254 1586 1292 hiS,
1598 1263 1671 1294 quae
1684 1257 1863 1295 coeperunt,

1086 1309 1156 1349 Ego
1180 1318 1255 1340 vero
1276 1309 1316 1339 ad
1339 1309 1439 1339 Deum
1463 1317 1609 1349 propero,
1636 1310 1729 1349 cujus
1751 1309 1866 1349 gratiae

1087 1371 1145 1394 vos
1160 1371 1270 1393 omnes
1280 1362 1480 1393 commendo.
1492 1362 1591 1393 Suavi
1606 1362 1793 1402 hujusmodi
1810 1362 1865 1393 ad-

1090 1416 1262 1447 monitione
1286 1415 1452 1455 compheta,
1465 1415 1560 1455 jussit
1576 1415 1638 1446 Deo
1652 1415 1701 1446 vir
1717 1415 1869 1446 charissi-

1090 1479 1162 1501 mus
1183 1469 1432 1507 Evangeliorum
1448 1469 1507 1500 sibi
1529 1469 1669 1500 codicem
1695 1470 1867 1510 apportari,

1090 1527 1121 1555 et
1141 1524 1349 1563 evangelium
1375 1523 1551 1554 secundum
1579 1523 1756 1562 Joannem,
1784 1523 1870 1564 quod

1091 1578 1201 1618 incipit
1217 1587 1254 1608 eo
1270 1577 1357 1608 loco:
1377 1578 1457 1608 Ante
1472 1576 1560 1609 diem
1574 1577 1689 1616 festum
1707 1577 1835 1609 Paschoe
1848 1579 1869 1616 ¹,

1091 1632 1150 1661 sibi
1167 1632 1231 1670 legi
1248 1631 1399 1671 poposcit.
1415 1631 1483 1671 lpse
1497 1640 1584 1669 vero,
1601 1633 1696 1671 prout
1711 1631 1825 1671 potuit,
1838 1631 1872 1662 in

1092 1685 1190 1723 hujus
1206 1684 1317 1724 psalmi
1333 1693 1442 1715 vocem
1459 1684 1584 1724 erupit’
1605 1694 1611 1714 :
1635 1684 1712 1716 Voce
1737 1693 1807 1716 mea
1829 1684 1874 1716 ad

1094 1739 1263 1771 Dominum
1278 1739 1416 1769 clamavi
1431 1747 1441 1768 .·
1458 1745 1528 1769 voce
1552 1745 1622 1769 mea
1637 1737 1681 1769 acl·
1701 1738 1873 1770 Dominum

1093 1793 1278 1833 deprecatus
1303 1800 1390 1829 sunm
1417 1794 1446 1822 ct
1470 1791 1508 1822 ad
1533 1792 1631 1822 tinem
1658 1801 1760 1832 usque
1787 1800 1874 1823 com-

1095 1846 1202 1886 plevit.
1230 1846 1290 1881 Me,
1312 1845 1427 1885 inquit,
1450 1848 1622 1884 expectant
1642 1843 1747 1883 Juszi,
1777 1844 1875 1876 donec

1095 1900 1255 1932 retribuas
1280 1898 1359 1930 mim
1380 1899 1401 1928 ³.
1428 1898 1568 1929 Tandem
1596 1898 1717 1928 cunctis
1746 1898 1778 1928 in
1800 1907 1875 1929 eum

1096 1953 1259 1993 completis
1297 1952 1478 1992 mysteriis,
1514 1952 1622 1982 anima
1654 1951 1707 1982 illa
1740 1952 1876 1982 sanctis-

1096 2008 1176 2037 sima
1202 2015 1296 2036 carne
1321 2005 1434 2043 solnta,
1460 2007 1490 2035 et
1520 2005 1552 2035 in
1580 2005 1731 2045 abyssum
1757 2005 1875 2036 divina}

1097 2060 1247 2090 claritatis
1276 2059 1435 2098 absorpta,
1469 2058 1579 2089 beatus
1603 2058 1654 2088 vir
1682 2057 1877 2088 obdormivit

1096 2113 1129 2143 in
1163 2113 1306 2143 Domino.
1337 2111 1425 2141 Unus
1452 2114 1558 2142 autem
1591 2120 1632 2142 ex
1666 2111 1817 2142 tratribus
1845 2114 1876 2142 et

1097 2166 1259 2206 discipulis
1285 2166 1354 2205 ejus
1377 2164 1455 2194 vidit
1481 2165 1622 2195 animam
1644 2164 1731 2195 illam
1752 2165 1876 2196 beatam

1098 2221 1156 2252 sub
1172 2219 1274 2260 specie
1290 2219 1387 2249 stella}
1402 2218 1603 2258 praet'ulgitlae
1619 2228 1636 2248 a
1652 2215 1784 2249 candida
1800 2219 1875 2250 sub-

1099 2277 1221 2305 vectam
1250 2272 1427 2309 nubecula,
1455 2280 1550 2311 super
1575 2280 1674 2311 aquas
1701 2272 1818 2302 multas
1843 2272 1876 2302 in

1099 2329 1215 2359 culum
1232 2330 1314 2358 recto
1330 2326 1455 2357 tramite
1470 2335 1598 2356 sursum
1615 2326 1706 2363 ferri,
1726 2328 1876 2365 tanquam

1100 2382 1244 2414 sublimis
1262 2381 1434 2412 sanctitatis
1457 2380 1592 2411 candore
1607 2379 1808 2419 praenitidam
1820 2403 1830 2417 ,
1847 2382 1877 2410 et

1100 2437 1235 2467 roelcstis
1250 2434 1413 2475 sapientiae
1429 2433 1525 2463 simul
1544 2436 1573 2463 et
1594 2433 1706 2471 gratiae
1731 2432 1876 2463 ubertate

1100 2492 1269 2531 repletam,
1292 2490 1409 2529 quibus
1430 2488 1480 2518 vir
1495 2490 1620 2518 sanctus
1637 2486 1814 2526 promeruit
1830 2487 1877 2517 lo-

1102 2554 1175 2575 cum
1192 2543 1323 2574 introire
1338 2543 1417 2573 lucis
1436 2544 1466 2571 et
1482 2541 1576 2580 pacis,
1594 2540 1649 2570 ubi
1662 2548 1735 2570 cnm
1751 2540 1876 2571 Christo

1135 2627 1140 2641 ι
1161 2626 1244 2653 ,1011›1.,
1270 2630 1332 2654 xm,
1354 2625 1375 2646 1.
1395 2636 1424 2639 -
1452 2630 1454 2635 r
1477 2620 1544 2645 Psal.
1570 2626 1662 2651 Lxxvi,
1683 2622 1704 2643 2.
1726 2633 1755 2637 —
1776 2620 1784 2633 ³
1805 2620 1874 2644 Psal.

1104 2667 1171 2691 cxiii,
1189 2663 1211 2683 N.
