2029 3052
207 290 246 320 78
552 284 772 320 ,SERMONES
794 282 845 316 DE
866 279 1030 314 SANCTIS
1053 279 1093 313 IN
1115 279 1310 313 COMMUNI.
1333 279 1470 313 XXVIII.

206 355 267 384 nia.
283 365 297 382 n
322 355 411 391 Cujus
425 354 496 383 dicti
510 353 550 383 ad
563 361 694 391 praesens
708 350 819 388 duplex
833 351 877 379 est
889 348 966 378 ratio
980 357 987 376 :

206 409 268 431 una
288 402 414 430 sumitur
436 410 474 430 ex
487 403 570 438 parte
590 399 742 438 pecuniam
762 397 832 433 alia,
852 403 887 426 ex
905 397 990 433 parte

207 449 323 478 animae.
345 451 394 478 Est
409 457 482 485 ergo
503 448 580 477 ratio
605 447 719 484 prima,
745 453 838 483 quare
861 443 990 481 pecunia

207 504 269 525 non
283 497 369 526 satiat
388 497 520 524 animam
533 495 628 532 :quia
643 496 686 523 est
699 501 747 522 res
760 500 849 521 vana.
866 492 895 521 Si
909 490 989 520 enim

208 544 246 572 de
265 543 387 572 homine
406 543 514 572 dicitur
529 543 555 577 ¹,
577 541 662 578 quod
679 551 693 566 ιι
714 541 855 569 universa.
873 538 990 567 vanitas

208 590 306 620 omnis
320 591 413 619 homo
425 589 568 621 vivens‚n
596 589 719 625 propter
745 595 836 624 quem
861 585 990 623 pecunia

207 637 284 666 facta
293 639 346 674 est,
357 639 469 674 quanto
481 636 578 672 magis
587 635 653 672 ipsa
662 635 791 672 pecunia
802 633 918 662 vanitas
927 632 989 661 est?

208 685 315 712 lterum
330 682 354 710 si
369 683 463 710 omnia
477 683 598 716 vanitas,
619 679 778 709 Salomone
793 681 863 707 teste
878 678 898 711 ²,
915 685 988 713 ergo

208 732 236 758 et
249 729 377 766 pecunia
401 728 517 757 vanitas
539 729 591 756 est.
613 727 670 756 Sed
693 727 816 760 constat,
837 724 920 762 quod
935 732 988 753 va·

207 785 281 806 num
297 784 358 805 non
381 775 475 812 replet
488 775 606 811 locum;
630 774 710 802 unde
731 772 851 806 umbra,
866 779 932 808 quae
947 773 989 799 est

206 831 296 858 vana,
313 823 424 852 nullius
443 823 503 852 loci
522 825 564 851 est
577 821 722 858 repletiva
736 830 742 848 :
759 827 830 856 ergo
850 827 886 848 ex
902 827 989 856 pecu-

207 870 258 899 nia
274 873 334 899 tota
347 878 427 899 vana
441 878 503 898 non
517 871 613 906 potest
633 867 739 905 repleri
762 867 871 896 anima.
893 867 988 900 Quare

207 918 318 953 anima,
328 920 507 954 congregata
515 919 756 954 quantacumque
764 914 903 952 pecunia,
913 921 988 941 sem-

206 972 261 1001 per
274 966 408 993 remanet
431 972 545 992 vacua:
567 965 596 992 et
615 971 683 991 eum
702 961 776 990 nihil
789 969 919 990 vacuum
934 968 988 997 pa-

207 1013 295 1041 tiatur
309 1014 415 1050 natura
428 1012 450 1047 ³,
466 1014 535 1040 tunc
550 1018 668 1047 semper
682 1010 775 1038 homo
791 1009 919 1044 attrahit,
933 1016 988 1036 nec

207 1059 314 1096 repleri
329 1061 436 1095 potest,
457 1061 486 1087 et
499 1066 654 1095 nunquam
667 1064 849 1093 congregare
869 1055 987 1090 desinit,

208 1106 304 1135 donec
316 1106 398 1134 vivit.
412 1105 476 1134 Alia
489 1105 564 1134 ratio
579 1107 621 1133 est
636 1112 669 1132 ex
685 1106 767 1141 parte
786 1103 904 1138 animoe,
919 1111 987 1130 cum

207 1153 253 1189 sit,
270 1152 529 1190 quemadmodum
554 1152 666 1180 dictum
688 1153 741 1185 est,
757 1149 927 1187 capacitatis
942 1150 988 1177 in-

207 1200 296 1228 tinitoe
307 1221 314 1234 ‚
342 1200 407 1228 solo
431 1207 549 1228 summo
578 1199 661 1226 bono
690 1197 797 1234 repleri
825 1196 986 1232 possibilie.

207 1247 293 1275 Nulla
308 1249 350 1275 est
366 1247 443 1274 enim
460 1245 710 1274 commensuratio
731 1244 805 1272 finiti
828 1243 867 1271 ad
891 1243 988 1271 intini-

208 1295 298 1322 tum⁴.
321 1296 416 1328 Quare
438 1293 461 1320 si
482 1293 582 1321 anima
603 1294 645 1320 est
667 1291 827 1328 capacitate
853 1290 987 1325 infinita,

207 1341 305 1369 omnis
321 1344 419 1369 autem
434 1340 537 1368 mundi
550 1340 676 1376 pecunia
687 1341 728 1367 est
743 1339 839 1373 linita,
853 1338 988 1374 impossi-

207 1388 266 1416 bile
283 1391 324 1416 est
337 1390 368 1416 ut
381 1388 530 1424 repleatur
552 1395 586 1415 ex
610 1395 659 1421 ea;
682 1387 742 1415 imo
766 1386 789 1414 si
811 1385 989 1422 multiplica-

207 1438 287 1464 retur
301 1442 419 1472 semper
432 1434 571 1471 pecunia,
581 1434 679 1462 adhuc
695 1436 793 1461 tamen
813 1441 930 1468 semper
945 1440 998 1460 cs·-

207 1485 249 1511 set
259 1482 351 1518 tinita,
363 1490 480 1518 semper
489 1482 589 1510 anima
599 1482 764 1509 remaneret
777 1488 881 1508 vacua.
896 1479 988 1508 Etiam

207 1532 306 1566 posset
325 1529 396 1564 dici,
416 1529 500 1566 quod
528 1529 674 1565 appetitus
696 1528 826 1556 hominis
851 1535 880 1555 sc
899 1527 989 1555 habet

208 1577 246 1605 ad
263 1577 397 1610 divitias,
422 1577 496 1604 sicut
519 1576 688 1604 intestinum
712 1575 821 1603 ventris
844 1574 882 1602 ad
907 1574 986 1602 ciba-

207 1625 321 1652 riorum
341 1624 461 1652 delicias
480 1633 486 1651 :
504 1632 573 1651 nam
596 1622 765 1651 stomachus
788 1624 830 1650 cst
847 1622 912 1649 talis
936 1629 988 1649 na-

209 1673 297 1706 turae,
321 1671 405 1707 quod
428 1671 451 1698 si
468 1679 562 1706 pauca
584 1670 696 1706 recipit.
717 1678 746 1697 sc
763 1669 920 1705 restringit,
962 1671 989 1696 ct

208 1718 310 1754 paucis
325 1720 478 1746 contentus
493 1718 547 1752 sit3
565 1717 617 1745 sed
637 1719 748 1752 quanto
769 1716 855 1752 plura
877 1716 989 1744 cibaria

208 1765 324 1801 accipit,
340 1767 421 1792 tanto
437 1764 566 1800 amplius
580 1772 610 1791 se
625 1763 764 1798 extendit,
777 1766 804 1791 et
819 1763 856 1790 ad
873 1763 930 1791 alia
943 1771 988 1791 rc-

209 1812 346 1848 cipienda
361 1812 500 1848 capacior
519 1819 636 1847 semper
651 1812 691 1838 sit.
710 1810 789 1838 Unde
811 1813 838 1838 et
857 1811 896 1838 ad
917 1810 990 1838 litte-

208 1867 272 1887 ram
295 1859 442 1894 videmus,
463 1859 546 1895 quod
568 1859 662 1893 magis
685 1859 714 1886 in
731 1858 790 1885 suis
805 1858 907 1893 paucis
920 1866 988 1885 con-

209 1906 276 1934 tenti
290 1908 357 1933 sunt
372 1913 530 1942 paupereS‚
545 1914 636 1941 quam
652 1905 681 1932 in
697 1905 757 1932 suis
771 1905 870 1932 multis
883 1904 988 1932 dix-iles

208 1956 284 1982 sunt.
301 1953 381 1981 t'nde
397 1953 537 1981 Salomon
553 1953 712 1980 vanitatem
733 1952 903 1980 divitiarum
920 1953 990 1980 assi-

209 2003 279 2036 gnat
294 2001 422 2029 maxime
436 2009 453 2028 a
469 2000 589 2028 duobus
606 2009 611 2027 ;
629 2000 736 2036 primo,
763 2008 798 2027 ex
814 2003 896 2035 parte
920 2008 989 2036 pos-

209 2048 344 2081 sessoris;
361 2047 504 2081 secundo,
526 2055 560 2074 ex
576 2049 657 2083 parte
681 2047 816 2074 hwrcdis.
838 2049 875 2074 lte
891 2047 988 2083 primo

210 2095 289 2122 enim
314 2094 419 2122 dieitur
433 2095 463 2121 5;
483 2104 495 2120 ιι
510 2094 563 2121 Ubi
588 2093 686 2121 multa*
709 2096 777 2121 sunt
799 2102 881 2130 opos,
905 2094 988 2121 multi

209 2144 276 2170 sunt
292 2142 341 2178 qui
354 2141 514 2169 comedunt
528 2149 586 2169 cas.
602 2143 633 2169 Et
647 2141 719 2176 quid
736 2141 857 2176 prodest
873 2149 988 2176 posses-

210 2189 280 2223 sori,
296 2200 308 2215 »
329 2189 434 2224 inquit,
455 2188 531 2216 «nisi
547 2188 629 2224 quod
650 2188 741 2216 cernit
763 2188 880 2216 divitias
896 2188 989 2215 oculis

209 2237 269 2264 suis
281 2237 294 2263 ‘t
303 2246 314 2261 »
326 2237 366 2263 lta
377 2236 455 2263 enim
467 2244 519 2263 sua
531 2236 676 2263 frumenta
685 2234 843 2263 comeduut
856 2235 988 2269 comites,

209 2283 284 2311 sicut
302 2285 329 2311 et
344 2283 460 2316 milites,
476 2283 549 2310 sicut
572 2285 599 2310 ct
622 2282 791 2318 popularcs.
815 2284 889 2316 Ergo
915 2282 988 2317 quid

210 2331 287 2358 ultra
302 2338 464 2366 pauperem
485 2329 574 2357 habet
594 2329 686 2363 dives,
703 2329 756 2356 nisi
773 2329 855 2365 quod
872 2329 989 2356 ‹livitias

211 2378 305 2405 oculis
325 2378 385 2405 suis
408 2377 498 2410 videt,
524 2384 598 2412 quas
614 2376 707 2403 oculis
727 2376 786 2403 suis
810 2376 988 2404 manducare

213 2426 291 2453 videt
305 2425 343 2453 ab
360 2425 449 2452 aliis?
464 2425 580 2458 Quanto
603 2424 682 2450 enim
705 2423 814 2450 dix-iiim
833 2426 900 2450 sunt
920 2423 987 2459 plu-

210 2481 266 2506 res,
284 2475 363 2499 tanto
381 2471 485 2499 divites
508 2470 674 2498 necessario
694 2469 830 2505 pluribus
846 2472 989 2497 comesto-

210 2520 292 2546 ribus
307 2519 450 2554 indigent.
467 2518 548 2545 Etsic
563 2526 650 2545 suum
666 2525 865 2552 possessorem
881 2517 989 2544 faciunt

211 2566 304 2601 magis
320 2566 512 2601 indigentem,
536 2565 608 2594 dum
634 2564 672 2592 ad
698 2563 926 2591 custodiendum
942 2573 989 2591 su-

242 2651 335 2675 ¹1²snl.
358 2657 473 2681 xxxvm,
494 2652 517 2674 G.
534 2664 564 2668 —
586 2651 595 2666 ¹
617 2649 709 2679 Eccita,
734 2655 754 2679 ι,
782 2652 801 2673 i.
822 2663 852 2667 —
877 2650 886 2665 ³
903 2650 988 2680 Arist„

212 2687 347 2716 1’1·0blem.,
370 2689 432 2710 sect.
450 2693 491 2715 tx,
513 2694 538 2717 q.
562 2692 597 2710 tx.
618 2699 647 2703 --
669 2686 676 2699 ⁴
696 2685 743 2713 ld.‚
763 2684 792 2708 ‹Ie
811 2685 884 2714 Cat,
904 2686 946 2709 lib.
969 2687 988 2716 l,

210 2725 271 2748 text.
297 2725 325 2747 oi
350 2725 373 2747 ot
399 2724 443 2753 52,
469 2724 493 2745 ot.
517 2721 691 2752 1›111ssz·c.‚lit›.
718 2721 790 2749 tili,
815 2723 876 2744 text.
900 2723 935 2745 lsi.
958 2734 987 2739 —-

210 2760 219 2775 ⁵
235 2759 323 2789 Eccle„
342 2765 365 2789 v,
386 2757 746 2789 10.-=·ih1a.‚11,2‹;.-²
765 2756 838 2787 ibid„
859 2758 941 2781 18-19.
957 2771 986 2775 -

1045 347 1193 384 pellectile
1215 347 1360 385 tpluribus
1388 347 1526 384 indigere
1549 351 1672 375 necesse
1693 340 1741 373 est
1757 350 1827 379 eos,

1045 395 1099 432 qui
1108 395 1239 432 plurima
1247 394 1410 432 possident.
1424 396 1465 423 Ex
1475 393 1586 431 quibus
1597 392 1731 430 apparet,
1741 389 1828 427 quod

1045 442 1155 471 divitiae
1174 449 1236 470 non
1250 441 1361 470 faciunt
1379 441 1533 469 hominem
1551 439 1758 473 sufficientem,
1773 436 1825 465 sed

1044 488 1144 525 potius
1166 488 1362 525 indigentem.
1391 487 1529 518 Secunda
1555 486 1630 516 ratio
1659 479 1828 515 Salomonis

1045 535 1172 563 sumitur
1186 543 1222 563 ex
1237 537 1322 572 parte
1331 534 1474 563 haeredis:
1490 542 1561 562 nam
1576 533 1751 570 relinquunt
1763 530 1828 568 qui-

1046 582 1118 610 dam
1138 589 1208 610 suas
1233 582 1376 618 pecunias
1399 581 1462 610 viro
1487 581 1582 617 iusto,
1607 579 1734 617 quidam
1762 578 1827 607 viro

1044 628 1144 663 stulto,
1160 628 1285 665 quidam
1303 636 1375 657 vero
1396 629 1461 657 viro
1486 630 1637 656 extraneo.
1654 627 1723 655 Dico
1742 632 1827 662 ergo,

1047 675 1130 712 quod
1145 675 1254 712 aliquis
1269 677 1321 710 est,
1337 675 1389 712 qui
1404 677 1509 712 praeter
1531 673 1720 711 propositum
1741 671 1827 701 labo-

1045 730 1114 751 rans
1129 722 1159 750 in
1182 730 1306 757 vanum,
1329 722 1449 759 reliquit
1470 721 1554 759 quod
1572 721 1703 749 lucratus
1722 718 1826 754 tuerit,

1046 769 1109 798 viro
1121 770 1214 805 justo.
1229 770 1240 787 ⁶
1257 780 1271 795 u
1286 769 1433 798 Peccatori
1447 768 1530 797 dedit
1541 769 1615 797 Deus
1625 766 1827 801 affiictionem,

1046 819 1074 845 et
1096 825 1196 846 curam
1214 816 1406 854 superfluam.
1426 826 1440 843 n
1465 818 1498 845 Et
1515 815 1622 844 addit:
1642 825 1656 842 ιι
1674 816 1707 844 Et
1720 815 1754 843 ut
1776 821 1828 849 ag-

1047 866 1161 900 greget,
1177 866 1204 892 et
1218 863 1315 892 tradat
1329 864 1366 899 ei,
1383 864 1434 900 qui
1449 863 1560 900 placuit
1576 864 1645 890 Deo.
1656 861 1714 890 Sed
1726 861 1795 895 hoc,
1810 871 1824 887 n

1045 911 1151 948 inquit,
1171 921 1184 937 ιι
1198 911 1324 946 vanitas,
1349 913 1377 938 et
1391 918 1475 938 cassa
1489 909 1659 938 sollicitudo
1674 908 1790 938 mentis.
1809 919 1823 934 n

1047 959 1118 986 ltem
1139 966 1251 986 vanum
1273 960 1326 992 est,
1348 965 1384 986 eo
1407 957 1491 994 quod
1505 956 1648 994 relinquit
1661 954 1827 992 aliquando

1046 1005 1110 1034 viro
1133 1004 1232 1034 stulto.
1256 1005 1337 1033 Unde
1361 1005 1467 1033 iterum
1488 1005 1499 1022 ⁷
1519 1013 1526 1032 :
1550 1014 1564 1030 ιι
1580 1005 1740 1032 Detestatus
1761 1009 1828 1030 sum

1047 1060 1167 1080 omnem
1179 1052 1355 1080 industriam
1365 1060 1475 1086 meam,
1489 1059 1550 1088 qua
1564 1051 1620 1079 sub
1635 1050 1698 1079 sole
1713 1048 1828 1077 studio-

1045 1099 1159 1127 sissime
1174 1099 1321 1134 laboravi,
1344 1098 1501 1127 habiturus
1522 1097 1672 1126 haeredem
1687 1098 1756 1133 post
1768 1103 1828 1130 me,

1046 1154 1136 1182 quem
1149 1146 1266 1181 ignoro,
1284 1147 1384 1174 utrum
1394 1146 1525 1182 sapienS,
1538 1144 1586 1172 vel
1598 1143 1703 1172 stultus
1712 1142 1829 1171 futurus

1046 1193 1102 1221 sit:
1119 1195 1147 1221 et
1165 1192 1371 1221 dominabitur
1394 1193 1424 1220 in
1443 1191 1600 1220 laboribus
1619 1191 1703 1225 meis,
1718 1189 1829 1226 quibus

1047 1239 1204 1274 desudavi,
1221 1239 1401 1268 ctsollicitus
1416 1239 1468 1267 t’ui.
1486 1241 1516 1267 Et
1531 1241 1574 1267 est
1585 1237 1751 1275 quidquam
1768 1238 1828 1264 tam

1046 1288 1201 1315 vanum?»
1221 1289 1291 1315 item
1313 1295 1424 1315 vanum
1441 1288 1494 1321 est,
1509 1285 1592 1322 quod
1608 1285 1673 1313 viro
1687 1286 1828 1312 extraneo

1046 1334 1196 1371 relinquit.
1213 1334 1294 1362 Unde
1313 1334 1420 1363 dicitur
1434 1335 1444 1351 ⁸
1461 1344 1467 1362 ;
1487 1344 1500 1359 ιι
1517 1333 1565 1361 Vir
1579 1333 1626 1360 cui
1647 1332 1731 1360 dedit
1753 1333 1828 1360 Deus

1047 1383 1165 1412 divitias
1176 1405 1184 1417 ,
1204 1386 1231 1412 et
1246 1383 1439 1411 substantiam
1450 1405 1458 1418 ,
1480 1385 1508 1411 et
1523 1383 1667 1411 honorem
1680 1403 1688 1417 ‚
1713 1384 1741 1410 et
1755 1380 1829 1408 nihil

1047 1431 1128 1459 deest
1143 1432 1249 1459 enimse
1271 1432 1334 1467 ejus
1356 1440 1392 1460 ex
1407 1431 1558 1465 omnibus,
1582 1438 1648 1467 quae
1663 1429 1827 1462 desiderem

1047 1486 1101 1507 nec
1130 1479 1231 1507 tribuit
1254 1479 1280 1506 ei
1303 1481 1488 1515 potestatem.
1514 1480 1546 1505 ut
1563 1476 1702 1505 comedat
1715 1484 1751 1504 ex
1767 1483 1827 1503 eo:

1047 1526 1103 1553 Sed
1133 1526 1225 1554 homo
1261 1529 1418 1554 extraneus
1447 1525 1565 1553 vorabit
1593 1523 1677 1552 illud.
1715 1525 1748 1551 Et
1771 1522 1828 1550 hoc

1047 1573 1172 1607 vanitas,
1203 1574 1231 1600 ct
1260 1580 1369 1607 magna
1383 1572 1501 1600 miseria
1529 1573 1581 1599 est.
1611 1581 1625 1597 ι»
1644 1572 1675 1598 Et
1703 1569 1804 1598 addit⁹
1820 1578 1826 1596 :

1051 1632 1061 1643 u
1083 1621 1160 1647 Unus
1186 1622 1246 1654 est,
1262 1622 1289 1647 ct
1305 1622 1403 1647 tamen
1420 1627 1481 1647 non
1510 1618 1599 1646 hahet
1627 1617 1739 1651 tilium,
1768 1624 1828 1644 non

1048 1666 1182 1699 tratrem5
1208 1669 1235 1694 ct
1261 1669 1359 1694 tamen
1383 1666 1521 1694 laborare
1548 1673 1608 1693 uon
1635 1666 1746 1698 cessat,
1775 1671 1829 1691 nec

1048 1713 1189 1741 satiantur
1209 1713 1286 1741 oculi
1312 1714 1374 1748 ejus
1394 1713 1521 1747 divitiis,
1547 1720 1600 1740 nec
1624 1710 1766 1746 recogitat
1787 1709 1829 1737 di-

1047 1768 1140 1788 cens:
1169 1761 1219 1788 Cui
1245 1760 1367 1795 laboro,
1389 1763 1417 1788 et
1441 1760 1547 1788 fraudo
1573 1759 1705 1787 animam
1731 1765 1829 1785 meam

1048 1808 1134 1835 bonis
1146 1809 1160 1835 ‘t
1188 1809 1219 1835 Et
1246 1808 1303 1836 hoc
1334 1808 1448 1836 vanitas
1478 1810 1530 1840 est,
1560 1809 1587 1834 et
1615 1805 1736 1834 atllictio
1764 1812 1829 1841 pes-

1047 1855 1131 1882 sima.
1150 1866 1162 1881 n

1086 1902 1240 1937 Secundo,
1266 1903 1376 1930 divitia?
1399 1909 1460 1930 non
1478 1901 1576 1929 solum
1601 1903 1668 1928 sunt
1693 1908 1777 1928 vanae
1802 1902 1830 1928 et

1048 1953 1230 1985 inefficaces3
1252 1950 1409 1978 sedetiam
1425 1952 1493 1977 sunt
1515 1948 1629 1976 nocivae
1651 1950 1679 1976 et
1701 1947 1829 1981 inutileS,

1047 2003 1079 2029 ut
1094 1999 1210 2028 Boetius
1224 1998 1244 2015 ¹⁰
1260 2008 1266 2025 ;
1286 2010 1297 2021 ιι
1313 1997 1421 2025 nivitioe
1438 1996 1516 2023 enim
1535 1995 1756 2032 possessoribus
1770 1994 1830 2022 suis

1046 2056 1123 2084 strpe
1139 2047 1316 2079 nocuerunt,
1333 2052 1400 2071 cum
1417 2044 1521 2071 timore
1534 2044 1698 2076 servantur,
1716 2043 1744 2070 et
1760 2050 1828 2069 cum

1047 2095 1152 2122 dolorc
1167 2093 1341 2130 perduntur.
1359 2103 1371 2115 υ
1390 2092 1411 2119 Ο
1430 2092 1502 2126 quot
1516 2093 1593 2124 sunt,
1619 2089 1738 2125 quihus,
1757 2089 1829 2124 quia

1047 2142 1152 2169 divites
1162 2142 1237 2173 suut.
1250 2140 1401 2175 ponuntur
1415 2137 1538 2171 insidioe‚
1555 2136 1721 2172 capiuntur,
1734 2135 1829 2171 ligan-

1047 2191 1107 2222 tur,
1129 2186 1282 2215 tormentis
1303 2186 1507 2220 exponuntur,
1527 2182 1713 2217 occiduntur,
1737 2185 1768 2210 ut
1789 2181 1827 2210 ab

1047 2235 1088 2263 eis
1104 2234 1187 2271 quod
1198 2233 1301 2261 lucrati
1317 2234 1383 2260 sunt
1396 2231 1564 2259 auferatur?
1579 2229 1660 2257 Unde
1676 2228 1825 2257 dicitur'¹:

1051 2294 1063 2308 ιι
1075 2282 1127 2316 Qui
1143 2283 1222 2309 amat
1233 2280 1361 2313 divitias,
1374 2279 1499 2306 fructum
1513 2285 1574 2305 non
1586 2277 1681 2313 capiet
1695 2285 1730 2304 ex
1741 2276 1783 2304 eis
1795 2286 1802 2303 :
1812 2286 1825 2301 ι)

1047 2332 1077 2357 Et
1088 2329 1108 2345 ¹²
1121 2338 1127 2356 :
1142 2340 1154 2354 ιι
1168 2327 1307 2356 Saturitas
1319 2326 1416 2353 divitis
1427 2333 1488 2352 non
1502 2325 1569 2352 sinit
1580 2332 1648 2352 eum
1659 2323 1799 2351 dormire.
1812 2333 1826 2349 u

1048 2378 1079 2404 Et
1093 2375 1177 2403 addit
1193 2375 1212 2391 ¹³
1229 2383 1260 2402 z«
1279 2375 1326 2401 Est
1342 2377 1369 2401 et
1382 2372 1441 2400 alia
1456 2372 1611 2399 infirmitas
1629 2370 1757 2407 pessima
1772 2369 1827 2397 sui>

1047 2422 1108 2451 sole
1123 2432 1128 2450 :
1147 2421 1255 2449 divitiae
1270 2421 1450 2448 conservat-e
1466 2419 1495 2446 in
1510 2418 1622 2446 malum
1637 2416 1752 2445 domini
1765 2416 1825 2450 sui;

1047 2471 1171 2506 pereunt
1186 2469 1265 2496 enim
1282 2468 1310 2495 iu
1327 2467 1484 2495 afflictione
1500 2465 1629 2502 pessima
1646 2473 1652 2491 z
1669 2463 1764 2491 tilium
1779 2471 1828 2497 ge-

1047 2516 1172 2550 neravit,
1188 2515 1285 2552 quiin
1299 2522 1415 2541 summa
1437 2513 1565 2548 egestate
1588 2511 1652 2545 erit,
1674 2520 1687 2536 »
1708 2512 1762 2537 etc.
1787 2511 1827 2537 Ex

1047 2565 1151 2592 ctl'cctu
1168 2564 1241 2599 ejus,
1253 2563 1303 2599 qui
1320 2562 1437 2590 divitias
1448 2559 1648 2595 consequitur,
1662 2557 1828 2594 probantur

1048 2611 1157 2639 divitiae
1174 2618 1235 2638 essc
1252 2609 1381 2643 inutiles,
1403 2610 1431 2635 et
1445 2607 1567 2635 nocivae.
1592 2607 1664 2633 Nam
1685 2604 1768 2640 quod
1784 2604 1827 2631 vi—

1048 2687 1058 2702 *
1074 2685 1148 2716 ibid„
1165 2691 1199 2715 vi,
1216 2686 1238 2708 2.
1255 2698 1279 2701 —
1297 2686 1306 2699 ³
1324 2683 1399 2713 ibid„
1416 2688 1451 2712 iv,
1466 2683 1489 2705 s.
1505 2694 1535 2698 —
1552 2681 1572 2697 ¹⁰
1588 2681 1669 2710 noer,
1684 2679 1713 2703 de
1729 2678 1826 2704 Consol.

1047 2721 1150 2753 philon,
1167 2720 1210 2744 lili.
1231 2721 1260 2751 ll,
1276 2727 1345 2751 pros.
1361 2721 1383 2744 5.
1399 2731 1430 2736 —
1445 2718 1463 2734 ¹¹
1480 2716 1570 2747 Eccle„
1586 2722 1611 2747 V,
1630 2716 1654 2740 9.
1669 2728 1699 2733 —
1716 2716 1736 2731 ¹¹
1754 2715 1826 2745 thid„

1050 2760 1086 2782 it.
1105 2771 1134 2775 —
1149 2757 1169 2774 ¹³
1186 2756 1259 2787 ibid„
1273 2757 1356 2780 12-13.
