2060 3052
237 262 278 293 ιο
599 241 831 298 ‘sanniones
851 257 903 290 nn
923 234 1087 290 saneris
1106 255 1150 290 m
1171 255 1367 290 connum.
1388 255 1470 290 xiv.

235 329 320 357 130⁸·oe
331 328 342 345 ¹
351 336 363 357 .·
371 337 387 355 ιι
400 328 463 358 aris
475 335 589 358 corona
597 326 739 365 gloriaeiii
753 333 848 355 mann
860 324 988 354 Domini.
998 334 1014 352 ι

235 375 308 405 Ideo
321 375 393 404 dicit
405 375 438 404 in
449 383 544 404 manu
558 374 687 410 Domini,
701 373 776 411 quia
788 372 882 402 solius
896 372 948 401 Dei
961 372 1018 402 bo-

236 422 314 451 nitas
329 424 383 458 eet,
403 423 437 451 nt
455 422 546 451 nullis
570 420 808 459 praecedentibns
828 419 953 456 meritis,
977 420 1018 448 ad

236 471 348 499 tantam
361 477 506 498 coronam
524 469 618 498 homo
634 468 746 507 electus
762 467 808 496 sit.
829 468 852 497 0
871 468 1018 504 quantum

236 518 374 546 tenentur
395 518 488 545 Deum
509 515 644 551 laudare,
666 513 761 544 Deum
781 522 898 550 amare,
924 515 1018 543 Deum

236 563 411 601 praedicare,
431 562 484 600 qui
507 562 548 591 ad
569 562 629 591 hoc
651 562 752 591 vocati
771 563 851 597 sunt,
871 563 905 590 ut
923 563 1017 590 Deum

237 612 411 647 agnoscant,
425 612 460 638 ut
472 609 624 638 christiani
636 608 720 645 fiant,
736 611 765 638 et
781 617 852 638 cum
865 608 1019 638 Saracenis

238 660 267 687 et
279 658 346 687 aliis
358 657 461 686 multis
480 657 512 686 in
531 665 632 686 errore
650 665 714 686 non
735 659 940 694 permaneant.
960 657 1020 686 Sed

237 714 283 734 vae
304 704 425 740 talibus,
448 704 474 732 si
497 706 588 733 neum
612 706 807 740 cognoscunt,
829 704 883 733 sed
903 712 966 733 non
989 706 1020 733 ut

237 753 331 780 Deum
353 752 514 780 honorant.
540 753 578 780 De
604 751 715 780 talibus
737 751 846 780 dicitur
865 752 904 779 ad
922 753 1020 779 Roma-

237 807 286 827 nos
304 800 316 816 ²
339 808 348 827 τ
372 809 387 825 ιι
406 800 480 827 Cum
497 799 706 835 cognovissent
728 800 837 834 Deum,
859 806 923 827 non
945 798 1020 827 sicut

238 847 332 875 Deum
349 845 608 882 glorificaverunt,
628 847 657 874 et
677 846 787 882 gratias
807 847 946 882 egerun13
966 845 1020 874 sed

239 895 424 922 evanuerunt
436 893 468 922 in
482 893 711 930 cogitationibus
731 893 803 928 suis,
824 895 853 921 et
875 893 1019 922 obscura-

238 943 302 969 tum
315 942 359 968 est
371 940 514 977 insipiens
527 948 577 969 cor
597 947 703 968 eorum
720 949 727 967 :
749 939 879 968 dicentes
893 939 974 968 enim
989 947 1020 968 se

238 988 387 1025 sapientes
405 996 479 1022 esse,
497 987 578 1016 stulti
599 987 667 1016 facti
685 990 762 1016 sunt.
786 998 800 1014 n
823 989 857 1016 Et
872 989 1021 1016 Ecclesias-

240 1038 279 1064 tes
289 1037 316 1063 ³:
328 1046 343 1062 ιι
352 1035 406 1070 Qui
421 1035 506 1063 addit
518 1035 682 1071 scientiam,
693 1034 778 1063 addit
787 1034 926 1063 dolorem
936 1034 974 1071 (a)
987 1044 1017 1063 :n

240 1082 312 1119 quia
326 1085 438 1119 quanto
452 1081 541 1119 plura
553 1082 675 1117 scimus,
696 1083 786 1110 Deum
807 1081 915 1110 melius
930 1089 1022 1110 nove-

239 1129 344 1164 rimus,
359 1131 387 1157 et
399 1131 480 1158 tanto
501 1130 536 1165 (b)
553 1129 649 1165 magis
669 1129 695 1157 ei
714 1129 838 1164 obligati
856 1137 974 1162 sumus;
993 1131 1022 1157 et

241 1184 302 1205 non
315 1176 475 1205 servientes
490 1176 528 1211 ei,
544 1176 640 1212 magis
651 1175 796 1212 puniendi
810 1184 922 1204 sumus.
939 1175 1021 1204 Unde

240 1231 303 1251 non
335 1223 494 1251 servientes
527 1215 600 1251 Deo*
619 1222 774 1251 Christiani
788 1244 795 1256 ,
828 1222 896 1259 plus
929 1231 1022 1260 quam

240 1270 378 1299 Saraceni
418 1272 446 1298 et
482 1269 591 1305 pagani
606 1291 615 1304 ,
649 1269 793 1306 puniendi
829 1272 906 1298 sunt.
941 1270 1022 1298 Unde

240 1317 412 1354 exemplum
424 1317 462 1345 de
478 1317 565 1345 beato
575 1317 700 1345 Maeni-io
712 1317 840 1352 legimus
856 1318 875 1349 ⁴,
891 1317 941 1353 qui
954 1325 1022 1345 cum

241 1364 271 1392 in
297 1364 412 1392 deserto
439 1366 529 1401 caput
555 1364 664 1392 mortui
685 1364 862 1398 invenisset,
888 1364 1023 1400 quaesivit

241 1411 308 1447 quis
321 1411 422 1439 fuisset
435 1420 442 1438 ε
459 1411 506 1439 cui
520 1411 698 1439 miraculose
713 1411 867 1448 respondit
884 1421 891 1439 :
905 1422 919 1437 ιι
933 1413 1023 1447 Paga-

241 1466 298 1486 nus
312 1457 365 1492 t'ui,
380 1457 532 1486 idolorum
554 1458 704 1486 sacerdos
722 1470 734 1482 n
753 1460 887 1494 Cumque
909 1467 1023 1495 quoere-

241 1507 296 1540 ret,
311 1504 363 1532 ubi
374 1507 448 1533 esset
454 1514 462 1539 ;
479 1505 520 1532 ait
533 1514 539 1532 :
560 1516 573 1529 ιι
587 1507 618 1533 ln
633 1505 758 1534 inferno.
771 1516 784 1530 ιι
799 1507 932 1542 Cumque
944 1514 1024 1542 qute-

242 1554 317 1580 reret
332 1561 339 1579 ε
359 1562 372 1577 ιι
387 1552 458 1580 Sunt
473 1552 564 1588 aliqui
582 1552 622 1580 ibi
638 1554 665 1580 te
681 1553 910 1588 profundiores?
924 1564 936 1578 ιι
955 1554 999 1581 Ait
1015 1563 1021 1580 ι

246 1610 258 1623 ιι
273 1598 334 1626 Sub
349 1598 437 1626 nobis
456 1598 556 1626 adhuc
577 1602 643 1627 sunt
666 1599 769 1633 sudaei,
791 1602 818 1628 et
840 1600 896 1628 sub
916 1600 1023 1628 Judaeis

242 1645 394 1673 Christiani
409 1645 490 1678 mali,
504 1646 555 1682 qui
571 1654 639 1673 cum
657 1647 747 1674 Deum
764 1647 984 1681 cognovissent,
997 1647 1023 1674 ei

243 1694 342 1720 tamen
357 1692 466 1720 servire
483 1692 650 1720 noluerunt.
674 1703 687 1718 ι)
706 1694 761 1720 Nec
781 1696 822 1721 est
837 1693 893 1721 hoc
913 1694 1023 1721 miran-

243 1738 331 1773 dum;
348 1739 420 1775 quia
437 1747 653 1775 supponamuS,
671 1740 765 1774 gratia
780 1740 918 1776 exempli,
940 1741 1023 1777 quod

243 1785 335 1821 aliqui
351 1785 412 1813 duo
427 1786 484 1813 sint
499 1786 586 1814 unius
605 1786 719 1814 domini
735 1787 827 1821 servi,
852 1787 904 1814 sed
920 1788 946 1815 ei
962 1795 1023 1815 non

243 1832 384 1867 serviant3
409 1835 508 1860 tamen
531 1841 608 1860 unus
629 1841 734 1861 eorum
756 1833 912 1862 dominum
936 1843 1024 1862 suum

243 1887 312 1907 eum
327 1887 389 1907 esse
415 1880 498 1914 sciat,
522 1879 595 1908 alter
619 1888 690 1908 vero
711 1880 832 1908 nesciat.
859 1881 1024 1917 Requisitus

243 1934 314 1962 ergo
332 1926 444 1962 primus
465 1935 483 1954 a
498 1926 633 1960 domino,
656 1935 748 1963 quare
773 1928 799 1955 ei
821 1936 882 1956 non
905 1929 1024 1963 serviat,

244 1973 313 2001 dicit
329 1983 335 2000 :
353 1984 367 1998 ιι
383 1974 447 2001 Scio
464 1977 489 2001 tc
505 1982 566 2001 esse
583 1974 739 2002 dominum
757 1983 869 2009 meum,
882 1976 936 2003 sed
952 1976 1023 2004 nolo

245 2020 296 2047 tibi
312 2020 444 2054 subesse,
459 2028 512 2048 nec
529 2021 597 2048 volo
614 2021 666 2048 tibi
689 2023 807 2050 servire.
830 2034 842 2046 n
859 2023 936 2051 Alter
953 2032 1023 2052 vero

245 2067 414 2102 requisitus,
431 2075 522 2103 quare
538 2075 599 2095 non
623 2068 741 2102 serviat,
757 2069 796 2096 ait
813 2079 819 2096 :
839 2081 852 2094 ιι
868 2070 895 2097 Si
918 2074 944 2098 te
969 2071 1024 2098 do-

246 2114 358 2141 minum
374 2122 474 2141 meum
490 2122 550 2141 csse
566 2115 733 2150 crederem,
749 2116 850 2152 utique
867 2118 918 2145 tibi
934 2118 1025 2145 servi-

245 2168 324 2190 rem:
341 2160 393 2188 sed
410 2160 477 2188 ideo
494 2161 545 2188 tibi
565 2169 625 2189 non
641 2163 749 2196 servio,
764 2163 835 2198 quia
850 2163 923 2192 illud
939 2165 1024 2200 igno-

245 2215 289 2235 ro.
305 2218 318 2231 n
337 2208 405 2241 Quis
427 2208 548 2235 istorum
569 2209 664 2244 magis
685 2210 828 2237 offendit?
848 2213 950 2239 Nonne
965 2212 1025 2248 pri-

246 2262 322 2288 mus,
343 2254 394 2290 qui
418 2255 580 2289 cognoscit,
603 2258 630 2282 et
653 2257 832 2284 contemnit?
858 2259 943 2293 Ergo,
968 2259 1024 2286 fra-

246 2303 314 2335 tres,
335 2308 396 2328 non
418 2301 509 2328 simus
530 2302 636 2336 ingrati
656 2304 725 2335 Deo,
741 2304 778 2330 ad
802 2304 858 2332 hoc
883 2305 977 2340 electi,
995 2308 1026 2334 ut

246 2347 338 2375 simus
358 2347 506 2375 christiani
525 2357 531 2375 τ
553 2349 635 2384 quod
657 2351 821 2378 maximum
844 2351 957 2380 donum
973 2356 1024 2381 est.

283 2394 436 2428 Secundo,
466 2396 540 2422 Deus
573 2397 725 2424 coronavit
758 2397 836 2425 hunc
870 2401 1025 2435 martyrem

247 2444 395 2476 sanctum,
413 2442 510 2478 ipsum
530 2443 724 2477 personaliter
748 2445 933 2473 redimendo.
954 2449 1024 2474 Nam

249 2496 389 2515 corouaa
414 2490 472 2516 Deo
487 2489 573 2516 nobis
595 2492 708 2524 parata,
732 2494 792 2518 crat
814 2494 942 2527 peccatis
964 2495 1025 2521 exi—

282 2586 286 2599 ¹
308 2584 347 2608 lea
361 2603 367 2614 ,
384 2591 451 2615 ini,
472 2588 493 2609 3.
510 2600 540 2603 —
562 2587 569 2600 ²
586 2586 663 2616 Rom„
685 2593 707 2617 i,
730 2589 810 2612 21-22.
826 2602 855 2606 —
873 2590 878 2594 “
896 2591 987 2620 fecte..
1004 2599 1025 2622 1,

254 2621 288 2642 lS.
306 2632 334 2637 —-
357 2622 365 2634 ⁵
387 2630 398 2641 ιι
416 2621 450 2644 Ex
468 2622 549 2645 Ctiml.
565 2623 658 2650 Sanni..
674 2623 716 2646 lib.
740 2625 773 2651 ΙΙ,
792 2632 815 2647 c.
833 2631 910 2655 xxxi,
927 2634 978 2650 ιιυιι
995 2628 1025 2651 de

252 2655 360 2679 Maeni-io
383 2656 512 2686 ,Eu-vium,
531 2658 574 2679 sed
596 2658 775 2688 Alexan-trino,
795 2668 806 2680 ιι
824 2660 893 2684 aiunt
911 2662 1025 2686 Editores

252 2691 366 2714 numani,
386 2705 417 2709 .-
439 2693 445 2705 ⁸
470 2692 564 2715 Tin-unt,
588 2699 610 2720 ι,
637 2694 672 2716 tu.
696 2707 724 2710 —
743 2695 752 2709 ὃ
771 2696 832 2717 ]ο«ιη
847 2714 852 2720 ,
877 2702 935 2724 xix,
957 2700 978 2721 ἵι,
996 2712 1025 2715 -

251 2726 260 2742 ‘¹
277 2727 360 2757 Cant,
381 2734 425 2758 ιιι,
448 2729 483 2752 11.
507 2741 534 2745 —
556 2728 566 2744 ⁵
584 2729 704 2753 bernard.
728 2743 756 2749 —
780 2732 786 2740 ²
812 2731 973 2763 merom-m„
994 2735 1027 2757 ud

1071 324 1211 361 gentibus
1221 323 1350 362 perdita,
1363 323 1455 355 nullis
1467 331 1604 361 unquam
1617 322 1855 354 mundantem-

1070 371 1134 400 ritis
1153 371 1334 410 reparanda.
1357 371 1441 402 Unde
1461 370 1603 409 plorabat
1629 369 1855 401 Hieremiae&-

1072 427 1142 448 eens
1157 419 1198 448 ⁸:
1227 428 1242 446 ιι
1262 418 1375 448 Cecidit
1399 426 1514 448 corona
1535 417 1641 456 eapitis
1660 417 1756 447 noea-i
1778 427 1788 447 ι
1808 425 1856 448 vn

1071 467 1176 502 nobis,
1190 466 1263 504 qnia
1275 465 1508 503 peccavimus.»
1525 465 1602 501 Quia
1621 473 1694 502 ergo
1713 464 1856 503 perdide-

1071 521 1185 549 ramus,
1196 521 1252 542 nec
1265 513 1374 542 nostris
1392 512 1536 550 operibns
1548 512 1716 542 reinvenire
1735 515 1856 550 potera-

1072 569 1158 596 mus,
1177 560 1260 589 venit
1283 559 1419 590 Salvator
1439 561 1469 588 et
1486 559 1707 593 ardentissima
1713 559 1856 612 charitate
1927 591 1930 593 ,

1073 615 1219 636 coronam
1231 607 1382 644 reparavit
1394 606 1524 644 lapsam,
1536 606 1612 635 dum
1625 613 1683 644 pro
1841 621 1857 629 -·
1875 614 1935 652 ⁴·

1072 662 1162 683 neam
1175 661 1321 683 coronam
1340 653 1479 691 portavit.
1497 663 1512 681 ιι
1527 653 1602 682 Exiit
1621 652 1703 682 enim

1073 708 1218 730 coronam
1236 703 1369 738 portans,
1387 711 1403 728 ιι
1427 700 1503 730 sicut
1523 700 1632 730 dicitur
1653 701 1674 729 ⁸.
1697 702 1720 730 0
1743 707 1857 730 corona

1073 747 1246 777 veneranda
1261 750 1268 776 !
1308 756 1327 777 ο
1360 755 1473 777 corona
1501 747 1569 776 totis
1605 747 1762 777 affectibus
1791 755 1857 777 am-

1073 795 1238 832 plexanda,
1260 803 1322 832 qua
1338 797 1440 824 nostra
1463 802 1576 824 corona
1596 794 1725 832 perdita,
1747 796 1792 824 est
1808 802 1857 824 re-

1072 844 1171 880 perta!
1187 842 1269 871 Unde
1284 842 1324 871 ad
1341 842 1420 871 hanc
1433 841 1680 879 lacrymabilibus
1693 841 1790 870 oculis
1810 841 1858 870 in-

1073 889 1227 925 tuendam,
1243 889 1404 918 invitamur
1416 889 1446 918 in
1463 889 1585 918 eunucis
1598 889 1610 906 '¹
1626 897 1634 918 ε
1651 898 1667 916 ιι
1681 888 1774 924 Exite,
1787 887 1858 918 filim
1947 884 1995 930 ’ξι

1075 935 1268 970 Hierusalem,
1279 938 1308 964 et
1320 935 1418 964 videte
1432 943 1536 972 regem
1549 935 1742 964 Salomonem
1751 935 1783 964 in
1795 935 1860 964 dia-

1075 983 1204 1018 demate,
1219 990 1281 1020 quo
1297 982 1453 1011 coronavit
1467 990 1538 1012 eum
1558 984 1654 1011 mater
1668 990 1733 1011 sua.
1757 992 1772 1010 i·
1787 982 1859 1017 Quis

1074 1030 1129 1058 fuit
1142 1030 1196 1058 iste
1209 1029 1362 1064 Salomon,
1383 1031 1446 1059 Rex
1465 1029 1618 1066 pacificus,
1635 1029 1694 1058 nisi
1707 1029 1859 1059 Christus?

1077 1078 1147 1112 Quae
1163 1079 1206 1106 est
1228 1077 1291 1105 boec
1311 1079 1406 1106 mater
1426 1084 1491 1112 sua,
1506 1076 1564 1105 nisi
1586 1077 1765 1113 synagoga?
1785 1078 1860 1106 Nam

1076 1133 1113 1153 ex
1127 1124 1234 1153 Judaeis
1255 1124 1420 1153 secundnm
1439 1131 1559 1154 earnem
1573 1126 1626 1152 δί.
1644 1124 1709 1152 Haec
1723 1131 1795 1160 ergo
1810 1131 1860 1153 co-

1076 1171 1196 1200 ronavit
1209 1179 1290 1206 eum,
1305 1171 1379 1200 dum
1393 1179 1538 1200 coronam
1552 1171 1688 1208 spineam
1701 1171 1746 1199 illi
1759 1171 1860 1208 impo-

1077 1219 1143 1246 suit.
1160 1218 1319 1247 Videmus
1334 1226 1407 1255 ergo
1425 1218 1506 1247 hunc
1527 1220 1638 1254 Regem
1657 1217 1749 1255 spinis
1772 1225 1861 1247 coro-

1078 1268 1196 1300 natum,
1221 1268 1249 1294 et
1271 1265 1364 1302 ipsius
1385 1265 1424 1293 ad
1446 1273 1502 1294 nos
1525 1265 1750 1294 consideremus
1773 1264 1861 1294 affee-

1077 1314 1152 1340 tum.
1174 1312 1244 1346 Quis
1265 1312 1345 1340 enim
1365 1314 1426 1340 tam
1451 1312 1559 1347 durus,
1581 1314 1614 1340 ut
1635 1312 1660 1340 si
1680 1311 1782 1340 videat
1804 1314 1860 1341 Re-

1078 1360 1266 1396 demptorem
1281 1368 1369 1388 suum
1383 1362 1443 1388 tam
1457 1360 1557 1397 pium,
1578 1367 1641 1388 non
1662 1359 1788 1396 diligat?
1802 1360 1861 1389 Sed

1077 1409 1200 1445 plorans
1215 1407 1381 1436 Bernardus
1390 1407 1401 1424 ⁸
1413 1407 1502 1435 dicit:
1517 1417 1531 1433 ιι
1545 1408 1568 1436 0
1583 1407 1663 1441 duri,
1677 1409 1706 1436 et
1719 1407 1862 1436 insensati

1078 1455 1131 1484 filii
1153 1455 1233 1489 Adae,
1257 1462 1334 1491 quos
1358 1461 1421 1482 non
1443 1453 1556 1482 emollit
1574 1455 1656 1482 tanta
1675 1453 1860 1490 benignitas,

1079 1506 1200 1540 tamque
1214 1503 1318 1538 ingens
1332 1502 1454 1530 flamma
1468 1501 1594 1529 amoris!
1612 1511 1626 1527 i·

1115 1550 1209 1579 Tertio
1232 1549 1387 1578 coronavit
1417 1549 1558 1576 Dominus
1583 1548 1663 1576 hunc
1684 1549 1859 1585 Martyrem,

1079 1598 1176 1633 ipsum
1193 1597 1223 1624 in
1238 1595 1448 1624 tentationibus
1464 1597 1492 1622 et
1512 1595 1652 1631 periculis
1672 1594 1858 1630 adjuvando.

1081 1646 1152 1672 Nam
1172 1646 1289 1671 sanctus
1313 1643 1508 1678 {lieronymus
1525 1642 1596 1670 dicit
1617 1642 1627 1659 ⁹
1645 1651 1652 1670 :
1679 1653 1692 1668 ιι
1713 1643 1744 1670 ln
1764 1642 1860 1672 stadio

1080 1699 1192 1726 sumus,
1210 1691 1349 1719 continue
1360 1697 1542 1727 pugnamus.
1559 1700 1573 1716 ι)
1591 1689 1773 1718 Adversariis
1783 1692 1861 1719 totus

1080 1739 1211 1767 mundus
1223 1739 1329 1774 plenus
1349 1740 1401 1771 cst,
1417 1739 1444 1765 et
1463 1745 1518 1765 nos
1539 1736 1654 1765 debiles
1673 1745 1789 1772 sumus;
1805 1745 1861 1766 nec

1080 1789 1196 1820 tamen,
1222 1785 1276 1813 nisi
1299 1793 1367 1813 cum
1390 1784 1524 1819 victoria,
1546 1783 1683 1812 coronari
1703 1783 1859 1812 dehemus.

1080 1833 1162 1861 Unde
1177 1831 1335 1869 Apostolus
1349 1832 1369 1848 ¹⁰
1386 1841 1392 1859 :
1409 1842 1423 1856 ιι
1439 1831 1502 1859 Νοιι
1517 1830 1720 1865 coronabitur,
1736 1830 1793 1858 nisi
1807 1831 1860 1868 qui

1081 1880 1208 1915 legitime
1220 1878 1383 1907 certaverit.
1395 1889 1407 1903 ο
1420 1879 1452 1906 Et
1461 1880 1503 1906 est
1512 1877 1644 1913 legitime
1652 1879 1775 1912 certare,
1784 1877 1861 1906 hosti

1081 1935 1142 1955 non
1158 1927 1277 1961 cedere;
1294 1927 1409 1954 bellum
1426 1933 1488 1954 non
1508 1928 1622 1954 tantum
1643 1925 1784 1962 incipere,
1799 1933 1861 1954 non

1081 1977 1197 2002 tantuin
1220 1974 1368 2008 mediare,
1392 1973 1445 2001 sed
1468 1973 1590 2009 plenam
1610 1972 1766 2000 victoriam
1786 1972 1862 2001 obti-

1081 2030 1161 2050 nere.
1176 2021 1257 2049 Unde
1267 2022 1297 2048 in
1313 2021 1477 2056 Apocalypsi
1491 2020 1509 2035 ¹¹
1526 2019 1634 2047 dicitur
1649 2020 1766 2047 :a‘rene
1777 2019 1860 2055 quod

1081 2069 1184 2103 habes,
1199 2076 1235 2096 ne
1252 2068 1327 2096 alius
1341 2067 1463 2103 accipiat
1485 2073 1628 2094 coronam
1643 2068 1735 2093 tuam.
1748 2076 1763 2092 i>
1782 2065 1860 2099 Quid

1081 2116 1273 2144 faciendum?
1295 2114 1396 2150 [tique
1418 2113 1457 2141 ad
1479 2114 1569 2141 Deum
1592 2113 1622 2148 (c)
1646 2115 1687 2140 est
1708 2120 1860 2141 recurren-

1083 2163 1167 2197 dum,
1182 2162 1220 2190 ab
1244 2169 1350 2198 eoque,
1373 2162 1475 2189 contra
1494 2159 1610 2188 hostem
1630 2161 1690 2187 tam
1713 2159 1860 2195 validum,

1083 2213 1124 2238 est
1139 2209 1283 2238 auxilium
1298 2207 1521 2245 postulandum.
1539 2208 1601 2243 lpse
1617 2206 1712 2241 enim,
1727 2206 1784 2234 nisi
1805 2214 1861 2235 nos

1079 2259 1184 2293 juvare
1201 2255 1335 2284 vellctad
1349 2254 1555 2291 pugnandum,
1568 2256 1595 2282 et
1608 2253 1638 2281 in
1653 2253 1734 2282 bello
1749 2254 1861 2282 sortiter

1082 2303 1311 2340 persistendum,
1327 2310 1381 2330 nos
1396 2309 1458 2329 non
1472 2301 1618 2335 invitaret,
1635 2308 1688 2329 nec
1705 2301 1861 2337 praemium

1083 2350 1236 2387 pugnandi
1256 2349 1448 2385 promitteret.
1471 2347 1524 2376 Sed
1546 2347 1617 2375 audi
1642 2347 1715 2383 quid
1730 2347 1800 2375 dicit
1816 2347 1836 2364 ¹²
1853 2356 1859 2375 :

1087 2410 1099 2425 ιι
1110 2400 1176 2427 Esto
1191 2397 1288 2425 fidelis
1304 2404 1397 2432 usque
1408 2395 1447 2423 ad
1458 2397 1595 2429 mortem,
1612 2396 1640 2422 et
1652 2393 1733 2422 dabo
1748 2394 1801 2421 tibi
1813 2402 1862 2422 co-

1082 2453 1188 2474 ronam
1203 2444 1278 2471 vilae.
1304 2456 1316 2466 ι»
1334 2444 1449 2471 Corona
1465 2441 1595 2469 victoriis
1614 2440 1751 2468 maximis
1762 2440 1859 2469 datur.

1087 2506 1099 2518 ιι
1115 2493 1142 2521 Si
1158 2491 1291 2525 delectat,
1314 2502 1325 2512 -ι
1345 2488 1508 2517 secundum
1528 2487 1700 2523 Gregorium
1720 2487 1752 2521 ¹³,
1772 2497 1784 2512 ιι
1800 2495 1861 2515 ma-

1937 646 1996 680 ,Ἢ

1934 771 1989 821 ’ῑῧ
1935 678 1984 718 ,e

1085 2579 1250 2609 Dmnefrind„
1266 2578 1339 2609 epist.
1360 2582 1422 2606 viu,
1438 2576 1506 2600 circa
1521 2575 1589 2599 med.
1607 2587 1638 2592 -
1660 2574 1678 2588 '¹⁴
1694 2574 1713 2597 ΙΙ
1735 2573 1807 2603 Tim„
1828 2580 1861 2605 u,

1083 2609 1862 2645 5.-=¹.4102-..111,ii.-=¹Apoc.‚u,to.-·³Greg.,

1084 2661 1108 2676 m
1128 2653 1194 2676 Εινιιι
1182 2659 1232 2680 ιι«7.,
1248 2651 1434 2675 lioni.xxxi1.i
1450 2654 1474 2671 n.
1493 2648 1512 2670 1.

1115 2701 1139 2727 (a
1126 2701 1148 2722 a)
1168 2696 1239 2726 tuly.
1256 2695 1379 2718 laborem.
1397 2705 1425 2710 —
1445 2690 1481 2721 (b)
1497 2690 1552 2720 ιερ-
1569 2692 1594 2713 et
1610 2690 1691 2714 Deum
1706 2690 1797 2714 melius
1816 2696 1861 2714 no-

1084 2734 1180 2763 vimuS,
1196 2734 1276 2756 tanto.
1291 2743 1321 2748 —
1336 2736 1366 2760 (c)
1382 2727 1443 2752 Coet.
1459 2726 1519 2751 edit.
1535 2732 1603 2750 eum.
