2029 3052
467 221 718 254 PSALTERIUM
741 221 867 254 MAJUS
889 222 1034 255 BEATAE
1057 223 1196 256 MARIAE
1217 223 1403 257 VlRGlNlS.

128 289 208 317 tem:
233 290 261 317 et
282 288 372 318 fecisti
398 298 466 318 cum
487 297 573 318 servo
596 291 646 318 tuo
668 289 906 318 misericordiam

128 336 225 364 tuam.-

163 383 236 417 Quia
247 391 304 420 ego
320 384 436 421 speravi
451 384 482 413 in
494 383 698 412 misericordia
712 384 762 412 tua
774 392 781 412 ε
798 383 906 420 sempi-

127 433 243 460 ternum
260 440 278 460 a
292 440 339 461 me
353 432 550 469 opprobrium
565 431 722 460 abstulisti.

163 480 328 509 Deriserunt
351 488 398 508 me
419 480 531 508 inimici
546 480 605 508 mei
623 480 780 517 undique:
801 481 832 508 tu
853 488 905 508 au-

126 528 185 555 tem
199 527 255 556 sub
270 527 378 556 umbra
387 536 498 564 ‘manus
511 530 566 556 tuae
576 527 725 556 contulisti
735 527 810 556 mihi
823 527 907 555 refri-

125 574 240 609 gerium
253 574 379 603 bonum.

161 621 291 649 Adorent
305 623 331 650 te
345 622 462 651 familiae
477 622 608 658 gentium
626 632 634 650 :
651 624 678 651 et
696 622 862 658 glorificent
877 623 905 650 te

126 676 230 696 omnes
245 669 365 697 ordines
379 669 565 705 angelorum.
583 669 681 698 Gloria
695 669 782 705 Patri,
799 671 853 697 etc.

424 754 552 781 Psnmus
567 753 611 780 22.

160 812 300 841 Dominus
315 813 390 849 regit
411 821 468 849 me,
484 813 573 849 Virgo
595 814 644 842 Dei
666 813 793 849 genitrix
810 823 816 841 :
834 814 906 850 quia

125 859 154 888 tu
161 859 198 896 (a)
208 859 369 888 amabilem
379 860 494 888 vultum
504 861 566 896 ejus
573 861 609 897 (b)
619 860 658 888 ad
668 869 715 888 me
723 860 903 889 convertisti.

160 906 307 934 Benedicti
330 908 398 935 sunt
420 907 498 935 oculi
523 907 563 936 tui
585 908 803 944 splendissimi:
829 916 905 944 quos

124 953 253 989 digneris
281 953 508 982 misericorditer
537 956 706 983 convertere
734 963 823 991 super
850 963 905 983 nos

123 1002 303 1036 peccatores.

160 1047 350 1076 Benedictum
366 1048 402 1076 sit
415 1049 518 1077 lumen
534 1051 562 1077 et
575 1049 720 1085 splendor
735 1049 819 1078 faciei
831 1052 902 1078 tuae:

123 1094 281 1122 benedicta
293 1095 328 1123 sit
343 1095 438 1130 gratia
452 1096 550 1124 vultus
564 1096 616 1123 tui.

157 1141 312 1170 Benedicta
327 1142 362 1169 sit
375 1142 580 1171 misericordia
598 1151 743 1171 manuum
764 1145 882 1172 tuarum
897 1153 902 1172 :

124 1187 283 1216 benedicta
297 1188 333 1216 sit
345 1189 493 1217 emanatio
508 1190 634 1226 virginei
650 1190 733 1218 lactis
748 1191 800 1218 tui.

159 1235 336 1263 Benedicent
348 1237 375 1263 te
390 1236 518 1272 apostoli
534 1236 573 1264 tui
586 1236 618 1273 (c)
628 1237 817 1273 etprophetae
833 1237 879 1265 Dei
896 1247 902 1265 z

122 1283 277 1318 martyres,
294 1282 486 1318 confessores,
503 1285 530 1311 et
544 1282 674 1319 virgines
693 1284 824 1320 psallant
839 1284 904 1312 tibi.

122 1328 230 1364 Gloria,
242 1331 296 1357 etc.

423 1407 547 1435 Psstmus
561 1407 605 1434 23.

158 1470 273 1498 Domini
288 1472 330 1499 est
344 1472 423 1499 terra
438 1473 465 1499 et
479 1471 634 1507 plenitudo
651 1472 713 1507 ejus
726 1481 732 1500 :
749 1474 779 1500 tu
794 1474 904 1508 autem,

123 1517 307 1547 sanctissima
320 1519 419 1553 Mater,
445 1527 513 1546 cum
531 1527 566 1547 eo
581 1527 689 1555 regnas
704 1520 734 1547 in
751 1522 904 1548 aeternum.

157 1565 288 1593 Gloriam
311 1567 339 1593 et
365 1566 504 1593 decorem
530 1565 652 1594 induisti
670 1576 676 1594 :
703 1567 800 1594 omnis
829 1567 905 1603 lapis

121 1612 268 1647 pretiosus
282 1612 406 1640 amictus
417 1614 444 1640 et
459 1612 677 1648 operimentum
687 1615 782 1641 tuum.

157 1659 305 1695 Splendor
315 1659 389 1687 Solis
400 1667 489 1695 super
503 1661 592 1696 caput
601 1661 686 1688 tuum
700 1669 705 1687 ;
719 1660 832 1689 lunaris
842 1661 906 1697 pul-

124 1705 260 1734 chritudo
275 1706 331 1734 sub
346 1706 476 1742 pedibus
491 1706 557 1734 tuis.

158 1753 260 1781 Sidera
275 1753 413 1781 micantia
429 1756 535 1782 ornant
550 1754 643 1782 sedile
659 1756 744 1783 tuum
757 1765 763 1782 ε
786 1757 863 1783 astra
879 1757 905 1783 te

123 1799 291 1835 glorificant
303 1800 412 1836 jugiter
426 1801 583 1829 matutina.

160 1849 303 1874 Memento
319 1847 422 1882 nostri,
439 1848 574 1882 Domina,
592 1848 621 1875 in
636 1848 823 1884 beneplacito
836 1851 902 1877 tuo:

125 1895 153 1920 et
176 1893 222 1921 fac
245 1901 300 1921 nos
323 1893 429 1929 dignos
456 1894 643 1929 glorificandi
670 1903 779 1923 nomen
809 1897 903 1924 tuum.

125 1940 234 1974 Gloria,
250 1942 304 1969 etc.

419 2020 546 2047 PSALmus
558 2020 603 2047 24.

159 2083 204 2111 Ad
219 2085 256 2118 te,
267 2084 402 2119 Domina,
417 2084 515 2112 levavi
530 2085 661 2113 animam
675 2093 773 2113 meam
789 2094 794 2112 :
812 2085 842 2113 in
855 2086 904 2121 ju-

125 2129 203 2158 dicio
218 2131 278 2165 Dei,
292 2131 350 2159 tuis
363 2132 511 2168 precibus,
529 2140 590 2160 non
601 2132 785 2160 erubescam.

160 2178 259 2212 Neque
281 2177 408 2206 illudant
429 2179 501 2206 mihi
521 2179 683 2207 adversarii
699 2180 756 2208 mei
773 2189 779 2207 2
796 2180 904 2208 etenim

124 2226 337 2259 praesumentes
353 2225 390 2253 de
406 2228 432 2254 te
448 2226 637 2254 roborantur.

160 2272 224 2298 Non
239 2271 420 2307 praevaleant
435 2272 594 2300 adversum
608 2281 655 2301 me
668 2273 768 2310 laquei
783 2274 901 2302 mortis:

125 2320 153 2345 et
167 2320 262 2346 castra
278 2318 505 2353 malignantium
527 2328 588 2347 non
607 2320 771 2355 impediant
787 2329 903 2356 gressus

123 2373 216 2393 meos

161 2412 272 2440 Collide
296 2412 442 2448 impetum
469 2421 573 2440 eorum
596 2414 625 2440 in
648 2414 754 2442 virtute
778 2416 826 2443 tua
843 2425 849 2442 ;
876 2418 903 2443 et

125 2468 192 2487 cum
206 2460 433 2488 mansuetudine
450 2468 570 2488 occurre
590 2461 695 2489 animae
712 2470 793 2490 meae.

161 2507 278 2535 Ductrix
297 2515 364 2535 mea
386 2509 447 2535 esto
467 2507 506 2535 ad
521 2507 647 2543 patriam
665 2517 670 2535 :
697 2510 725 2536 et
744 2517 789 2536 me
815 2510 902 2537 coetui

126 2554 300 2588 angelorum
315 2554 445 2590 digneris
457 2562 630 2590 aggregare.
640 2555 737 2584 Gloria
747 2556 832 2591 Patri,
845 2558 901 2585 etc.

418 2637 544 2665 Psnmus
557 2639 600 2664 25.

161 2694 264 2723 Judica
279 2703 336 2731 me,
360 2696 493 2732 Domina,
510 2697 653 2734 quoniam
674 2697 711 2726 ab
732 2698 902 2727 innocentIa

1683 230 1743 260 203

963 299 1030 320 mea
1053 291 1202 328 digressus
1223 301 1313 321 sum:
1339 293 1392 321 sed
1416 293 1488 330 quia
1510 294 1626 331 speravi
1653 295 1743 330 inte,

962 345 1024 366 non
1038 338 1224 368 infirmabor.

998 387 1051 413 Ure
1073 394 1124 414 cor
1147 394 1248 415 meum
1271 387 1338 423 igne
1357 387 1468 416 amoris
1489 388 1531 416 tui
1548 397 1554 416 :
1576 389 1604 416 et
1623 389 1744 425 cingulo

962 432 1099 460 castitatis
1121 434 1265 469 restringe
1285 442 1370 462 renes
1385 443 1478 463 mooe.

1000 479 1147 513 Quoniam
1166 480 1370 509 misericordia
1390 483 1450 516 tua,
1475 483 1502 510 et
1523 482 1682 511 clementia
1695 484 1746 511 tua

962 528 1028 554 ante
1044 526 1148 554 oculos
1165 535 1248 555 meos
1266 536 1272 555 :
1296 530 1324 556 et
1345 528 1507 557 delectatus
1526 537 1592 557 sum
1618 529 1647 557 in
1669 537 1743 558 voce

961 573 1059 602 laudis
1071 576 1138 602 tuae.

998 621 1132 656 Domina,
1149 621 1239 650 dilexi
1258 622 1397 651 decorem
1412 623 1497 652 faciei
1512 626 1586 652 tuae:
1611 626 1640 652 et
1655 632 1743 652 vene-

961 670 1042 696 ratus
1056 677 1122 696 sum
1137 671 1269 696 sanctam
1286 670 1472 705 majestatem
1484 672 1576 699 tuam.

1000 715 1185 744 Confitemini
1201 716 1316 744 nomini
1340 717 1415 752 ejus,
1439 718 1583 753 quoniam
1607 719 1743 746 sanctum

962 764 1004 791 est
1021 772 1027 790 :
1045 765 1217 791 enarrentur
1227 763 1256 790 in
1268 763 1409 791 saeculum
1426 764 1576 792 mirabilia
1592 765 1664 800 ejus,
1679 765 1744 793 Glo-

961 809 1005 837 ria
1020 809 1105 844 Patri,
1124 812 1178 838 etc.

1260 888 1385 915 Psunus
1400 889 1444 914 26.

997 951 1131 986 Domina,
1154 951 1333 980 illuminatio
1356 959 1424 980 mea
1446 952 1483 980 sit
1498 952 1641 988 splendor
1659 952 1745 981 faciei

960 1000 1018 1026 tuae
1031 1007 1036 1025 :
1049 999 1078 1026 et
1085 998 1225 1026 serenitas
1236 1001 1292 1026 tuae
1300 999 1400 1034 gratiae
1408 999 1553 1035 refulgeat
1562 1001 1652 1028 menti
1661 1009 1742 1028 meae.

997 1045 1098 1073 Exalta
1113 1048 1202 1081 caput
1216 1054 1317 1074 meum
1334 1055 1340 1074 :
1358 1048 1385 1074 et
1398 1054 1453 1082 ego
1467 1046 1617 1082 psalmum
1630 1047 1745 1075 nomini

961 1094 1011 1120 tuo
1028 1092 1207 1121 decantabo.

997 1141 1035 1167 Ne
1051 1142 1166 1167 avertas
1188 1140 1295 1168 faciem
1312 1142 1392 1168 tuam
1411 1149 1428 1168 a
1443 1149 1491 1169 me
1508 1150 1514 1168 ε
1531 1141 1603 1177 quia
1617 1141 1746 1177 speciem

961 1188 988 1213 et
1003 1186 1143 1214 decorem
1162 1188 1246 1214 tuum
1262 1195 1278 1215 a
1291 1187 1446 1222 juventute
1467 1196 1536 1216 mea
1558 1188 1727 1224 concupivi.

997 1235 1033 1260 Te
1049 1233 1146 1261 amavi
1160 1236 1188 1262 et
1207 1234 1364 1270 exquisivi,
1382 1235 1494 1270 Regina
1509 1235 1670 1263 ccelorum:
1688 1235 1746 1262 mi-

960 1280 1156 1308 sericordiam
1178 1282 1261 1308 tuam
1286 1283 1313 1309 et
1326 1282 1452 1317 gratiam
1468 1284 1550 1310 tuam
1564 1290 1602 1310 ne
1625 1282 1745 1310 subtra-

960 1328 1014 1355 has
1029 1335 1047 1356 a
1063 1335 1150 1355 servo
1166 1329 1227 1356 tuo.

996 1374 1166 1403 Confitebor
1181 1375 1234 1403 tibi
1244 1375 1274 1403 in
1286 1376 1458 1404 nationibus
1470 1386 1476 1404 :
1493 1378 1520 1404 et
1533 1376 1674 1405 thronum
1684 1376 1747 1412 glo-

961 1422 1011 1449 riae
1025 1423 1082 1450 tuae
1100 1421 1318 1451 honorificabo.
1336 1423 1434 1452 Gloria
1449 1423 1536 1458 Patri,
1550 1425 1603 1451 etc.

1260 1505 1386 1531 PsALmus
1400 1506 1444 1531 27.

998 1563 1042 1592 Ad
1057 1565 1095 1599 te,
1112 1564 1246 1597 Domina,
1263 1564 1414 1599 clamabo,
1431 1566 1460 1592 et
1474 1564 1614 1592 exaudies
1630 1572 1677 1592 me
1691 1574 1697 1592 :
1716 1564 1746 1591 in

962 1618 1035 1638 voce
1049 1610 1147 1638 laudis
1162 1613 1218 1638 tuae
1231 1611 1395 1639 laetificabis
1407 1619 1465 1639 mc.

998 1657 1129 1685 Miserere
1145 1658 1203 1685 mei
1218 1658 1249 1685 in
1262 1657 1309 1685 die
1323 1658 1466 1693 angustiae
1482 1666 1554 1685 meze
1569 1667 1574 1685 :
1593 1659 1620 1685 et
1634 1658 1665 1685 in
1680 1658 1746 1686 luce

963 1704 1093 1732 veritatis
1110 1707 1165 1732 tuae
1180 1704 1275 1732 libera
1292 1713 1350 1732 me.

997 1751 1153 1779 Benedicta
1169 1751 1218 1786 sis,
1235 1760 1252 1779 o
1270 1751 1394 1779 Domina
1409 1761 1415 1779 z
1433 1751 1463 1779 in
1480 1751 1590 1780 sinibus
1606 1752 1747 1780 omnibus

963 1799 1043 1826 orbis
1059 1800 1153 1826 terrae.

996 1846 1201 1873 Sanctuarium
1221 1845 1304 1881 quod
1326 1845 1521 1872 firmaverunt
1536 1853 1644 1873 manus
1666 1847 1721 1873 tuae
1738 1855 1744 1873 :

962 1894 1004 1920 est
1018 1894 1153 1919 sanctum
1168 1892 1314 1928 templum
1331 1892 1465 1927 corporis
1479 1892 1530 1919 tui.

998 1938 1182 1966 Conscientia
1198 1940 1248 1966 tua
1263 1939 1377 1966 munda
1388 1940 1416 1966 et
1429 1939 1621 1967 immaculata
1630 1941 1672 1967 est
1689 1939 1748 1967 :lo-

962 1994 1012 2013 cus
1027 1985 1244 2022 propitiationis
1265 1987 1293 2013 et
1311 1985 1516 2013 habitaculum
1536 1987 1671 2014 sanctum
1686 1986 1746 2014 Dei.

963 2032 1073 2067 Gloria,
1089 2035 1143 2060 ete.

1262 2110 1389 2136 Psmmus
1403 2109 1448 2135 28.

997 2176 1102 2204 Afferte
1127 2175 1257 2203 Dominae
1277 2176 1398 2208 nostrae,
1420 2174 1473 2201 filii
1491 2173 1557 2201 Dei:
1576 2174 1676 2202 afferte
1693 2176 1746 2203 Do-

961 2223 1048 2251 minae
1064 2224 1171 2250 nostrae
1185 2222 1311 2249 laudem
1327 2222 1354 2249 et
1369 2221 1578 2249 reverentiam.

998 2272 1037 2297 Da
1050 2269 1188 2297 virtutem
1204 2268 1312 2296 sanctis
1328 2269 1395 2303 tuis,
1417 2270 1504 2296 Mater
1518 2270 1638 2296 sancta:
1655 2271 1682 2296 et
1694 2269 1747 2296 he-

960 2317 1160 2345 nedictionem
1168 2315 1361 2343 laudantibus
1369 2317 1456 2351 atque
1467 2316 1702 2350 glorificantibus
1710 2318 1745 2344 te.

995 2364 1109 2392 Exaudi
1134 2363 1261 2399 gemitus
1287 2363 1500 2399 suspirantium
1523 2363 1561 2391 ad
1587 2365 1612 2390 te
1632 2372 1637 2390 :
1663 2364 1690 2390 et
1711 2371 1747 2391 ne

960 2419 1081 2448 spernas
1096 2412 1164 2438 vota
1179 2409 1383 2437 invocantium
1398 2418 1508 2437 nomen
1525 2412 1617 2437 tuum.

995 2459 1036 2486 Sit
1050 2466 1156 2486 manus
1173 2458 1224 2484 tua
1240 2457 1278 2484 ad
1294 2457 1527 2484 succurrendum
1539 2457 1611 2484 mihi
1622 2458 1725 2493 parata
1740 2466 1745 2484 :

960 2507 988 2533 et
1001 2505 1079 2533 auris
1091 2507 1140 2532 tua
1152 2504 1307 2532 intendens
1323 2503 1361 2531 ad
1380 2504 1621 2539 deprecationem
1636 2512 1744 2531 meam.

996 2551 1173 2580 Benedicent
1189 2551 1242 2578 tibi
1258 2550 1324 2578 coeli
1347 2553 1375 2578 et
1397 2554 1473 2578 terra
1490 2560 1496 2578 ε
1520 2559 1601 2579 mare
1622 2553 1651 2579 et
1665 2552 1747 2579 orbis

964 2602 1122 2627 terrarum.
1140 2599 1238 2627 Gloria
1252 2599 1338 2633 Patri,
1356 2601 1410 2626 etc.

995 2704 1025 2733 (ιι)
1045 2702 1101 2732 Leq.
1116 2703 1198 2724 tuum.
1215 2713 1238 2716 -
1261 2700 1295 2729 (lt)
1313 2700 1367 2723 Del.
1387 2706 1447 2731 ejus.
1465 2713 1494 2717 —-
1511 2700 1539 2730 (c)
1561 2699 1615 2723 Del.
1634 2699 1678 2724 lui.
