2029 3052
280 186 320 216 '14
641 183 852 218 SERMONES
871 184 924 218 DE
944 179 1110 218 SANc'rls
1131 183 1174 218 m
1194 185 1389 220 comtum.
1412 186 1534 220 xxvlt.

269 252 365 294 Deru.
379 251 468 288 Apud
481 252 586 288 Deum,
599 252 715 287 fratres,
728 253 778 290 jus
790 252 904 282 habere
917 259 981 281 non
993 259 1062 289 pos-

279 306 394 335 sumus,
415 299 561 336 quoniam
585 299 618 328 in
640 299 742 329 multis
761 308 832 329 eum
854 299 1038 329 offendimus
1052 309 1060 329 ι

279 345 333 374 sed
347 353 402 375 nee
415 353 485 375 eum
498 345 600 376 tallere
612 355 782 384 possumuS‚
802 346 876 384 quia
894 347 959 384 ipse
977 346 1062 376 novit

279 393 456 422 abscondita
467 393 567 423 cordis
581 394 689 429 nostri3
705 401 761 423 nee
772 394 799 423 ei
808 394 942 424 resistere
955 402 1060 431 possu-

279 449 348 470 mus
361 440 486 477 viribus,
501 449 571 470 eum
587 441 624 470 sit
636 441 868 478 potentissimus.
891 441 968 477 Quid
987 449 1060 478 ergo

279 488 368 517 nobis
383 489 481 524 restat,
497 487 553 516 nisi
569 487 609 516 ad
619 488 818 518 humilitatem
831 488 991 525 confugere
1001 489 1016 517 ’Ξ
1027 491 1060 518 Et

280 535 364 572 quod
377 535 408 564 in
423 535 489 564 aliis
502 535 600 563 miuus
614 534 772 571 habemus,
784 535 822 565 de
837 535 903 573 ipsa
917 535 1058 573 supplere

280 581 436 616 debemus,
452 583 507 610 ete.

575 657 705 688 SERMO
729 657 767 688 V.

317 725 399 753 orate
422 732 472 761 pro
497 725 623 760 invicem,
648 727 680 753 ut
705 725 850 753 salvemini
874 725 892 753 ¹.
920 724 1060 753 Ultimum

279 772 455 800 Sanctorum
468 771 618 808 retugium
632 771 727 801 oratio
742 774 794 801 est.
811 773 843 801 tn
857 779 966 809 campo
981 771 1062 800 enim

279 819 448 847 certaminis
462 818 638 854 militamus,
653 818 716 849 sine
731 827 834 856 pugna
845 827 907 848 esse
918 827 981 847 non
991 827 1062 855 pos·

279 873 401 900 sumus;
422 865 627 901 fortissimum,
646 868 675 894 et
697 866 924 902 sagacissimum
944 866 1061 895 hostem

279 912 437 948 hahemus,
457 913 520 949 qui,
541 915 573 941 ut
593 913 750 949 Gregorius
769 913 841 942 dicit
854 914 876 948 ³,
894 924 908 940 (ι
927 913 996 942 illos
1011 922 1061 942 so·

279 959 343 988 lum
357 959 533 996 impugnare
546 959 679 996 negligit,
693 968 770 997 quos
785 961 885 997 quieto
896 960 1010 989 foenore
1022 962 1060 997 (a)

279 1015 311 1035 se
331 1007 485 1044 possidere
501 1007 596 1036 sentit.
614 1018 627 1033 »
645 1008 724 1036 More
738 1007 817 1036 enim
833 1007 928 1036 leonis
943 1008 974 1036 in
988 1009 1061 1037 San-

280 1056 342 1083 ctos
357 1053 489 1088 desaevit,
505 1057 605 1083 contra
621 1063 672 1084 eos
688 1054 846 1083 fortissime
866 1054 955 1091 rugit,
974 1057 1007 1083 ut
1026 1056 1061 1091 (ὑ)

280 1109 371 1139 quem
390 1101 525 1137 devoret,
544 1102 668 1130 sollicite
688 1103 801 1139 quaerit.
821 1104 885 1131 Non
909 1102 989 1130 enim
1011 1111 1062 1131 co-

280 1148 384 1183 medit,
412 1156 511 1185 neque
536 1149 625 1184 bibit,
649 1149 734 1177 nullo
765 1157 898 1186 unquam
928 1151 1062 1185 tempore

281 1195 390 1224 dormit
405 1205 413 1229 ;
429 1195 486 1224 sed*
497 1204 617 1232 semper
630 1196 757 1233 suspirat
773 1196 811 1224 ad
827 1195 972 1232 proedam.
989 1198 1063 1225 Cum

280 1251 351 1279 ergo
367 1243 429 1279 ipse
450 1243 487 1271 sit
503 1243 690 1275 fortissimus,
713 1246 742 1272 et
765 1251 820 1271 nos
844 1243 974 1278 infirmi;
1000 1244 1062 1280 ipse

279 1290 498 1326 sagacissimus,
522 1299 577 1319 nos
605 1291 698 1327 ignari
712 1301 719 1326 ;
749 1291 812 1328 ipse
842 1290 1061 1326 solertissimus,

280 1346 336 1366 nos
359 1338 544 1373 negligentes
567 1340 595 1366 et
617 1338 715 1375 pigri:
741 1346 859 1367 necesse
882 1338 1063 1367 haberemus

278 1385 486 1420 succumbere,
509 1385 532 1413 si
557 1386 645 1414 nobis
671 1385 816 1414 auxilium
843 1386 981 1414 divinum
1002 1394 1063 1414 non

279 1433 404 1460 adesset.
420 1434 453 1461 Ut
465 1441 536 1469 ergo
548 1433 684 1461 divinum
696 1434 840 1462 auxilium
854 1434 1060 1471 imploremus,

278 1487 398 1508 necesse
411 1482 454 1508 est
469 1480 556 1508 nobis
571 1482 603 1508 ut
617 1489 747 1509 oremus.
765 1483 796 1509 Et
813 1484 971 1518 propterea
986 1484 1063 1518 Apo-

278 1526 382 1562 stolus,
404 1527 492 1555 frater
517 1527 632 1555 Domini
662 1527 769 1561 dietus,
788 1536 823 1556 eo
853 1528 936 1565 quod
959 1528 1014 1556 suit
1036 1530 1061 1556 ei

278 1574 458 1610 simillimus,
480 1575 510 1602 in
526 1575 620 1603 verbo
637 1576 790 1612 praemisso
810 1576 982 1604 notabiliter
1003 1577 1062 1605 duo

278 1621 346 1650 facit
362 1631 368 1649 :
385 1622 494 1658 primo,
511 1622 615 1650 invitat
628 1622 665 1650 ad
682 1625 819 1650 mutuum
834 1623 984 1651 charitatis
998 1624 1063 1651 osti—

279 1668 369 1703 cium,
385 1677 445 1704 quo
463 1669 626 1705 plurimum
644 1669 813 1704 indigemus
830 1670 857 1697 in
874 1670 940 1704 via3
957 1678 1062 1698 secun-

279 1715 330 1749 do,
346 1715 390 1743 sui
407 1715 476 1743 dicti
492 1724 612 1744 causam
627 1717 755 1752 assignat
774 1719 801 1744 et
816 1717 955 1752 fructum,
971 1726 1062 1753 quem

279 1763 471 1798 consequitur
490 1763 519 1790 in
541 1763 646 1799 patria.
669 1763 799 1792 Primum
822 1764 939 1800 respicit
954 1767 1062 1793 statum

279 1817 396 1845 pugnae,
411 1818 502 1846 quam
518 1810 656 1838 continue
674 1811 861 1846 experimur;
883 1811 935 1839 sed
956 1820 1062 1839 secun-

279 1856 352 1884 dum
367 1857 484 1892 respicit
498 1859 606 1885 statum
623 1857 725 1892 glorite
741 1860 769 1885 ct
785 1866 914 1893 corouoe,
928 1867 988 1895 qua
1004 1860 1061 1887 Deo

278 1903 308 1931 in
326 1904 401 1931 coelo
419 1904 608 1940 perfruimur.
633 1905 734 1933 invitat
750 1913 821 1941 ergo
839 1906 937 1942 primo
953 1914 1007 1934 nos
1023 1907 1062 1934 ad

278 1951 443 1978 orationem
461 1954 605 1982 mutuam.
619 1961 688 1980 cum
707 1952 778 1980 dicit
794 1962 800 1980 :
820 1954 902 1981 Orate
920 1962 968 1988 pro
990 1955 1062 1981 invi-

278 2007 342 2025 cem.
351 1998 499 2033 Secundo,
511 1999 638 2034 assignat
650 2000 796 2028 rationem
810 2003 837 2028 et
849 2009 981 2034 causam,
994 2009 1061 2029 cum

278 2045 398 2073 additur
415 2054 421 2072 :
448 2046 480 2072 st
496 2047 649 2073 salvemini.
668 2047 710 2074 Ad
727 2047 783 2074 hoe
810 2047 889 2074 enim
913 2055 967 2083 pro
989 2048 1063 2075 invi-

279 2099 343 2119 cem
361 2100 446 2120 orare
466 2092 622 2127 debemus,
640 2096 670 2121 ut
685 2093 811 2122 salutem
827 2102 1058 2130 consequamur.

279 2138 335 2166 Sed
356 2142 436 2173 nota,
457 2139 495 2167 ad
520 2140 577 2168 hoc
599 2140 682 2177 quod
708 2141 802 2169 oratio
828 2143 885 2169 Deo
910 2142 945 2169 sit
968 2145 1062 2177 grata,

279 2186 468 2222 quadruplici
488 2187 658 2215 conditione
677 2188 765 2216 debet
782 2197 843 2216 esse
860 2189 972 2216 vestita.
991 2191 1063 2217 Nam

279 2233 389 2268 primo,
406 2233 495 2261 debet
512 2242 572 2262 esse
587 2234 711 2269 devot.1;
729 2235 874 2269 secundo,
893 2235 981 2264 debet
1001 2244 1062 2264 csse

280 2281 522 2315 secreta310rtio,
548 2281 637 2309 debet
661 2289 722 2309 esse
748 2282 934 2318 importuna:
956 2286 1062 2319 quarto

281 2325 370 2354 debet
382 2334 443 2354 esse
459 2328 617 2355 continua:
636 2331 666 2355 ut
679 2329 719 2355 sit·
733 2329 767 2356 >it
783 2329 901 2364 devota,
917 2332 1062 2366 quantum

281 2373 320 2401 ad
347 2374 498 2410 seipsum;
524 2375 560 2402 sit
586 2379 707 2409 secreta,
732 2381 876 2412 quantum
903 2378 941 2405 ud
965 2378 1063 2405 laudis

281 2420 459 2457 impunem
490 2422 525 2450 sit
551 2422 731 2458 importuna,
763 2427 884 2460 propter
906 2425 1063 2453 instantem

283 2469 606 2503 actun13sitcontinua
621 2478 674 2506 per
696 2471 845 2499 affectum.
867 2474 938 2500 Nam
958 2472 981 2500 si
1003 2481 1063 2500 ces-

314 2553 320 2568 ¹
336 2553 398 2582 Just,
417 2561 442 2584 v,
462 2556 497 2578 lG.
515 2567 544 2572 ——
559 2555 566 2569 ³
581 2557 668 2585 tired,
686 2555 785 2585 ,ilar-al„
807 2556 848 2580 tib.
867 2558 957 2585 xxiv,
977 2566 999 2581 ι’.
1018 2564 1064 2590 vti,

282 2587 314 2612 al.
336 2593 376 2618 xl,
396 2596 421 2612 u.
443 2590 481 2614 27.
504 2604 528 2607 —
550 2592 558 2605 ³
578 2592 651 2615 Bern.
671 2604 702 2608 —
719 2593 724 2605 ¹
744 2592 826 2621 lietu-t.
844 2599 867 2622 v,
885 2594 906 2617 Ἰ.
926 2607 951 2611 —
973 2596 980 2608 ⁵
996 2595 1062 2623 Luc..

283 2630 354 2651 xxti,
378 2626 459 2649 4344.
485 2640 515 2644 -
542 2630 550 2639 '·
576 2627 594 2650 tt
623 2627 690 2658 Πομ,
715 2633 765 2654 xu.
791 2630 818 2657 2;
844 2629 909 2652 I’sal.
936 2636 976 2659 vi,
995 2631 1017 2653 7.
1035 2643 1063 2647 —

285 2661 291 2675 ⁷
310 2660 410 2690 ,Uat!h.‚
427 2667 502 2692 xxvi,
524 2664 562 2686 75.
580 2676 609 2680 -
628 2663 638 2679 ⁸
654 2663 721 2692 Luc„
739 2669 788 2693 vu,
810 2666 853 2694 33,
875 2667 912 2689 ts.
933 2679 962 2683 —
977 2667 985 2679 >²
1003 2666 1064 2696 lm,

1115 254 1160 282 set
1169 253 1336 292 aliquando
1347 256 1442 292 aetus,
1453 263 1610 293 nunquam
1620 255 1710 285 debet
1720 255 1824 285 tamen
1838 262 1898 284 ces-

1115 307 1182 330 sare
1195 301 1330 331 effectus.

1151 348 1289 378 Dicamus
1305 357 1389 387 ergo,
1405 349 1491 388 quod
1505 349 1600 379 oratio
1616 349 1707 378 debet
1721 356 1786 378 esse
1800 348 1897 378 devo-

1115 396 1155 432 ta,
1171 396 1204 424 ut
1216 396 1253 425 sit
1266 397 1328 426 tota
1341 396 1441 434 ignea,
1456 397 1493 426 sit
1505 396 1649 434 lacrymis
1665 395 1801 434 perfusa,
1816 397 1845 425 et
1857 395 1898 425 ad

1115 442 1242 472 modum
1263 451 1351 481 aquae
1369 443 1522 473 bullientis
1535 443 1661 473 fervida.
1683 444 1785 473 Oratio
1799 443 1843 472 sic
1855 442 1900 472 fa-

1116 491 1163 518 cta
1179 489 1296 520 nullam
1314 493 1411 528 potest
1430 499 1449 520 a
1470 492 1529 520 Deo
1543 491 1605 528 pati
1626 490 1791 529 repulsam,
1814 489 1898 528 quia,

1115 537 1191 566 sieut
1208 537 1280 566 dicit
1301 537 1469 567 Bernartius
1483 538 1507 574 ⁸,
1529 547 1543 565 ι
1566 538 1662 567 oratio
1685 539 1779 566 Deum
1803 537 1898 574 ungit,

1115 583 1169 612 sed
1183 583 1318 621 lacryma
1329 584 1447 622 pungit.
1463 595 1477 612 ι
1493 584 1672 621 Exemplum
1684 584 1776 621 hujus
1789 584 1900 614 oratio-

1115 630 1162 659 nis
1175 631 1265 660 nobis
1281 631 1313 660 in
1336 639 1423 660 eruce
1449 632 1591 661 Dominus
1612 630 1746 660 tradidit.
1762 630 1845 660 Unde
1859 630 1899 660 ad

1115 679 1242 707 Hebroeos
1256 679 1267 696 ¹¹
1283 687 1290 707 :
1310 688 1324 705 «ι
1338 680 1370 708 ln
1388 678 1496 708 diebus
1516 678 1614 708 carnis
1627 686 1688 707 suae
1702 685 1807 716 preces
1827 685 1900 715 sup-

1115 726 1350 763 plicationesque
1372 726 1413 755 ad
1436 728 1539 762 Deum,
1565 725 1617 763 qui
1642 727 1744 763 posset
1768 725 1854 754 illum
1881 733 1900 754 a

1117 775 1212 802 morte
1228 773 1346 802 salvum
1362 773 1469 810 faeere,
1490 781 1560 802 oum
1582 773 1714 802 clamore
1734 772 1848 808 valido,
1871 774 1900 801 et

1115 820 1256 858 lacrymis
1271 820 1409 856 offerens,
1425 821 1584 850 exauditus
1603 822 1646 850 est
1665 828 1722 858 pro
1744 827 1798 848 sua
1812 827 1899 848 reve-

1115 868 1220 897 rentia.
1236 879 1249 894 n
1266 868 1294 896 Si
1310 875 1381 905 ergo
1400 868 1450 897 Dei
1470 868 1559 897 Filius
1579 867 1720 905 ploravit,
1745 867 1813 905 quis
1831 874 1899 896 am-

1116 915 1195 953 plius
1207 923 1293 944 orare
1307 916 1418 945 audeat
1437 915 1523 944 siccis
1537 915 1654 944 oeulis?
1668 916 1741 944 Nem
1753 917 1782 944 et
1794 914 1833 943 de
1847 922 1900 943 eo-

1117 963 1187 992 dem
1198 963 1262 999 jam
1276 963 1407 1000 passioni
1421 963 1560 1000 proximo
1575 962 1684 991 dicitur
1697 962 1718 998 ‘‚
1733 961 1816 999 quod
1831 972 1845 989 ιι
1857 961 1900 991 fa-

1117 1012 1182 1039 etus
1200 1010 1231 1039 in
1255 1010 1375 1046 agonia,
1395 1010 1542 1047 prolixius
1563 1009 1681 1044 orabat,
1702 1011 1731 1038 et
1749 1009 1843 1038 tactus
1857 1011 1901 1038 est

1117 1057 1212 1086 sudor
1225 1058 1290 1094 ejus
1308 1057 1383 1086 sieut
1396 1059 1485 1093 guttae
1505 1056 1658 1093 sanguinis
1673 1055 1857 1084 decurrentis
1869 1055 1901 1084 in

1118 1107 1237 1133 terram.
1255 1115 1269 1131 ι)
1284 1105 1398 1141 Cogita,
1413 1113 1432 1133 o
1447 1104 1549 1132 anima
1559 1103 1729 1138 christiana,
1741 1102 1839 1140 qualis
1851 1101 1901 1132 de-

1118 1151 1187 1180 beat
1197 1159 1260 1180 esse
1271 1151 1368 1180 oratio
1379 1154 1440 1186 tua,
1449 1158 1542 1187 quam
1552 1150 1661 1185 calida,
1674 1157 1767 1187 quam
1778 1149 1899 1186 devota,

1117 1207 1186 1227 cum
1201 1201 1261 1227 tam
1274 1198 1392 1227 fervens
1407 1198 1494 1226 tuerit
1513 1198 1608 1226 oratio
1625 1197 1795 1233 Salvatoris,
1815 1196 1901 1234 quod

1118 1254 1188 1274 eum
1214 1246 1244 1274 in
1267 1245 1410 1274 sudorem
1435 1245 1576 1274 adduxit!
1603 1244 1674 1279 Quis
1699 1252 1834 1281 unquam
1857 1244 1900 1273 sie

1119 1292 1237 1321 oravit?
1251 1293 1306 1327 Qui
1327 1296 1426 1321 autem
1447 1292 1553 1321 devote
1578 1300 1647 1320 cum
1666 1291 1807 1328 lacrymis
1821 1292 1899 1327 orat,

1118 1340 1256 1377 impetrat
1270 1348 1359 1369 omne
1374 1339 1458 1376 quod
1474 1339 1611 1376 postulat.
1630 1338 1722 1367 David
1733 1346 1824 1367 orans
1838 1338 1899 1367 lar-

1119 1388 1193 1423 giter
1211 1387 1302 1422 ssevit,
1332 1387 1450 1415 veniam
1479 1395 1496 1415 a
1524 1386 1649 1414 Domino
1677 1385 1846 1423 impetravit
1875 1387 1899 1415 ⁸.

1118 1436 1220 1463 Nonne
1232 1437 1342 1469 Petrus,
1352 1436 1512 1471 postquam
1522 1433 1669 1462 Christum
1681 1433 1813 1469 negavit,
1825 1433 1899 1462 dum

1118 1489 1219 1510 amare
1235 1481 1315 1509 flevit
1325 1480 1346 1516 ⁷,
1361 1481 1481 1509 veniam
1495 1480 1662 1516 negationis
1677 1480 1791 1516 accepit
1801 1481 1815 1508 5³
1826 1481 1901 1508 Non-

1119 1537 1155 1557 ne
1169 1528 1354 1565 magdalena,
1370 1536 1436 1565 quoe
1446 1528 1573 1565 peccatis
1583 1528 1724 1557 omnibus
1734 1527 1824 1564 plena
1836 1527 1900 1562 fuit,

1120 1576 1238 1604 venium
1259 1575 1315 1603 sibi
1342 1584 1397 1612 pro
1417 1575 1544 1612 peccatis
1566 1577 1593 1603 et
1612 1575 1738 1611 gratiam
1761 1574 1899 1610 obtinuit,

1118 1626 1278 1660 postquam
1299 1622 1448 1658 iacrymas
1471 1622 1546 1650 fudit
1561 1623 1571 1638 ⁸
1586 1624 1599 1649 ξ’
1625 1623 1727 1650 Nonne
1754 1621 1900 1656 Ezechias,

1118 1679 1169 1699 rex
1183 1670 1270 1704 luda,
1288 1670 1424 1698 oratione
1440 1672 1467 1697 et
1484 1669 1624 1706 lacrymis
1637 1668 1647 1684 ⁹
1661 1669 1838 1697 sententiam
1853 1668 1900 1697 di-

1119 1718 1220 1746 vinam
1236 1717 1370 1751 mutavit,
1386 1719 1513 1745 mortem
1526 1716 1582 1745 sihi
1593 1716 1765 1753 prophetice
1782 1716 1900 1744 nuntia·

1119 1768 1178 1793 tam
1195 1765 1295 1799 evasit.
1312 1764 1375 1792 vitae
1392 1763 1610 1799 longitudinem
1623 1764 1740 1797 meruit,
1753 1766 1901 1799 etregres-

1119 1820 1185 1840 sum
1200 1812 1271 1840 solis
1292 1812 1321 1839 in
1344 1811 1464 1847 signum
1487 1811 1624 1847 accepit?
1645 1810 1724 1844 Quid
1749 1811 1791 1838 cst
1815 1818 1898 1846 ergo,

1119 1858 1203 1894 quod
1219 1859 1313 1886 oratio
1328 1858 1438 1886 devota
1460 1865 1521 1886 non
1538 1858 1653 1900 possit?
1667 1860 1780 1892 Nonne,
1797 1859 1827 1885 ut
1844 1857 1899 1885 ha-

1119 1906 1206 1933 betur
1222 1905 1252 1940 ¹⁰,
1269 1906 1362 1933 ilelias
1378 1906 1490 1933 orando
1505 1905 1613 1933 coelum
1627 1905 1742 1940 clausit,
1753 1906 1782 1933 et
1794 1905 1901 1933 iterum

1120 1953 1217 1989 ipsum
1233 1953 1350 1981 orando
1366 1953 1506 1989 aperuit?
1528 1954 1599 1980 Nam
1621 1952 1745 1988 quidam
1765 1952 1900 1988 quodam

1120 2003 1252 2038 tempore
1273 2001 1346 2029 dixit
1366 2009 1488 2037 gemens
1510 2000 1631 2028 cuidam
1646 2000 1708 2028 seni
1726 2009 1732 2027 :
1755 2012 1765 2024 ιι
1785 2000 1902 2036 Afflige-

1120 2057 1197 2083 mur,
1214 2050 1306 2082 Peter,
1321 2050 1442 2084 propter
1457 2048 1629 2081 sic-citatem,
1640 2047 1710 2083 quia
1721 2055 1781 2075 non
1790 2047 1874 2083 pluit.
1885 2057 1898 2073 n

1120 2097 1171 2125 [lui
1195 2105 1284 2124 senex
1309 2096 1381 2124 dixit
1401 2105 1406 2123 :
1433 2107 1444 2119 ‹-
1466 2095 1572 2128 Credo,
1599 2094 1682 2131 quod
1707 2102 1768 2122 non
1794 2095 1901 2123 devote

1120 2144 1218 2172 oratis
1236 2145 1267 2171 Et
1282 2143 1305 2171 si
1321 2143 1364 2171 vis
1377 2142 1463 2176 scire,
1479 2142 1549 2178 quia
1570 2142 1610 2169 sic
1633 2145 1685 2176 est,
1708 2142 1816 2177 venite,
1834 2150 1901 2170 ore-

1120 2200 1186 2219 mus
1207 2191 1324 2228 pariter.
1347 2201 1359 2214 u
1387 2191 1521 2226 Cumque
1543 2197 1650 2217 manus
1668 2189 1707 2217 ad
1726 2189 1835 2217 coelum
1857 2192 1900 2218 te-

1121 2238 1223 2273 tendit,
1238 2238 1379 2266 continuo
1395 2237 1478 2274 pluit.
1503 2238 1574 2265 Nota
1597 2237 1769 2273 exemplum
1791 2237 1828 2265 de
1849 2239 1902 2266 Το-

1121 2286 1170 2314 lJia
1182 2287 1214 2320 ¹¹,
1232 2293 1300 2313 cum
1316 2284 1456 2320 lacrymis
1469 2285 1560 2312 Deum
1574 2291 1673 2318 orans,
1689 2284 1796 2312 meruit
1811 2292 1901 2313 exau—

1121 2332 1186 2360 diri.
1214 2333 1284 2360 item
1306 2331 1413 2359 dicitur
1439 2330 1476 2358 de
1505 2332 1534 2358 B.
1553 2331 1674 2358 :ti-senio
1692 2331 1724 2365 ¹²,
1745 2331 1797 2366 qui
1818 2331 1899 2358 omni

1121 2382 1253 2415 tempore
1269 2378 1334 2406 vita‘
1350 2386 1421 2413 suoe,
1438 2378 1525 2406 etiam
1550 2377 1655 2405 sedens
1677 2377 1716 2405 ad
1741 2385 1816 2413 opus
1837 2386 1900 2406 ma-

1121 2434 1213 2454 nuum
1229 2433 1350 2453 suarum
1364 2433 1496 2461 pannum
1509 2425 1627 2453 tenebat
1642 2425 1672 2452 in
1687 2424 1764 2458 sinu,
1780 2428 1901 2461 propter

1120 2473 1269 2509 lacrymas
1285 2472 1322 2500 ab
1339 2473 1402 2507 ejus
1417 2472 1511 2500 oculis
1527 2471 1689 2499 defluentes
1707 2481 1713 2498 :
1731 2471 1810 2499 unde
1825 2472 1898 2500 dum

1118 2521 1182 2555 jam
1209 2522 1343 2548 mortuus
1361 2522 1436 2547 esset
1460 2518 1608 2553 Arsenius,
1631 2519 1731 2546 Pastor
1747 2517 1784 2546 de
1800 2526 1836 2547 eo
1852 2519 1899 2547 di-

1123 2593 1232 2617 xxxvtn,
1248 2588 1260 2611 3
1276 2589 1298 2610 et
1316 2594 1370 2618 seq.
1386 2600 1416 2604 —
1436 2588 1454 2603 ¹·
1468 2587 1531 2615 lucu,
1550 2592 1574 2615 ν,
1599 2586 1679 2610 Π-ἱδ.
1693 2599 1723 2603 -
1739 2587 1756 2603 ¹¹
1776 2586 1843 2617 Τοό.,
1859 2593 1898 2618 ιιι,

1125 2626 1144 2648 t.
1158 2636 1187 2641 —
1203 2624 1223 2639 ¹¹
1238 2623 1337 2653 Serius,
1352 2623 1391 2647 «lie
1410 2624 1436 2647 19
1447 2622 1494 2653 jul.

1154 2666 1191 2696 (a)
1206 2665 1248 2690 Al.
1260 2665 1327 2697 jure.
1347 2679 1373 2684 -
1391 2665 1424 2696 (b)
1442 2664 1517 2689 Forte
1532 2663 1583 2694 leq.
1598 2666 1631 2689 et.
