2029 3052
665 203 948 237 RESPONSIONIS
971 203 1260 245 PRtilAEchPUT
1282 207 1320 239 ΙΙ.

189 275 259 313 dus,
273 283 292 306 a
306 273 449 306 veritatis
463 272 588 304 tramite
599 272 738 305 deviare.
755 272 846 311 Quod
860 274 967 304 autem

189 328 307 367 subdit,
324 327 484 359 Christum
500 326 587 358 nulla
607 326 715 358 fecisse
731 335 827 367 opera
841 328 968 358 tantum

190 382 345 413 imitanda
360 380 515 422 perfectis,
533 389 590 421 pro
605 389 642 412 eo
657 380 743 421 quod
757 380 880 411 nemini
894 389 964 420 per-

190 435 359 467 fectionem
374 434 499 473 invidit,
512 435 603 475 quasi
619 443 684 466 non
695 435 801 475 posset
815 443 882 465 esse
896 443 969 474 gra-

190 489 249 520 dus
264 490 296 520 et
311 488 471 520 distinctio
489 488 522 519 in
546 488 701 528 exemplis
717 487 832 519 Christi
849 489 880 518 et
896 496 967 519 ver-

190 542 250 581 bis,
264 543 409 583 respectu
426 542 589 582 graduum
609 544 640 574 et
661 544 802 574 statuum
826 542 968 574 diverso-

193 605 267 628 rum
282 596 317 628 in
333 596 512 627 hierarchia
528 596 688 635 Ecclesiae;
705 605 910 637 nequaquam
924 598 969 627 est

190 659 367 681 consonum
381 649 579 681 documentis
593 649 778 690 Scripturae.
791 648 872 680 Nam
885 649 970 680 Chri-

191 704 259 734 stus
274 703 349 735 dicit
364 703 540 744 specialiter
564 703 722 743 Apostolis
737 704 745 720 ¹
764 715 772 735 ;
798 702 893 735 Vobis
907 702 970 735 da-

192 760 260 790 tum
274 760 320 790 est
335 765 426 789 nosse
439 758 630 797 mysterium
648 757 740 796 reym'
753 757 827 795 Dei,
848 756 971 788 coeteris

192 814 301 844 autem
324 811 362 843 in
378 810 554 851 parabolis.
578 809 617 841 Et
640 810 758 841 iterum
779 810 912 850 loquens
932 810 972 841 ad

192 865 317 897 Patrem
333 865 397 897 ait²
415 876 421 895 ε
440 864 648 897 Abscondz'sti
663 864 758 896 ltoeca
770 864 972 904 sapientibus

191 922 220 952 et
245 919 460 959 prudentibus
473 943 480 956 ,
512 922 543 951 ec
574 918 723 951 revelasti
751 927 787 950 ea
810 918 970 958 parvulis.

193 974 358 1014 Numquid
383 973 510 1004 invidus
526 973 621 1011 Deus,
640 973 718 1013 quia
740 982 807 1003 non
822 973 973 1004 omnibus

193 1027 357 1068 sapientiae
372 1036 439 1058 suae
454 1026 610 1058 revelavit
630 1027 807 1057 arcanum?
821 1026 973 1058 Constans

193 1083 240 1112 est
254 1083 361 1113 autem
377 1081 462 1122 quod
482 1082 562 1112 sicut
582 1081 725 1112 Christus
745 1090 804 1112 sua
819 1090 877 1121 pro
900 1081 971 1120 illis,

193 1135 249 1175 qui
272 1144 310 1166 ea
333 1135 515 1175 capiebant,
544 1135 742 1175 proponebat
768 1135 905 1175 eloquia,
930 1135 974 1166 ita

193 1188 311 1229 pariter
334 1190 366 1219 et
389 1188 546 1229 exempla.
574 1188 785 1229 Nequaquam
807 1189 908 1228 igitur
933 1198 974 1220 ex

193 1242 327 1282 invidia,
344 1242 398 1273 sed
420 1251 461 1273 cx
484 1241 638 1273 altissima
659 1242 895 1282 dispensatione
922 1253 973 1274 sa-

194 1296 324 1337 pientiae.
347 1295 421 1334 Dei,
444 1296 614 1327 dividentis
635 1296 719 1327 dona
751 1305 811 1327 sua
835 1296 974 1336 singulis

194 1352 291 1390 prout
306 1349 386 1389 vult,
401 1350 550 1390 quaedam
574 1352 798 1390 proponuntur
820 1350 975 1382 imitanda

194 1405 350 1447 praelatis,
366 1414 432 1435 non
453 1404 588 1435 subditis
599 1415 606 1442 ;
631 1404 779 1450 quaedam
797 1404 971 1445 spirituali-

193 1458 266 1497 bus,
280 1467 346 1490 non
356 1458 565 1496 animalibus,
583 1458 730 1498 quaedam
741 1458 896 1498 perfectiS,
910 1468 974 1489 non

194 1512 402 1552 Imperfectis3
418 1512 568 1553 quaedam
588 1512 781 1550 fortioribus,
804 1521 868 1543 non
883 1512 972 1543 infir-

195 1565 266 1604 mis,
282 1566 364 1597 sicut
379 1574 528 1606 expresse
541 1567 627 1605 patet
643 1565 675 1596 in
691 1566 879 1597 auctoritate
894 1575 975 1606 pree-

194 1620 292 1651 missa
315 1620 502 1660 Hieronymi
528 1622 639 1652 contra
661 1621 885 1652 Jovtntanum.
912 1619 975 1651 Nec

194 1675 303 1705 tamen
321 1673 467 1713 dicimus,
491 1674 574 1714 quod
600 1683 697 1714 opera
716 1674 923 1705 consiliorum
945 1675 976 1704 et

195 1729 520 1767 supererogationum
550 1727 613 1758 illis
652 1727 727 1758 solis
755 1729 976 1767 proponantur

196 1782 253 1822 qui
264 1783 334 1821 jam
349 1781 476 1821 perfecti
491 1783 581 1820 sunt3
601 1781 679 1821 quin
694 1781 800 1821 potius
814 1781 974 1820 omnibus,

196 1835 252 1875 qui
270 1835 309 1866 ad
331 1835 530 1875 perfectionis
546 1835 674 1865 culmen
696 1835 906 1865 conscendere
921 1844 977 1866 vo-

195 1888 278 1920 lunt.
295 1888 386 1926 Quod
401 1889 543 1929 quidem,
559 1890 713 1929 tanquam
733 1888 860 1918 difficile
878 1889 909 1918 et
924 1897 974 1918 ar-

153 1947 158 1952 '
196 1943 314 1981 duum,
345 1952 410 1974 non
439 1944 486 1974 est
508 1943 656 1973 omnium
668 1966 675 1980 ,
706 1942 759 1972 sed
784 1950 973 1982 paucorum.

196 1996 295 2028 Porro
309 1997 390 2027 ratio
410 1996 475 2035 illa,
498 2006 563 2037 qua
587 1996 819 2036 subsequenter
841 1997 974 2026 conatur

195 2052 337 2082 astruere
357 2050 471 2081 Christi
486 2059 582 2090 opera
597 2052 627 2081 et
642 2049 789 2089 exempla
810 2048 975 2089 aequaliter

196 2104 316 2135 cunctis
330 2113 397 2135 esse
418 2103 591 2144 proposita,
607 2103 684 2143 quia
705 2103 730 2133 si
752 2103 875 2143 aliquid
896 2102 973 2141 egit,

196 2157 282 2197 quod
302 2159 426 2188 tantum
450 2157 642 2187 imitandum
665 2158 747 2187 esset
771 2157 972 2196 imperfectis,

196 2211 359 2242 videretur
374 2213 450 2241 tunc
466 2211 551 2250 quod
566 2210 724 2241 debuisset
739 2219 876 2241 uxorem
891 2211 975 2241 acci-

197 2273 284 2305 pere,
303 2266 334 2295 et
352 2264 609 2295 contentionibus
623 2273 656 2294 se
677 2265 838 2302 ingerere,
860 2267 896 2294 ut
915 2264 973 2296 ho-

197 2328 271 2349 rum
286 2318 434 2358 exempla
449 2317 639 2358 imperfectis
660 2318 829 2357 praeberet,
854 2318 975 2350 nullius

197 2375 244 2403 est
258 2372 417 2410 efficaciae,
433 2371 488 2402 sed
512 2380 641 2410 niagnae
656 2372 836 2402 dementiae.
853 2371 977 2412 Nequa-

196 2435 295 2466 quam
309 2426 395 2456 enim
411 2425 568 2456 rationem
582 2425 664 2455 hanc
687 2425 884 2464 probabilem
908 2435 976 2456 cre—

196 2481 301 2520 deret,
333 2481 395 2511 nisi
422 2479 652 2520 experientIam
677 2480 813 2510 carnalis
836 2480 976 2511 libidinis

197 2535 228 2564 et
248 2534 535 2574 compugnantiam
557 2533 620 2563 litis
643 2533 903 2564 condescensioni
928 2533 974 2563 di-

198 2587 283 2618 vinae
294 2587 470 2619 dulcedinis
484 2587 517 2617 in
531 2587 647 2618 nostris
658 2587 900 2618 infirmitatibus
912 2595 977 2617 sus-

198 2640 360 2680 cipiendis,
385 2641 562 2672 temeritate
585 2641 723 2680 quadam
747 2649 897 2679 erronea,
922 2650 974 2671 co-

230 2704 351 2735 ¹Mattl1„
367 2706 479 2734 xl11,¹11.
496 2717 524 2723 -
540 2706 547 2718 “·’
562 2704 665 2732 inatile„
684 2710 719 2734 ΧΙ,
737 2705 774 2727 27.

1741 214 1801 244 419

1022 275 1177 314 aequaret,
1199 284 1236 306 ac
1259 275 1286 306 si
1308 277 1416 316 aperte
1436 276 1555 308 diceret
1573 285 1582 308 ε
1605 277 1638 310 Si
1658 277 1801 310 Christus

1022 325 1242 357 condescendit
1278 327 1457 359 infirmitati
1484 328 1638 360 humanae
1667 329 1700 360 in
1729 332 1800 361 actu

1023 379 1224 411 comestionis
1247 383 1278 412 et
1297 381 1387 422 fugae
1404 391 1412 413 :
1439 382 1509 423 pari
1528 383 1650 414 ratione
1675 384 1803 416 condes-

1023 433 1156 464 cendere
1170 433 1279 466 debuit
1299 435 1333 466 in
1347 438 1421 468 actu
1437 436 1573 468 carnalis
1595 437 1747 476 lihidinis,
1772 439 1805 470 et

1023 485 1086 517 litis
1103 488 1315 521 contentione.
1332 489 1485 531 Alioquin
1500 491 1581 522 ratio
1593 501 1651 523 sua
1665 500 1733 523 non
1745 501 1803 523 va-

1023 537 1076 570 let.
1099 539 1138 571 Et
1157 550 1231 573 vere
1250 551 1314 574 non
1334 544 1428 583 valet,
1447 545 1524 586 quia
1545 555 1609 577 non
1632 547 1677 577 est
1701 545 1805 577 simile

1023 593 1100 625 hinc
1116 595 1187 626 inde
1201 607 1207 626 :
1228 597 1306 637 quia
1321 598 1354 629 in
1370 599 1430 630 iliis
1449 599 1688 632 infirmitatibus
1700 600 1806 632 decuit

1024 648 1117 679 nobis
1141 650 1393 683 condescendere
1415 653 1591 693 Christum,
1617 663 1691 695 quae
1716 663 1804 686 com-

1025 702 1167 734 muniter
1177 705 1352 744 respiciunt
1365 708 1515 738 naturam
1529 707 1661 748 lapsam,
1679 718 1737 740 nec
1751 709 1807 740 ali-

1025 765 1124 796 quam
1148 757 1268 790 habent
1288 760 1463 792 foeditatem
1482 770 1659 801 annexam3
1681 763 1715 794 iu
1737 763 1807 794 aliis

1026 819 1103 841 vero
1119 820 1334 853 nequaquam.
1354 813 1507 853 Tandem,
1523 815 1550 846 si
1572 815 1646 856 quis
1665 816 1805 856 vigilan-

1026 866 1075 895 ter
1091 866 1233 897 attendat
1245 868 1321 907 quid
1335 868 1473 900 finaliter
1486 869 1646 901 concludit
1660 872 1692 901 et
1706 870 1808 902 inten-

1027 917 1083 954 dit,
1100 920 1245 958 patenter
1262 921 1417 960 advertet,
1431 923 1515 962 quod
1531 923 1671 964 seipsum
1686 924 1808 964 paralo-

1029 971 1164 1010 gizando
1174 974 1341 1014 multiplici
1352 975 1490 1008 involVIt
1503 986 1623 1009 errore.
1637 978 1692 1009 Ait
1701 978 1805 1009 enim:

1029 1024 1108 1056 Cum
1121 1027 1193 1058 duae
1204 1028 1267 1059 sint
1278 1031 1383 1069 partes
1396 1031 1605 1071 perfectionis,
1622 1032 1739 1064 scilicet
1751 1042 1810 1063 sua

1029 1079 1165 1111 vendere
1185 1090 1221 1112 ac
1243 1082 1446 1123 distribuere,
1468 1087 1499 1115 et
1518 1085 1680 1117 Christum
1700 1086 1808 1118 Domi-

1029 1143 1108 1164 num
1121 1136 1223 1175 sequi,
1240 1136 1320 1168 sicut
1331 1138 1370 1169 ad
1385 1139 1631 1170 fundamentum
1644 1140 1810 1180 religionis

1028 1186 1206 1226 requiritur
1229 1190 1419 1228 necessario,
1445 1191 1532 1231 quod
1554 1192 1662 1222 omnia
1684 1201 1743 1223 sua
1763 1201 1811 1223 re-

1029 1240 1170 1280 linquat,
1203 1242 1248 1272 sic
1279 1243 1320 1274 ad
1354 1245 1626 1284 complementum
1652 1246 1807 1286 exigitur,

1029 1294 1113 1334 quod
1137 1304 1195 1325 sua
1217 1295 1403 1337 relinquens
1423 1298 1585 1329 Christum
1609 1299 1754 1330 imitetur
1776 1300 1810 1331 111

1029 1348 1181 1379 omnibus
1215 1350 1311 1389 Juxta
1345 1351 1585 1390 possibilitatem
1618 1353 1807 1385 humanam.

1031 1402 1164 1442 Propter
1179 1404 1264 1444 quod
1280 1414 1344 1436 non
1360 1415 1492 1445 parvam
1512 1408 1624 1438 asserit
1638 1417 1706 1439 esse
1729 1408 1810 1439 blas-

1031 1455 1205 1495 phemiam,
1221 1457 1325 1489 dicere
1335 1458 1497 1491 Christum
1508 1460 1542 1491 111
1552 1461 1603 1491 1115
1615 1470 1689 1501 quae
1700 1471 1810 1493 secun-

1030 1509 1107 1540 dum
1115 1513 1263 1542 naturam
1271 1515 1411 1543 nostram
1418 1514 1527 1553 gessit,
1537 1515 1640 1545 nonin
1646 1516 1807 1555 omnibus,

1030 1563 1084 1594 sed
1105 1564 1139 1594 in
1161 1564 1321 1605 aliquibus
1345 1566 1548 1606 imitandum,
1572 1568 1617 1599 eis
1635 1569 1807 1609 potissime,

1030 1617 1085 1656 qui
1102 1618 1229 1657 perfecti
1239 1628 1308 1650 esse
1319 1621 1615 1653 conantur.Verum
1625 1622 1697 1653 licet
1709 1623 1808 1654 verba

1030 1670 1218 1711 hujusmodi
1238 1673 1270 1704 in
1293 1675 1460 1714 superficie
1477 1676 1647 1707 videantur
1667 1677 1809 1718 aliquam

1030 1726 1227 1764 praetendere
1242 1727 1410 1767 rationem,
1434 1731 1542 1760 tamen
1557 1731 1735 1762 secundum
1750 1741 1810 1763 ve-

1031 1778 1157 1809 ritatem
1170 1780 1368 1812 ratiocinatio
1384 1792 1440 1814 sua
1455 1784 1583 1815 nullum
1605 1786 1737 1816 omnino
1751 1786 1809 1816 ha-

1031 1832 1084 1863 bet
1098 1833 1256 1872 vigorem,
1274 1836 1327 1865 sed
1348 1838 1379 1866 et
1401 1837 1561 1868 conclusio
1585 1839 1810 1870 multimodam

1031 1886 1172 1917 continet
1190 1887 1370 1919 falsitatem.
1393 1889 1464 1921 Non
1479 1891 1566 1922 enim
1582 1894 1628 1923 est
1649 1893 1752 1924 simile
1771 1893 1810 1925 de

1031 1940 1217 1972 dimissione
1240 1951 1393 1981 suorum,
1422 1946 1452 1974 et
1477 1944 1655 1977 imitatione
1678 1949 1808 1978 actuum

1031 1993 1156 2025 Christi.
1176 1994 1256 2026 Nam
1270 1995 1429 2027 dimittere
1444 2007 1503 2028 sua
1520 2000 1608 2029 actus
1624 2001 1670 2030 est
1681 2010 1767 2031 unus
1780 2003 1810 2031 et

1030 2048 1209 2087 uniformis,
1229 2049 1285 2089 qui
1306 2050 1488 2089 perfectioni
1510 2061 1575 2082 non
1598 2056 1760 2092 consonat,
1784 2055 1811 2085 si

1031 2101 1199 2139 diminute,
1217 2102 1277 2133 hoc
1292 2105 1339 2133 est
1353 2105 1528 2135 secundum
1544 2108 1678 2146 partem,
1695 2110 1726 2139 et
1740 2117 1806 2139 non

1031 2157 1209 2187 secundum
1228 2159 1331 2188 totum
1352 2158 1423 2196 fiat3
1448 2161 1536 2189 actus
1561 2162 1670 2191 autem
1693 2160 1809 2193 Christi

1031 2212 1106 2240 sunt
1129 2210 1340 2241 multiformes
1368 2214 1398 2242 et
1424 2212 1521 2250 varii;
1547 2215 1578 2243 et
1604 2215 1753 2254 quamvis
1777 2216 1809 2245 in

1031 2264 1267 2304 comparatione
1291 2265 1328 2295 ad
1358 2264 1472 2296 Christi
1498 2275 1668 2306 personam
1699 2278 1810 2300 omnes

1032 2317 1095 2348 sint
1110 2318 1249 2357 perfecti,
1266 2320 1373 2349 tame-n
1387 2320 1563 2351 secuudum
1576 2323 1725 2352 naturam
1738 2332 1810 2362 pro-

1032 2371 1135 2410 priam
1144 2371 1275 2410 quidam
1291 2374 1365 2403 sunt
1375 2373 1573 2413 excellentes⁷
1591 2375 1722 2415 quidam
1738 2385 1810 2407 con-

1032 2424 1219 2462 descensivi,
1234 2425 1315 2456 sicut
1328 2426 1363 2456 in
1384 2427 1638 2466 praecedentibus
1660 2429 1809 2469 aliquali-

1033 2480 1080 2508 ter
1094 2478 1206 2518 patuit,
1227 2481 1258 2509 et
1281 2480 1513 2520 subsequenter
1533 2482 1663 2522 patebit.
1686 2482 1768 2514 Sane
1784 2484 1810 2514 si

1033 2541 1149 2562 verum
1173 2534 1230 2570 est,
1254 2533 1335 2564 sicut
1358 2534 1533 2573 concludit,
1554 2536 1639 2575 quod
1661 2538 1829 2576 perfectio.

1033 2586 1114 2617 dicat
1133 2586 1348 2617 universalem
1366 2588 1619 2619 conformitatem
1634 2590 1674 2620 ad
1696 2590 1811 2623 Christi

1033 2649 1140 2679 opera,
1155 2643 1183 2670 et
1196 2640 1391 2680 imperfectio
1403 2641 1630 2674 dissonantiam
1642 2644 1695 2684 (α),
1710 2645 1812 2676 multa

1066 2704 1099 2734 (α)
1117 2703 1177 2727 Cret.
1193 2703 1256 2728 edit.
1273 2703 1439 2728 dissonantia.
