2029 3052
56 563 133 583 Exem-

27 591 96 620 plum.

636 285 687 320 DE
711 285 789 321 UNO
809 286 840 318 S.
865 285 1055 318 DOCTORE.
1080 285 1212 318 SERMO
1235 285 1274 317 11.
1724 286 1764 316 87

145 357 274 395 pretium
289 359 332 387 est
346 357 440 386 videri
455 365 517 386 esse
530 356 688 394 sapientes,
713 364 805 394 quam
821 363 884 384 esse
899 356 929 383 et

146 414 209 434 non
218 405 323 434 videri.
339 405 382 434 Oh
397 413 488 442 quam
499 413 618 433 causam
634 404 776 441 Didymus
793 403 843 432 ille
857 402 926 440 phi-

146 453 290 490 losophus
304 451 472 481 Alexandro
483 453 588 488 Magno
603 451 755 489 quaerenti,
769 450 925 488 quomodo

148 500 265 536 sapiens
277 507 339 528 esse
354 501 463 536 posset,
478 499 548 527 talia
558 499 585 528 ei
600 507 743 536 responsa
758 497 924 526 mandavit:

152 548 249 575 «Deus
263 547 369 583 praesto
381 548 423 574 est
434 545 505 574 dare
520 536 574 574 tibi
587 546 762 583 sapientiam
771 555 779 582 3
796 545 848 574 sed
864 552 926 573 non

147 593 239 622 habes
251 593 303 622 ubi
315 596 412 622 teneas
423 602 499 628 eam,
513 602 580 622 cum
588 593 730 630 superbia
739 593 844 629 plenus
853 592 902 620 sis.
912 603 924 617 u

147 642 203 669 Vas
217 641 298 669 enim
311 641 373 669 vini
389 640 506 677 liquore
519 641 643 677 plenum
658 648 719 669 non
734 640 839 676 recipit
854 639 926 667 alte-

146 696 223 722 rum,
237 687 294 716 nisi
310 687 360 716 ille
375 687 457 724 prius
478 687 565 716 fuerit
588 687 708 716 effusus.
729 687 785 716 Sed
808 695 858 716 vas
873 695 926 715 va-

146 744 236 764 cuum
256 735 376 771 suspicit
395 735 473 763 intra
492 743 580 762 suum
594 743 760 763 concavum
776 733 927 771 quidquid

145 782 233 810 suerit
246 782 288 810 illi
303 781 444 810 infusum.
471 783 502 810 Et
522 784 644 818 propter
661 782 723 810 haec
739 782 840 810 omnia
856 780 927 809 dicit

147 830 231 865 Hugo
252 830 260 846 ¹
277 838 283 857 :
302 841 314 854 a
334 828 572 857 Fundamentum
591 829 718 857 scientiae
738 830 780 857 est
803 828 926 856 humili-

146 878 199 905 tas.
215 886 228 903 »
247 877 291 905 Ad
306 885 397 913 quam
412 877 466 904 tria
481 879 613 913 spectare
632 876 771 904 videntur
785 885 791 904 :
809 878 842 904 ut
857 876 925 904 nul-

146 924 207 952 lam
225 924 400 960 scripturam
414 924 506 952 vilem
527 924 656 959 habeas3
683 925 746 952 uta
768 923 852 951 nullo
875 923 927 951 ho-

146 971 226 999 mine
242 971 354 999 discere
367 971 536 1006 erubescas3
550 973 587 1005 et,
597 980 665 999 cum
675 971 827 999 scientiam
837 970 928 1007 adep-

147 1019 192 1045 tus
204 1017 304 1053 fueris,
320 1017 394 1046 alios
410 1026 470 1046 non
486 1020 668 1046 contemnas.
689 1018 720 1046 ln
737 1018 829 1046 verbo
846 1018 926 1046 enim

147 1064 274 1093 veritatis
294 1065 457 1101 prmmisso,
481 1068 508 1093 et
525 1065 563 1093 ad
586 1065 732 1094 honorem
753 1066 840 1100 hujus
856 1067 927 1093 Doc-

147 1111 218 1139 toris
240 1114 402 1148 assumpto,
420 1113 485 1140 etin
501 1113 622 1140 nomine
639 1113 702 1148 ejus
718 1113 808 1147 dicto,
828 1112 926 1140 inaxi-

147 1167 195 1187 me
209 1161 348 1187 notantur
364 1159 424 1186 duo
439 1169 445 1186 :
466 1167 537 1187 nam
551 1159 649 1195 primo
665 1160 704 1187 ad
726 1160 859 1187 divinam
876 1162 926 1188 Sa-

146 1205 289 1242 pientiam
315 1214 370 1234 nos
391 1206 511 1242 invitat3
528 1207 660 1235 secundo
687 1207 782 1241 viam,
809 1215 868 1243 qua
888 1207 927 1235 ad

147 1260 213 1280 eam
227 1253 461 1289 perveniendum
477 1255 529 1288 est,
549 1254 724 1282 manifestat.
746 1256 866 1282 Necesse
886 1256 928 1282 est

147 1300 236 1334 enim,
253 1300 336 1336 quod
352 1301 403 1336 qui
417 1301 481 1328 vult
496 1300 610 1328 donum
627 1301 755 1328 scientiae
771 1309 839 1328 cum
856 1303 928 1328 Doc-

146 1350 208 1376 tore
218 1348 276 1376 hoc
290 1348 453 1384 percipere,
463 1356 524 1376 non
538 1349 655 1383 ignoret
669 1349 849 1385 principium
861 1349 925 1385 viaeg

147 1395 229 1431 quia,
247 1395 388 1430 ignoratis
412 1395 577 1432 principiiS‚
603 1398 696 1423 artem
719 1396 856 1431 ignorare
875 1405 926 1424 ne-

147 1450 227 1470 cesse
243 1445 294 1477 est,
316 1443 390 1470 sicut
409 1442 606 1479 Philosophus
630 1443 725 1471 docet.
746 1444 791 1471 Sic
814 1452 867 1472 nec
887 1444 927 1472 ad

146 1497 223 1517 verae
238 1489 364 1517 scientiae
384 1489 523 1517 bravium
544 1490 726 1526 pervenitur,
747 1490 770 1517 si
786 1491 846 1525 via,
867 1500 927 1527 qua

147 1536 186 1563 ad
200 1544 266 1564 eam
292 1536 475 1573 pervenitur,
493 1537 655 1572 ignoratur.
674 1539 704 1565 Et
729 1538 797 1565 ideo
821 1540 926 1566 Doctor

147 1583 272 1611 eximius
286 1584 343 1610 hoc
366 1583 532 1618 advertens,
555 1584 663 1620 primo,
685 1584 789 1612 invitat
808 1593 863 1612 nos
884 1585 923 1612 ad

146 1630 331 1666 sapientiam,
356 1638 416 1666 qua
437 1630 537 1658 anima
553 1631 739 1665 informatur,
762 1640 830 1659 cum
854 1632 926 1659 dici-

146 1679 210 1704 tur:
227 1678 337 1704 Discite.
360 1678 494 1705 Secundo
515 1679 642 1706 ostendit
660 1678 810 1714 sapientiae
833 1679 927 1713 viam,

147 1732 207 1760 qua
221 1723 259 1752 ad
276 1732 342 1751 eam
357 1724 441 1751 citius
453 1725 631 1760 pervenitur,
648 1734 716 1753 cum
741 1726 824 1753 addit
838 1735 844 1753 ε
862 1728 928 1761 quia

146 1773 221 1798 mitis
236 1778 304 1804 sum,
321 1773 345 1798 et
360 1772 470 1799 humilis
489 1772 577 1799 corde.
599 1774 655 1800 Nec
677 1772 813 1800 videatur
834 1774 926 1801 mira-

146 1817 217 1852 bile,
232 1818 315 1854 quod
329 1818 490 1851 humilitas,
502 1827 571 1847 cum
584 1819 620 1847 sit
630 1819 748 1847 habitus
763 1820 925 1856 effectivus,

146 1864 182 1892 sit
196 1865 301 1892 mentis
316 1865 538 1901 illuminativus,
555 1866 625 1902 quia
638 1867 695 1894 hoc
711 1875 771 1894 non
786 1867 855 1895 facit
875 1876 928 1903 per

147 1920 177 1939 se
191 1912 401 1947 illuminando,
412 1914 464 1941 sed
479 1914 577 1949 potius
585 1917 730 1942 tumorem
741 1915 927 1950 evacuando,

147 1961 175 1986 et
190 1959 230 1987 sic
246 1960 326 1987 viam
346 1960 420 1988 lucis
445 1962 652 1996 praeparando‚
677 1961 719 1989 Ob
746 1970 835 1997 quam
858 1970 928 1990 cau-

147 2015 209 2034 sam
231 2007 337 2034 dicitnr
353 2009 363 2024 2
381 2017 387 2035 :
405 2017 417 2033 11
432 2008 484 2035 Ubi
497 2008 657 2042 humilitas,
679 2008 719 2036 ibi
742 2009 895 2044 sapientia.
912 2019 924 2034 »

147 2054 204 2082 Sed
218 2054 289 2090 quia
315 2054 352 2082 de
369 2054 533 2082 humilitate
552 2055 615 2090 jam
639 2056 730 2083 multa
748 2056 809 2083 dixi
826 2064 926 2092 supra,

148 2109 227 2129 nunc
243 2101 405 2129 dicendum
419 2104 507 2130 restat
526 2102 563 2130 de
575 2102 638 2130 sola
658 2103 790 2137 scientia,
806 2111 872 2139 quae
887 2105 929 2131 est

148 2157 202 2176 suo
219 2149 313 2176 modo
329 2149 435 2176 animae
457 2149 625 2185 perfectiva.
654 2150 778 2178 Scientia
802 2150 881 2177 enim
901 2152 929 2177 et

150 2196 327 2231 virtutibus,
350 2198 382 2223 ut
405 2196 475 2224 dicit
509 2197 704 2232 Philosophus
724 2198 751 2230 ³,
777 2198 929 2232 perficitur

151 2243 261 2271 anima.
291 2243 362 2270 Dicit
390 2252 460 2278 ergo
488 2244 535 2271 hic
562 2245 667 2271 Doctor
685 2253 691 2271 ε
719 2246 820 2271 Discite
840 2254 855 2271 a
878 2254 927 2273 me.

151 2290 268 2323 Discite,
283 2289 417 2325 inquam,
432 2290 529 2325 primo
545 2299 665 2318 causam
680 2290 817 2325 scientim,
836 2299 929 2328 prop-

151 2339 193 2365 ter
208 2345 309 2373 quam.
328 2336 430 2364 Discite
445 2337 576 2364 secundo
590 2337 716 2364 scientiae
732 2338 871 2372 formam,
888 2347 929 2367 se-

151 2384 283 2412 cundum
299 2391 400 2419 quam.
412 2383 514 2411 Discite
528 2384 610 2411 tertio
620 2385 747 2412 scientiae
760 2386 926 2420 materiam,

152 2431 228 2459 circa
248 2439 349 2466 quam.
373 2432 444 2457 Nam
464 2430 541 2457 circa
565 2431 739 2459 addiscendi
762 2433 930 2468 materiam,

151 2478 203 2505 illa
213 2477 268 2505 tria
280 2479 346 2504 sunt
354 2477 476 2505 sollicite
486 2477 679 2511 addiscenda,
690 2480 718 2505 et
727 2479 908 2507 attendenda
922 2489 928 2507 ε

151 2524 260 2561 primo,
277 2532 376 2558 causa,
392 2532 451 2560 qua
466 2524 611 2551 dehemus
630 2532 684 2551 nos
699 2525 738 2553 ad
753 2526 928 2554 discendum

150 2571 283 2606 moveri;
299 2571 443 2605 secundo,
457 2571 565 2604 forma,
590 2571 754 2599 secundum
772 2581 863 2608 quam
881 2573 930 2601 de-

182 2658 188 2673 *
206 2659 272 2687 Hug.
287 2670 316 2674 -
335 2658 345 2673 2
358 2657 442 2685 Prov.⁷
462 2662 502 2684 xr,
517 2658 540 2680 2.
555 2668 585 2673 -
606 2656 614 2671 3
632 2656 721 2686 Arist.,
743 2657 834 2681 Moy-al.
854 2658 930 2681 Νίνο-

150 2692 242 2722 mach.,
256 2691 299 2716 lib.
315 2692 346 2723 ll,
361 2699 384 2716 c.
402 2697 436 2716 vr.
453 2704 481 2709 -—
497 2692 506 2707 1
519 2692 605 2721 Greg.,
624 2691 724 2722 Moral„
739 2692 783 2715 lib.
799 2693 830 2722 X,
844 2700 868 2718 c.
885 2699 927 2725 xv,

150 2727 183 2752 al.
201 2733 260 2758 xw,
275 2728 316 2751 vel
332 2733 372 2757 xi,
388 2735 414 2751 n.
432 2729 470 2758 26,
492 2728 577 2758 quoad
596 2735 708 2752 sensum.
724 2741 755 2745 --
768 2729 777 2745 5
794 2729 927 2760 Αω111ο5.,

151 2763 182 2786 (ἴε
207 2763 270 2787 Cain
292 2765 314 2786 et
336 2763 407 2793 Abel,
431 2764 474 2786 lib.
499 2764 533 2793 ll,
554 2771 576 2787 c.
603 2769 635 2793 ιν,
658 2771 683 2787 11.
711 2765 747 2787 113.
767 2778 796 2781 -
817 2766 825 2778 ⁸¹
844 2765 929 2794 Pron,

982 354 1089 382 hernus
1096 353 1225 390 regulari
1235 364 1244 390 ;
1261 353 1358 389 tertio,
1373 353 1507 388 materia,
1518 353 1596 382 circa
1607 362 1699 391 quam
1714 354 1764 383 de-

983 401 1090 430 bemus
1103 401 1260 437 negotiari.

1221 487 1384 510 ARTIGULUS
1406 487 1526 510 PRIMUS.

1020 545 1099 581 Dico,
1116 545 1200 581 quod
1217 544 1315 581 prImo
1338 544 1474 573 omnium
1494 545 1641 574 debemus
1662 545 1765 574 videre

983 601 1114 627 causam,
1127 594 1249 629 propter
1265 600 1356 629 quam
1367 593 1406 621 ad
1421 592 1573 621 scientiam
1586 593 1701 621 moveri
1716 594 1765 622 de-

982 640 1099 668 bemus.
1115 641 1178 668 Non
1193 640 1283 675 igitur
1303 647 1392 668 causa
1409 648 1499 676 vana,
1522 648 1584 669 non
1598 640 1764 676 lucrativa;

983 688 1035 716 sed
1050 695 1139 716 causa
1155 687 1261 715 animae
1275 687 1436 724 perfectiva
1451 696 1506 716 nos
1519 687 1764 725 debetprincipa-

982 730 1047 763 liter
1057 735 1096 764 ad
1106 735 1259 763 scientiam
1280 743 1412 763 movere.
1427 736 1459 763 Et
1474 735 1539 763 talis
1558 743 1648 763 causa
1662 737 1705 763 est
1716 735 1767 763 tri-

983 783 1066 819 plex:
1088 782 1196 819 prima,
1222 783 1254 810 ut
1275 782 1450 810 recedamus
1471 790 1488 810 a
1503 782 1598 816 malo;
1623 782 1767 818 secunda,

983 829 1015 856 ut
1029 829 1221 865 proficiamus
1236 829 1265 857 111
1281 829 1364 857 bono
1373 839 1381 864 ;
1398 828 1481 857 tertia
1491 836 1574 863 vero,
1587 830 1619 856 ut
1631 829 1767 857 locemur

983 875 1013 903 in
1029 877 1160 912 optimo:
1177 879 1209 904 ut
1222 885 1355 905 recessus
1370 876 1477 904 amalo
1489 876 1525 904 sit
1544 876 1765 912 incipientium,-

983 923 1132 960 profectus
1147 924 1177 952 in
1193 924 1275 952 bono
1296 924 1332 952 sit
1345 923 1577 960 proficientium,
1597 923 1659 951 sive
1679 923 1766 951 labo-

984 971 1126 1006 rantium;
1138 972 1191 999 sed
1200 973 1291 999 status
1302 971 1332 999 111
1346 972 1459 1007 optimo
1471 971 1507 998 sit
1519 970 1764 1007 pervenientium.

1021 1018 1104 1046 Dico:
1128 1019 1246 1047 sibene
1275 1019 1388 1047 discere
1409 1018 1559 1052 volumus,
1588 1018 1686 1054 primo
1711 1026 1765 1045 ne—

985 1074 1063 1094 eesse
1078 1066 1224 1094 habemus
1238 1067 1269 1094 ut
1283 1066 1456 1094 recedamus
1468 1074 1485 1094 a
1498 1065 1590 1093 malo.
1602 1067 1670 1097 ,Non
1685 1065 1766 1093 enim

983 1116 1079 1149 potest
1094 1113 1160 1149 quis
1177 1113 1316 1141 inchoare
1332 1114 1458 1148 bonum,
1482 1112 1539 1140 nisi
1553 1112 1635 1149 prius
1651 1113 1767 1140 deserat

985 1161 1108 1188 malum.
1125 1161 1225 1189 Omnis
1246 1161 1326 1188 enim
1345 1161 1436 1189 homo
1453 1161 1494 1188 est
1512 1160 1622 1194 bonus,
1642 1159 1690 1187 vel
1704 1167 1767 1187 ma-

984 1208 1030 1236 lus
1047 1218 1053 1235 2
1071 1211 1137 1236 sunt
1153 1208 1231 1236 enim
1247 1208 1417 1236 immediate
1433 1207 1591 1235 contraria.
1605 1210 1680 1242 Ergo
1700 1207 1766 1234 nul-

985 1256 1032 1284 lus
1047 1257 1143 1292 potest
1159 1264 1221 1284 esse
1238 1256 1348 1290 bonus,
1371 1255 1427 1283 nisi
1449 1255 1565 1283 desinat
1580 1263 1642 1282 esse
1658 1254 1765 1289 malus,

984 1303 1059 1331 sicut
1079 1303 1180 1331 nullus
1203 1311 1338 1339 unquam
1362 1302 1470 1339 poterit
1491 1310 1553 1330 esse
1578 1310 1685 1337 sanus,
1711 1302 1767 1330 nisi

984 1351 1066 1387 prius
1081 1350 1196 1378 desinat
1212 1358 1274 1378 esse
1291 1350 1438 1377 infirmus.
1461 1351 1541 1384 Nam,
1564 1351 1634 1378 teste
1659 1351 1768 1385 Grego-

984 1398 1028 1426 rio
1039 1398 1049 1414 1
1065 1407 1071 1425 :
1091 1408 1105 1424 «
1118 1397 1172 1432 Qui
1186 1398 1293 1425 volunt
1304 1397 1335 1424 in
1349 1405 1422 1433 agro
1438 1397 1600 1432 seminare,
1615 1396 1697 1433 prius
1710 1398 1768 1423 5111-

984 1446 1074 1473 deant
1088 1454 1124 1473 ex
1144 1453 1179 1473 eo
1200 1445 1307 1473 herbas
1326 1445 1432 1473 noxias
1456 1452 1619 1472 removere.
1635 1454 1648 1470 1)
1666 1443 1768 1471 Nullus

984 1493 1075 1527 enim,
1089 1492 1145 1520 nisi
1161 1492 1276 1527 stultus,
1297 1491 1422 1519 seminat
1441 1491 1517 1519 inter
1538 1491 1653 1528 spinas;
1671 1491 1723 1518 sed
1737 1490 1768 1518 in

984 1542 1061 1568 terra
1076 1548 1156 1567 novo
1180 1541 1277 1567 aratro
1299 1539 1405 1575 saepius
1420 1538 1521 1569 scissa,
1541 1540 1568 1566 et
1592 1538 1632 1566 510
1648 1538 1768 1566 501111111-

984 1583 1041 1611 bus
1056 1585 1134 1618 apta.
1152 1583 1196 1610 Sic
1212 1584 1254 1610 est
1270 1584 1297 1609 et
1308 1582 1339 1609 in
1355 1581 1465 1615 anima,
1483 1581 1553 1617 quia
1570 1589 1630 1608 non
1647 1583 1768 1616 estapta

985 1630 1132 1666 suscipere
1159 1630 1208 1657 Dei
1229 1630 1320 1664 dona,
1341 1629 1396 1656 nisi
1413 1629 1530 1656 deserat
1553 1628 1644 1662 mala,
1666 1630 1693 1655 et
1715 1636 1768 1663 per

985 1678 1122 1706 dolorem
1147 1677 1198 1704 fiat
1219 1676 1295 1711 trita,
1319 1678 1345 1703 et
1365 1675 1508 1711 disposita
1531 1674 1664 1702 divinam
1692 1675 1768 1702 acci-

984 1733 1054 1760 pere
1079 1724 1214 1760 gratiam.
1238 1723 1319 1750 Unde
1341 1722 1514 1750 Ambrosius
1533 1723 1542 1739 5
1567 1730 1572 1749 :
1602 1723 1769 1756 «Egressus

985 1771 1045 1799 vitii
1063 1772 1111 1807 (ιι),
1128 1770 1242 1798 virtutis
1257 1772 1397 1806 operatur
1411 1769 1586 1804 ingressum.
1603 1779 1615 1795 »
1633 1769 1712 1796 Unde
1726 1768 1769 1796 di-

985 1819 1059 1846 citur
1069 1819 1096 1846 6;
1113 1828 1125 1843 a
1138 1817 1192 1851 Qui
1208 1817 1296 1845 evitat
1312 1816 1435 1851 discere,
1448 1816 1557 1844 incidet
1571 1816 1602 1844 in
1616 1816 1740 1844 malum.
1753 1826 1766 1842 n

986 1868 1062 1900 Ergo
1084 1874 1099 1893 e
1121 1864 1268 1892 contrario
1298 1872 1404 1898 sensu,
1432 1863 1484 1899 qui
1512 1863 1608 1891 studet
1637 1863 1769 1897 discere,

985 1913 1056 1940 sciet
1076 1913 1169 1939 vitare
1190 1911 1269 1938 mala
1285 1920 1292 1939 :
1308 1919 1369 1938 non
1394 1910 1473 1938 enim
1489 1912 1585 1946 potest
1605 1910 1690 1938 vitari
1706 1918 1770 1938 ma-

986 1959 1123 1992 lum,nisi
1137 1958 1303 1993 cognitum.
1316 1957 1468 1994 Numquid
1480 1965 1541 1985 non
1557 1957 1619 1985 avis
1628 1957 1772 1993 laqueum

986 2006 1157 2039 declinaret,
1169 2005 1192 2032 si
1204 2013 1275 2032 eum
1288 2005 1502 2040 cognosceret?
1518 2004 1587 2033 ideo
1599 2005 1677 2032 enim
1685 2005 1773 2032 bruta

987 2054 1115 2082 declinat
1129 2061 1183 2081 sua
1206 2053 1327 2086 nociva,
1352 2052 1423 2088 quia
1438 2052 1475 2079 de
1498 2052 1539 2079 eis
1562 2052 1673 2080 habent
1688 2054 1773 2079 natu-

986 2102 1081 2129 ralem
1096 2101 1265 2128 seientiam.
1288 2102 1335 2128 Est
1350 2107 1421 2135 ergo
1437 2099 1585 2126 sufficiens
1599 2099 1720 2126 scientia
1735 2100 1774 2127 ad

986 2148 1195 2184 cognoscenda
1220 2150 1354 2183 peccata,
1380 2147 1418 2174 ad
1442 2146 1566 2174 salutem
1584 2146 1772 2174 necessaria:

987 2204 1022 2223 eo
1042 2195 1125 2231 quod
1149 2195 1235 2222 vitari
1261 2202 1321 2221 non
1346 2193 1476 2229 possint,
1501 2192 1556 2220 nisi
1581 2193 1716 2229 cognitag
1748 2196 1775 2220 1-1

986 2251 1048 2270 non
1062 2242 1164 2275 vitata,
1185 2241 1320 2276 obligant
1334 2248 1389 2267 nos
1404 2240 1443 2267 ad
1452 2248 1591 2275 poenam:
1609 2248 1700 2276 quam
1712 2248 1773 2276 poe-

986 2298 1057 2317 nam
1072 2297 1133 2316 non
1159 2288 1266 2315 minuit
1288 2287 1466 2322 ignorantia,
1486 2295 1553 2322 quae
1575 2286 1642 2314 licet
1657 2289 1774 2315 excuset

986 2344 1004 2364 a
1025 2337 1124 2369 tanto,
1148 2343 1210 2362 non
1233 2337 1334 2362 tamen
1357 2343 1374 2362 a
1395 2336 1467 2362 toto.
1485 2336 1517 2362 Et
1537 2336 1694 2370 propterea
1709 2336 1774 2361 Ber-

987 2383 1120 2417 nardus,
1148 2390 1299 2418 exponens
1325 2381 1399 2408 illud
1429 2381 1577 2417 Αρο510117
1595 2391 1601 2408 z
1622 2391 1634 2407 <‹
1649 2381 1774 2408 Scientia

990 2431 1083 2463 inflat,
1102 2429 1228 2457 charitas
1241 2428 1396 2462 afdificatst)
1416 2429 1517 2462 1110113,
1534 2428 1616 2463 quod
1630 2428 1684 2455 ista
1699 2428 1773 2462 duo,

989 2477 1118 2505 charitas
1141 2479 1168 2504 ct
1192 2476 1329 2508 scientia,
1348 2478 1416 2502 sunt
1438 2475 1476 2503 ad
1494 2475 1619 2502 salutem
1638 2482 1773 2502 necessa-

989 2525 1049 2559 ria3
1069 2532 1104 2552 eo
1130 2523 1212 2559 quod
1234 2523 1355 2550 scientia
1373 2522 1435 2549 sine
1461 2522 1600 2549 charitate
1623 2521 1721 2556 inflat,
1747 2523 1774 2549 et

994 2571 1120 2599 charitas
1142 2570 1204 2598 sine
1222 2570 1343 2598 scientia
1365 2571 1450 2597 errat.
1468 2568 1546 2595 Multi
1562 2568 1641 2595 enim
1656 2568 1774 2596 suerunt
1795 2574 1798 2576 ’

991 2618 1044 2645 viri
1071 2617 1255 2651 sanctissimi,
1279 2617 1329 2652 qui
1345 2617 1469 2652 propter
1484 2615 1628 2642 defectum
1645 2615 1773 2643 scicntiae

991 2692 1063 2715 xvn,
1088 2687 1125 2709 16.
1140 2697 1170 2702 ——
1194 2686 1201 2699 ⁷
1221 2686 1227 2708 1
1253 2684 1322 2712 Corn,
1345 2690 1403 2713 vm,
1427 2686 1448 2706 1.
1464 2696 1495 2699 -
1518 2684 1526 2697 ⁸
1545 2683 1670 2713 Β5111.,ιή
1688 2683 1772 2713 Cant„

990 2728 1070 2746 serm.
1087 2727 1182 2751 xxxvi,
1196 2728 1222 2744 n.
1241 2722 1254 2744 G
1271 2722 1295 2744 et
1311 2727 1377 2750 seq„
1393 2720 1417 2743 et
1432 2726 1508 2743 serm.
1524 2725 1596 2749 inx,
1610 2726 1635 2743 11,
1651 2720 1674 2743 2.

1021 2764 1053 2795 (a)
1074 2763 1148 2794 Apud,
1161 2762 1277 2787 Δηιόνος.
1295 2762 1411 2786 inalitiae.
