2029 3052
227 237 288 271 2³04

522 340 650 368 Psmus
662 339 709 366 29.

263 402 407 431 Exultabo
417 404 456 439 te,
468 402 603 437 Domina,
615 401 761 439 quoniam
771 399 926 437 suscepisti
938 406 1004 427 me:

227 449 267 478 ab
281 449 386 486 iniquo
402 449 574 478 adversario
587 456 655 478 meo
669 447 813 477 liberabis
827 455 887 475 me.

227 489 235 494 ’
261 497 437 525 Convertere
453 497 493 525 ad
511 504 571 531 me,
586 497 614 525 et
627 495 747 524 vivifica
769 502 829 529 me,
851 493 889 522 de
913 492 1007 530 portis

226 544 330 572 mortis
341 543 434 572 reduc
447 551 495 572 me
511 553 518 572 ε
535 543 612 572 etde
622 542 761 572 fluctibus
770 540 1008 574 tribulationum,

227 598 294 627 quae
307 590 568 619 circumdederunt
581 599 639 619 me.

262 639 384 674 Propter
397 638 556 675 imperium
569 640 598 666 et
610 637 863 674 magnificentiam
878 635 1008 664 dexterae

227 686 283 713 tuae
309 693 317 712 z
344 687 463 714 contere
491 687 520 714 et
547 685 659 722 dissipa
686 692 791 715 omues
819 681 1008 712 adversarios

227 739 321 760 meos.

263 781 295 808 Et
308 788 364 816 ego
378 780 501 809 offeram
515 780 569 809 tibi
584 779 762 808 sacrificium
776 778 892 807 laudis:
903 780 931 806 et
944 777 1008 814 glo-

226 826 303 855 riam
316 829 398 855 tuam
412 827 546 856 devotius
555 827 704 855 exaltabo.

263 874 406 909 Exultate,
421 874 498 909 coeli,
514 877 543 904 et
552 873 731 910 jucundare,
745 875 836 902 terra:
853 872 924 909 quia
936 879 1007 900 con-

227 921 373 950 solabitur
396 922 429 957 (a)
453 922 542 951 Maria
565 930 667 950 servos
686 929 772 956 suos,
793 923 821 949 et
842 927 1007 957 pauperum

227 976 350 997 suorum
366 969 564 998 miserebitur.
583 961 680 997 Gloria
695 969 782 1004 Patri,
796 970 851 996 etc.

524 1053 651 1080 psumus
666 1051 712 1079 30.

265 1112 295 1139 ln
318 1113 357 1146 te,
379 1111 514 1147 Domina,
539 1112 668 1148 speravi,
693 1118 755 1140 non
784 1108 951 1139 confundar
978 1107 1009 1136 in

227 1159 369 1187 aeternum
386 1168 393 1186 :
409 1159 439 1187 in
454 1159 547 1195 gratia
562 1161 613 1187 tua
626 1159 743 1194 suscipe
755 1165 813 1185 me.

262 1208 303 1234 Tu
318 1214 350 1234 es
362 1206 504 1235 fortitudo
520 1214 588 1234 mea
598 1208 626 1234 et
640 1205 789 1241 refugium
801 1212 902 1232 meum
914 1212 921 1231 z
937 1210 1009 1231 con-

222 1253 332 1282 solatio
347 1261 415 1282 mea
430 1257 457 1282 et
472 1253 616 1290 protectio
629 1261 706 1282 mea.

263 1301 305 1330 Ad
329 1303 366 1336 te,
394 1301 527 1335 Domina,
548 1301 687 1335 clamavi,
718 1300 788 1328 dum
819 1298 1010 1327 tribularetur

228 1357 279 1376 cor
293 1356 394 1376 meum
406 1359 414 1375 ε
438 1350 466 1376 et
480 1349 626 1377 exaudisti
647 1357 694 1376 me
710 1347 747 1376 de
763 1347 871 1375 vertice
887 1345 1010 1374 collium

226 1398 414 1424 aeternorum.

263 1443 376 1471 Educas
391 1451 438 1471 me
464 1442 501 1471 de
526 1442 648 1479 laqueo,
671 1449 760 1478 quem
786 1440 1010 1469 absconderunt

228 1490 300 1518 mihi
316 1499 322 1517 ι
339 1490 483 1526 quoniam
500 1493 529 1518 tu
545 1498 575 1518 es
587 1490 715 1525 adjutrix
732 1497 808 1516 mea.

259 1539 288 1565 ln
305 1545 411 1565 manus
424 1540 498 1572 tuas,
516 1538 650 1571 Domina,
667 1536 848 1565 commendo
869 1535 1008 1571 spiritum

228 1593 354 1612 meum:
378 1587 468 1613 totam
484 1585 573 1613 vitam
593 1592 690 1612 meam
713 1587 739 1612 et
766 1583 846 1611 diem
871 1582 1010 1610 ultimum

228 1639 338 1660 meum.
353 1632 451 1660 Gloria
466 1632 550 1667 Patri,
568 1634 620 1659 etc.

524 1713 648 1740 rsiiuus
663 1714 706 1739 31.

265 1773 351 1807 Beati,
369 1781 498 1809 quorum
514 1773 642 1801 cordate
653 1773 790 1807 diligunt,
803 1772 889 1807 Virgo
904 1771 1008 1799 Maria:

229 1822 351 1856 peccata
369 1819 500 1856 ipsorum
516 1829 534 1848 a
556 1822 583 1848 tc
599 1819 828 1847 misericorditer
849 1819 1009 1846 diluentur.

266 1869 381 1902 Sancta,
397 1870 476 1896 casta
492 1870 519 1896 et
536 1868 674 1903 florigera
690 1868 783 1895 ubera
797 1870 865 1895 tua:
883 1875 949 1903 quie
960 1867 1012 1894 tlo-

230 1923 293 1943 rem
306 1915 461 1943 viriditatis
473 1918 624 1952 perpetum
640 1918 811 1952 eruperunt.

268 1964 359 1990 necor
382 1963 609 1998 pulchritudinis
630 1966 685 1991 tuoe
710 1962 931 1999 corruptionem
950 1969 1011 1989 non

232 2010 361 2037 videbit:
379 2012 405 2037 et
420 2009 519 2037 vultus
535 2010 573 2037 tui
599 2010 692 2043 gratia
709 2010 737 2037 in
759 2012 934 2046 perpetuum
952 2017 1011 2037 uon

232 2059 402 2084 marcescet.

270 2104 424 2131 Benedicta
449 2106 488 2138 tu,
507 2104 592 2138 Virga
615 2105 691 2131 lesse
717 2104 876 2131 sublimis:
899 2104 970 2139 quia
987 2105 1012 2130 te

233 2159 327 2187 usque
342 2151 379 2178 ad
395 2151 547 2178 sedentem
560 2151 589 2178 in
605 2151 712 2179 throno
728 2151 867 2179 dilatasti.

269 2199 290 2225 Ο
307 2199 392 2230 Virgo
409 2198 530 2231 Regina,
547 2198 610 2234 ipsa
630 2207 660 2225 es
677 2198 724 2225 via
742 2207 747 2225 z
772 2206 825 2234 per
847 2206 938 2234 quain
959 2206 1013 2225 nos

233 2245 312 2273 salus
334 2245 370 2273 de
387 2245 521 2280 supernis
538 2244 660 2272 sedibus
685 2245 819 2273 visitavit.
843 2245 942 2273 Gloria
965 2247 1013 2273 Pa-

234 2292 280 2326 tri,
297 2294 348 2320 etc.

527 2330 652 2357 Psrmus
668 2329 713 2356 ΒΞ.

273 2387 416 2421 Erultate,
431 2387 511 2422 justi,
532 2387 562 2414 in
579 2387 694 2422 Virgine
712 2387 799 2415 uaria
816 2397 821 2415 :
840 2389 866 2415 et
882 2388 912 2415 in
928 2387 1014 2415 recti-

237 2435 339 2462 tudine
355 2434 454 2462 cordis
469 2434 635 2462 collaudate
652 2443 728 2462 cani.

272 2481 404 2510 Accedite
424 2482 462 2509 ad
486 2490 550 2509 earn
577 2490 644 2509 cuin
669 2482 832 2510 reverentia
868 2484 895 2510 et
922 2482 1015 2510 devo-

237 2530 334 2557 tione:
352 2531 380 2556 et
394 2529 554 2557 delectetur
569 2537 620 2557 ror
642 2531 770 2556 vestrum
788 2531 816 2556 in
840 2529 1015 2557 salutatione

238 2577 310 2611 ejus

275 2624 436 2659 impendite
454 2624 494 2651 illi
511 2624 686 2651 sacrificium
708 2624 805 2652 laudis
822 2634 827 2651 :
845 2628 871 2652 et
888 2625 1015 2652 inebria-

240 2671 310 2699 mini
328 2671 366 2698 al)
382 2671 523 2699 uberibus
538 2671 668 2699 dulcoris
682 2671 768 2698 iliius.

276 2719 369 2747 influit
397 2719 475 2746 enim
504 2719 588 2747 vobis
615 2718 715 2746 radios
739 2727 798 2746 suae
822 2719 936 2754 pietatis
954 2728 960 2746 ε
992 2722 1018 2747 et

563 236 820 272 PSALTERIUM
841 235 969 269 MAms
989 235 1134 268 BEATAE
1154 235 1296 268 MAmAE
1313 234 1502 269 VlRGlNlS.

1060 303 1236 333 clarificabit
1258 312 1314 332 vos
1337 303 1506 340 fulgoribus
1529 301 1742 332 misericordia
1769 311 1841 334 sum.

1096 351 1295 380 suavissimus
1318 353 1361 380 est
1382 351 1495 379 fructus
1518 349 1622 378 illius:
1640 349 1673 378 in
1691 357 1744 378 ore
1762 351 1793 379 et
1810 350 1843 379 in

1061 397 1152 427 corde
1166 397 1306 435 sapientis
1320 397 1472 426 dulcescit.
1489 396 1590 427 Gloria
1600 396 1689 432 Patri,
1703 397 1760 425 etc.

1363 481 1489 509 Pennus
1503 480 1548 509 33.

1096 540 1275 569 Benedicam
1300 540 1457 569 Dominam
1478 540 1510 568 in
1533 539 1615 568 omni
1638 541 1796 577 tempore:
1813 541 1843 568 et

1061 595 1123 616 nou
1137 586 1253 616 deficiet
1266 587 1332 616 laus
1346 587 1412 623 ejus
1425 587 1456 615 in
1471 594 1523 616 ore
1534 595 1615 616 meo.

1093 635 1275 670 magnificate
1290 643 1358 664 eam
1380 643 1499 664 mecum
1518 643 1642 664 omnes:
1658 634 1711 672 qui
1732 634 1842 672 impin-

1061 682 1141 718 guati
1155 682 1223 711 estis
1237 682 1325 711 melle
1341 685 1370 711 et
1383 683 1459 711 lacte
1474 681 1664 711 recreationis
1678 682 1754 718 ejus.

1098 731 1129 758 ln
1142 729 1295 766 periculis,
1311 730 1341 758 in
1359 730 1450 760 rebus
1472 729 1573 758 dubiis
1599 728 1737 757 invocate
1751 736 1819 757 eam
1835 737 1843 757 :

1062 776 1134 805 etin
1154 777 1376 805 necessitatibus
1401 776 1558 805 invenietis
1576 775 1722 804 auxilium
1747 777 1775 804 et
1795 783 1844 804 re-

1062 823 1216 859 frigerium
1229 824 1327 852 dulce.

1098 871 1208 900 Sumite
1241 871 1415 908 exemplum
1448 869 1683 899 conversationis
1705 869 1768 906 ejus
1787 878 1794 897 :
1818 871 1848 898 et

1062 918 1245 947 aemulamini
1258 918 1357 946 studia
1371 917 1520 946 charitatis
1529 919 1557 946 et
1570 916 1844 946 humilitatisillius.

1095 965 1169 1000 Quia
1192 973 1275 1001 ergo,
1301 965 1436 1000 Domina,
1459 964 1630 993 humillima
1652 963 1731 992 fuisti
1747 972 1756 992 ε
1775 964 1847 991 Ver·

1063 1012 1138 1040 bum
1151 1012 1316 1041 increatum
1326 1014 1400 1040 exte
1413 1019 1535 1040 carnem
1547 1011 1697 1048 suscipere
1713 1009 1846 1046 coegisti.

1064 1059 1162 1088 Gloria
1176 1059 1262 1094 Patri,
1279 1061 1333 1087 ete.

1361 1142 1489 1170 Psimus
1505 1141 1549 1170 3⁴.

1101 1203 1215 1239 Judiea‚
1232 1205 1367 1239 Domina,
1383 1205 1524 1232 nocentes
1538 1210 1586 1232 me
1602 1211 1610 1230 :
1625 1204 1654 1231 et
1672 1204 1775 1231 contra
1797 1209 1850 1231 eos

1065 1259 1186 1286 exurge,
1202 1253 1230 1279 et
1241 1251 1360 1279 vindica
1375 1259 1497 1280 causam
1513 1258 1622 1278 meam.

1101 1299 1207 1326 Anima
1219 1306 1286 1326 mea
1301 1298 1333 1326 iu
1349 1301 1375 1326 te
1395 1298 1561 1326 laetabitur:
1578 1299 1607 1325 et
1622 1297 1678 1325 tuis
1698 1297 1850 1325 beneficiis

1065 1345 1189 1374 devotus
1201 1345 1352 1374 exultabo.

1101 1393 1198 1421 Gratia
1221 1395 1249 1420 et
1272 1392 1431 1420 dulcedine
1456 1395 1506 1421 tua
1528 1392 1610 1429 pleni
1634 1394 1703 1420 sunt
1727 1391 1794 1420 coeli
1820 1393 1849 1420 ct

1066 1442 1144 1468 terra
1166 1449 1172 1467 :
1202 1439 1340 1475 undique
1368 1439 1425 1467 tuis
1461 1439 1616 1467 beneficiis
1647 1439 1762 1467 irretisti
1795 1446 1850 1466 nos

1065 1494 1193 1523 semper.

1103 1537 1297 1572 Quocumque
1320 1536 1399 1564 enim
1422 1535 1576 1572 pergimus
1593 1545 1599 1564 :
1617 1535 1745 1564 occurrit
1762 1535 1850 1564 nohis

1067 1583 1188 1611 ditl‘usio
1203 1584 1244 1610 tui
1258 1584 1332 1611 uteri
1347 1583 1511 1618 virginalis.

1103 1633 1262 1659 curramus
1273 1639 1355 1664 crgo,
1372 1630 1548 1665 charissimi,
1565 1633 1593 1658 et
1608 1630 1647 1658 ita
1670 1629 1802 1658 nobilem
1822 1631 1851 1657 ct

1067 1678 1241 1706 dulcitluum
1256 1677 1406 1713 virginem
1419 1676 1580 1705 salutemus
1596 1687 1602 1705 ι
1624 1679 1655 1705 ut
1670 1677 1700 1704 in
1716 1684 1776 1704 suae
1786 1675 1850 1704 dul-

1067 1726 1180 1753 cedinis
1195 1725 1309 1761 gremio
1325 1725 1524 1761 quiescamus
1541 1724 1642 1752 Gloria
1656 1723 1744 1758 Patri,
1761 1725 1816 1752 etc.

1365 1809 1491 1835 Psitnus
1506 1808 1551 1835 35.

1105 1866 1180 1893 Dixit
1195 1865 1330 1900 injustus.
1348 1868 1377 1893 ut
1399 1868 1499 1902 peccet
1522 1865 1552 1892 in
1573 1863 1771 1893 abscondito:
1798 1870 1850 1899 per

1068 1915 1095 1941 te
1112 1914 1145 1949 (b)
1161 1921 1178 1940 a
1198 1913 1277 1941 malo
1293 1913 1446 1949 proposito
1459 1912 1602 1945 discedat,
1617 1913 1705 1940 Mater
1722 1910 1781 1938 Dei.

1106 1960 1215 1988 inclina
1239 1960 1353 1987 vultum
1380 1961 1428 1987 Dei
1453 1968 1541 1996 super
1566 1967 1637 1987 nos:
1665 1966 1740 1993 coge
1765 1956 1850 1984 illum

1069 2007 1275 2043 peccatoribus
1291 2007 1432 2035 misereri.

1107 2054 1240 2088 Domina,
1257 2054 1286 2081 in
1303 2054 1376 2081 cneio
1393 2053 1596 2081 misericordia
1611 2054 1660 2080 tua
1678 2060 1683 2078 :
1712 2052 1739 2078 et
1757 2049 1851 2086 gratia

1070 2104 1119 2129 tua
1135 2101 1243 2129 diffusa
1257 2103 1400 2137 estsuper
1421 2103 1538 2128 terram.

1107 2148 1236 2176 Potentia
1251 2150 1278 2176 et
1303 2148 1394 2175 virtus
1416 2148 1445 2175 in
1467 2146 1589 2175 brachio
1617 2149 1684 2174 tuo:
1709 2144 1801 2172 robur
1824 2145 1852 2171 ct

1071 2195 1213 2223 fortitudo
1230 2196 1259 2222 in
1276 2195 1396 2222 dextera
1412 2197 1470 2222 tua.

1107 2242 1296 2270 Benedictum
1314 2242 1349 2269 sit
1362 2242 1520 2277 imperium
1536 2243 1620 2269 tuum
1636 2248 1726 2276 super
1740 2241 1850 2270 coelos:

1071 2289 1228 2318 benedicta
1247 2289 1282 2316 sit
1303 2288 1523 2323 magnificentia
1545 2291 1594 2316 tua
1619 2296 1708 2324 super
1729 2290 1851 2317 terram.

1072 2337 1180 2371 Gloria,
1197 2338 1250 2364 etc.

1372 2411 1496 2437 l‘suuus
1511 2411 1554 2437 36.

1109 2481 1171 2509 Noli
1187 2481 1318 2509 {emulari
1335 2481 1364 2508 in
1379 2479 1621 2513 malignantibus,
1643 2479 1767 2506 Domina
1782 2488 1788 2506 z
1808 2479 1853 2506 su-

1073 2537 1171 2557 rorem
1187 2536 1291 2556 eorum
1305 2527 1443 2555 dulcitica
1458 2535 1510 2562 per
1524 2526 1649 2561 gratiam
1666 2528 1756 2553 tuam.

1110 2578 1227 2612 Sperate
1243 2575 1273 2602 in
1287 2575 1348 2608 iila,
1363 2574 1492 2606 reli-„riost
1510 2576 1533 2600 et
1552 2572 1720 2600 claustrales
1737 2582 1743 2600 z
1761 2572 1854 2601 confi-

1075 2624 1133 2651 dite
1150 2623 1179 2650 in
1195 2623 1257 2657 illa,
1274 2622 1371 2650 clerici
1388 2625 1415 2650 et
1427 2621 1589 2649 swculares.

1108 2725 1143 2755 (α)
1160 2724 1220 2747 Coet.
1239 2723 1299 2746 edit.
1319 2722 1475 2746 consolatur.
1489 2733 1518 2739 -
1536 2722 1568 2750 'hl
1589 2722 1649 2746 llam
1667 2728 1703 2745 se.
