2029 3052
230 263 271 294 90
601 259 812 293 SERMONES
833 259 881 291 DE
903 258 1072 291 SANCTlS
1094 258 1137 291 ΙΝ
1159 258 1351 293 COMMUNI.
1375 260 1481 294 XXXI.

231 329 311 358 enim
324 329 487 358 delectatur
501 329 565 358 ovis
578 328 761 358 ruminando
781 327 868 365 quod
889 327 1012 365 carpsit,

231 385 324 414 quam
337 376 489 414 carpendo
504 376 589 414 quod
608 375 731 405 invenit.
747 377 824 412 Ergo
846 375 871 403 si
892 375 1013 411 ignores

229 425 295 460 ista,
317 432 336 453 o
357 423 466 452 mulier
484 423 697 461 pulcherrima,
712 429 732 451 o
746 422 884 451 omnium
898 425 1013 451 creatu·

229 481 332 502 rarum
345 471 532 509 dignissima,
543 470 682 499 videlicet
697 469 850 499 rationalis
865 472 1011 506 creatura,

230 520 308 549 vade
315 520 400 556 juxta
407 518 574 549 Salomonis
583 518 761 546 sententiam
772 518 779 535 ¹
793 519 821 546 et
833 517 1011 553 doctrinam,

230 569 298 603 post
317 573 443 603 gregum
462 565 598 601 vestigia,
614 566 643 593 et
658 564 738 593 disce
753 572 771 594 a
785 564 880 593 brutis
894 565 1013 602 sapien-

231 614 311 642 tiam.
328 613 374 642 Sic
389 615 399 631 ²
417 621 423 641 ε
443 612 550 640 «Vade
570 611 610 640 ad
632 611 801 646 formicam,
825 619 843 640 o
866 612 962 649 piger,
985 614 1014 640 et

231 659 387 690 considera
400 659 465 688 vias
479 659 554 695 ejuS,
571 661 600 688 et
615 659 695 688 disce
715 659 903 697 sapientiam.
919 669 932 686 »
951 661 973 688 Ο
988 659 1012 687 si

231 707 433 736 consideraret
445 707 538 736 homo
551 707 708 736 formicam
721 709 781 736 tam
795 707 935 743 exiguam
950 714 1013 734 car-

229 763 278 789 ne,
292 762 384 792 quam
395 762 432 782 ex
447 754 564 782 ossibus
577 753 704 789 nullam,
720 762 812 791 quam
829 755 865 782 sit
880 753 1012 790 pruden-

230 802 342 830 t15sima
355 808 479 830 acervos
493 800 549 829 sibi
564 800 715 837 faciendo,
729 809 822 838 qnam
842 800 1012 838 prudentis-

229 849 306 877 sima
319 848 356 876 sit
370 855 464 884 grana
486 848 516 876 in
538 848 640 876 cibum
655 848 712 876 sibi
726 848 902 885 qumi-endo,
920 855 1013 884 quam

230 895 458 933 prudentissima
477 895 514 923 sit
528 895 603 923 inter
625 903 719 930 grana
744 903 805 923 non
832 895 1011 930 hordeacea,

229 943 283 972 sed
297 942 476 971 frumentina
491 942 590 979 potius
610 942 760 978 eligendo,
781 943 810 970 et
829 941 1011 978 colligendo,

230 999 321 1027 quam
328 990 603 1027 sitprudentissima
618 990 648 1018 in
659 997 704 1024 ea,
717 997 784 1026 quae
796 989 921 1025 colligit,
938 997 1010 1018 con-

230 1037 392 1073 servando;
409 1037 558 1073 numquid
575 1045 636 1065 non
650 1037 791 1074 stupebit,
807 1037 868 1065 imo
884 1037 1013 1065 admira-

231 1085 342 1113 tionem
356 1085 508 1113 incurret?
524 1086 600 1120 Ergo
613 1084 637 1112 si
653 1084 780 1112 verbum
792 1084 1013 1121 praedicationis

231 1131 316 1160 cibus
335 1134 378 1160 est
397 1131 513 1166 mentis,
536 1132 618 1168 quia,
640 1133 673 1159 ut
692 1131 799 1160 dicitur
818 1132 840 1166 ³,
862 1142 876 1157 «ι
895 1139 956 1160 non
983 1131 1014 1159 in

231 1179 296 1207 solo
308 1187 386 1216 pane
402 1179 473 1207 vivit
487 1179 591 1214 homo,
606 1179 659 1207 sed
672 1179 702 1207 in
714 1178 796 1207 omni
811 1178 916 1212 verbo,
929 1178 1013 1215 quod

230 1227 366 1263 procedit
380 1227 417 1255 de
435 1235 486 1255 ore
502 1227 568 1262 Dei;
586 1238 599 1252 »
619 1226 786 1263 quomodo,
808 1226 882 1254 dum
897 1226 927 1254 in
942 1234 1014 1263 prae-

231 1273 410 1302 dicationem
424 1273 520 1306 vadis,
547 1281 629 1302 more
652 1273 783 1301 formicae
806 1273 931 1301 meliora
951 1282 1013 1302 non

231 1320 324 1356 eligis,
339 1322 366 1349 et
377 1320 407 1348 in
419 1320 564 1349 memoria
579 1320 617 1348 ad
632 1323 807 1357 perpetuam
819 1320 1010 1349 dulcedinem

230 1375 291 1396 non
304 1368 424 1404 reponis
435 1370 449 1396 ξ’
463 1370 558 1404 Turpe
571 1368 650 1396 enim
664 1371 715 1402 est,
732 1370 764 1396 ut
779 1368 875 1403 major
885 1368 1013 1404 pruden-

231 1415 270 1442 tia
281 1415 318 1442 sit
332 1415 361 1442 in
375 1415 480 1450 brutis,
497 1423 589 1451 quam
603 1415 632 1443 in
648 1415 879 1451 prudentissimo
897 1415 1012 1443 anima-

230 1461 262 1496 li,
285 1461 368 1498 quod
392 1462 470 1490 ultra
493 1462 581 1490 bruta
600 1462 747 1490 rationem
768 1462 890 1498 accepit.
917 1464 957 1497 Et,
983 1465 1015 1490 ut

231 1508 337 1536 dicitur
353 1509 363 1525 ⁴
382 1518 388 1536 :
408 1519 420 1534 ι(
437 1511 586 1544 interroga
597 1509 744 1544 jumenta,
760 1511 788 1537 et
799 1509 950 1538 docebunt
967 1512 1012 1544 te;

231 1555 363 1584 volatilia
384 1556 461 1590 coeli,
482 1557 510 1584 et
530 1556 706 1584 indicabunt
728 1556 791 1591 tibi,
809 1559 835 1584 et
850 1557 1015 1586 narrabunt

230 1603 325 1638 pisces
339 1603 438 1631 maris.
459 1603 528 1637 Quis
550 1603 630 1631 enim
652 1603 779 1639 ignorat,
805 1604 887 1640 quod
912 1605 1014 1632 omnia

229 1649 291 1677 haec
314 1657 420 1677 manus
445 1650 559 1678 Domini
581 1651 679 1678 fecerit
703 1651 761 1685 (s1)?
787 1661 798 1676 n
823 1652 871 1678 liic
896 1655 1016 1687 possent

231 1696 301 1732 poni
317 1688 549 1724 innumerabilia
565 1697 703 1733 exempla
719 1698 755 1725 tle
772 1698 931 1733 prudentia
951 1699 1014 1726 ani-

230 1744 366 1778 malium,
382 1744 558 1778 volatilium,
580 1745 706 1780 piscium
723 1747 751 1772 ct
766 1746 975 1779 gressibilium.

266 1791 371 1825 Tertio,
388 1791 484 1819 forma
498 1791 676 1819 addiscendi
695 1795 737 1820 est
758 1793 884 1829 experiri
901 1794 1013 1822 veraci-

231 1840 273 1866 ter
293 1840 321 1866 et
337 1838 503 1866 efficaciter.
527 1838 603 1872 Quid
625 1839 704 1867 enim
720 1840 874 1875 prodes—et
889 1841 1014 1869 domum

230 1885 390 1919 aedificare,
413 1888 441 1913 et
462 1894 618 1921 nunquam
641 1894 706 1914 eam
729 1887 920 1915 inhabitare?
938 1889 1014 1922 Quid

231 1933 343 1961 valeret
361 1934 445 1962 cibos
460 1934 571 1962 multos
591 1937 617 1962 et
637 1934 755 1962 divitias
779 1943 971 1971 congregare,
988 1939 1016 1964 et

232 1988 387 2016 nunquam
411 1989 446 2008 ex
473 1981 514 2008 eis
535 1983 674 2009 sumere?
700 1983 774 2017 Ergo
799 1990 858 2010 non
881 1983 969 2017 valet,
991 1984 1014 2011 si

233 2027 360 2055 verbum
377 2027 482 2055 audias
503 2030 531 2055 et
552 2028 642 2055 cortic
663 2029 800 2061 retineas,
817 2030 838 2056 si
852 2030 936 2064 juxta
952 2039 1017 2058 ver-

234 2074 307 2101 bum
324 2074 439 2109 operari
455 2074 587 2102 desistas,
604 2077 676 2102 Nam
692 2076 808 2112 operari
825 2079 866 2104 est
882 2077 948 2104 tinis
964 2086 1015 2105 eo-

233 2128 310 2154 rum,
328 2128 394 2156 quoe
413 2121 504 2148 homo
525 2121 619 2155 audit,
645 2125 672 2150 et
691 2125 844 2150 conservat
859 2124 1014 2153 vivacitate

232 2166 357 2200 mentis;
381 2167 441 2195 imo
462 2168 536 2195 sicut
558 2176 647 2196 omne
669 2171 711 2197 est
728 2178 837 2197 vanum
853 2171 936 2207 quod
953 2179 1013 2199 non

233 2214 399 2248 assequitur
415 2214 504 2242 tinem
524 2223 622 2248 suum,
642 2224 710 2243 cum
731 2225 820 2244 omne
836 2226 912 2253 opus
928 2218 962 2245 sit
979 2227 1015 2246 ex

235 2260 293 2287 fine
309 2259 511 2293 laudandum,-
527 2262 567 2289 sic
586 2271 698 2290 vanum
714 2266 756 2291 cst
772 2264 881 2298 dicere,
901 2273 1013 2293 vanum

232 2309 274 2334 est
295 2308 447 2335 memoriae
472 2309 695 2343 commendare,
716 2311 738 2337 si
766 2311 839 2343 desit
859 2315 886 2339 ct
907 2312 1012 2340 facere.

233 2354 328 2386 Quare
359 2362 419 2381 non
443 2357 485 2382 est
507 2355 660 2384 laudanda
688 2357 810 2386 felicitas
835 2360 1014 2395 navigantis,

232 2400 378 2435 quamdiu
391 2401 466 2429 inter
482 2402 585 2430 tinctus
601 2403 690 2431 maris
706 2405 831 2439 ince‹lit;
849 2407 900 2433 sed
915 2407 1012 2435 solum

233 2447 305 2474 dum
321 2447 357 2474 ad
375 2451 493 2484 portum
516 2450 678 2485 perveniet.
702 2452 755 2477 Nec
781 2451 953 2481 laudandus
974 2457 1015 2481 est

233 2493 292 2520 dux
309 2494 470 2528 bellorum,
492 2499 767 2533 quantumcumque
791 2498 845 2526 sibi
870 2508 1014 2536 prospere

232 2541 379 2569 succedat.
395 2542 541 2577 quamdiu
556 2542 671 2579 aliquid
686 2546 784 2578 restat,
799 2545 853 2572 nisi
872 2547 955 2582 prius
972 2547 1015 2575 vi-

232 2586 355 2614 ctoriam
380 2588 500 2622 plenam
529 2589 671 2618 obtineat.
698 2593 774 2626 Ergo
804 2600 859 2619 nec
887 2594 1015 2621 multum

264 2661 269 2676 ¹
289 2662 372 2689 rant..
390 2664 452 2692 1,(ῐ.
468 2677 496 2681 -
511 2665 618 2696 21ἰἰ)ι.·,,
634 2671 673 2696 vi,
689 2668 713 2690 (3.
733 2679 763 2683 —
783 2667 793 2682 ³
810 2668 892 2699 brut,
912 2675 968 2699 viu,
984 2672 1013 2700 33

233 2696 335 2726 Mnmz„
352 2704 386 2727 iv,
404 2699 424 2721 st.
440 2711 469 2716 —
485 2700 494 2716 δ
508 2699 563 2730 Joh,
582 2707 633 2730 xxi,
655 2702 703 2725 7-9.
719 2715 750 2720 —
772 2703 780 2716 ⁵
798 2703 883 2733 Helua,
904 2710 927 2733 v,
946 2708 969 2729 8.
985 2719 1015 2724 —

236 2732 244 2745 ⁶
262 2735 326 2762 lac„
343 2739 359 2763 t,
376 2735 414 2757 22.
430 2747 460 2751 —
475 2735 484 2750 ⁷
501 2736 602 2764 Matris„
620 2743 695 2767 xxiii,
712 2738 736 2761 3.
752 2751 781 2755 -
799 2740 806 2751 “
823 2739 899 2770 noun,
917 2746 958 2770 xv,
978 2743 1013 2765 is.

1069 327 1216 357 laudandi
1236 330 1305 357 sunt
1330 329 1479 365 homines,
1505 329 1557 367 qui
1585 329 1685 359 solum
1708 331 1851 368 praediea-

1069 375 1164 404 tiones
1191 375 1329 411 audiunt,
1352 378 1381 405 et
1403 376 1570 406 secundum
1593 377 1695 406 audita
1721 385 1785 407 non
1804 378 1851 408 fa-

1070 422 1160 451 ciunt.
1184 424 1249 452 Non
1271 423 1352 452 enim
1376 424 1495 459 sufficit,
1520 424 1545 452 si
1572 426 1687 453 tantum
1713 425 1850 462 specula-

1069 469 1161 498 tivam
1194 470 1304 499 habeat
1330 470 1496 506 scientiam,
1523 471 1580 500 nisi
1617 471 1728 501 habeat
1762 480 1852 509 expe-

1069 517 1218 553 flentium,
1233 518 1305 555 quia
1321 517 1506 555 experientia
1524 518 1594 547 facit
1608 521 1712 548 artem.
1731 521 1764 548 Et
1784 527 1851 557 pro-

1068 565 1171 601 pterea
1187 565 1322 594 Salvator
1335 567 1446 599 noster,
1461 562 1529 594 cum
1545 568 1621 595 esset
1633 567 1768 596 medicus
1788 568 1852 597 ani·

1068 619 1188 640 marum
1210 612 1357 648 omnium,
1372 615 1488 642 nostras
1502 613 1671 642 voluntates
1687 614 1784 644 voluit
1797 623 1850 644 ex-

1068 658 1170 695 periri,
1194 667 1233 688 an
1253 661 1354 696 posset
1377 660 1506 697 compati
1531 667 1615 689 more
1633 661 1707 690 boni
1727 661 1850 698 medici,

1070 705 1121 742 qui
1136 714 1206 735 oum
1220 705 1346 735 infirmis
1367 706 1473 736 dicitur
1493 706 1649 736 infirmari.
1669 707 1752 736 Unde
1776 708 1851 737 dici-

1070 753 1152 781 tur³:
1166 763 1180 779 α
1196 744 1300 782 Didicit
1316 761 1352 782 ex
1366 754 1422 790 his,
1435 762 1502 791 quoe
1516 762 1620 791 passus
1634 757 1686 791 est,
1704 755 1851 784 obedien-

1069 800 1151 828 tiam.
1167 810 1180 826 ν
1197 802 1230 830 Et
1242 800 1312 830 ideo
1325 801 1432 830 dicitur
1444 802 1532 830 nobis
1545 803 1556 820 ⁸
1572 811 1579 830 :
1592 812 1606 828 (ι
1618 804 1715 832 Estote
1725 803 1852 832 factores

1069 848 1158 886 verbi
1178 849 1239 882 Dei,
1261 851 1290 878 et
1312 857 1374 878 non
1396 850 1548 878 auditores
1570 852 1697 885 tantum,
1715 850 1851 879 fallentes

1070 896 1274 933 vosmetipsos.
1302 907 1316 923 ι)
1338 897 1419 926 Unde
1437 898 1447 915 ⁷
1468 906 1475 925 ε
1504 908 1516 922 «ι
1535 897 1648 933 Dicunt,
1672 899 1700 926 et
1721 905 1783 926 non
1805 897 1851 926 sa-

1070 943 1159 972 eiunt.
1181 954 1194 970 ν
1211 945 1274 972 Non
1289 944 1354 972 talis
1369 947 1431 973 erat
1444 944 1614 981 Apostolus,
1627 945 1679 982 qui
1690 945 1810 973 dicebat
1820 946 1848 972 ⁸:

1072 1001 1085 1016 «ι
1101 990 1176 1019 Nihil
1199 991 1297 1020 audeo
1319 991 1403 1028 loqui
1428 999 1543 1024 eorum,
1564 1000 1631 1028 quae
1652 999 1706 1028 per
1724 1000 1773 1020 me
1788 999 1850 1020 non

1070 1037 1165 1066 effecit
1178 1038 1317 1066 Christus.
1332 1049 1346 1065 ι)
1363 1040 1395 1067 Et
1409 1039 1483 1075 quid
1502 1039 1612 1066 mirum
1631 1039 1670 1067 de
1690 1039 1762 1067 viris
1780 1046 1850 1067 san-

1070 1085 1132 1119 ctis,
1146 1093 1214 1113 cum
1227 1085 1285 1114 hoe
1299 1085 1385 1113 fuerit
1399 1085 1428 1113 in
1439 1085 1646 1122 philosophis?
1655 1087 1728 1114 Nam
1739 1085 1851 1114 Tullius

1071 1131 1141 1160 dicit
1168 1132 1252 1168 quod
1275 1133 1357 1169 prius
1386 1134 1429 1160 est
1451 1132 1522 1161 artis
1546 1133 1653 1166 facere,
1687 1141 1754 1170 quae
1787 1133 1851 1169 ipse

1071 1179 1170 1208 doces.

1301 1258 1463 1280 ARTlCULl'S
1484 1259 1621 1280 TERTtt's.

1105 1321 1210 1356 Tertio,
1222 1321 1286 1349 visa
1301 1329 1401 1355 causa,
1418 1324 1539 1358 propter
1551 1329 1643 1358 quam
1656 1321 1801 1350 debemus
1812 1322 1851 1350 ad

1071 1367 1246 1396 discendum
1262 1368 1386 1403 moveri,
1404 1370 1432 1396 et
1446 1368 1548 1396 addita
1561 1368 1669 1403 forma,
1685 1369 1851 1398 secundum

1071 1425 1162 1454 quam
1179 1417 1324 1445 debemus
1344 1417 1383 1446 ad
1403 1417 1579 1446 discendum
1594 1418 1725 1454 regulari
1741 1421 1769 1447 et
1783 1419 1852 1447 diri-

1071 1465 1111 1499 gi,
1127 1465 1269 1501 ponenda
1291 1468 1332 1493 est
1355 1465 1490 1495 materia,
1505 1465 1585 1493 circa
1599 1473 1691 1501 quam
1706 1465 1852 1494 debemus

1071 1511 1225 1547 negotiari.
1253 1513 1299 1540 Est
1323 1514 1422 1540 autem
1447 1512 1570 1540 materia
1595 1512 1760 1541 secundum
1786 1513 1852 1547 tria,

1071 1569 1137 1596 quoe
1152 1560 1298 1587 debemus
1313 1560 1467 1588 addiscere
1485 1569 1490 1587 :
1509 1568 1578 1588 nain
1593 1561 1692 1597 primo
1707 1561 1852 1589 debemus

1071 1607 1226 1635 addiscere
1247 1607 1382 1635 timorem
1398 1608 1581 1643 reverentiam
1605 1608 1749 1642 secundo,
1766 1616 1852 1637 amo-

1070 1662 1132 1681 rem
1149 1654 1382 1687 benex·oientim;
1403 1654 1497 1688 tertio,
1513 1654 1643 1689 rigorem
1663 1655 1781 1690 justitiae
1798 1664 1804 1683 :
1821 1658 1853 1683 ut

1070 1701 1110 1728 sic
1127 1701 1218 1729 homo
1230 1701 1322 1728 discat
1331 1702 1468 1729 timorem
1479 1702 1650 1729 reverentize
1661 1702 1738 1729 circa
1750 1703 1852 1737 Deum,

1071 1752 1097 1777 et
1120 1757 1254 1777 amorem
1276 1749 1492 1777 benevolentiae
1517 1749 1595 1777 cirea
1619 1749 1801 1785 proximum,
1825 1752 1853 1778 et

1070 1796 1199 1831 rigorem
1211 1796 1327 1831 justitioe
1343 1797 1372 1823 in
1385 1796 1526 1832 seipsum.

1108 1844 1176 1871 Dico
1191 1851 1262 1878 ergo
1281 1843 1390 1879 primo,
1406 1843 1490 1879 quod
1512 1843 1604 1871 homo
1628 1843 1717 1872 debet
1738 1844 1852 1873 discere

1071 1891 1207 1918 timorem
1234 1891 1404 1918 reverentiae
1427 1891 1505 1918 circa
1527 1892 1628 1918 Deum.
1650 1892 1721 1919 Nam
1750 1891 1852 1920 timere

1072 1939 1172 1972 Deum,
1189 1937 1286 1965 omnis
1301 1937 1373 1965 boni
1391 1939 1434 1965 est
1449 1937 1688 1972 fundamentum,
1712 1938 1782 1974 quia
1800 1947 1853 1975 per

1070 1993 1138 2012 eum
1154 1985 1246 2012 homo
1267 1984 1386 2012 dimittit
1409 1986 1577 2020 peccatum,
1595 1987 1622 2012 et
1643 1984 1745 2021 incipit
1764 1993 1852 2021 agere

1070 2032 1196 2065 bonum,
1207 2035 1233 2059 et
1247 2031 1357 2067 aspirat
1372 2031 1411 2059 ud
1427 2032 1586 2067 optimum,
1602 2034 1629 2059 et
1641 2031 1802 2068 impeditur
1815 2040 1852 2060 ne

1069 2080 1210 2107 recidivet
1231 2080 1259 2106 in
1282 2080 1395 2107 malum
1418 2079 1428 2094 ⁰
1450 2088 1455 2106 :
1476 2090 1489 2104 (ι
1507 2081 1558 2107 Per
1579 2080 1715 2107 timorem
1737 2080 1851 2107 Domini

1070 2126 1187 2154 recedet
1198 2126 1296 2153 omnis
1308 2134 1325 2154 a
1336 2126 1426 2154 malo.
1441 2138 1452 2149 »
1467 2127 1485 2142 ¹⁰
1496 2136 1508 2151 (ι
1518 2126 1543 2153 Si
1558 2133 1617 2158 non
1633 2126 1662 2153 in
1675 2126 1781 2154 timore
1797 2128 1851 2155 Do-

1072 2174 1144 2201 mini
1168 2173 1308 2201 habueris
1333 2175 1359 2200 te
1381 2175 1560 2207 constanter,
1584 2175 1771 2201 convertetur
1794 2174 1851 2202 cito

1071 2220 1183 2248 domus
1199 2222 1260 2247 tua.
1274 2230 1287 2245 ι)
1303 2220 1373 2254 Quis
1388 2220 1466 2247 enim
1483 2223 1620 2256 peccator
1634 2228 1695 2248 non
1710 2220 1793 2248 timet
1803 2221 1851 2255 ju-

1071 2267 1168 2295 ‹licem
1188 2267 1290 2295 omnia
1308 2269 1549 2302 cognoscentem,
1565 2270 1592 2295 et
1607 2268 1745 2295 universa
1758 2267 1850 2295 subti-

1070 2314 1136 2342 liter
1158 2315 1375 2350 exquirentem,
1392 2316 1419 2341 et
1434 2314 1535 2342 omnia
1555 2314 1635 2342 mala
1658 2314 1850 2350 punientem?

1078 2362 1095 2378 ¹¹
1112 2361 1206 2394 «Quis
1220 2369 1279 2388 non
1293 2361 1406 2388 timebit
1419 2364 1454 2394 te,
1467 2369 1484 2388 o
1501 2363 1559 2388 Rex
1576 2361 1708 2395 gentium
1718 2362 1732 2388 ἱ)
1744 2372 1756 2385 υ
1767 2361 1793 2388 Si
1809 2361 1850 2388 sic
1893 2370 1970 2389 Exem-

1075 2408 1154 2435 timet
1172 2407 1283 2443 gallina
1303 2416 1357 2443 pro
1379 2408 1446 2435 filiis
1466 2408 1603 2441 milvum,
1618 2408 1641 2435 si
1657 2408 1697 2434 sic
1711 2407 1850 2436 columba
1863 2399 1909 2427 ¹²¹⁸·

1074 2455 1183 2489 nisum,
1201 2455 1224 2482 si
1239 2455 1279 2482 sic
1296 2455 1383 2488 falco,
1400 2455 1463 2482 avis
1481 2455 1574 2489 regia,
1593 2454 1726 2490 aquilam
1748 2454 1850 2482 avium

1074 2502 1219 2537 reginam,
1235 2504 1267 2529 ut
1282 2504 1423 2537 prmsente
1448 2509 1484 2529 ea
1504 2509 1566 2529 non
1582 2501 1691 2528 audeat
1709 2501 1789 2529 exire
1810 2502 1850 2529 ad

1074 2548 1223 2584 praedam;
1244 2550 1390 2584 quantum
1410 2551 1452 2576 est
1471 2547 1612 2582 timenda,
1637 2550 1665 2575 et
1686 2549 1850 2577 reverenda

1074 2595 1125 2623 illa
1142 2602 1259 2623 summa
1280 2595 1422 2631 potentia,
1438 2595 1485 2622 cui
1500 2594 1583 2622 nulla
1606 2596 1702 2630 potest
1716 2595 1850 2623 resistere

1073 2664 1081 2677 ’
1097 2664 1180 2692 Prota,
1202 2669 1243 2693 xv,
1268 2665 1306 2687 27.
1323 2677 1350 2681 -
1373 2664 1393 2680 ¹⁰
1413 2663 1500 2693 Eccli.,
1520 2667 1606 2693 xxvii,
1624 2664 1646 2686 i.
1667 2677 1694 2680 —
1715 2664 1732 2680 ¹¹
1747 2665 1848 2695 Jervm„

1071 2705 1097 2729 x,
1112 2700 1135 2723 Ἰ.

1104 2741 1140 2772 (a)
1157 2743 1217 2765 t'aet.
1233 2741 1292 2764 edat.
1308 2742 1410 2765 fecerat.
