2029 3052
236 225 295 255 552

276 291 367 330 Quod
379 291 407 323 si
424 290 568 322 subditus
581 289 710 331 plebani
725 290 888 322 confessus
908 291 956 322 est
968 289 1015 322 al-

235 345 307 384 teri,
320 345 417 377 etiam
432 344 486 385 qui
503 344 543 376 ab
556 344 703 385 episcopo
718 343 899 376 licentiatus
919 345 966 376 est
979 345 1016 375 ut

236 399 337 440 possit
355 398 466 431 audire
484 397 695 430 confessiones
716 398 963 439 requirentium,
985 398 1018 429 et

237 453 392 494 plebanus
401 462 443 484 ex
455 451 603 492 pastorali
613 451 824 483 sollicitudine
835 451 905 483 vult
916 461 1018 492 agno-

238 516 326 538 scere
339 515 416 538 oves
439 505 595 546 proprias,
619 507 656 537 ut
675 505 751 537 sciat
768 506 887 546 quibus
911 515 1017 538 sacra-

239 562 348 592 menta
361 559 471 593 divina
486 559 653 598 ministret,
668 559 722 592 vel
742 559 850 600 qualia
869 560 1019 591 adhibeat

239 613 478 646 infirmantibus
497 613 649 652 remedia,
666 614 698 644 et
717 613 790 646 vult
810 613 1019 645 conscientias

239 676 353 699 eorum
386 666 482 698 etiam
505 675 680 706 agnoscere
699 675 757 707 per
787 667 1020 698 confessionem

239 721 397 762 ipsorum,
413 720 589 752 dummodo
604 720 666 752 hoc
679 720 876 752 calumniose
895 729 962 752 non
976 721 1020 752 sa-

240 775 313 814 ciat,
329 774 554 815 vilipendendo
575 775 797 806 auctoritatem
811 774 952 814 alterius,
967 775 1020 806 cui

240 828 294 860 ille
309 828 471 860 confessus
485 828 604 867 fuerat3
620 837 685 860 non
696 830 744 860 est
756 830 884 869 propter
897 828 958 859 hoc
967 837 1018 860 re-

241 882 462 922 darguendus,
480 882 534 914 sed
550 882 656 923 magis
671 892 730 923 pro
741 892 800 914 sua
810 882 1020 914 sollicitudine

241 936 526 975 commendanduS,
543 945 618 967 cum
642 935 681 967 de
702 936 779 977 ipsis
801 937 843 968 sit
863 937 1020 968 rationem

241 990 376 1022 Domino
390 990 583 1022 redditurus.

282 1043 316 1075 Si
340 1045 449 1075 autem
479 1043 652 1084 aliquando
685 1043 851 1084 episcopus
878 1044 1022 1085 praecipit

242 1097 376 1129 subditis
385 1098 452 1129 suis
462 1098 496 1129 in
509 1097 642 1138 synodO,
657 1098 743 1138 quod
756 1097 837 1129 nulli
851 1099 1022 1130 confitean-

243 1154 296 1184 tur
311 1151 373 1183 nisi
387 1152 530 1193 plebanis
549 1152 625 1190 suis,
647 1151 699 1184 vel
714 1151 832 1192 quibus
849 1152 909 1192 ipsi
923 1152 1020 1184 licen-

242 1206 322 1237 tiam
340 1205 495 1244 dederint,
517 1214 582 1237 non
604 1207 651 1236 est
669 1205 918 1245 intelligendum
941 1206 1022 1238 velle

243 1269 418 1298 revocare,
446 1259 472 1290 si
502 1268 599 1300 quam
620 1259 841 1290 auctoritatem
870 1260 1023 1292 fratribus

245 1313 330 1345 dedit
345 1312 557 1344 confessiones
578 1311 727 1343 audiendi
748 1321 805 1352 per
826 1322 919 1344 suam
943 1314 1024 1346 dioe-

245 1368 358 1406 cesim;
386 1367 439 1398 sed
463 1366 548 1407 quod
576 1375 641 1397 non
666 1366 877 1398 confiteantur
900 1366 969 1398 aliis
992 1368 1024 1399 in

246 1430 382 1453 suorum
408 1422 485 1461 praej
492 1419 632 1451 udicium
665 1419 875 1460 plebanorum
887 1445 896 1459 ,
930 1423 1026 1462 juxta

247 1475 333 1516 quod
346 1483 444 1515 supra
459 1474 578 1506 dictum
593 1476 650 1511 est,
667 1483 740 1504 cum
760 1474 800 1504 ad
819 1474 880 1505 hoc
899 1477 1026 1507 tantum

247 1528 382 1560 debeant
393 1528 437 1559 eis
451 1527 591 1559 obedire.

289 1581 380 1619 Quod
395 1581 422 1612 si
437 1590 585 1621 expresse
600 1583 762 1612 revocaret
772 1589 901 1612 omnem
916 1584 1026 1614 aucto-

248 1636 386 1672 ritatem,
403 1644 501 1675 quam
517 1635 628 1666 fratres
642 1635 760 1666 habent
770 1635 809 1665 ab
822 1635 891 1675 ipso
906 1636 944 1667 de
955 1645 1028 1667 con-

249 1689 438 1721 fessionibus
470 1689 653 1727 audiendiS,
684 1689 895 1720 nihilominus
923 1692 1029 1722 tamen

250 1742 374 1780 fratres,
396 1743 549 1783 quamdiu
566 1752 631 1774 non
647 1744 721 1774 sunt
738 1752 757 1773 a
771 1752 899 1774 summo
922 1743 1030 1775 Ponti-

251 1799 310 1829 fice
326 1797 488 1838 prohibiti,
503 1797 555 1829 vel
570 1807 588 1829 a
599 1798 664 1829 suis
680 1797 868 1838 specialibus
879 1799 1029 1839 praelatis,

252 1851 371 1891 quibus
394 1851 521 1882 obedire
554 1853 721 1889 tenentur,
755 1854 887 1892 possunt
920 1853 1031 1884 audire

253 1905 465 1936 confessiones
490 1905 550 1936 5111)
575 1905 634 1936 hac
657 1906 777 1943 forma,
810 1906 895 1946 quod
925 1906 1031 1937 audita

253 1959 449 1990 confessione
471 1968 595 1997 corum,
618 1959 644 1989 si
664 1959 735 1998 quis
759 1959 878 1999 diguus
901 1962 958 1998 est,
979 1961 1033 1991 ab·

254 2012 378 2043 solvant
392 2021 467 2042 eum
488 2012 548 2042 sub
569 2021 622 2052 spe
643 2012 876 2043 ratihabitionis
898 2014 1033 2053 pastoris

254 2066 316 2103 sui,
328 2065 354 2096 si
370 2068 415 2096 est
430 2065 562 2097 idoneus
577 2067 685 2106 pastor
699 2066 880 2097 secundum
892 2067 1033 2106 [111115011-

254 2122 342 2161 ptam
357 2121 505 2158 sormam,
523 2120 573 2151 vel
590 2120 616 2150 si
631 2120 709 2151 nolit
724 2120 841 2151 habere
860 2123 961 2152 ratam
975 2122 1032 2152 ab·

254 2175 447 2206 solutionem
472 2174 578 2212 illam,
604 2175 690 2214 quod
712 2176 824 2206 iterato
846 2176 1034 2207 confiteatur

254 2229 370 2267 eidem,
392 2230 417 2259 si
437 2229 526 2269 prius
546 2238 608 2259 non
634 2230 674 2260 511
694 2230 722 2260 ei
743 2230 795 2260 illa
815 2232 942 2270 peecata
961 2240 1034 2261 con-

255 2283 366 2314 sessus.
396 2283 427 2313 Si
451 2285 558 2313 autem
587 2283 683 2314 habet
712 2283 763 2314 ille
792 2284 948 2314 confitens
971 2284 1034 2324 ple-

255 2337 375 2368 banum
391 2346 456 2367 non
472 2336 633 2375 idoneum,
652 2337 702 2369 vel
723 2337 861 2374 nullum,
878 2337 1031 2377 simplici-

255 2393 302 2422 ter
316 2390 458 2422 absolvat
473 2400 559 2429 eum,
577 2392 607 2421 et
623 2391 769 2431 expediat
786 2392 820 2422 in
835 2391 897 2430 his,
916 2392 1032 2431 quibus

256 2445 377 2485 indiget
389 2445 428 2476 ad
443 2444 589 2483 saluti-m,
607 2445 710 2484 potius
727 2454 835 2485 quam,
854 2445 943 2476 nullo
959 2446 1032 2476 51111-

254 2500 412 2538 veuiente,
435 2499 631 2538 negligatur.
657 2498 813 2530 Debemus
836 2500 922 2530 enim
946 2509 1028 2540 prae-

254 2562 380 2584 sumere
415 2562 579 2584 summum
611 2552 812 2591 Pontificem,
848 2553 897 2584 vel
931 2553 1030 2585 111111111

255 2607 429 2647 quemlibet
444 2607 566 2637 1101111111
581 2608 740 2646 pastorem
757 2607 951 2645 animarum,
967 2607 1028 2638 liu-

251 2661 394 2700 jilsmodi
410 2670 477 2691 esse
493 2660 693 2691 discretionis
706 2662 736 2691 et
751 2660 926 2699 charitatis,
945 2662 1027 2701 quod

256 2715 360 2753 potius
378 2715 449 2745 velit
467 2724 541 2745 mxu->1
557 2715 670 2745 (lin-isli
694 2724 746 2754 pei·
765 2725 960 2754 quemquam
976 2725 1026 2746 ca-

646 222 781 262 QUARE
798 221 981 256 FRATRES
1002 222 1178 257 MlNORES
1199 224 1438 258 PRAEDICENT

1069 291 1226 325 tholicum
1246 293 1443 326 sacerdotem
1465 294 1506 326 ad
1533 294 1670 326 salutem
1692 295 1848 328 aeternam

1071 346 1225 387 expediri,
1242 357 1342 388 quam
1357 347 1482 388 negligi
1494 347 1534 379 ab
1544 348 1608 387 his,
1624 348 1732 389 quiex
1745 349 1849 381 officio

1071 409 1183 431 curam
1205 409 1319 432 eorum
1341 401 1529 442 suscipiunt,
1552 403 1609 434 sed
1631 402 1850 434 executionem

1072 453 1169 485 officii
1183 454 1265 486 circa
1276 463 1331 486 eos
1343 463 1410 486 non
1422 455 1576 496 implent:
1593 455 1737 497 alioquin
1749 456 1776 487 si
1787 456 1850 488 hoc

1073 515 1139 538 non
1153 506 1258 545 vellet,
1274 506 1428 547 indignus
1442 510 1525 540 esset
1538 508 1697 549 dignitate
1719 509 1850 550 pontifi-

1073 560 1149 592 calis
1169 560 1276 600 officii,
1301 561 1358 602 qui
1379 570 1456 594 oves
1477 561 1593 593 Christi
1615 563 1723 603 magis
1747 563 1852 604 perire

1074 613 1180 653 vellet,
1196 623 1294 655 quam
1309 615 1379 646 erui
1402 615 1442 647 de
1461 624 1518 647 ore
1536 615 1702 657 luporum,
1725 618 1757 648 et
1780 616 1854 649 talis

1074 669 1144 709 ejus
1157 668 1306 701 voluntas
1319 671 1405 701 caret
1427 669 1542 701 effectu
1564 670 1731 710 pastoralis
1754 673 1854 711 potes-

1074 723 1159 762 tatis,
1175 731 1250 763 quae
1263 722 1368 754 solum
1381 723 1415 754 in
1429 723 1684 762 aedificationem,
1700 725 1732 756 et
1745 724 1855 756 nonin

1075 776 1323 808 destructionem
1350 776 1533 808 animarum
1557 777 1631 809 data
1653 779 1700 808 est
1720 777 1760 809 ab
1786 778 1855 818 ipso

1074 829 1219 871 principe
1231 832 1396 871 pastorum
1407 830 1543 862 Domino
1552 830 1624 862 JESU
1636 830 1771 863 Christo.
1789 831 1856 863 Hac

1076 884 1163 915 enim
1177 884 1300 916 ratione
1317 884 1450 925 provide
1471 886 1580 916 sancta
1601 884 1739 917 Ecclesia
1760 885 1854 917 insti-

1076 938 1147 977 tuit,
1164 938 1251 978 quod
1263 938 1296 969 in
1311 938 1506 970 necessitatis
1527 938 1672 976 articulo,
1689 947 1764 970 cum
1779 948 1855 979 pro-

1077 991 1168 1032 prius
1182 1001 1248 1023 non
1267 991 1404 1023 habetur
1419 991 1576 1031 sacerdos,
1597 991 1731 1032 quilibet
1751 1001 1856 1024 sacer-

1077 1044 1134 1076 dos
1147 1044 1291 1077 absolvat
1306 1044 1480 1085 quemlibet
1491 1045 1700 1085 poenitentem
1715 1045 1755 1076 ab
1766 1046 1856 1077 omni

1078 1098 1206 1130 vinculo
1217 1099 1347 1139 peccati,
1361 1100 1393 1130 et
1406 1098 1746 1130 excommunicationis
1759 1100 1856 1132 etiam

1079 1152 1141 1192 maj
1147 1151 1223 1191 oris,
1238 1152 1344 1192 potius
1358 1161 1456 1193 quam
1467 1161 1508 1184 ex
1517 1152 1640 1184 defectu
1656 1153 1778 1194 proprii
1787 1163 1858 1195 pas-

1078 1205 1156 1237 toris
1171 1205 1286 1247 aliquis
1301 1206 1471 1238 innodatus
1483 1209 1611 1247 peccato
1623 1207 1751 1239 decedat
1766 1218 1773 1239 :
1787 1208 1859 1240 licet

1079 1269 1157 1292 vera
1180 1259 1326 1291 contritio
1349 1263 1454 1300 posset
1479 1269 1556 1291 euni
1582 1260 1760 1300 absolvere,
1783 1271 1858 1293 cum

1079 1323 1145 1345 non
1154 1316 1259 1355 posset
1268 1314 1386 1345 habere
1393 1314 1606 1346 confessorem
1612 1338 1619 1345 .
1627 1315 1654 1345 A
1661 1315 1757 1346 simili
1766 1324 1856 1356 ergo,

1081 1377 1156 1399 eum
1173 1368 1322 1409 proprius
1337 1367 1483 1399 sacerdos
1505 1377 1570 1399 non
1586 1371 1698 1409 potest,
1715 1371 1771 1401 aut
1793 1378 1858 1401 non

1081 1424 1182 1461 curat,
1209 1431 1266 1453 seu
1286 1421 1386 1453 nescit
1411 1423 1615 1454 confitentem
1638 1422 1743 1454 debito
1764 1423 1859 1455 modo

1082 1475 1243 1519 expedire,
1267 1477 1368 1516 potest
1383 1478 1413 1506 et
1428 1475 1529 1507 alium
1544 1476 1754 1507 confessorem
1767 1485 1858 1517 (11101-

1082 1538 1163 1568 rere,
1178 1528 1234 1569 qui
1255 1537 1330 1560 euin
1348 1528 1508 1569 expediat,
1534 1538 1608 1561 cum
1634 1529 1861 1570 periculosiora

1083 1584 1146 1615 sint
1160 1584 1277 1615 animae
1293 1583 1439 1622 vulnera,
1463 1592 1521 1615 seu
1545 1584 1661 1623 morbi,
1678 1594 1777 1625 quam
1792 1594 1860 1616 cor-

1084 1637 1181 1677 poris,
1194 1637 1221 1667 si
1234 1637 1326 1668 citius
1337 1637 1485 1668 remediis
1496 1637 1610 1668 debitis
1621 1647 1686 1669 non
1697 1641 1860 1671 curentur.

1085 1691 1145 1729 Qui
1161 1693 1268 1722 autem
1287 1691 1433 1731 prohibet
1455 1694 1669 1731 aegrotantem
1684 1702 1723 1723 ne
1738 1693 1864 1724 accedat

1085 1745 1124 1776 ad
1141 1745 1311 1783 medicum,
1331 1745 1386 1785 qui
1407 1754 1482 1776 cum
1502 1747 1603 1784 curet,
1630 1749 1766 1778 mortem
1781 1747 1862 1778 (1051-

1086 1799 1196 1830 derare
1212 1798 1349 1837 videtur,
1373 1799 1450 1840 quia
1474 1807 1538 1830 uon
1561 1799 1632 1831 vult
1650 1800 1749 1831 vitam
1772 1809 1864 1831 suam

1087 1852 1242 1892 congruis
1264 1852 1412 1883 remediis
1436 1861 1456 1883 a
1479 1855 1581 1884 morte
1607 1854 1700 1885 tueri.
1733 1853 1766 1885 Si
1788 1862 1865 1885 vero

1088 1906 1278 1938 sententiam
1300 1909 1410 1937 contra
1426 1915 1501 1937 eum
1525 1906 1620 1938 ferret
1643 1908 1863 1939 excommuni-

1089 1960 1233 1997 cationis,
1249 1960 1340 2000 quasi
1356 1969 1413 2000 pro
1429 1960 1652 1997 inobedientia,
1669 1960 1790 1991 nullam
1807 1961 1865 1991 lia-

1090 2014 1143 2044 bet
1156 2014 1221 2045 vim
1233 2013 1337 2044 taliter
1347 2013 1409 2044 lata
1424 2014 1589 2053 sententia,
1601 2014 1675 2054 quia
1688 2023 1781 2054 poena
1795 2014 1866 2045 talis

1090 2068 1200 2099 inferri
1223 2077 1287 2099 non
1305 2068 1407 2105 debet,
1432 2068 1492 2098 11151
1515 2068 1610 2107 gravi
1633 2068 1726 2109 culpa
1747 2078 1867 2109 praece-

1091 2122 1183 2153 (lente
1197 2133 1203 2153 ;
1219 2122 1312 2162 culpa
1328 2130 1404 2153 vero
1420 2122 1509 2152 nulla
1525 2125 1583 2161 est,
1599 2131 1742 2163 quaerere
1757 2123 1867 2154 salutis

1090 2185 1158 2207 511111
1193 2175 1370 2207 remedium
1407 2177 1472 2206 51110
1503 2176 1689 2216 praeJudicio
1718 2176 1866 2216 alicujus.

1091 2230 1180 2268 Quod
1202 2231 1298 2262 ctiam
1317 2229 1447 2270 quidam
1467 2229 1574 2260 ferunt
1598 2230 1787 2261 seutentiam
1811 2239 1866 2261 cx-

1090 2283 1389 2316 communicationis
1414 2283 1446 2313 111
1474 2292 1586 2315 01111105
1609 2284 1746 2315 fratrum
1769 2285 1865 2316 bene-

1089 2339 1233 2376 factores,
1250 2347 1324 2369 cum
1345 2337 1425 2368 nihil
1440 2337 1625 2377 habeamus,
1642 2338 1702 2369 uisi
1723 2339 1808 2379 quod
1823 2339 1867 2370 os-

1089 2393 1190 2424 sertur
1204 2392 1294 2424 nobis
1309 2402 1327 2422 11
1342 2391 1489 2422 fidelibus
1501 2392 1585 2423 uude
1597 2392 1762 2431 vivamus;
1780 2392 1864 2423 idem

1089 2448 1135 2477 est
1148 2455 1183 2476 ac
1197 2446 1222 2476 si
1240 2445 1462 2485 prohiberetur
1477 2445 1591 2485 aliquis
1606 2454 1662 2485 per
1677 2454 1862 2476 excommu-

1088 2501 1289 2538 nicationem,
1302 2509 1342 2531 nc
1355 2499 1486 2530 fratrem
1498 2509 1593 2529 suum
1609 2501 1638 2530 et
1650 2498 1832 2539 proximum
1845 2510 1864 2530 11

1088 2554 1330 2591 submersionis,
1342 2552 1548 2591 veliucendii,
1561 2561 1618 2583 seu
1628 2551 1767 2592 quolibet
1776 2561 1861 2584 mor-

1087 2610 1127 2640 tis
1133 2608 1436 2649 periculoliberaret.
1446 2607 1619 2638 Prohibere
1626 2606 1711 2637 enim
1718 2606 1863 2638 011101011-

1087 2672 1156 2693 cere
1166 2662 1376 2702 ludigentem,
1386 2662 1515 2692 osteum
1527 2658 1605 2689 velle
1617 2658 1698 2689 fame
1708 2658 1860 2696 occidere,

1087 2717 1182 2756 quod,
1200 2725 1297 2756 quain
1312 2715 1465 2755 injustum
1482 2713 1532 2751 sit,
1549 2712 1657 2743 nullus
1673 2712 1812 2752 ignorat.
