2029 3052
663 201 946 236 RESPONSIONIS
969 201 1104 235 PRIMAE
1127 202 1256 236 CAPUT
1279 203 1319 235 Il.

188 276 323 316 regnet,
340 274 440 315 igitur
454 272 650 314 imperfectio
665 273 723 311 est,
739 271 823 312 quod
839 272 964 310 regnet.

189 328 250 361 Sed
278 338 352 360 cum
381 330 545 369 peccatum
579 327 613 357 in
638 325 731 358 nobis
764 333 831 356 non
864 326 968 365 potest

187 392 324 422 regnare
339 382 400 414 nisi
415 391 489 414 cum
505 389 618 412 sumus
632 380 665 410 in
681 380 808 420 peccato
825 378 964 417 mortali,

187 436 292 468 omnis
306 436 408 476 igitur
423 434 620 476 imperfectio
633 435 681 466 est
697 434 862 474 peccatum
878 441 964 463 mor-

186 491 260 522 tale.
278 489 368 527 Quod
381 498 478 530 quam
493 488 669 520 absurdum
684 487 735 526 sit,
754 488 785 518 et
797 496 816 518 a
831 486 965 518 veritate

185 543 360 582 dissentiat,
377 552 473 575 nemo
488 543 542 584 qui
562 541 681 582 aliquid
703 540 805 579 novit,
822 540 962 580 ignorat.

185 596 304 628 Dehinc
319 597 458 637 vigilans
477 597 576 628 lector
599 595 750 634 attendat,
778 594 915 635 qualiter
930 593 963 624 in

186 651 456 691 subsequentibus
483 649 757 691 imperfectionem
785 648 962 686 diffiniens,

185 705 307 746 sibiipsi
318 705 512 736 contradicat
522 706 640 745 aperte.
656 703 770 734 Subdit
782 702 867 733 enim
884 713 890 733 :
904 701 964 732 Im-

185 759 335 799 perfectio
357 760 403 790 est
426 759 509 789 circa
538 757 780 798 possibilitatem
808 756 963 787 humanae

186 812 374 843 conditionis
388 821 454 843 non
469 811 662 843 conformari
675 810 810 842 Christo.
827 810 888 841 Sed
902 810 963 840 hoc

185 867 285 905 potest
298 874 366 896 esse
380 875 446 897 non
468 865 573 896 solum
595 865 718 905 absque
742 863 865 895 mortali
889 872 962 904 pec-

183 920 267 958 cato,
292 919 368 960 quia
390 919 498 950 nullus
523 919 562 950 ad
584 918 645 950 hoc
667 920 805 956 tenetur,
830 926 961 949 verum-

183 973 279 1004 etiam
303 974 423 1014 absque
455 973 573 1004 veniali
599 973 633 1003 in
659 972 709 1003 his
732 971 959 1012 potissimum,

183 1035 256 1067 quae
280 1029 354 1058 sunt
377 1027 520 1065 consilii,
545 1029 577 1058 et
599 1027 632 1057 in
654 1030 772 1058 nostrae
796 1026 962 1066 ponuntur

182 1080 292 1112 liberae
314 1081 487 1113 voluntatis
503 1081 646 1118 arbitrio,
662 1090 698 1111 ac
712 1089 768 1121 per
784 1080 843 1110 hoc
857 1079 962 1110 omitti

182 1136 316 1174 possunt
330 1135 448 1175 absque
462 1135 527 1166 ullo
541 1136 680 1175 peccato,
705 1134 788 1165 sicut
811 1142 961 1174 expresse

181 1189 266 1228 patet
276 1188 311 1219 in
325 1191 400 1220 voto
415 1189 621 1229 paupertatis,
634 1190 664 1219 et
679 1187 881 1219 continentiae
897 1187 961 1218 vir-

182 1241 309 1282 ginalis.
328 1242 418 1280 Quod
432 1245 542 1274 autem
558 1242 726 1283 subjungit
740 1242 859 1279 dicens,
874 1241 959 1282 quod

179 1305 199 1327 a
213 1297 370 1328 mandatis
385 1296 512 1335 Christi,
530 1299 560 1328 et
581 1298 651 1337 ejus
665 1296 817 1337 operibus
838 1296 959 1326 discor-

179 1350 265 1390 dare,
281 1353 328 1383 est
343 1351 552 1395 impqrfeetio,
569 1360 588 1382 a
603 1360 666 1391 qua
681 1349 851 1391 Apostolus
866 1349 959 1380 disci-

179 1404 271 1444 pulos
288 1405 485 1445 dehortatur,
503 1414 568 1436 non
589 1404 693 1435 solum
709 1413 728 1435 a
748 1403 958 1444 praecedenti-

178 1458 238 1489 bus
248 1458 400 1496 dissonat,
416 1468 532 1491 verum
548 1461 644 1489 etiam
659 1458 910 1498 repugnantiam
923 1457 956 1487 in

178 1521 212 1543 se
235 1513 355 1544 claudit
382 1513 595 1544 manifestam.
628 1512 708 1544 Nam
739 1511 912 1542 discordari
938 1520 956 1541 a

177 1565 294 1598 Christi
309 1567 477 1606 mandatis,
494 1576 618 1607 semper
633 1568 681 1597 est
695 1567 859 1606 peccatum
870 1574 956 1596 mor-

177 1620 257 1658 tale3
287 1620 467 1652 discordare
490 1629 568 1651 vero
594 1629 613 1651 a
645 1619 759 1650 Christi
787 1619 951 1659 operibus,

175 1676 278 1714 potest
300 1684 369 1706 esse
391 1676 557 1715 peccatum
580 1673 721 1712 veniale,
747 1672 799 1705 vel
821 1673 953 1704 omnIno

174 1728 303 1760 nullum
318 1731 494 1769 peccatum.
516 1729 654 1769 Apparet
669 1727 782 1767 igitur,
799 1727 884 1767 quod
902 1735 950 1757 se-

173 1781 281 1822 ipsum
294 1792 500 1823 nequaquam
515 1782 682 1820 intellexit,
699 1782 775 1813 dum
790 1781 824 1811 in
840 1781 951 1811 eadem

173 1837 389 1876 propositione
404 1838 467 1868 duo
482 1838 541 1868 sibi
557 1836 715 1868 contraria
731 1835 829 1867 simul
843 1835 950 1866 inclu-

173 1890 229 1921 dit.
246 1890 363 1922 Deinde
378 1891 464 1931 quod
478 1891 578 1923 verba
597 1890 761 1921 inculcans
776 1890 814 1921 de
828 1890 949 1930 imper-

172 1944 316 1975 fectionis
327 1945 541 1976 notificatione
550 1945 718 1982 subnectit,
731 1944 837 1975 dicens
849 1955 855 1974 :
870 1943 950 1974 «Im-

173 1998 323 2037 perfectio
351 1999 427 2030 vitae
453 2001 515 2038 est,
543 2008 562 2030 a
587 1998 701 2038 regula
721 1998 855 2038 Justitiae
877 2000 908 2028 et
931 2008 949 2029 a

172 2051 316 2091 vestigiis
337 2051 453 2083 Christi
475 2052 687 2092 distorqueri,
712 2052 768 2082 ubi
788 2051 948 2083 Christum

173 2108 278 2144 posset
292 2107 468 2137 secundum
484 2116 612 2138 carnem
629 2106 867 2146 corruptibilem
878 2106 949 2137 imi-

172 2159 233 2189 tari
239 2168 249 2198 3
260 2170 274 2188 »
287 2161 423 2192 ostendit
438 2171 471 2192 se
486 2170 551 2192 non
562 2161 667 2192 solum
677 2161 818 2192 veritatis
831 2161 949 2192 intelli—

173 2213 282 2252 gentia
297 2223 435 2246 vacuum
446 2238 455 2253 ,
479 2215 534 2246 sed
557 2216 653 2246 etiam
677 2216 783 2247 verbis
806 2215 949 2247 veritatis

171 2276 326 2306 egenum.
343 2268 464 2300 Verum
477 2269 516 2300 de
536 2270 640 2301 verbis
656 2279 733 2301 cura
747 2269 946 2310 permodica3

172 2322 279 2361 magis
294 2324 402 2353 autem
418 2323 614 2355 discutienda
629 2324 719 2355 verbi
735 2324 902 2362 sententia,
919 2326 950 2354 et

172 2376 349 2416 abjicienda
373 2379 528 2417 tanquam
551 2378 691 2410 distorta.
718 2378 773 2409 Dic
796 2378 835 2417 (α)
861 2378 949 2409 enim

172 2430 257 2470 quod
270 2431 467 2471 imperfectio
489 2434 536 2462 est
554 2432 699 2463 distortio
715 2442 733 2462 a
748 2432 864 2471 regula
876 2433 946 2472 jus-

172 2484 262 2515 titiae.
278 2484 407 2516 Constat
421 2487 541 2524 autem,
558 2486 642 2525 quod
654 2486 779 2526 justitia
798 2488 845 2517 est
859 2487 949 2517 recti-

173 2538 249 2569 tudo
272 2539 457 2578 voluntatis,
474 2540 556 2570 sicut
579 2539 653 2570 dicit
674 2539 845 2571 Anselmus
869 2541 890 2571 ¹.
914 2540 948 2571 Si

172 2591 331 2631 igiturest
345 2594 492 2634 quaedam
498 2594 622 2634 justitia
637 2594 783 2634 perfecta,
800 2595 948 2634 quaedam

172 2645 366 2687 imperfecta,
374 2648 520 2689 sequitur
527 2648 713 2687 necessario,
721 2648 807 2688 quod
814 2648 854 2678 sit
864 2657 950 2688 quae-

204 2710 211 2726 ¹
228 2711 350 2742 Anselm,
367 2711 465 2743 Dialog.
485 2712 515 2736 de
535 2712 657 2742 Ver-itate,
679 2718 703 2736 c.
724 2717 787 2742 xm,
804 2711 835 2736 al.
853 2717 900 2735 xii.
917 2725 948 2729 —

314 2766 388 2788 τοΜ.
413 2767 482 2789 xw.

1740 212 1799 241 417

1022 271 1096 302 dam
1112 271 1238 311 justitia
1251 271 1394 303 distorta.
1410 271 1567 313 Amplius,
1589 274 1616 306 si
1635 277 1683 307 est
1703 277 1801 308 recti-

1021 325 1098 357 tudo
1111 326 1208 365 justa,
1228 325 1372 357 distortio
1387 326 1483 358 etiam
1503 327 1633 368 inJusta.
1651 329 1683 361 Si
1699 330 1801 371 igitur

1021 379 1219 420 imperfectio
1241 382 1288 411 est
1308 379 1472 419 distortio,
1495 381 1718 421 imperfectum
1741 385 1802 416 erit

1021 433 1192 474 injustum.
1210 434 1363 474 Sequitur
1378 444 1468 475 ergo,
1494 435 1520 466 si
1535 436 1731 477 imperfectio
1754 441 1802 470 est

1021 487 1186 526 distortio,
1214 488 1300 528 quod
1324 489 1433 530 aliqua
1451 490 1577 530 ,iustitia
1605 491 1645 522 sit
1669 491 1798 532 injusta.

1021 541 1163 582 Denique
1178 551 1253 573 cum
1267 542 1371 574 virtus
1386 544 1501 583 omnis,
1523 546 1559 576 ut
1577 546 1623 576 ait
1643 545 1801 587 Augusti-

1020 604 1082 626 nus
1106 598 1129 635 2,
1154 595 1194 626 sit
1218 597 1304 627 recta
1326 597 1424 636 ratio,
1449 599 1628 631 necessario
1656 601 1802 641 sequitur

1021 649 1106 690 quod
1121 649 1266 681 distortio
1286 650 1325 681 sit
1346 653 1522 691 peccatum.
1547 653 1580 685 Si
1602 653 1704 694 igitur
1724 656 1798 686 uni-

1021 703 1186 734 versaliter
1221 704 1418 745 imperfectio
1457 708 1504 738 est
1541 707 1685 740 distortio
1706 734 1715 749 ,
1755 710 1801 741 sic

1019 757 1215 798 imperfectio
1250 759 1477 792 universaliter
1510 761 1571 793 erit
1598 765 1763 802 peccatum
1790 774 1797 795 ε

1019 820 1091 842 cum
1111 812 1220 852 aliqua
1241 812 1378 845 charitas
1399 815 1441 845 sit
1463 815 1664 856 imperfecta,
1690 827 1799 849 conse-

1019 866 1150 906 quentia
1164 868 1342 899 necessaria
1364 870 1467 909 potest
1482 869 1604 909 inferri,
1619 871 1706 911 quod
1721 871 1800 903 cha-

1017 919 1095 950 ritas
1123 920 1164 951 sit
1194 922 1364 960 peccatrix.
1390 922 1436 954 Ac
1466 932 1524 963 per
1547 924 1608 955 hoc
1636 924 1801 965 colligitur

1018 983 1058 1004 ex
1082 975 1257 1014 praemissis
1281 977 1459 1009 secundum
1481 979 1714 1011 notificationes
1738 980 1800 1011 im—

1020 1028 1223 1068 perfectionis
1238 1030 1443 1070 praehabitas,
1462 1033 1547 1072 quod
1560 1034 1684 1073 justitia
1699 1034 1739 1065 sit
1754 1034 1802 1065 in-

1013 1082 1113 1122 justa,
1130 1084 1288 1116 rectitudo
1299 1085 1442 1125 distorta,
1464 1089 1495 1118 et
1516 1087 1654 1118 charitas
1674 1089 1799 1120 vitiosa.

1016 1136 1064 1167 Ad
1081 1139 1236 1177 majorem
1252 1148 1382 1180 quoque
1393 1140 1564 1181 imperitiae
1581 1151 1649 1173 suae
1662 1142 1801 1174 declara-

1016 1191 1156 1229 tionem,
1182 1193 1278 1233 paulo
1306 1196 1377 1234 post
1403 1195 1533 1233 subdit,
1558 1196 1644 1236 quod
1668 1196 1801 1238 Sapiens

1015 1253 1168 1284 magnam
1184 1247 1297 1278 asserit
1313 1247 1323 1264 ³
1348 1257 1414 1280 esse
1431 1249 1569 1288 gloriam
1585 1251 1676 1291 sequi
1690 1251 1798 1282 Domi-

1013 1307 1107 1337 num,
1121 1302 1152 1330 et
1166 1301 1251 1340 quod
1267 1301 1453 1342 simpliciter
1464 1303 1586 1334 dictum
1596 1306 1653 1343 est,
1670 1305 1801 1337 univer-

1015 1352 1123 1383 saliter
1138 1354 1341 1394 intelligitur.
1360 1356 1451 1393 Quod
1474 1357 1499 1388 si
1520 1367 1636 1389 verum
1650 1361 1707 1398 est,
1725 1369 1799 1391 eum

1014 1407 1096 1439 velle
1113 1409 1204 1448 sequi
1220 1409 1392 1442 Dominum
1410 1411 1442 1442 in
1458 1411 1621 1452 aliquibus
1642 1413 1708 1443 suis
1722 1413 1798 1444 acti-

1013 1461 1074 1492 bus
1090 1462 1130 1493 sit
1147 1472 1266 1503 magna
1281 1466 1506 1506 praesumptio,
1523 1468 1633 1507 utpote
1650 1467 1683 1498 in
1699 1467 1800 1498 mira-

1014 1516 1105 1554 culiS,
1122 1516 1157 1547 in
1176 1518 1316 1558 judiciis,
1342 1519 1375 1549 in
1396 1520 1556 1558 vindictis,
1574 1522 1605 1551 et
1629 1521 1662 1551 in
1682 1521 1800 1561 praevi-

1018 1570 1128 1601 dendis
1143 1571 1270 1611 futuris,
1285 1575 1317 1603 et
1331 1574 1552 1605 consimilibus
1564 1586 1571 1613 ;
1583 1575 1685 1614 igitur
1700 1576 1725 1606 si
1740 1576 1802 1607 hoc

1014 1624 1151 1656 verbum
1172 1625 1361 1666 simpliciter
1376 1627 1496 1659 dictum
1515 1630 1562 1659 est
1576 1630 1800 1662 universaliter

1014 1678 1274 1718 intelligendum,
1291 1683 1347 1711 aut
1370 1690 1493 1721 magna
1512 1683 1573 1714 erit
1589 1684 1693 1723 gloria
1711 1686 1801 1725 sequi

1016 1731 1191 1763 Dominum
1207 1734 1238 1764 in
1259 1734 1310 1765 his
1333 1735 1372 1766 ad
1388 1745 1461 1776 quae
1485 1738 1626 1777 aspirare
1645 1740 1692 1769 est
1715 1748 1799 1779 prae-

1015 1790 1244 1828 sumptuosum
1266 1791 1296 1820 et
1321 1790 1521 1830 imperitum,
1546 1794 1600 1822 aut
1623 1793 1800 1825 secundum

1015 1839 1109 1870 istius
1120 1849 1308 1879 perversum
1321 1842 1480 1880 judicium
1496 1842 1630 1883 Sapiens
1645 1845 1726 1876 dixit
1743 1845 1800 1876 sal-

1005 1902 1096 1929 sum.
1115 1894 1197 1925 Huic
1212 1904 1341 1935 quoque
1368 1895 1536 1927 dementiae
1556 1899 1588 1928 et
1611 1898 1707 1929 aliam
1732 1910 1799 1933 non

1018 1949 1177 1981 minorem
1202 1951 1370 1991 adjunxit,
1396 1952 1519 1991 dicens,
1544 1955 1631 1994 quod
1655 1957 1798 1991 Christus

1010 2003 1205 2034 adolescenti
1223 2005 1305 2036 dixit
1321 2005 1351 2036 ⁶:
1372 2005 1504 2046 Sequere
1525 2017 1583 2048 me,
1606 2019 1671 2042 non
1686 2012 1798 2044 distin-

1006 2065 1116 2096 guens
1128 2058 1160 2088 in
1176 2058 1294 2098 quibus
1308 2061 1339 2089 et
1350 2060 1509 2101 qualibus,
1526 2063 1580 2094 sed
1593 2063 1792 2106 simpliciter;

1006 2112 1037 2141 et
1063 2120 1198 2151 magna,
1227 2114 1262 2143 ut
1291 2112 1383 2152 dicit,
1411 2118 1621 2157 praesumptio
1645 2122 1690 2151 est
1714 2122 1796 2153 velle

1007 2165 1218 2204 distinguere,
1243 2167 1300 2213 phi
1327 2167 1483 2199 Dominus
1508 2179 1573 2201 non
1595 2171 1792 2214 distinxerit,

1007 2218 1082 2257 quia
1097 2218 1297 2258 legislatoris
1317 2223 1362 2251 est
1378 2223 1557 2262 proprium,
1573 2224 1679 2265 legem
1694 2228 1791 2260 inter-

1008 2273 1125 2312 pretari
1141 2282 1241 2312 quam
1259 2274 1407 2305 condidit.
1427 2275 1462 2306 In
1473 2286 1536 2317 qua
1548 2279 1677 2318 quidem
1691 2291 1792 2314 asser-

1006 2325 1104 2364 tione,
1123 2329 1154 2357 et
1170 2327 1228 2367 ipsi
1240 2327 1324 2366 fidei,
1338 2330 1369 2359 et
1383 2333 1565 2362 sanctorum
1577 2333 1708 2366 Patrum
1720 2345 1790 2367 sen-

1006 2379 1130 2418 tentiae,
1147 2382 1177 2410 et
1194 2381 1290 2412 etiam
1311 2382 1437 2414 sibimet
1461 2387 1646 2418 contradicit
1667 2393 1786 2429 aperte.

1006 2432 1087 2464 Nam
1107 2434 1133 2464 si
1147 2435 1202 2465 ubi
1219 2435 1363 2467 Christus
1378 2437 1411 2468 in
1428 2448 1574 2471 sermone
1584 2443 1712 2482 proprio
1722 2454 1787 2476 non

1006 2487 1160 2526 distinxit,
1174 2498 1232 2519 nec
1246 2499 1304 2520 nos
1317 2491 1470 2523 debemus
1485 2493 1698 2535 distinguere,
1712 2507 1786 2528 cum

1007 2540 1086 2571 dixit
1100 2544 1110 2560 ὅ
1129 2552 1135 2573 2
1153 2542 1247 2575 Pater
1262 2544 1366 2583 major
1382 2554 1430 2577 me
1447 2550 1505 2584 est,
1522 2550 1607 2579 errat
1621 2550 1785 2583 catholicae
1820 2559 1823 2561 ’

1005 2595 1079 2626 fidei
1094 2604 1217 2635 sensuS,
1243 2606 1306 2637 quo
1321 2598 1452 2630 docetur
1465 2609 1530 2631 non
1545 2602 1584 2633 ad
1608 2602 1718 2636 Christi
1736 2605 1783 2636 di-

1006 2677 1015 2692 2
1030 2678 1102 2707 Aug,
1119 2677 1236 2709 Soliloq.‚
1255 2679 1296 2703 lib.
1316 2680 1382 2710 1‚v1,
1397 2682 1434 2705 13.
1447 2694 1476 2698 —
1488 2681 1497 2697 ³
1508 2682 1599 2712 Ecclz'.,
1615 2690 1692 2716 xxm,
1704 2687 1743 2709 38.
1754 2699 1784 2705 ——

1005 2713 1010 2726 ⁴
1028 2713 1129 2743 Mutila,
1148 2720 1203 2745 xix,
1219 2716 1258 2738 2¹.
1276 2729 1303 2732 —
1316 2716 1326 2731 ⁵
1339 2716 1419 2745 Jocm„
1436 2723 1489 2747 Χιν,
1504 2719 1542 2743 28.
1554 2732 1584 2736 —
1597 2720 1627 2750 (α)
1641 2721 1696 2752 Ley.
1709 2722 1783 2746 Dicit.

1601 2767 1638 2795 27
