2060 3052
671 233 721 266 DE
743 233 799 266 SS.
825 228 1059 266 APOSTOLlS.
1084 233 1217 266 SERMO
1244 232 1280 265 V.

164 297 235 338 quia
261 301 394 331 invenire
416 309 478 331 non
496 303 618 339 possent
638 301 670 330 in
694 302 805 337 hieme,
830 301 944 330 etiamsi

163 349 244 377 exire
253 350 384 386 possent.
394 349 509 377 Utinam
521 349 562 377 sic
573 351 788 385 congregarent
797 349 945 382 homines,

163 396 238 424 sicut
251 398 434 432 congregant
452 396 584 424 formicae
607 398 635 424 et
655 404 726 432 apes
737 406 745 431 3
765 396 849 424 nulla
866 395 946 423 enim

164 445 325 479 congregat
338 443 463 480 sibiipsi,
479 443 533 471 sed
546 443 762 471 communitati.
777 442 949 471 Communi-

162 490 207 517 ter
221 490 302 518 enim
316 490 469 526 colligunt,
484 490 682 518 communiter
694 492 853 526 reponunt,
868 497 948 517 com-

162 537 291 565 muniter
306 537 478 572 comedunt,
493 537 567 565 nihil
578 537 735 574 proprium
749 537 945 574 possidentes,

163 584 250 617 Quod
268 584 292 611 si
316 584 454 612 homines
477 584 617 616 facerent,
639 586 747 612 statum
773 583 949 612 innocentiae

163 632 418 666 repraesentarent,
438 640 473 660 eo
489 631 573 668 quod
588 639 649 659 non
669 639 735 667 quae
749 631 807 659 sibi
822 632 947 665 tantum,

165 678 218 706 sed
233 686 299 714 quse
313 679 520 707 communitati
536 680 632 707 essent
646 678 823 714 necessaria,
838 685 948 714 procu-

164 727 273 753 rarent.

202 772 351 807 Secundo,
367 773 513 801 debemus
527 773 628 802 videre
646 772 791 801 Christum
806 773 838 800 in
853 780 951 800 coena-

167 819 235 847 culo
259 820 411 848 lavantem
432 820 565 848 similiter
583 821 610 848 et
625 820 851 854 ministrantem,
867 820 898 848 in
912 820 950 847 si-

167 874 259 901 gnum
286 866 444 903 profundae
470 867 655 895 humilitatis.
681 867 750 901 Quis
775 867 855 894 enim
882 866 952 894 ullis

167 913 314 949 exprimat
328 913 438 948 verbis,
455 915 567 950 quanta
581 914 732 941 humilitas
746 913 843 947 fuerit,
860 921 953 949 quan—

168 959 208 988 do
222 960 272 988 Dei
287 960 378 988 Patris
396 960 487 988 Filius
507 961 547 989 ad
568 961 661 997 pedes
681 960 908 997 discipulorum,
925 962 953 988 et

166 1007 349 1043 piscatorum
365 1007 470 1036 vilium
486 1016 565 1043 genu
579 1008 670 1043 flexit,
686 1007 778 1044 pedes
793 1015 898 1035 eorum
912 1007 953 1035 la-

167 1054 320 1089 vitlinteo,
336 1063 396 1091 quo
407 1055 581 1091 praecinctus
591 1057 665 1089 erat,
680 1055 809 1089 extersit,
826 1057 854 1082 et
867 1054 953 1090 pedi-

168 1101 223 1129 bus
238 1110 342 1129 eorum
358 1101 461 1130 oscula
484 1102 633 1130 charitatis
655 1102 743 1130 labiis
767 1101 875 1130 divinis
896 1101 952 1129 im-

167 1148 295 1184 pressit?
317 1149 376 1177 Hoc
402 1149 482 1177 enim
506 1149 658 1177 admirans
684 1151 784 1177 Petrus
814 1149 888 1176 dixit
912 1148 921 1164 ¹
946 1159 952 1175 :

171 1204 185 1221 «
200 1195 335 1230 Domine,
356 1198 387 1224 tu
409 1196 481 1223 mihi
495 1196 578 1224 lavas
593 1196 685 1232 pedes
695 1198 708 1224 ⁶?
723 1207 736 1223 u
755 1196 840 1232 quasi
856 1196 953 1230 dicat3

167 1243 209 1269 Tu
224 1242 376 1278 Dominus,
392 1243 466 1270 mihi
481 1251 577 1278 servo;
595 1246 624 1271 tu
639 1243 883 1279 gloriosissimus,
899 1242 955 1269 mi-

168 1288 199 1316 hi
216 1288 373 1325 vilissim03
394 1291 426 1317 tu
450 1290 618 1325 altissimus,
640 1290 714 1317 mihi
734 1289 933 1325 abjectissimo
945 1296 954 1322 3

168 1337 200 1363 tu
214 1336 447 1372 potentissimus,
469 1337 542 1364 mihi
565 1337 769 1369 debilissim03
792 1339 823 1364 tu
841 1336 956 1372 sapien-

169 1382 308 1418 tissimus,
337 1383 411 1411 mihi
435 1384 606 1412 stultissimo
618 1394 627 1419 ;
651 1386 682 1412 tu
713 1383 854 1419 optimus,
878 1382 951 1409 mihi

170 1429 250 1457 malo
263 1429 364 1458 lavare
381 1431 424 1458 vis
438 1431 554 1467 pedes?
567 1429 575 1443 ⁵
600 1441 613 1457 «
629 1433 693 1459 Non
708 1430 824 1458 lavabis
838 1429 911 1457 mihi
927 1429 958 1456 in

170 1477 323 1504 oeternum.
338 1488 350 1501 υ
368 1477 474 1505 Dicitur
488 1477 568 1505 enim
582 1478 612 1505 in
628 1480 776 1505 Itinerario
791 1476 957 1510 Clementis,

171 1523 254 1558 quod
281 1524 454 1552 recordatus
486 1526 586 1552 Petrus
619 1524 793 1552 humilitatis
829 1523 956 1556 Domini,

171 1570 326 1605 quomodo
343 1571 379 1598 de
393 1573 480 1599 noete
495 1580 548 1608 per
556 1572 691 1607 singulos
703 1571 857 1605 circuibat,
870 1573 898 1599 et
907 1579 958 1598 eos

171 1617 373 1653 cooperiebat,
392 1618 541 1654 lacrymas
564 1619 714 1646 continere
732 1627 795 1646 non
817 1620 954 1654 poterat:

171 1664 251 1692 unde
266 1673 401 1701 pannum
416 1674 534 1702 semper
554 1666 705 1702 portabat,
726 1675 787 1702 quo
807 1666 956 1702 lacrymas

172 1713 371 1748 abstergebat.
401 1713 446 1741 Ad
471 1714 741 1742 considerationem
766 1722 838 1749 ergo
863 1716 890 1741 et
914 1722 958 1741 se-

174 1760 294 1796 quelam
322 1762 382 1787 tam
410 1760 567 1796 profundae
600 1761 785 1795 humilitatis,
815 1761 957 1789 Dominus

173 1808 304 1842 Moysen,
316 1809 344 1834 et
356 1808 469 1843 Moyses
481 1815 536 1835 nos
549 1816 652 1836 omnes
663 1808 798 1836 invitavit
810 1808 839 1835 in
856 1816 956 1835 exem-

173 1853 269 1889 plum,
287 1854 410 1889 quando
427 1854 501 1882 dixit
516 1856 525 1872 ³
542 1863 548 1882 :
570 1865 583 1880 «
598 1855 669 1882 Vide
685 1855 796 1890 omnia,
813 1857 840 1882 et
853 1854 899 1882 fac
915 1863 958 1882 se-

174 1900 307 1927 cundum
323 1901 486 1937 exemplar,
503 1902 586 1937 quod
600 1902 653 1929 tibi
664 1903 860 1929 monstratum
872 1901 957 1928 estin

175 1949 286 1974 monte.
301 1957 314 1973 n
332 1949 413 1975 Mons
429 1948 489 1981 ille,
506 1947 515 1963 '⁴
529 1958 541 1974 «
557 1949 588 1975 in
604 1957 664 1984 quo
678 1948 900 1984 beneplacitum
916 1949 959 1975 est

163 1986 234 2021 'Deo
254 1993 440 2028 inhabitare;
464 2003 551 2023 mons
578 1995 762 2030 coagulatus,
783 2003 871 2022 mons
892 1995 959 2030 pin-

176 2041 252 2075 guis,
268 2052 280 2066 »
298 2050 384 2069 mons
406 2042 546 2070 omnibus
567 2042 654 2070 bonis
673 2042 789 2078 plenus,
807 2042 894 2069 Filius
910 2042 958 2069 Dei

174 2087 247 2122 fuit,
277 2088 328 2124 qui
361 2088 391 2116 in
421 2089 594 2125 exemplum
621 2089 757 2125 perfectae
784 2088 959 2116 humilitatis

176 2135 317 2163 omnibus
339 2136 425 2164 datus
445 2136 510 2171 fuit,
536 2139 569 2165 ut
593 2137 670 2165 ultra
691 2137 783 2165 homo
805 2137 959 2173 superbire

176 2190 238 2210 non
257 2185 367 2218 posset,
383 2184 506 2219 quando
530 2184 571 2212 sic
590 2184 679 2212 Filius
699 2184 747 2212 Dei
770 2192 799 2212 se
823 2184 958 2219 subjecit.

177 2230 271 2264 Turpe
287 2233 339 2264 est,
354 2230 469 2258 foedum
488 2232 540 2266 est,
564 2232 667 2258 contra
687 2231 831 2258 rationem
854 2233 906 2264 est,
928 2232 960 2257 ut

179 2283 280 2303 servus
298 2276 399 2304 sedeat
414 2277 444 2304 in
459 2277 529 2312 alto,
550 2278 603 2305 ubi
621 2286 674 2305 rex
696 2277 778 2305 sedet
793 2278 823 2305 in
838 2278 917 2313 imo;
934 2280 961 2305 et

179 2322 239 2349 illic
252 2323 421 2350 membrum
436 2324 613 2352 vilissimum
628 2324 687 2352 alta
698 2326 788 2360 petat,
805 2324 856 2352 ubi
873 2327 961 2360 caput

180 2377 210 2396 se
222 2369 261 2396 ad
271 2369 374 2396 infima
385 2370 527 2405 declinat;
541 2374 568 2399 et
577 2371 668 2407 pedes
678 2371 830 2398 eleventur
840 2371 870 2398 in
881 2379 960 2405 aera,

180 2416 232 2443 ubi
247 2418 335 2452 caput
350 2417 484 2445 ambulat
504 2426 592 2453 super
614 2420 731 2446 terram.
754 2419 823 2452 Quis
839 2419 917 2446 enim
932 2418 962 2446 in

181 2463 306 2498 alicujus
321 2471 408 2491 curru
424 2465 523 2499 magni
538 2465 615 2499 regis
631 2466 732 2493 sedeat
747 2465 777 2492 in
789 2466 860 2500 alto,
876 2465 900 2492 si
911 2473 963 2492 rex

182 2509 283 2537 sedeat
305 2510 336 2537 in
356 2510 417 2538 imo
428 2511 441 2537 ἵ)
461 2510 521 2538 imo
539 2511 605 2546 quis
621 2514 664 2539 est
680 2512 742 2547 qui,
758 2520 828 2547 rege
843 2512 962 2539 sedente

182 2556 213 2584 in
231 2556 317 2591 solio,
340 2557 376 2585 ad
400 2557 493 2593 pedes
513 2558 576 2592 ejus
596 2566 626 2585 se
648 2567 709 2586 non
730 2561 822 2595 ponat
836 2559 866 2586 in
881 2560 963 2586 imo?

184 2605 258 2639 Ergo
274 2604 379 2632 abusio
395 2605 568 2633 detestanda
580 2607 632 2640 est,
646 2606 785 2642 superbia
800 2608 852 2640 est,
866 2608 897 2634 ut
907 2606 962 2634 sub

217 2704 225 2719 ¹
240 2704 322 2734 loun„
339 2710 396 2736 xm,
415 2707 438 2729 G.
454 2720 482 2723 —
501 2707 507 2720 ²
529 2706 602 2737 thid„
619 2707 641 2729 S.
658 2720 686 2723 —-
703 2706 712 2722 ³
733 2706 822 2736 Esod„
847 2713 905 2737 xxv,
924 2709 961 2731 40.

1753 235 1791 264 ⁴3

1001 301 1108 330 humili
1122 301 1227 338 capite,
1244 299 1416 328 membrum
1435 296 1613 328 vilissimum
1635 305 1699 328 esse
1719 300 1791 328 velit

1002 349 1177 384 superbum.
1202 347 1289 382 Quod
1311 347 1336 375 si
1360 349 1441 375 tanta
1465 346 1621 375 exhibetur
1643 347 1790 382 subjectio

1002 396 1064 430 regi
1089 398 1217 430 terreno,
1241 394 1330 423 morti
1358 396 1386 422 et
1413 393 1600 430 corruptioni
1624 394 1789 430 supposito,

1004 445 1116 477 quanta
1136 444 1178 470 est
1198 441 1369 470 exhibenda
1386 440 1449 476 regi
1476 443 1597 475 aeterno,
1622 449 1740 468 summo
1765 444 1793 468 ct

1003 489 1243 517 incommutabili
1265 489 1371 517 bono?
1392 490 1465 516 Nam
1481 487 1632 521 animalia,
1649 496 1717 515 cum
1739 496 1789 515 co-

1004 545 1070 565 ram
1082 537 1169 564 leone
1189 538 1267 569 sunt,
1284 544 1338 564 suo
1356 544 1436 571 rege,
1452 537 1529 564 stant
1545 535 1668 563 dimisso
1685 535 1792 572 capito,

1005 591 1060 611 nec
1079 583 1190 611 audent
1212 583 1320 611 faciem
1339 583 1438 611 levare
1457 583 1478 610 ⁵.
1504 584 1591 618 Ergo,
1613 582 1698 619 quod
1720 582 1792 610 bru-

1005 632 1069 658 tum
1083 629 1195 658 animal
1210 629 1279 657 facit
1293 638 1347 657 suo
1363 630 1438 665 regi,
1454 629 1515 658 sive
1535 629 1627 665 leoni,
1647 637 1709 657 non
1724 628 1794 657 facit

1006 677 1118 706 animal
1140 676 1286 705 rationale
1313 676 1439 704 Domino
1467 685 1521 704 suo
1548 677 1679 713 potenti,
1707 677 1792 712 cujus

1005 724 1131 761 imperio
1147 732 1165 752 a
1178 723 1262 752 nullo
1276 723 1369 751 resisti
1384 724 1491 759 potest,
1508 723 1556 751 vel
1570 723 1601 751 in
1616 723 1718 760 aliquo
1735 723 1791 752 ob-

1006 771 1105 799 viari‘?

1042 818 1148 852 Tertio,
1177 818 1280 846 videre
1306 817 1452 845 debemus
1480 819 1573 845 Deum
1600 817 1631 845 in
1657 817 1793 854 patibulo

1007 865 1164 901 poenaliter
1188 865 1378 898 morientem,
1401 864 1433 892 in
1455 864 1627 900 exemplum
1647 864 1795 892 latissimae

1008 911 1166 940 charitatis.
1193 911 1263 946 Quis
1284 914 1326 939 est
1340 912 1443 946 homo,
1461 911 1513 947 qui
1527 911 1617 939 hodie
1633 911 1705 939 velit
1718 911 1794 938 mori

1008 967 1064 994 pro
1081 959 1219 995 proximo
1232 960 1246 986 ἱ)
1267 959 1337 993 Quis
1356 958 1481 990 vicinus,
1508 958 1559 994 qui
1580 959 1699 994 appetat
1718 958 1794 985 mori

1008 1014 1063 1042 pro
1089 1006 1212 1034 vicino?
1241 1006 1312 1040 Quis
1336 1005 1535 1041 propinquus,
1571 1005 1623 1041 qui
1654 1005 1795 1033 sustineat

1009 1053 1086 1080 mori
1101 1061 1156 1088 pro
1174 1053 1369 1089 propinquo?
1390 1052 1459 1086 Quis
1480 1060 1639 1088 germanus
1654 1060 1710 1088 pro
1726 1060 1795 1087 ger-

1009 1100 1124 1128 mano?
1144 1100 1214 1134 Quis
1229 1100 1320 1128 hodie
1339 1102 1424 1136 pater
1442 1108 1497 1136 pro
1522 1099 1597 1133 filio,
1618 1101 1646 1127 et
1666 1099 1796 1127 maxime

1010 1147 1127 1182 ingrato
1166 1149 1193 1174 et
1225 1147 1332 1175 malo?
1365 1149 1453 1182 Erg0,
1485 1146 1588 1174 fratres
1620 1146 1795 1180 charissimi,

1012 1197 1124 1231 quanta
1140 1195 1266 1223 charitas
1282 1195 1386 1223 Christi
1406 1194 1470 1228 fuit,
1491 1195 1541 1230 qui
1564 1202 1619 1230 pro
1635 1202 1689 1221 suo
1701 1193 1795 1228 malo,

1011 1243 1152 1279 pessimo,
1168 1243 1282 1278 ingrato
1298 1245 1325 1270 et
1339 1243 1516 1278 blasphemo
1528 1242 1661 1277 inimico,
1673 1250 1728 1270 nec
1740 1242 1797 1269 sibi

1011 1290 1042 1317 in
1057 1289 1160 1326 aliquo
1178 1290 1338 1325 obligatus,
1362 1297 1484 1325 poenam
1505 1297 1567 1316 non
1591 1289 1688 1316 solum
1712 1289 1797 1316 susti-

1012 1337 1087 1370 nuIt,
1109 1337 1162 1364 sed
1183 1337 1272 1364 etiam
1288 1336 1479 1371 desideravit,
1495 1336 1525 1363 in
1540 1336 1622 1371 ligno
1638 1336 1740 1372 utique
1756 1335 1796 1363 ri-

1013 1383 1187 1418 baldorum,
1208 1385 1236 1411 et
1257 1384 1419 1417 latronum,
1444 1384 1615 1411 tormenta?
1638 1383 1683 1411 Ad
1709 1382 1798 1418 hujus

1014 1440 1086 1467 ergo
1103 1432 1368 1460 considerationem
1387 1431 1535 1459 charitatis
1550 1431 1652 1459 invitat
1667 1439 1721 1458 nos
1739 1432 1797 1458 Do-

1015 1479 1114 1506 minus
1139 1479 1148 1495 ⁶
1172 1488 1178 1506 :
1208 1489 1221 1505 α
1247 1481 1268 1507 Ο
1284 1487 1338 1507 vos
1365 1487 1479 1513 onmes,
1510 1478 1561 1514 qui
1589 1478 1718 1506 transitis
1744 1486 1798 1514 per

1013 1525 1104 1558 viam,
1129 1526 1268 1554 attendite
1291 1528 1318 1554 et
1338 1526 1446 1560 videte,
1470 1526 1493 1553 si
1515 1528 1558 1554 est
1576 1526 1663 1554 dolor
1683 1526 1798 1559 similis,

1014 1572 1088 1600 sicut
1112 1573 1199 1600 dolor
1220 1581 1314 1601 meus.
1332 1583 1345 1599 υ
1364 1575 1396 1600 lit
1411 1573 1441 1600 in
1456 1575 1532 1600 Isaz'a
1552 1573 1658 1601 dicitur
1674 1574 1684 1590 ⁷
1699 1582 1705 1600 ι
1726 1583 1739 1598 α
1754 1573 1799 1600 Vi-

1014 1619 1112 1647 dimus
1123 1628 1191 1648 eum
1205 1621 1387 1656 despectum,
1401 1629 1435 1648 ac
1445 1620 1640 1648 novissimum
1652 1620 1796 1654 virorum,

1012 1666 1111 1694 virum
1140 1667 1292 1701 dolorum,
1317 1669 1346 1695 et
1370 1668 1511 1695 scientem
1542 1667 1754 1694 infirmitatem.
1781 1677 1793 1692 »

1012 1713 1082 1747 Quis
1106 1716 1205 1750 posset
1232 1714 1301 1741 ullis
1324 1714 1488 1750 exprimere
1518 1714 1628 1749 verbis,
1652 1716 1798 1750 quantum

1013 1760 1148 1788 Salvator
1162 1761 1192 1788 in
1206 1761 1349 1797 patiendo
1366 1761 1518 1789 doluerit?

1048 1808 1145 1835 Primo
1160 1816 1231 1843 ergo
1248 1808 1415 1841 considera,
1438 1808 1504 1844 quis
1527 1809 1569 1836 est
1589 1808 1639 1844 qui
1662 1809 1771 1844 patitur
1789 1817 1795 1836 :

1012 1855 1084 1890 quia
1109 1856 1168 1882 Rex
1192 1855 1379 1890 magnificis,
1404 1856 1464 1882 Rex
1483 1855 1714 1890 potentissimus,
1735 1856 1796 1883 Rex

1012 1902 1227 1936 nobilissimus,
1254 1903 1313 1929 Rex
1342 1901 1586 1937 sapientissimus,
1612 1903 1671 1929 Rex
1692 1902 1796 1929 altissi-

1011 1957 1088 1983 muS,
1109 1950 1167 1976 Rex
1192 1957 1279 1976 carne
1303 1948 1490 1982 tenerrimus,
1510 1951 1537 1976 et
1560 1950 1619 1976 Rex
1641 1957 1728 1976 carne
1748 1957 1796 1976 san

1012 1995 1160 2022 nissimus.
1187 1995 1261 2028 Quia
1281 2003 1351 2030 ergo
1377 1995 1442 2022 talis
1464 1997 1525 2022 erat
1545 1995 1655 2029 anima,
1676 2004 1743 2031 qnae
1765 1995 1795 2022 in

1012 2042 1064 2070 illo
1076 2042 1232 2070 sanissimo
1245 2050 1380 2078 corpore,
1392 2042 1602 2078 perfectissime
1614 2042 1797 2078 complexio-

1012 2092 1082 2118 nato
1098 2090 1261 2125 habitabat,
1275 2091 1405 2126 separari
1421 2091 1459 2118 ab
1475 2099 1509 2118 eo
1527 2099 1580 2126 per
1595 2093 1731 2118 naturam
1747 2099 1798 2126 pe-

1014 2137 1090 2165 nitus
1105 2138 1250 2165 renuebat
1284 2139 1369 2173 Ergo,
1398 2138 1471 2165 dum
1492 2146 1508 2165 a
1529 2146 1653 2174 corpore
1669 2138 1708 2165 ita
1723 2146 1796 2165 sano

1015 2185 1134 2212 dolores
1150 2193 1215 2212 eam
1232 2184 1312 2212 exire
1326 2184 1485 2219 faciebant,
1502 2185 1604 2220 utique
1620 2192 1734 2211 summe
1746 2184 1797 2211 do-

1014 2231 1104 2259 lebat.
1122 2232 1214 2259 Omne
1230 2232 1308 2259 enim
1323 2232 1502 2266 membrum,
1519 2233 1629 2267 quanto
1644 2231 1797 2258 delmatius

1015 2282 1066 2314 est,
1084 2281 1111 2306 et
1127 2280 1333 2315 complexione
1356 2280 1499 2314 nobilius,
1518 2281 1599 2307 tanto
1620 2279 1687 2315 plus
1706 2279 1797 2311 dolet,

1016 2326 1039 2353 si
1054 2326 1172 2361 patitur.
1192 2328 1266 2362 Ergo
1282 2327 1354 2354 dum
1376 2327 1475 2354 anima
1495 2327 1599 2354 Christi
1618 2327 1648 2353 in
1673 2334 1797 2361 corpore

1016 2373 1236 2407 delicatissimo,
1256 2382 1432 2409 summeque
1452 2374 1649 2407 nobilissimo,
1667 2371 1798 2408 etperfe-

1017 2420 1143 2447 ctissime
1173 2421 1424 2456 complexionato,
1455 2421 1580 2448 vulnera
1613 2420 1688 2447 dura
1720 2420 1797 2447 circa

1017 2467 1152 2494 membra
1176 2467 1306 2494 virtuosa
1331 2469 1358 2494 et
1386 2470 1486 2495 tenera
1511 2467 1683 2500 sustinebat,
1708 2474 1799 2502 supra

1017 2514 1182 2541 humanum
1198 2514 1324 2541 modum
1340 2514 1474 2548 dolebat;
1493 2515 1520 2541 et
1534 2513 1674 2547 maxime,
1688 2521 1755 2540 cum
1769 2521 1799 2539 se

1018 2568 1035 2587 a
1051 2568 1104 2588 suo
1121 2569 1245 2596 corpore
1261 2561 1463 2588 amantissimo
1488 2560 1651 2588 dividebat.
1674 2562 1754 2594 Item,
1777 2560 1800 2586 si

1019 2615 1214 2643 quaecumque
1239 2607 1339 2635 anima
1361 2616 1379 2635 a
1400 2615 1453 2635 suo
1475 2615 1612 2643 corpore,
1642 2603 1801 2643 quantuni-

1021 2684 1047 2687 -—
1074 2671 1082 2684 ⁴
1109 2670 1176 2695 Psal.
1204 2676 1284 2701 vair,
1310 2672 1391 2695 16-17.
1413 2684 1444 2688 —
1469 2671 1476 2685 ⁵
1501 2671 1616 2702 Hieron„
1644 2672 1668 2694 in
1693 2670 1747 2694 Ose.
1769 2682 1800 2688 -

1021 2708 1029 2720 ‘¹
1049 2707 1146 2735 Threm,
1166 2713 1181 2737 ι,
1201 2709 1236 2730 12.
1251 2721 1278 2724 —
1295 2707 1302 2721 7
1318 2707 1377 2736 Issa,
1394 2708 1488 2738 L111,33.

1835 349 1913 368 Exem-

1807 380 1876 406 plum.
