2029 3052
217 245 257 276 80
583 239 798 275 SERMONES
820 238 871 272 DE
891 237 1058 272 saneris
1080 238 1123 272 IN
1144 237 1340 272 contium.
1362 237 1469 272 xxix.

215 320 230 338 α
258 311 364 348 Magna
391 309 520 346 abusio,
547 311 576 339 et
599 309 719 347 penitus
746 307 837 337 nimis
864 315 995 344 magna,

213 360 246 388 ut
267 358 354 388 dives
379 365 443 388 esse
462 357 534 387 velit
555 355 738 386 vermiculus
765 354 848 390 vilis,
874 356 998 392 propter

213 413 305 443 quem
320 406 382 434 tam
395 412 512 442 pauper
530 402 629 432 voluit
642 410 707 432 esse
726 401 869 431 Dominus
887 401 996 438 maies-

213 453 288 482 tatis.
314 463 329 480 ι»
345 453 471 487 Quaerat,
490 450 598 488 inquit,
618 451 755 486 Paganus
774 449 905 484 divitias,
928 456 998 477 cum

214 499 278 528 sine
294 501 352 528 Deo
367 499 490 528 existat:
507 499 619 535 quaerat
632 498 662 526 et
671 496 790 526 divitias
800 495 930 531 iudaeus,
944 496 998 533 qui

215 555 266 576 eas
285 547 315 575 in
338 545 569 583 promissionem
592 543 720 582 accepit3
740 543 795 572 sed
818 551 880 581 qua
901 543 998 572 fronte

214 593 396 623 Christianus
408 592 527 621 divitias
545 591 663 629 quoerit,
685 593 847 628 postquam
869 590 999 619 Christus

214 647 362 678 pauperes
384 640 490 668 beatos
508 646 572 668 esse
592 637 798 676 praedicabat?
817 637 896 666 Multi
919 637 1000 666 enirn

216 689 420 716 Romanorum
434 686 554 715 fuerunt
562 685 710 722 consules,
725 685 777 722 qui
787 686 910 722 propter
918 692 1001 712 amo-

215 743 279 764 rem
307 743 368 763 sum
396 733 522 763 civitatis
548 733 622 762 nihil
649 732 774 762 omnino
801 732 980 769 accipientes
991 753 999 767 ,

217 782 294 811 adeo
313 781 344 810 in
363 782 459 810 morte
474 780 586 810 inventi
609 781 678 808 sunt
696 787 862 816 paupereS,
883 781 916 807 ut
939 787 1001 808 non

218 829 374 863 haherent,
388 828 468 857 unde
488 827 630 865 exequias
653 827 749 855 funeri
771 826 868 855 facere
888 826 1002 863 potuis-

217 878 291 905 sent.
307 877 380 905 Sunt
394 877 422 904 et
435 875 465 904 in
476 874 578 903 ludaea
591 876 618 903 et
632 874 663 902 in
678 873 827 910 AEthiopia
841 873 957 910 populi,
970 875 1003 901 ut

217 923 347 952 historioe
361 923 494 958 narrant,
509 921 561 958 qui
581 921 656 950 nihil
670 921 788 958 penitus
807 922 1002 957 congregant,

219 970 271 999 sed
285 969 323 999 de
337 969 394 1004 his,
409 977 476 1006 qute
495 970 600 1006 sponte
617 970 694 996 terra
709 967 814 1004 gignit,
830 967 1004 1004 simpliciter

220 1017 334 1052 vivunt,
349 1016 424 1045 sicut
437 1023 542 1044 omnes
560 1014 698 1044 homines
712 1017 779 1043 ante
795 1013 944 1042 diluvium
958 1013 1003 1042 ia-

221 1064 348 1092 ciebant.
370 1064 441 1097 Quoe
457 1070 528 1099 ergo
550 1065 593 1091 est
610 1062 673 1090 haec
687 1063 769 1090 tanta
787 1061 922 1095 avaritia,
936 1069 1004 1098 quse

221 1111 402 1140 Christianos
417 1110 534 1142 invasit.
557 1111 589 1138 ut
607 1109 649 1138 eis
669 1117 730 1137 non
753 1108 900 1136 seminare
920 1107 1004 1135 suffi-

221 1159 290 1194 ciat,
306 1166 367 1186 non
383 1157 540 1193 colligere,
565 1156 621 1184 nisi
640 1157 761 1192 insuper
783 1155 880 1183 usuris
905 1154 1004 1188 variis,

222 1207 250 1234 et
261 1204 494 1234 mercationibus
505 1203 640 1238 infinitis,
650 1203 892 1240 quibuscumque
902 1210 1006 1238 pecca-

222 1253 257 1280 tis
272 1253 454 1288 congregent
469 1251 620 1288 peritura?
633 1251 744 1278 Seneca
758 1250 765 1266 ¹
781 1259 787 1277 :
807 1260 820 1274 a
837 1251 867 1277 lu
883 1249 1006 1276 obsessa

222 1300 269 1328 via
283 1299 366 1327 diviti
382 1298 464 1326 nulla
483 1306 541 1335 pax
564 1301 624 1333 est5
646 1297 697 1334 qui
723 1305 794 1324 vero
818 1304 932 1332 pauper
953 1298 1005 1329 est,

222 1346 336 1374 nullam
352 1345 533 1374 calumniam
555 1345 645 1378 timet,
662 1344 759 1372 nullas
775 1343 915 1371 formidat
931 1343 1006 1377 liteS,

223 1393 321 1421 nullas
336 1393 417 1420 timet
431 1392 506 1420 alias
524 1391 686 1428 passiones.
712 1402 724 1417 n
747 1392 779 1418 Et
800 1390 868 1418 ideo
891 1389 1004 1426 inquit:

226 1452 239 1466 «
257 1442 414 1477 Paupertas
427 1442 469 1467 est
481 1439 595 1467 donum
607 1439 654 1466 Dei
669 1447 686 1466 a
702 1438 803 1474 paucis
813 1437 976 1471 cognitum.
991 1447 1004 1462 u

224 1488 382 1524 Gregorius
401 1486 412 1502 ¹
434 1497 440 1514 :
463 1497 476 1513 ιι
496 1486 571 1520 Quid
597 1486 626 1514 in
651 1485 707 1513 liae
728 1485 787 1513 vita
811 1484 1007 1518 laboriosius,

225 1544 316 1572 quam
329 1534 449 1563 terrenis
459 1533 613 1561 desideriis
623 1535 746 1560 aestuare
755 1535 769 1559 Υ
780 1532 853 1568 quid
870 1532 1008 1569 quietiuS,

225 1591 316 1619 quam
331 1581 405 1610 nihil
421 1583 524 1617 proeter
541 1582 630 1608 Deum
647 1580 676 1607 iu
693 1580 746 1607 ha·-
769 1579 828 1607 vita
847 1583 985 1616 appetere
996 1580 1010 1606 ἵ

227 1630 270 1658 Ad
284 1629 419 1666 patriam,
436 1639 449 1654 »
463 1628 569 1664 inquit,
588 1627 735 1655 «liberius
750 1626 924 1660 incedimus,
940 1626 963 1653 si
980 1626 1009 1654 in

228 1677 274 1705 via
289 1684 379 1705 onere
401 1683 546 1703 caremuS.
569 1675 642 1702 Nam
662 1674 713 1710 qui
736 1682 811 1701 onus
838 1674 1009 1701 divitiarum

229 1723 393 1757 abstulerit,
408 1722 446 1750 ad
469 1721 650 1749 currendum
666 1720 750 1748 citius
765 1729 795 1748 se
816 1720 975 1756 expedivit.
994 1731 1006 1746 υ

229 1773 378 1806 Rogemus
392 1778 475 1805 ergo,
490 1771 544 1797 etc.

513 1848 642 1877 SEHMO
667 1848 688 1877 ΙΙ
707 1848 727 1876 ³.

266 1912 391 1939 Charitas
406 1912 522 1945 bem‘yna
545 1912 583 1937 cst
599 1910 617 1936 ⁸.
641 1909 733 1937 virtus
756 1908 904 1936 charitatis
919 1916 1010 1944 quam

229 1959 265 1987 sit
285 1957 480 1991 nobilissima,
502 1957 620 1993 quantis
641 1955 796 1992 praeconiis
821 1955 1010 1990 honoranda,

230 2006 348 2042 quantis
368 2004 508 2031 laudibus
533 2003 734 2039 praedicanda,
757 2002 837 2030 nulla
854 2004 948 2038 potest
963 2011 1011 2030 ex-

230 2051 317 2088 primi
337 2059 444 2079 earnea
459 2051 570 2085 lingua.
588 2052 659 2078 Nam
681 2049 846 2086 apostolica
861 2051 930 2077 teste
946 2058 1012 2077 sen—

231 2100 318 2127 tentia
333 2099 354 2133 ⁵,
370 2098 392 2125 si
409 2098 475 2134 quis
495 2097 597 2132 lingna
620 2099 715 2124 utatur
738 2096 883 2131 angelira,
905 2097 925 2123 si
946 2105 1013 2132 pro-

230 2147 356 2182 phetica,
380 2145 402 2172 si
423 2144 558 2172 omnium
579 2152 678 2172 rerum
699 2143 830 2177 scientia,
851 2143 874 2170 si
896 2143 954 2170 tide
972 2143 1013 2171 sa·

233 2194 325 2220 ciente
339 2192 492 2225 miracula,
505 2192 527 2218 si
540 2191 723 2227 pauperibus
733 2190 889 2218 distribuat
900 2191 1011 2225 omnia,

233 2244 259 2268 et
276 2241 298 2268 si
322 2241 350 2267 in
371 2243 496 2267 morti-m
510 2239 623 2266 dederit
637 2246 757 2265 carnem
782 2246 884 2269 summ
909 2238 1014 2266 frustra

233 2289 333 2316 onmia
344 2290 421 2321 suni,
435 2287 457 2313 si
471 2286 610 2313 charitate
623 2294 681 2313 uon
696 2288 759 2312 sunt
774 2285 908 2312 formata.
924 2296 937 2309 a
948 2285 1014 2313 Sola

233 2336 312 2363 euim
339 2335 399 2363 have
424 2334 529 2368 virtus,
551 2343 563 2358 n
590 2332 753 2359 secundum
777 2332 971 2368 Augustulum
988 2331 1012 2366 ¹²,

237 2383 377 2418 «piorum
387 2381 518 2409 virorum
531 2382 572 2407 cst
583 2382 609 2406 et
623 2381 810 2413 sanct01·um;
828 2387 895 2406 cum
905 2381 1014 2407 caeterae

235 2430 354 2457 virtutes
367 2429 454 2457 bonis
468 2430 495 2456 et
511 2428 596 2455 malis
611 2435 786 2455 communes
801 2427 866 2454 sint.
885 2438 896 2451 »v
911 2428 1015 2462 Magna

235 2477 314 2504 enim
328 2476 420 2504 virtus
435 2478 477 2503 est
491 2475 584 2509 fides3
603 2474 655 2501 scd
673 2474 823 2501 ammones
839 2474 972 2508 credunt,
987 2476 1015 2501 et

236 2523 474 2551 contremiscunt.
495 2523 600 2557 Magna
621 2521 712 2548 virtus
729 2522 962 2556 estspes,‹{uam
985 2521 1015 2548 in

236 2570 351 2605 magnis
371 2569 577 2605 peccatoribus
597 2568 740 2596 videmus.
762 2568 837 2601 Quid
858 2568 1015 2604 prudentia

269 2647 274 2663 ¹
293 2648 396 2672 Senrc..
411 2645 485 2675 epist.
502 2651 554 2669 xiv.
572 2657 600 2662 —
617 2644 624 2657 ²
639 2645 746 2674 Gregor.
765 2655 790 2659 -
807 2643 816 2658 ³
832 2644 918 2674 Neque
937 2643 1015 2673 huuc,

237 2690 320 2713 nequi·
340 2684 490 2713 sequentum
511 2681 588 2704 liabet
610 2680 669 2704 edit.
694 2680 808 2708 ungena.
833 2686 874 2702 au.
896 2681 963 2703 149⁶.
984 2692 1015 2696 —

237 2719 355 2746 ⁸1t'or.‚
378 2723 438 2747 xiil,
462 2718 483 2741 4.
506 2729 534 2734 —
556 2717 565 2733 ⁵
587 2715 639 2739 ibid
654 2733 661 2746 ,
682 2717 703 2739 t.
726 2728 755 2732 -
777 2715 787 2731 ⁰
808 2715 878 2739 Seni.
900 2722 931 2738 ιιι·
949 2717 1014 2746 Any.

1053 307 1186 337 nobilius
1194 298 1390 345 iudicamus?
1399 307 1464 344 sed,
1482 308 1555 337 teste
1568 306 1726 344 Dumium,
1738 307 1838 344 maior

1052 357 1096 384 est
1109 355 1141 384 in
1155 354 1226 384 filiis
1238 355 1442 391 tenebrarum,
1457 363 1550 392 quam
1563 354 1656 391 lueis;
1669 355 1681 374 ⁸
1692 355 1792 392 mesor
1805 354 1838 384 in

1052 402 1252 440 serpentibus,
1272 410 1365 440 quam
1381 402 1413 431 in
1426 402 1526 432 nobis.
1543 402 1621 437 Quid
1643 400 1840 439 temperantia.

1052 449 1161 479 melius
1170 449 1230 478 dici
1244 451 1353 487 potest,
1366 457 1434 487 quoe
1448 449 1511 479 sive
1525 450 1660 487 respectu
1675 448 1763 486 gulae,
1777 448 1840 478 sive

1052 496 1190 532 luxuriae,
1206 497 1316 533 major,
1331 497 1472 534 quamsit
1482 496 1515 526 in
1529 496 1706 531 christianis,
1717 495 1840 525 inventa

1054 546 1098 573 est
1121 543 1154 572 in
1174 544 1318 581 paganis?
1338 543 1434 573 Multas
1455 543 1537 573 enim
1555 543 1676 573 fuerunt
1700 543 1840 572 mulieres

1053 599 1191 628 paganas,
1207 593 1241 619 ut
1253 593 1396 620 testantur
1410 590 1551 624 historiae.
1562 598 1630 628 quoe
1642 589 1736 628 prius,
1747 597 1840 628 quam

1055 638 1224 675 corrumpi,
1246 638 1407 667 voluerunt
1431 637 1539 667 occidi.
1557 637 1636 672 Quid
1655 636 1840 672 fortitudine,

1055 685 1131 722 quid
1144 685 1287 722 patientia
1306 687 1403 722 potest
1425 693 1487 714 esse
1504 684 1632 714 melius?
1646 692 1739 723 quam
1753 684 1841 722 quasi

1055 732 1087 761 in
1100 740 1220 761 summo
1231 732 1429 770 possederunt
1437 731 1619 769 philosophi.
1634 733 1739 768 Magna
1747 731 1841 761 virtus

1057 781 1086 808 et
1099 779 1194 808 ardua
1206 782 1366 817 paupertas
1378 780 1485 814 existit,
1501 788 1568 817 quae
1577 779 1608 808 in
1621 779 1722 808 multis
1733 782 1792 808 tam
1803 778 1841 816 (a)

1055 826 1254 864 philosophie,
1270 829 1299 855 et
1312 827 1438 864 paganis
1457 826 1651 864 resplenduit.
1672 826 1743 855 Sola
1760 825 1841 855 enim

1058 874 1185 902 charitas
1199 876 1252 908 est,
1270 881 1337 911 qum
1347 873 1432 903 nullo
1448 873 1542 903 modo
1552 874 1702 910 convenit,
1720 873 1777 902 nisi
1791 881 1840 902 so-

1057 920 1216 950 lummodo
1231 921 1303 950 viris
1319 921 1415 957 justis,
1436 929 1473 950 eo
1492 921 1577 958 quod
1601 920 1763 950 deformari
1777 927 1840 949 non

1058 969 1161 1005 possit.
1177 969 1335 1005 Nunquam
1346 968 1424 1004 ignis
1434 969 1531 1005 potest
1544 967 1721 1004 infrigidari,
1737 975 1841 1005 quam-

1059 1061 1130 1090 dem
1144 1070 1198 1099 per
1211 1065 1366 1099 peccatum
1381 1062 1502 1098 auferri,
1513 1061 1566 1090 sed
1578 1069 1735 1099 nunquam
1749 1061 1843 1091 intor-

1060 1109 1117 1137 mis
1141 1109 1205 1137 tieri
1224 1119 1231 1138 ε
1256 1112 1285 1138 et
1304 1109 1344 1138 ad
1367 1109 1492 1138 modum
1514 1109 1581 1137 vitri
1604 1110 1701 1146 potest
1719 1108 1844 1146 quidem

1061 1155 1189 1184 totaliter
1203 1156 1310 1191 frangi,
1326 1164 1387 1184 non
1405 1158 1505 1184 autem
1524 1155 1638 1192 plicari.
1660 1156 1735 1190 Quia
1753 1155 1844 1193 igitur

1061 1202 1123 1230 lime
1139 1203 1230 1231 virtus
1251 1203 1371 1240 proprie
1394 1205 1565 1231 sanctorum
1589 1204 1642 1237 est,
1662 1206 1691 1231 et
1707 1211 1761 1239 per
1781 1203 1846 1239 ejus

1062 1250 1251 1286 operationes
1273 1253 1301 1278 et
1322 1252 1404 1278 actus
1425 1250 1554 1278 maxime
1575 1252 1796 1286 cognoscuntur
1810 1251 1845 1278 ⁹:

1065 1307 1078 1323 α
1095 1299 1135 1325 Ex
1157 1297 1302 1325 fructibus
1319 1298 1398 1325 enim
1415 1305 1519 1325 eorum
1534 1297 1718 1332 cognoscetis
1733 1305 1784 1326 eos
1800 1306 1807 1325 ι
1829 1308 1842 1323 ιι

1063 1343 1132 1372 ideo
1146 1344 1331 1380 proemissum
1343 1345 1468 1373 verbum
1479 1344 1518 1373 ad
1530 1345 1705 1373 Sanctorum
1718 1344 1844 1380 gloriam

1064 1393 1106 1419 est
1127 1393 1324 1428 assumptum.
1340 1393 1371 1420 ln
1397 1400 1458 1428 quo
1478 1391 1657 1420 describitur
1680 1391 1735 1420 ista
1754 1391 1847 1420 virtus

1063 1439 1237 1466 Sanctorum
1267 1446 1330 1466 esse
1357 1438 1487 1466 maxime
1512 1440 1657 1475 quantum
1686 1438 1725 1467 ad
1751 1438 1813 1467 duo
1838 1448 1846 1466 :

1064 1485 1173 1521 primo,
1196 1487 1342 1522 quantum
1365 1485 1404 1513 ad
1423 1485 1569 1518 habitum,
1591 1485 1642 1522 qui
1665 1485 1796 1514 consistit
1816 1485 1847 1514 in

1065 1532 1155 1560 corde
1170 1541 1175 1559 :
1193 1532 1337 1566 seeundo,
1354 1535 1500 1569 quantum
1519 1532 1558 1560 ad
1574 1535 1687 1568 actum,
1709 1541 1770 1569 quo
1790 1531 1848 1561 sut-

1066 1583 1134 1613 gent
1150 1579 1179 1606 in
1200 1587 1300 1615 opere.
1321 1579 1428 1614 Primo,
1449 1588 1502 1615 per
1516 1579 1651 1607 habitum
1669 1580 1765 1608 Sancti
1781 1583 1849 1608 sunt

1066 1626 1132 1653 sacti
1153 1626 1221 1661 justi
1238 1626 1340 1662 quoad
1361 1627 1487 1662 seipsos;
1507 1627 1650 1662 secundo,
1675 1635 1729 1663 per
1749 1630 1848 1656 aetum

1066 1672 1133 1700 sacti
1147 1676 1214 1701 sunt
1231 1673 1370 1701 luminosi
1386 1674 1488 1710 quoad
1507 1673 1610 1702 fratres
1633 1675 1661 1702 et
1683 1674 1847 1710 proximos.

1067 1721 1187 1748 Notatur
1210 1728 1281 1756 ergo
1306 1721 1404 1756 primo
1429 1720 1548 1749 habitus
1569 1723 1698 1749 mentem
1723 1721 1850 1750 sanctifi-

1067 1775 1148 1798 cans,
1164 1775 1232 1795 cum
1255 1767 1361 1795 dicitur
1382 1776 1388 1795 :
1413 1768 1556 1802 Charitas;
1578 1770 1697 1796 notatur
1715 1768 1849 1797 secundo

1068 1817 1160 1848 actus,
1175 1822 1267 1850 quem
1282 1814 1409 1842 charitas
1424 1815 1593 1851 inspiravit,
1617 1823 1685 1843 cum
1702 1815 1825 1844 infertur
1841 1824 1848 1844 :

1068 1863 1189 1896 itemquo
1212 1865 1261 1897 est,
1286 1861 1316 1889 id
1339 1864 1392 1895 est,
1416 1862 1568 1890 hominem
1584 1862 1750 1898 benignum
1771 1862 1847 1891 facit.

1068 1908 1145 1936 Licet
1159 1909 1237 1936 enim
1252 1908 1393 1944 quaelibct
1408 1909 1499 1937 virtus
1515 1917 1607 1937 unuin
1629 1909 1789 1946 specialem
1804 1917 1851 1938 ac·

1071 1958 1133 1984 tum
1148 1956 1268 1989 habeat,
1286 1964 1375 1992 quem
1391 1956 1487 1984 eliciat
1503 1956 1586 1992 (sicut
1602 1956 1686 1991 tides,
1710 1956 1850 1992 credere;

1069 2011 1147 2038 spes,
1158 2011 1291 2038 sperare;
1308 2003 1445 2037 charitas,
1461 2003 1596 2038 diligere,
1610 2003 1657 2031 vel
1672 2004 1796 2039 amare).
1813 2006 1852 2031 ta-

1070 2058 1138 2077 men
1162 2049 1288 2077 charitas
1311 2058 1416 2077 omnes
1440 2053 1521 2077 actus
1545 2050 1686 2078 virtutum
1710 2050 1851 2087 imperat,

1070 2097 1208 2132 quamvis
1228 2105 1279 2124 eos
1298 2105 1358 2124 nou
1379 2097 1490 2131 eliciat:
1507 2097 1581 2124 sicut
1599 2097 1756 2133 Apostolus
1778 2097 1852 2133 dog-

1071 2144 1187 2171 matizat
1214 2144 1314 2171 dicens
1326 2144 1347 2161 ¹⁰
1373 2153 1379 2171 ε
1403 2154 1415 2169 ιι
1446 2144 1576 2172 Charitas
1611 2144 1712 2172 omnia
1741 2144 1852 2180 credit,

1071 2191 1173 2219 omnia
1188 2195 1295 2227 sperat,
1312 2191 1413 2218 omnia
1428 2191 1561 2225 sustinet,
1583 2202 1596 2217 ι)
1614 2193 1669 2219 etc.
1687 2193 1758 2219 Nem
1778 2191 1853 2219 sicut

1071 2246 1133 2265 esse
1148 2238 1309 2273 benignum
1325 2237 1450 2265 charitas
1471 2238 1612 2274 impera13
1628 2238 1669 2266 sic
1691 2238 1754 2274 ipsa
1769 2238 1853 2266 beni-

1072 2285 1167 2320 gnitas
1178 2284 1372 2320 probabilitvr
1382 2285 1554 2313 cliaritatem
1565 2286 1669 2313 adesse
1683 2285 1850 2320 denuntiat;

1071 2332 1122 2359 sed
1139 2332 1269 2359 desectus
1284 2331 1473 2367 benignitatis
1493 2341 1527 2360 ex
1548 2333 1717 2360 necessitate
1732 2331 1852 2361 conclu-

1072 2379 1124 2413 dit,
1141 2379 1223 2415 quod
1241 2380 1346 2407 animoe
1360 2380 1486 2408 charitas
1497 2388 1557 2408 non
1573 2380 1687 2414 assistit,
1704 2381 1759 2407 etc.
1774 2380 1852 2408 Dica-

1072 2434 1138 2453 mus
1154 2434 1225 2461 ergo
1244 2436 1250 2454 :
1269 2428 1396 2454 Charitas
1412 2428 1525 2462 benigna
1540 2430 1588 2454 est.
1612 2426 1689 2454 Licet
1703 2426 1851 2454 eharitatis

1072 2481 1133 2501 non
1149 2473 1206 2500 sint
1219 2476 1297 2501 certa
1316 2474 1528 2510 experimenta,
1551 2473 1605 2501 nisi
1627 2481 1681 2509 per
1700 2473 1852 2502 revelatio-

1073 2528 1141 2548 nem
1163 2520 1315 2555 divinam3
1338 2523 1406 2548 sunt
1433 2523 1530 2548 tamen
1557 2520 1658 2556 aliqua
1681 2520 1852 2556 probabilia

1072 2567 1168 2603 signa,
1184 2568 1294 2604 quibus
1315 2568 1354 2596 ad
1370 2567 1551 2596 eredendum
1572 2567 1751 2603 inducimur,
1767 2567 1851 2604 quod

1072 2635 1191 2667 dcem-pt„
1207 2642 1251 2661 vii.
1269 2650 1298 2654 —
1315 2637 1325 2653 ⁷
1343 2637 1409 2665 Luc„
1426 2642 1478 2666 xri,
1494 2638 1518 2659 s.
1535 2649 1564 2653 —
1582 2638 1589 2648 ·“
1604 2635 1706 2667 Manli„
1722 2642 1749 2668 x,
1766 2637 1805 2661 16.
1820 2648 1850 2655 —

1072 2673 1082 2688 ⁹
1104 2672 1177 2703 ibid„
1197 2678 1242 2701 vii,
1263 2674 1299 2696 iti.
1313 2685 1343 2690 —
1360 2673 1378 2689 ¹⁰
1396 2673 1402 2695 Ι
1421 2672 1490 2702 Cor„
1505 2677 1563 2701 xiii,
1580 2673 1602 2696 7.

1106 2715 1139 2745 (a)
1159 2715 1212 2740 Del.
1229 2718 1290 2746 tum,
1307 2715 1345 2739 re!
1360 2715 1409 2745 leq.
1425 2716 1522 2740 tamen·

1059 1015 1104 1044 vis
1118 1017 1219 1052 posset
1236 1015 1368 1051 extingui
1386 1024 1393 1043 ε
1409 1015 1450 1044 sic
1465 1017 1494 1043 et
1513 1015 1641 1044 charitas
1659 1016 1756 1052 potest
1775 1014 1841 1052 qui-
1856 981 1953 1039 ⁹¹5¹·OE
