2029 3052
253 177 316 208 618

254 253 337 286 quos
350 246 522 280 nescimus.
537 246 618 280 Item
631 257 812 290 pauperum
822 248 941 291 inopia,
954 249 1033 291 quia

254 300 281 332 si
304 301 386 334 forte
405 311 465 335 nos
485 303 630 337 hilariter
654 304 844 346 reciperent,
870 305 1033 346 expende-

253 356 326 387 rent
351 356 520 390 nobiscum
543 367 602 399 pro
625 367 686 391 sua
707 358 876 392 devotione
904 359 940 391 in
965 367 1033 391 nno

253 409 406 450 prandio,
426 411 518 443 nobis
536 411 633 444 etiam
656 411 855 452 dolentibus,
870 413 958 446 unde
971 413 1033 454 ipsi

253 463 402 504 pluribus
419 465 545 498 vicibus
565 466 654 498 refici
676 468 816 507 possent.
841 467 920 499 Item
942 467 1032 509 ipso-

252 526 328 550 rum
341 518 481 551 divitum
495 520 592 559 salus,
606 521 662 561 qui
676 529 735 562 per
747 521 948 553 occasionem
960 530 1033 554 con-

252 572 375 613 cipiunt
381 573 482 605 nostri
487 573 676 606 familiarem
686 575 846 614 notitiam,
854 577 890 607 ut
899 575 939 607 ad
948 584 1034 608 amo-

252 635 322 658 rem
336 625 391 658 Dei
404 627 449 658 sic
461 635 516 659 eos
530 628 685 669 paulatim
699 628 884 669 trahamus,
901 630 933 662 et
949 629 1035 662 salu—

253 679 295 711 tis
310 679 487 712 doctrinam
500 681 547 713 eis
560 681 761 722 ingeramus,
776 684 808 714 et
817 691 874 724 per
887 682 951 714 tale
964 691 1032 716 me-

253 734 353 766 ritum
369 734 471 767 Deum
491 735 537 768 eis
557 736 733 778 propitium
761 737 934 776 faciamus3
958 737 1035 778 quia

253 797 411 829 pauperes
422 798 481 830 per
494 798 528 822 se
542 790 699 831 ingerunt
719 799 763 830 se,
780 792 811 822 et
824 790 938 822 salutis
957 799 1034 823 con-

253 842 325 875 silia
338 843 477 877 studiose
491 845 676 886 requirunt,
692 845 750 886 qui
771 854 837 877 non
861 845 983 878 habent
1001 846 1034 877 in

253 898 315 930 hoc
342 898 465 931 mundo
494 899 746 932 consolationem
777 909 870 932 suam
885 911 892 939 ;
919 900 1035 932 divites

253 954 363 985 autem
384 953 520 985 terrenis
537 954 689 993 contenti,
710 954 763 987 vel
787 954 960 986 mundanis
975 964 1032 987 ne-

254 1008 352 1048 gotiis
365 1008 520 1049 occupati,
534 1007 586 1039 vel
602 1008 751 1049 superbia
762 1008 873 1048 inflati,
886 1017 960 1040 raro
975 1008 1035 1040 hu-

254 1061 377 1093 miliant
391 1071 424 1093 se
438 1062 477 1094 ad
491 1062 702 1103 quaerendum
718 1062 830 1094 salutis
844 1063 1032 1102 consilium,

253 1116 314 1147 nisi
330 1125 387 1157 per
400 1116 597 1148 occasionem
618 1117 759 1158 aliquam
777 1117 817 1148 ad
833 1116 892 1148 hoc
907 1126 927 1148 a
942 1117 1035 1149 nobis

253 1172 284 1202 et
299 1169 468 1210 Religiosis
482 1170 654 1202 trahantur
667 1171 852 1211 prudenter,
869 1171 952 1202 sicut
974 1171 1033 1203 Do-

254 1224 362 1256 minus
375 1224 473 1255 traxit
486 1224 668 1263 Zachaeum,
683 1226 715 1256 et
731 1225 809 1256 alios
825 1224 1028 1264 Publicanos,

255 1278 478 1310 manducando
492 1287 566 1309 cum
581 1279 638 1316 eis,
655 1281 686 1309 et
702 1278 862 1317 docendo,
878 1278 952 1310 licet
969 1288 1033 1310 non

256 1332 421 1372 ignoraret
438 1332 617 1364 Pharisaeos
625 1334 656 1363 et
666 1332 792 1363 Scribas
807 1331 880 1364 inde
891 1342 1036 1364 murmu-

254 1395 342 1425 rare,
359 1387 390 1417 et
405 1386 574 1418 materiam
588 1395 735 1427 quaerere
750 1386 954 1426 detrahendi,
973 1389 1032 1419 etc.

464 1500 668 1542 QUAESTIO
697 1501 819 1534 XXIII.

295 1584 386 1618 Quare
404 1585 536 1621 Reliqiosi
551 1586 616 1622 plus
635 1585 762 1613 honorent
783 1585 898 1620 divites,
918 1593 1000 1621 quam

572 1638 715 1666 pauperes.

296 1712 374 1743 ltem
396 1719 508 1752 quaero
526 1719 534 1742 ε
552 1710 631 1742 Cum
660 1719 871 1751 personarum
895 1711 1035 1751 acceptio

255 1766 295 1798 sit
319 1766 404 1806 apud
431 1766 530 1797 Deum
554 1765 740 1805 culpabilis,
770 1768 801 1796 et
822 1765 862 1796 ab
893 1765 1035 1805 apostolo

254 1820 370 1852 Jacobo
392 1819 552 1860 prohibita
568 1821 589 1857 ¹,
605 1828 706 1860 quare
721 1828 778 1850 vos
794 1819 946 1859 Religiosi
963 1829 1033 1850 ma-

257 1874 308 1913 gis
332 1874 494 1905 honoratis
517 1874 648 1912 divites,
672 1883 770 1914 qnam
801 1883 976 1914 pauperes,
1005 1876 1035 1905 et

256 1928 434 1969 promptius
458 1927 504 1958 eis
525 1927 650 1959 servitis
665 1928 698 1958 in
713 1928 963 1959 confessionibus
976 1936 1034 1958 au-

255 1981 388 2019 diendis,
405 1984 435 2013 et
452 1981 522 2012 aliis
536 1981 695 2019 consiliis,
713 1984 743 2013 et
757 1982 936 2022 obsequiis,
955 1982 1036 2013 sicut

256 2044 340 2076 saepe
357 2035 514 2073 videmus,
532 2037 563 2066 et
574 2035 712 2066 scimus?

298 2089 390 2130 Resp.
420 2089 501 2121 Deus
524 2089 680 2128 pusillum
706 2090 782 2128 lecit
810 2089 979 2129 (equaliter
1007 2092 1036 2121 et

257 2151 407 2183 maqnum
421 2167 428 2180 ,
446 2146 475 2175 ct
491 2142 657 2182 cequalt'ter
681 2146 726 2175 cst
746 2143 798 2175 illi
817 2151 895 2174 cura
917 2142 956 2175 de
970 2151 1036 2175 om-

257 2197 353 2229 nibus
365 2199 388 2235 ²,
402 2196 432 2227 in
448 2198 606 2237 quantum
623 2197 744 2227 facturn
759 2198 829 2235 ejus
844 2199 929 2235 sunt,
947 2207 982 2228 ac
997 2198 1037 2228 ad

257 2251 393 2282 salutem
409 2251 569 2291 pertinent
588 2251 826 2290 sempiternam.
850 2250 922 2281 ideo
939 2250 1038 2290 igitur

258 2314 317 2336 nos
337 2314 449 2336 omnes
465 2304 601 2343 diligere
622 2304 776 2335 debemus
792 2304 823 2335 in
841 2304 990 2343 Domino,
1008 2308 1038 2336 et

263 2362 328 2390 tam
343 2359 492 2396 divitum,
512 2367 608 2398 quam
631 2367 808 2398 pauperum
830 2358 965 2389 salutem
986 2359 1038 2389 dc-

263 2412 413 2450 siderare‚
431 2414 462 2442 et
478 2421 534 2451 pro
550 2420 640 2451 posse
655 2414 763 2441 nostro
780 2420 978 2451 promovere,
995 2413 1039 2442 si-

262 2468 316 2497 cut
329 2466 457 2506 expedit
471 2466 531 2504 his,
550 2468 581 2496 et
594 2465 666 2496 illis.
685 2464 771 2495 Unde
786 2466 809 2495 si
828 2476 948 2506 pauper
966 2476 1038 2498 me-

164 2529 248 2549 Dis-nes
262 2520 322 2551 lior
337 2522 384 2550 est
399 2520 507 2558 divite,
528 2519 598 2559 plus
613 2519 767 2550 dehemus
781 2528 854 2549 eum
880 2520 1016 2559 diligere
1029 2531 1037 2559 3

140 2560 248 2612 {2¹}„nssfi'
263 2578 370 2605 tamen
391 2574 523 2605 divitem
552 2574 623 2614 plus
653 2574 811 2604 honorare
839 2575 1039 2615 quadruplici

263 2628 395 2659 ratione.
419 2627 499 2665 Una,
516 2627 592 2668 qnia
606 2636 679 2658 cum
700 2626 781 2659 Deus
798 2627 829 2657 in
847 2627 906 2658 hoc
922 2629 1039 2660 saeculo

294 2691 424 2721 'lat-711,
443 2693 463 2721 t,
480 2692 501 2714 9,
515 2703 545 2708 —-
561 2690 568 2703 ³
583 2691 653 2721 Sap„
670 2696 704 2720 vt,
718 2694 740 2713 «κ,
757 2703 786 2708 -
802 2690 810 2703 ³
828 2690 917 2715 Ecca..
936 2698 962 2717 x.
978 2694 1000 2714 2.

765 180 1067 214 DETERMINATIO
1087 181 1357 221 QUAES'rloNUM

1088 249 1204 283 divites
1210 252 1243 284 et
1248 253 1394 293 potentes
1402 251 1548 294 praetulit
1558 253 1756 295 pauperibus
1761 253 1868 296 quoad

1088 303 1203 336 mundi
1224 305 1361 345 gloriam
1373 330 1382 345 ,
1397 306 1455 338 ubi
1478 308 1527 338 est
1541 303 1670 340 necesse
1691 307 1771 340 alios
1797 306 1870 340 aliis

1088 358 1228 398 subesse,
1244 359 1296 392 vel
1309 368 1466 401 praeesse3
1483 369 1542 392 nos
1554 360 1744 394 honorando
1759 363 1870 403 poten-

1087 413 1147 452 tes,
1163 413 1235 454 eJus
1254 413 1446 446 ordinationi
1467 414 1718 454 concordamus,
1733 424 1816 456 quos
1837 417 1871 448 et

1088 466 1156 507 ipse
1169 466 1252 498 Deus
1262 467 1435 500 honoravit
1448 468 1483 499 in
1497 468 1559 500 hac
1571 471 1673 509 parte.
1688 468 1760 501 Alia
1773 469 1868 509 ratio,

1088 522 1219 562 propter
1238 521 1458 554 infirmitatem
1472 523 1617 564 ipsorum
1637 523 1797 563 divitum,
1812 523 1869 565 qui

1088 574 1197 606 sinon
1210 575 1458 616 honorarentur,
1474 576 1676 617 indignando
1690 577 1796 617 magis
1819 577 1871 609 in-

1090 628 1317 669 firmarentur,
1342 632 1374 662 et
1400 630 1572 662 deteriores
1599 631 1823 670 efficerentur,
1838 632 1872 664 et

1090 691 1269 723 gravamen
1288 684 1382 716 nobis
1402 687 1435 717 et
1456 685 1528 717 aliis
1551 684 1747 726 pauperibus
1768 684 1870 717 inrer-

1090 738 1172 775 rent,
1186 746 1227 769 ne
1242 738 1328 785 quod
1341 738 1570 771 offendiculum
1585 739 1701 772 demus
1713 739 1870 779 infirmis,

1089 800 1131 822 ne
1153 800 1211 832 per
1229 801 1287 824 nos
1310 793 1482 826 deteriores
1503 794 1600 834 flant,
1615 794 1671 835 qui
1686 803 1800 826 omnes
1814 794 1869 826 de-

1089 845 1204 877 bemus
1222 845 1329 887 potius
1343 846 1383 878 ad
1398 846 1531 879 meliora
1545 847 1685 888 trahere,
1701 849 1734 880 et
1749 857 1871 890 provo-

1089 908 1172 931 care.
1188 899 1304 939 Tertia,
1320 900 1398 942 quia
1415 902 1518 941 major
1531 901 1651 933 utilitas
1667 901 1817 943 provenit
1829 911 1871 934 ex

1089 954 1284 986 correctione
1313 954 1412 986 unius
1445 954 1554 987 divitis
1565 979 1575 994 ,
1603 963 1703 996 quam
1727 955 1871 997 plurium

1089 1016 1282 1049 pauperum.
1313 1007 1468 1049 Pauperis
1495 1010 1605 1040 autem
1627 1008 1714 1041 salus
1743 1009 1873 1042 sibimet

1091 1061 1232 1102 prodest;
1249 1061 1338 1093 dives
1350 1064 1457 1094 autem
1472 1062 1661 1094 emendatus
1675 1063 1786 1095 multis
1802 1071 1873 1104 pro-

1090 1114 1177 1152 dest,
1199 1117 1265 1146 tam
1282 1117 1412 1156 propter
1433 1115 1619 1156 exemplum
1638 1116 1775 1148 aliorum
1787 1140 1796 1155 ‚
1812 1116 1872 1157 qui

1091 1168 1164 1200 inde
1180 1168 1380 1201 aedisscantur
1396 1172 1427 1201 et
1441 1172 1656 1210 provocantur
1668 1159 1718 1201 ⁴ad
1736 1169 1870 1208 honum,

1090 1232 1189 1263 quam
1205 1226 1334 1264 propter
1347 1223 1411 1255 alia
1424 1224 1520 1263 bona,
1536 1233 1610 1265 quae
1627 1233 1683 1265 per
1698 1233 1773 1255 eum
1792 1232 1872 1265 pro-

1091 1280 1263 1309 moventur
1291 1279 1325 1309 in
1348 1278 1440 1316 aliis,
1470 1281 1501 1310 et
1526 1278 1610 1309 mala
1638 1278 1870 1319 impediuntur.

1092 1331 1203 1367 Qualis
1225 1334 1324 1364 rector
1342 1332 1507 1370 civitatis,
1526 1332 1605 1364 tales
1631 1331 1813 1365 habitantes
1834 1333 1872 1365 in

1090 1394 1127 1419 ea
1148 1386 1169 1417 '.
1189 1386 1358 1418 Conversio
1379 1386 1576 1418 Constantini
1603 1386 1804 1427 imperatoris
1828 1386 1869 1419 ad

1091 1440 1187 1472 ssdem
1218 1440 1290 1481 plus
1320 1440 1440 1481 profuit
1467 1440 1614 1472 Ecclesiae
1646 1441 1681 1472 in
1711 1441 1869 1481 pluribus,

1091 1503 1190 1535 quam
1215 1494 1392 1526 inultorum
1417 1494 1564 1526 aliorum.
1587 1494 1726 1534 Quarta,
1750 1504 1826 1526 cum
1850 1503 1871 1527 a

1091 1549 1245 1580 divitibus
1265 1549 1336 1589 plus
1359 1548 1550 1589 recipiamus
1564 1549 1603 1580 de
1619 1549 1778 1590 corporali
1793 1549 1870 1581 suh-

1090 1603 1171 1634 sidio
1184 1627 1191 1639 ,
1214 1612 1252 1634 eo
1266 1602 1351 1644 quod
1373 1603 1478 1643 magis
1502 1602 1666 1634 abundant
1684 1603 1717 1634 in
1738 1603 1866 1643 talibus,

1085 1658 1213 1696 „iustum
1222 1659 1313 1687 estut
1325 1658 1355 1687 et
1363 1656 1408 1687 eis
1417 1656 1519 1687 vicem
1528 1655 1752 1696 rependamus,
1761 1659 1791 1688 et
1801 1666 1871 1698 pro-

1090 1710 1197 1740 niores
1219 1710 1321 1740 simus
1340 1710 1385 1740 eis
1403 1709 1442 1740 ad
1464 1709 1618 1750 obsequia
1644 1709 1792 1750 specialia
1807 1710 1867 1741 im-

1092 1764 1255 1804 pendenda
1279 1775 1285 1794 :
1313 1773 1468 1804 pauperes
1489 1764 1583 1795 ctiam
1617 1764 1741 1795 facilius
1772 1774 1870 1806 expe-

1090 1817 1224 1849 diuntur
1238 1842 1246 1856 ‚
1287 1817 1363 1857 quia
1388 1817 1485 1848 tantis
1512 1817 1776 1858 perplexitatibus
1805 1827 1872 1851 non

1091 1871 1256 1911 ligantur·;
1275 1871 1388 1902 divin-s
1405 1880 1484 1902 vero
1499 1871 1645 1911 pluribus
1659 1871 1781 1912 laqueis
1796 1872 1871 1904 irre-

1091 1925 1152 1963 titi,
1171 1925 1443 1965 frequentioribus
1458 1925 1602 1964 indigent
1618 1925 1759 1956 consiliis
1776 1936 1783 1956 :
1801 1926 1872 1958 ideo

1091 1988 1217 2010 necesse
1232 1981 1279 2010 est
1289 1988 1347 2009 nos
1355 1979 1437 2010 circa
1447 1978 1518 2009 illos
1527 1979 1699 2010 studiosius
1709 1980 1869 2020 occupari,

1091 2044 1130 2065 ne
1147 2034 1337 2074 profundius
1358 2034 1392 2065 in
1409 2036 1536 2074 peccato
1559 2037 1759 2073 mergantur.
1776 2034 1867 2074 Nam,

1091 2091 1126 2120 ut
1136 2088 1255 2119 dictum
1266 2090 1399 2128 estjam,
1411 2088 1465 2128 qni
1478 2090 1638 2128 potentem
1654 2089 1686 2119 in
1702 2088 1786 2120 bono
1796 2098 1871 2130 pro-

1091 2145 1210 2181 movet,
1234 2143 1351 2174 multos
1365 2143 1479 2182 juvat;
1504 2142 1548 2173 sic
1561 2151 1578 2173 c
1595 2151 1750 2174 converso
1772 2143 1871 2183 ipsius

1090 2196 1258 2228 subversio
1282 2196 1458 2227 multorum
1480 2197 1527 2226 est
1545 2195 1792 2235 detrimentum,
1811 2199 1871 2228 etc.

1301 2310 1504 2351 QUAESTIO
1533 2311 1657 2346 XXIV.

1093 2396 1228 2430 Quomodo
1247 2396 1352 2431 possint
1376 2396 1478 2428 fratres
1507 2395 1626 2422 Minores
1647 2395 1749 2430 domos,
1769 2396 1871 2428 horto&

1304 2440 1403 2475 libros,
1424 2443 1491 2474 etc„
1511 2440 1657 2474 possidere.

1135 2522 1212 2553 Item
1237 2529 1348 2561 qnaero
1363 2529 1371 2551 ε
1390 2520 1469 2551 Cum
1484 2520 1595 2560 regula
1609 2520 1701 2559 dicat,
1718 2521 1802 2562 quod
1819 2522 1868 2552 ni-

1093 2575 1139 2607 hil
1156 2575 1325 2616 proprium
1348 2574 1488 2605 debeatis
1505 2574 1641 2612 habere,
1668 2583 1726 2606 nec
1742 2574 1774 2605 in
1795 2584 1870 2615 spe-

1093 2630 1176 2667 ciali,
1201 2638 1259 2660 nec
1278 2629 1310 2659 in
1325 2628 1512 2665 communi,
1532 2630 1563 2659 et
1585 2637 1641 2659 vos
1664 2627 1787 2660 habetis
1812 2629 1870 2661 do-

1095 2692 1177 2721 mOS,
1194 2683 1312 2720 hortos,
1330 2683 1438 2721 librOS,
1456 2684 1570 2720 vestes,
1587 2683 1618 2712 et
1631 2681 1693 2713 alia
1707 2682 1805 2714 victui
1820 2692 1873 2715 ne.
