2029 3052
248 244 307 275 464

247 310 388 346 Gloriam,
404 309 556 347 deponere
571 313 695 344 gravem
707 306 814 335 muudi
829 306 953 342 molam,

246 360 280 387 Et
295 357 337 386 sic
349 365 438 395 posse
451 355 601 394 perditam
613 353 759 383 rehabere
769 353 890 383 stolam.

283 405 431 437 Sedhanc
445 403 553 433 stolam
566 404 676 431 temere
692 401 824 430 mundus
837 400 991 436 irridebat,

247 454 394 490 spernens
409 453 437 480 et
451 449 620 479 annihilans
634 448 785 485 quidquid
797 447 1008 485 promittebat,

246 501 309 528 Tua
322 507 392 528 vero
407 497 526 527 bonitas
538 496 618 525 vices
632 503 694 524 non
707 494 865 530 reddebat,

246 547 310 576 lmo
324 544 537 583 paenitentibus
552 544 646 572 totum
660 542 845 579 ignoscebat.

283 593 398 630 Quippe
413 591 460 621 cui
475 590 633 628 proprium
646 591 709 618 erat
720 589 866 624 misereri,

247 640 333 676 Diligi
346 639 529 674 desiderans,
549 637 646 674 magis
660 644 754 674 quam
763 635 876 671 timeri;

246 687 305 716 Sed
320 687 423 722 verba,
437 694 500 715 non
515 685 651 720 verbera,
662 684 828 722 proferens,
843 682 951 712 austeri

246 733 437 771 Praeceptoris
449 733 546 762 noluit
559 739 644 761 more
653 731 793 760 revereri.

283 783 347 810 Haec
361 781 392 809 in
407 780 555 809 adulterio
569 778 654 808 novit
668 777 864 815 deprehensa,

247 829 343 864 Quam
357 828 393 857 sit
406 830 456 856 tua
470 827 576 864 pietas,
591 825 702 854 scilicet
714 825 861 853 immensa
877 832 883 850 :

247 875 423 912 Magdalena
433 874 524 903 sensit
536 874 606 909 hoc,
622 880 690 901 cum
705 872 733 900 ei
747 871 862 900 offensa

247 924 296 952 Est
310 922 442 958 dimissa,
458 920 615 957 multiplex
630 920 725 956 gratia
740 919 886 955 impensa.

285 971 318 998 Et
332 969 406 1006 quid
421 969 516 997 multa
529 967 661 996 dicerem
670 966 684 993 ‘t
699 967 774 1002 quot
794 966 862 993 sunt
882 963 1030 993 consecuti

248 1017 317 1054 Ejus
332 1016 547 1053 magisterium,
563 1023 580 1043 a
592 1015 653 1042 suis
667 1013 762 1042 abluti

249 1064 339 1099 Vitiis,
355 1066 423 1092 sunt
435 1063 571 1091 moribus
585 1060 705 1098 optimis
721 1059 838 1092 imbuti,

248 1113 281 1140 Et
293 1111 331 1140 ab
346 1111 439 1140 hostis
453 1109 547 1138 invidi
558 1108 663 1138 fraude
678 1107 745 1136 faeti
761 1106 813 1135 tuti
827 1108 834 1134 !

283 1158 376 1192 Felix,
392 1157 439 1186 cui
453 1157 536 1185 licuit
551 1155 607 1184 sub
622 1155 680 1183 hoc
694 1155 876 1191 praeceptore

246 1205 420 1234 Conversari
435 1204 556 1240 jugiter,
570 1205 598 1230 et
612 1202 651 1230 ab
666 1201 730 1237 ejus
745 1208 796 1229 ore

245 1252 300 1281 Mel
315 1252 431 1280 coeleste
445 1258 561 1286 sugere,
577 1250 661 1285 cujus
676 1256 737 1284 pree
753 1247 875 1276 dulcore

245 1300 437 1329 Amarescunt
451 1300 565 1332 caetera,
579 1296 670 1333 plena
684 1297 751 1323 sunt
765 1295 880 1323 foetore.

283 1348 346 1375 flaec
361 1348 388 1375 et
405 1345 498 1374 multa
513 1344 582 1373 talia
597 1343 670 1371 dum
685 1350 769 1370 mens
786 1341 955 1376 meditatur,

247 1394 291 1423 Ad
305 1393 476 1422 reddendas
490 1392 598 1427 gratias
618 1393 690 1418 tono
709 1390 904 1426 prmparatur,

246 1441 291 1470 Ad
305 1440 493 1470 laudandum
517 1438 675 1467 Dominum
698 1437 793 1472 magis
815 1436 1027 1469 inflammatur,

245 1489 351 1525 Sicque
364 1488 445 1516 horoe
461 1486 550 1515 tertiae
566 1487 668 1513 cantus
683 1483 865 1512 terminatur.

281 1536 342 1571 oei,
358 1535 416 1570 oei,
429 1534 530 1563 anima
545 1533 653 1561 clamat
667 1532 697 1560 in
712 1531 769 1560 boc
784 1532 871 1565 statu,

192 1609 199 1615 ,
245 1582 356 1611 Crebro
371 1581 498 1609 fundens
514 1580 662 1616 lacrymas
675 1578 730 1606 suh
746 1578 803 1606 hoc
819 1577 959 1610 incolatu,

244 1629 381 1658 Laudans
395 1631 422 1656 et
437 1627 607 1664 glorificans
621 1633 731 1661 magno
747 1633 814 1653 cum
830 1625 938 1652 conatu

245 1676 402 1710 Christum,
421 1675 471 1711 qui
488 1677 530 1703 tot
544 1673 663 1710 pertulit
683 1680 737 1701 suo
754 1680 810 1708 pro
826 1673 918 1700 reatu.

282 1725 313 1752 ln
328 1723 383 1751 hac
398 1723 472 1751 hora
487 1722 587 1750 anima
601 1721 683 1749 ebria
697 1720 829 1754 videtum

245 1770 302 1799 Sed
317 1770 395 1798 circa
408 1769 565 1798 meridiem
575 1767 656 1796 calor
667 1775 735 1795 cum
749 1769 884 1802 augetur,

245 1819 278 1846 Ut
290 1816 400 1846 amoris
414 1815 541 1844 stimulis
553 1814 648 1850 magis
661 1814 838 1850 perforetur,

245 1865 311 1893 Mox
327 1864 365 1892 ab
380 1863 432 1892 illa
447 1862 546 1899 passio
559 1861 663 1890 Christi
676 1862 853 1889 recensetur.

281 1911 402 1940 Plorans
417 1918 488 1945 ergo
503 1908 620 1945 respicit
635 1910 751 1944 Agnum
767 1907 938 1939 delicatum,

244 1961 360 1994 Agrium
378 1958 440 1985 sinc
456 1956 585 1991 macula,
601 1955 694 1991 spinis
709 1957 894 1989 coronatum,

245 2006 381 2033 Lividum
397 2004 585 2038 verberibus,
602 2003 693 2030 clavis
706 2002 901 2038 perforatum,

246 2054 299 2080 Per
314 2055 355 2081 tot
368 2052 436 2080 loca
449 2051 548 2079 lateris
559 2051 637 2078 fossa
650 2051 845 2077 cruentatum.
943 2042 946 2044 ’

281 2102 361 2128 Tunc
382 2099 527 2127 exclamat
543 2098 593 2134 pia
608 2104 701 2130 menS,
718 2096 775 2129 ori,
793 2104 860 2123 cum
876 2094 1027 2125 lamentis;

245 2147 305 2182 Oci,
322 2147 368 2174 oci
383 2147 521 2174 miseram
535 2147 541 2172 l
560 2144 630 2181 quia
642 2152 714 2171 meae
728 2143 832 2171 inentis

244 2195 353 2222 Turbat
368 2196 474 2222 statum
490 2192 619 2229 pallidus
634 2191 732 2219 vultus
748 2190 910 2223 morientis,

246 2244 277 2270 Et
291 2242 466 2277 languentes
479 2240 556 2268 oculi
572 2240 600 2266 in
617 2246 702 2266 cruce
716 2237 883 2274 pendentis.

280 2289 392 2317 Siccine
409 2288 559 2320 decuerat,
575 2286 680 2321 iuquit,
698 2287 723 2313 te
740 2285 904 2319 benignum

245 2339 372 2372 Agnum‚
388 2334 490 2362 mortis
506 2333 617 2361 exitum
632 2332 692 2367 pati
709 2334 767 2359 tam
784 2331 942 2366 indignum
954 2331 968 2356 ?

243 2383 301 2411 Sed
317 2384 357 2410 sic
371 2382 560 2418 disposueras
573 2380 689 2407 vincere
706 2379 883 2413 malignum,

244 2432 276 2458 Et
290 2430 346 2458 hoc
362 2431 456 2457 totum
472 2428 581 2456 sactum
597 2429 638 2454 est
658 2426 697 2453 ob
714 2425 824 2453 amoris
843 2425 970 2459 signum.

280 2478 342 2504 Haec
358 2475 469 2504 amoris
484 2474 569 2510 signa
584 2475 661 2507 sunt,
679 2475 705 2500 et
721 2475 871 2508 postrema
887 2471 990 2507 primis

244 2524 393 2560 Copuluns
408 2522 544 2556 associat,
560 2528 677 2548 summa
693 2520 785 2553 tigens
801 2519 878 2552 imis,

244 2573 406 2599 Mons-trans
422 2572 464 2604 ut,
480 2569 520 2596 sic
536 2567 677 2600 moriensJ
689 2574 743 2593 nos
755 2574 869 2593 amares
881 2566 917 2601 (ιι)
929 2565 1026 2599 nimis,

245 2619 318 2646 Dum
336 2620 361 2645 te
378 2620 471 2645 totuin
487 2615 625 2643 funderes
642 2615 683 2642 tot
696 2613 803 2648 apertis
821 2613 912 2640 rium.

279 2720 282 2732 ¹
299 2719 352 2747 joc,
371 2724 426 2745 ¹xiii,
445 2720 479 2741 ts.

932 236 1177 270 PHlLOMELA.

1119 307 1162 335 Tu
1176 305 1290 334 amicus
1303 313 1400 334 novus
1414 312 1456 342 es,
1470 306 1504 334 tu
1514 312 1547 334 es
1554 311 1671 335 novum
1680 306 1813 336 mustum
1818 315 1829 344 3

1084 354 1130 383 Sic
1143 355 1172 382 te
1185 355 1274 382 vocat
1286 353 1416 390 sapiens,
1428 353 1457 382 et
1470 354 1513 381 est
1525 353 1596 382 satis
1605 353 1739 390 justum

1083 402 1172 430 Totus
1185 400 1266 429 enim
1276 400 1376 435 Filius,
1390 399 1521 428 reddens
1535 399 1655 429 dulcem
1668 402 1799 437 gustum,

1085 447 1193 477 Fundit
1205 447 1241 484 (b)
1257 447 1353 476 carnis
1368 447 1496 482 dolium,
1507 447 1576 476 licet
1588 455 1642 476 vas
1653 448 1824 477 venustum.

1120 495 1218 523 Tantis
1237 494 1330 530 signis
1352 493 1498 530 poenitens
1515 494 1647 523 monitus
1665 494 1730 530 jam
1753 494 1867 529 credat,

1085 541 1171 576 Quod
1185 539 1418 578 praecordialiter
1431 540 1560 570 christus
1575 541 1602 570 ei
1617 549 1649 570 se
1664 541 1724 570 dat.

1085 589 1141 617 ista
1155 587 1241 624 signa
1255 587 1397 622 recolam,
1414 594 1452 615 ne
1466 595 1515 615 me
1527 588 1615 616 Satan
1630 587 1740 624 laedat,-

1085 637 1159 664 Nam
1170 634 1285 672 peccati
1298 633 1415 662 rabiem
1429 633 1504 663 nihil
1517 633 1559 662 ita
1573 634 1666 663 sedat.

1119 683 1176 711 Ista
1190 682 1275 718 signa
1286 681 1432 717 recolens,
1447 681 1505 716 oci,
1522 681 1580 716 oei,
1596 681 1706 717 clamo,

1086 729 1182 761 Dulcis
1197 730 1277 764 lesu,
1291 728 1445 766 querulor,
1460 727 1545 765 quod
1562 730 1590 757 te
1604 728 1704 757 minus
1718 736 1788 758 amo
1796 738 1805 765 3

1087 775 1195 812 Stringi
1211 778 1310 805 tamen
1325 775 1414 812 cupio
1429 774 1593 812 disciplinae
1605 783 1691 804 camo
1705 775 1751 812 (c),

1085 823 1164 852 Sicut
1177 831 1232 859 pro
1247 831 1295 851 me
1311 823 1414 859 captus
1428 830 1460 851 es
1472 822 1621 851 charitatis
1634 822 1737 852 hamo.

1121 871 1270 905 Quantum
1281 869 1406 898 hamum
1421 869 1548 898 charitas
1561 869 1615 898 tibi
1629 870 1826 906 praesentavit‚

1085 917 1156 945 Mori
1171 925 1240 945 cum
1253 924 1309 953 pro
1320 916 1443 945 homine
1457 918 1485 945 te
1500 916 1685 945 sollicitavit!

1086 963 1144 993 Sed
1159 966 1185 992 et
1197 971 1265 992 esca
1274 963 1393 1000 placida
1407 963 1532 992 hamum
1546 963 1713 1004 occupavit,

1086 1012 1159 1040 Cum
1176 1010 1285 1039 lucrari
1299 1010 1415 1039 animas
1425 1012 1452 1039 te
1460 1018 1515 1047 per
1528 1010 1587 1039 hoc
1599 1010 1784 1039 monstravit.

1121 1059 1158 1086 Te
1173 1057 1298 1094 quidem
1310 1057 1432 1086 aculeus
1445 1057 1528 1086 hami
1541 1064 1603 1086 non
1617 1056 1746 1091 latebam

1086 1104 1143 1133 Sed
1157 1104 1237 1132 illius
1249 1104 1372 1141 punctio
1385 1107 1411 1133 te
1425 1111 1487 1133 non
1502 1103 1669 1133 deterrebat
1673 1114 1683 1140 ;

1086 1154 1148 1182 lmo
1162 1152 1242 1181 hunc
1253 1153 1394 1189 impetere
1409 1151 1462 1180 tibi
1477 1151 1694 1188 complacebat,

1085 1200 1160 1234 Quia
1175 1199 1357 1228 desiderium
1373 1207 1445 1228 escae
1459 1199 1635 1228 attrahebat.

1122 1249 1198 1283 Ergo
1213 1255 1268 1283 pro
1281 1255 1329 1275 me
1347 1246 1465 1282 misera,
1481 1254 1572 1283 quam
1586 1248 1617 1274 tu
1631 1245 1769 1282 dilexisti,

1085 1294 1182 1323 Mortis
1198 1294 1228 1322 in
1244 1294 1382 1322 aculeum
1397 1293 1492 1322 sciens
1506 1293 1665 1330 impegisti,

1086 1342 1159 1370 Cum
1175 1343 1201 1370 te
1213 1341 1289 1370 Patri
1303 1340 1455 1369 victimam
1469 1342 1602 1369 sanctam
1616 1340 1759 1375 obtulisti,

1087 1390 1117 1417 Et
1128 1389 1159 1417 in
1174 1391 1225 1417 tuo
1237 1388 1382 1424 sanguine
1397 1387 1553 1417 sordidam
1566 1387 1674 1416 lavisti.

1121 1435 1191 1469 Quis
1204 1436 1327 1464 miretur
1341 1435 1440 1471 igitur,
1459 1442 1515 1471 pro
1530 1437 1557 1463 te
1573 1435 1597 1463 si
1612 1435 1741 1472 suspiro,

1084 1484 1188 1511 Juneta
1200 1482 1262 1511 sine
1278 1482 1389 1510 meritis
1404 1484 1464 1510 tam
1477 1482 1584 1510 zelanti
1599 1482 1681 1518 viro;

1087 1532 1159 1558 Nam
1175 1530 1314 1558 affectum
1329 1529 1380 1558 alit
1395 1529 1418 1557 is
1433 1529 1478 1565 (d)
1488 1537 1590 1558 meum
1600 1529 1694 1558 modo
1707 1529 1796 1564 miro,

1088 1579 1141 1605 Pro
1156 1585 1204 1605 me
1220 1577 1311 1605 vitam
1326 1576 1433 1604 finiens
1447 1577 1527 1604 exitu
1542 1579 1603 1605 tam
1618 1576 1696 1605 diro.

1121 1625 1192 1652 Vere
1206 1625 1269 1659 jam
1284 1632 1344 1652 non
1365 1623 1462 1652 debeo
1479 1625 1593 1652 tantum
1607 1624 1773 1660 suspirare;

1086 1673 1146 1700 imo
1163 1671 1248 1707 juxta
1263 1671 1388 1699 verbum
1407 1671 1463 1699 Job
1482 1671 1501 1706 ¹,
1518 1678 1621 1699 carnes
1640 1671 1671 1705 (e)
1689 1670 1831 1706 lacerare,

1086 1720 1117 1746 ln
1131 1726 1258 1746 caverna
1273 1718 1370 1746 lateris
1385 1718 1523 1746 nidulum
1536 1725 1651 1753 parare,

1086 1767 1118 1793 Et
1131 1768 1295 1793 extremum
1307 1765 1443 1801 spiritum
1461 1765 1521 1793 illic
1537 1764 1687 1793 exhalare.

1122 1812 1221 1847 Plane,
1238 1812 1293 1840 nisi
1306 1812 1417 1840 moriar
1434 1815 1540 1847 tecum,
1556 1820 1618 1840 non
1633 1813 1802 1848 quiescam3

1085 1859 1145 1894 oei,
1161 1860 1219 1894 oei,
1232 1859 1386 1888 clamitans
1401 1867 1556 1896 nunquam
1571 1859 1766 1888 conticescam
1775 1868 1783 1894 3

1085 1907 1128 1935 Ab
1143 1907 1200 1935 hoc
1216 1907 1365 1935 desiderio
1381 1915 1449 1935 vere
1467 1915 1527 1935 non
1544 1909 1703 1943 tepescam,

1085 1955 1362 1990 Quantumcumque
1396 1954 1504 1983 saeculo
1537 1955 1658 1990 propter
1690 1953 1746 1982 hoc
1777 1952 1865 1981 viles-

1157 2010 1232 2029 cam.

1120 2050 1199 2076 Tunc
1210 2051 1241 2076 ut
1256 2048 1379 2076 demens
1392 2048 1537 2076 clamitat:
1553 2048 1677 2076 Veniant
1689 2047 1812 2081 lanistae,

1084 2095 1139 2129 Qui
1153 2096 1276 2130 atligant
1291 2096 1430 2123 miseram
1446 2095 1524 2123 cruci
1541 2097 1607 2129 tuae,
1623 2094 1743 2122 Christe.

1086 2143 1142 2170 Erit
1157 2142 1236 2170 enim
1252 2143 1346 2170 exitus
1357 2142 1429 2170 mihi
1441 2131 1536 2170 d⁸ulcis
1551 2142 1614 2176 iste,

1084 2190 1129 2217 Sic
1144 2189 1307 2225 amplector
1322 2189 1453 2217 moriens
1469 2188 1598 2224 propriis
1613 2188 1691 2216 ulnis
1703 2190 1738 2217 te.

1120 2238 1191 2264 Vere
1205 2236 1257 2270 sic,
1277 2243 1337 2264 non
1354 2236 1437 2263 aliter
1452 2236 1550 2264 rabies
1565 2235 1689 2270 doloris,

1084 2286 1147 2318 Qua
1165 2292 1217 2312 cor
1232 2292 1332 2312 meum
1348 2283 1471 2319 singulis
1483 2282 1650 2312 terebratur
1662 2283 1753 2318 horis,

1085 2332 1200 2360 lleliniri
1217 2332 1334 2368 poterit,
1350 2331 1405 2359 nisi
1422 2334 1462 2365 tu,
1478 2331 1608 2359 dulcoris

1085 2380 1160 2407 Fons
1172 2378 1342 2412 (mundam,
1358 2378 1490 2406 medicus
1506 2378 1564 2406 mei
1579 2378 1617 2405 sis
1632 2377 1755 2405 doloris.

1119 2426 1206 2454 Plane
1226 2425 1321 2453 dulcis
1341 2425 1475 2453 medicus
1490 2434 1531 2458 ος,
1547 2425 1599 2461 qui
1616 2431 1769 2459 nunquam
1788 2431 1864 2459 pun—

1156 2481 1209 2507 ¹5¹8,

1083 2519 1138 2547 Sed
1154 2528 1171 2547 a
1186 2518 1275 2547 corde
1289 2518 1392 2546 vitium
1406 2518 1509 2546 leniter
1524 2517 1678 2553 emungis3

1084 2568 1155 2594 Nam
1171 2574 1246 2602 quos
1261 2566 1314 2593 tibi
1329 2566 1451 2593 tiiiuiter
1461 2573 1513 2601 per
1523 2564 1776 2600 amoremjungis‚

1083 2614 1149 2641 Tuis
1161 2612 1388 2641 charismatibus
1401 2620 1518 2647 semper
1533 2619 1584 2640 eos
1599 2611 1694 2646 ungis.

1116 2677 1148 2706 (a)
1175 2678 1235 2700 coet.
1261 2675 1320 2699 edit.
1346 2674 1477 2699 animales.
1499 2688 1529 2692 —
1551 2674 1584 2705 (b)
1611 2675 1669 2699 nem
1693 2674 1812 2699 fundens.
1834 2688 1865 2693 —

1087 2713 1114 2741 (s)
1135 2712 1196 2735 Item
1211 2711 1312 2736 chaino.
1329 2724 1355 2728 —
1377 2711 1414 2741 (ιΙ)
1432 2711 1491 2735 Item
1507 2710 1582 2735 alitis.
1599 2724 1627 2728 —-
1642 2711 1674 2740 (e)
1690 2711 1748 2734 Item
1769 2710 1854 2735 crines
