1955 3021
1689 187 1725 210 111

103 251 182 284 terio
196 251 319 284 minori
332 249 490 291 ejusdem,
507 248 611 290 inquit
627 247 774 280 Oudinus
792 258 798 278 :
820 258 834 277 (ι
854 246 1049 287 Rhythmica
1066 247 1136 278 haen
1158 246 1302 287 quinque
1316 245 1472 286 opuscula
1488 245 1629 278 defectus
1649 255 1724 278 suos

102 309 235 349 habent,
251 318 310 341 nec
326 310 450 340 eertum
464 309 523 346 est,
539 307 578 338 ad
595 315 692 347 quem
712 306 872 347 pertinere
892 305 1024 346 possint,
1047 314 1121 337 cum
1145 305 1255 337 nullus
1278 305 1426 337 veterum
1450 304 1504 336 illa
1527 306 1669 345 spectare
1685 306 1726 337 ad

103 370 139 400 D.
150 368 410 401 Bonaventuram
418 367 512 404 dicat,
525 367 557 398 in
575 368 667 407 cujus
677 365 832 407 opusculo
843 365 976 397 fortuito
990 374 1008 395 a
1019 364 1185 396 Fratribus
1197 363 1418 396 Franciscanis
1433 363 1516 395 nihil
1526 363 1727 404 distinguen-

103 427 189 458 tibus
203 427 346 467 conJecta
361 428 437 458 sunt
452 426 471 457 ¹.
494 436 508 455 n
528 425 589 457 Sed
604 426 738 458 Fratres
755 425 991 458 Franciscanos
1011 433 1066 464 per
1079 433 1240 455 summam
1256 424 1412 465 injuriam
1431 423 1555 455 traduci
1570 425 1727 465 tanquam

102 484 190 518 nihil
211 485 463 526 distinquentes,
490 484 584 526 quasi
607 493 686 516 vero
708 484 744 516 in
762 483 1046 516 Bonaventuriana
1070 492 1168 523 opera
1183 483 1318 522 fortuito
1336 483 1482 523 conjecta
1502 483 1571 516 sint
1592 483 1632 514 ab
1651 482 1728 524 ipsis

102 544 325 585 huiuscemodi
348 544 559 585 Rhythmica,
581 543 657 575 satis
679 553 736 584 per
756 552 790 575 se
811 544 909 584 patet.
928 542 964 574 In
981 542 1094 573 iisdem
1120 541 1321 582 Rhythmicis
1344 542 1423 574 alios
1442 551 1509 574 non
1532 542 1729 583 deprehendi

102 603 255 643 defectus,
272 612 371 644 quam
387 603 508 642 saeculi,
525 603 565 634 ad
581 604 674 644 cujus
690 604 827 643 gustum
841 601 1031 633 concinnata
1052 603 1139 640 sunt,
1156 601 1288 642 perinde
1306 603 1508 642 compertum
1523 603 1582 633 est.
1599 601 1729 634 Veteres

102 662 187 694 inter
201 663 440 695 Bonaventurae
451 663 568 703 scripta
583 662 783 694 recensuisse
799 661 1009 694 Philomelam
1025 663 1148 692 constat
1165 670 1205 692 ex
1220 660 1260 691 iis
1275 669 1348 701 quae
1363 669 1460 701 supra
1474 660 1659 701 diximuS,§
1675 659 1727 693 lv.

103 723 188 755 Laus
203 721 301 755 beatoe
317 722 474 763 Virqinis,
493 721 684 755 Psalcerium
699 721 820 759 minus,
840 719 925 760 Opus
943 719 1240 760 Contemplationis,
1255 721 1286 751 et
1298 719 1496 752 Laudismus
1514 719 1636 759 Crucis,
1652 719 1731 751 refe-

101 782 221 813 runtur
233 791 252 813 a
267 781 410 813 Mariano
424 781 621 819 Florentino,
637 780 690 812 cui
703 779 810 821 quoad
824 779 886 811 tria
901 779 1077 820 posteriora
1090 778 1292 819 suffragatur
1307 778 1500 819 Anonymus
1515 777 1727 809 pistoriensis.

103 839 225 873 Favent
233 840 390 874 Psalterio
401 841 524 874 minori
531 840 657 873 Codices
667 839 748 872 Bibl.
764 841 901 870 monast.
917 838 1102 879 Pollingani
1113 838 1186 870 Ord.
1201 838 1276 870 Can.
1290 838 1369 879 Reg.
1386 837 1418 870 S.
1431 837 1518 878 Aug.
1535 837 1568 869 in
1581 837 1728 877 Bavarta,

102 901 133 932 et
151 899 231 931 Bibl.
248 900 349 940 regiae
365 900 586 938 Taurinensis,
609 908 646 930 ac
666 899 748 930 forte
762 898 826 938 alii,
847 898 885 929 de
909 898 1028 938 quibus
1048 907 1114 929 non
1137 899 1272 936 constat,
1298 906 1379 928 num
1400 897 1519 937 majus,
1541 896 1594 929 vel
1619 897 1730 929 minus

102 959 285 991 contineant
296 971 304 999 ;
324 959 420 1000 Operi
433 958 721 1000 contemplationis
741 957 841 988 codex
855 956 936 987 Bibl.
964 956 996 987 S.
1021 955 1129 987 Mariae
1152 955 1335 987 Gratiarum
1355 955 1468 987 Minor.
1485 955 1617 987 Observ.
1644 956 1730 996 apud

102 1018 278 1057 Mantuam,
296 1028 332 1050 ac
349 1018 522 1051 Laudz'smo
535 1020 654 1051 sanctoe
669 1018 783 1050 Crucis
798 1016 899 1048 codex
912 1015 993 1047 Bibl.
1011 1015 1043 1047 S.
1060 1015 1254 1056 Apollinaris
1268 1015 1383 1047 Minor.
1410 1015 1543 1048 Observ.
1569 1016 1656 1057 apud
1671 1015 1731 1048 Ra-

101 1086 258 1116 vennam;
273 1078 424 1110 omnibus
440 1080 548 1110 autem
564 1078 652 1109 hisce
666 1076 828 1118 opusculis
843 1075 997 1107 editiones
1013 1075 1175 1116 plurimae,
1192 1077 1223 1106 et
1241 1075 1372 1116 quidem
1386 1075 1627 1114 vetustissimae,
1646 1075 1731 1106 inter

101 1146 182 1177 quas
196 1146 264 1169 una
277 1137 399 1178 absque
417 1139 494 1169 nota
517 1137 670 1178 temporis
695 1138 726 1168 et
745 1136 817 1175 loci,
841 1145 878 1167 ac
903 1136 1034 1167 nomine
1055 1134 1263 1176 typographi,
1286 1135 1380 1175 cujus
1404 1134 1551 1165 exstabat
1574 1133 1730 1166 volumen

101 1196 224 1236 gothici
239 1196 432 1228 characteris
446 1196 479 1227 in
492 1195 644 1227 Biblioth.
662 1195 882 1227 Rebdorffensi
897 1194 928 1226 S.
949 1194 1080 1226 ioannis
1095 1194 1247 1234 Baptistae
1265 1193 1340 1225 Can.
1359 1193 1440 1233 Reg.
1460 1193 1493 1224 S.
1512 1193 1612 1234 Aug,
1630 1202 1730 1234 prope

101 1254 300 1296 Eystadium‚
317 1265 375 1296 pro
392 1255 565 1288 Laudismo
581 1255 620 1287 de
633 1257 747 1287 sancta
772 1254 890 1290 Crace;
912 1253 1012 1285 altera
1035 1263 1088 1284 an.
1114 1253 1204 1291 1484,
1231 1262 1305 1293 quae
1327 1253 1517 1285 servabatur
1537 1252 1572 1283 in
1594 1253 1731 1284 canonia

102 1313 136 1345 S.
152 1314 271 1346 Nicolai
282 1324 382 1356 prope
398 1315 599 1353 Passavium,
616 1313 754 1355 gothicis
768 1313 881 1344 litteris
897 1313 1290 1353 similiterimpressa,pro
1305 1312 1436 1350 eode1n3
1454 1311 1550 1343 editio
1564 1310 1729 1343 Colonien-

102 1372 145 1404 sis
163 1382 216 1405 an.
235 1375 326 1413 1486,
342 1374 437 1405 etiam
453 1383 511 1414 pro
525 1373 656 1411 eodem3
674 1372 770 1403 editio
785 1371 1032 1412 Argentinensis
1048 1381 1101 1402 an.
1120 1374 1209 1409 1405,
1226 1373 1297 1402 tum
1312 1380 1370 1411 pro
1388 1370 1573 1410 Laudismo,
1585 1372 1656 1402 tum
1672 1379 1730 1411 pro

101 1431 212 1464 Laude
223 1433 259 1464 B.
276 1433 390 1465 Μανία]
408 1433 563 1474 Υῑνρῑηίε,
579 1434 610 1463 et
626 1431 780 1464 Psalterio
790 1431 913 1463 minori
920 1441 933 1471 ;
945 1431 1040 1462 editio
1057 1430 1243 1462 Parisiensis
1258 1439 1310 1461 an.
1329 1431 1421 1468 1499,
1437 1430 1558 1461 iterum
1571 1439 1629 1471 pro
1642 1430 1728 1462 Lau-

102 1491 208 1523 aismo
223 1491 262 1523 de
285 1491 408 1524 Sancta
425 1492 540 1532 Cruce;
558 1491 656 1522 editio
682 1490 799 1522 Veneta
823 1499 875 1520 an.
894 1492 988 1528 1504,
1005 1499 1062 1530 pro
1078 1489 1253 1522 Laudismo
1272 1489 1395 1528 Crucis,
1415 1489 1512 1529 Opere
1530 1488 1729 1529 Contempla-

102 1550 214 1589 tionis,
226 1550 335 1583 Laude
350 1551 390 1582 B.
410 1550 555 1590 Virginis
569 1552 600 1581 et
614 1549 771 1583 Psalterio
788 1550 920 1589 minori,
936 1552 995 1581 etc.

143 1607 335 1649 Rhythmica
345 1609 384 1640 de
392 1609 465 1641 Jesa
478 1610 627 1640 contenta
638 1609 671 1640 in
684 1609 783 1649 Opere
796 1609 1080 1649 contemplationis
1091 1618 1155 1640 non
1167 1608 1326 1640 absimilia
1341 1609 1417 1639 sunt
1428 1607 1642 1648 Rhythmicis,
1655 1617 1730 1649 quae

102 1667 136 1698 in
149 1668 250 1708 Liqno
260 1668 336 1700 vitoe
350 1668 517 1708 leguntur.
531 1667 639 1708 Neque
654 1668 772 1706 obstat,
789 1668 874 1708 quod
889 1668 969 1698 inibi
985 1668 1095 1707 legere
1114 1668 1156 1698 sit
1167 1668 1283 1700 Μανία)
1298 1667 1479 1700 mirabilem
1492 1668 1730 1707 conceptionem

102 1727 219 1768 absque
234 1728 483 1768 inquinatione,
498 1729 570 1760 tum
586 1728 663 1768 quia
678 1728 708 1759 id
723 1737 789 1761 non
804 1728 882 1758 satis
897 1727 1035 1758 declarat
1050 1727 1145 1758 fuisse
1161 1727 1195 1758 in
1210 1727 1315 1768 primo
1334 1727 1464 1758 instanti
1490 1727 1530 1758 ab
1545 1727 1635 1758 omni
1659 1726 1731 1758 labe

102 1788 341 1826 praeservatam,
360 1791 430 1819 tum
445 1788 521 1828 quia
535 1788 745 1828 probavimus
760 1788 771 1804 2
792 1786 1038 1818 celebrationem
1060 1787 1129 1818 sesti
1153 1786 1373 1826 Conceptionis
1394 1786 1430 1818 B.
1451 1785 1494 1818 Μ.
1521 1785 1558 1817 V.
1582 1795 1601 1817 a
1624 1784 1727 1817 Bona-

101 1848 238 1878 ventura
252 1847 348 1879 fuisse
358 1847 553 1887 adoptatam,
571 1849 666 1888 atque
682 1848 846 1878 statutam.

143 1905 225 1943 Quid
240 1906 279 1937 de
293 1905 468 1939 Laudismo
483 1909 603 1939 sanctoe
620 1906 731 1938 Crucis
758 1906 891 1937 senserit
908 1906 943 1937 P.
965 1905 1126 1944 Sbaralea‚
1144 1904 1266 1936 discere
1278 1905 1416 1946 quisque
1432 1906 1535 1945 potest
1549 1913 1590 1936 ex
1605 1904 1730 1945 scriptis

102 1963 214 2004 ipsius.
232 1964 366 2005 Scripsit
379 1965 465 1996 enim
485 1976 492 1996 z
515 1977 529 1995 (‹
545 1965 668 2006 Dignus
683 1967 730 1996 est
748 1965 779 1996 S.
801 1965 944 2003 Doctore,
961 1964 1119 2005 siquidem
1135 1963 1311 2004 rhythmus
1327 1965 1375 1995 est
1386 1963 1479 1994 bonis
1495 1963 1653 2003 sensibus,
1672 1972 1730 2004 ap-

102 2022 208 2064 tisque
231 2023 339 2055 verbis
363 2025 565 2064 compactus,
594 2034 631 2055 ac
657 2024 842 2055 simillimus
868 2024 913 2054 illi
943 2024 982 2055 de
1005 2032 1137 2064 corpore
1159 2022 1285 2054 Domini
1311 2033 1317 2053 :
1344 2021 1460 2054 Lauda
1481 2021 1560 2054 Sion
1580 2022 1730 2054 Salvato-

103 2090 171 2114 rem
184 2082 236 2123 (a),
249 2084 322 2122 etc.,
340 2085 375 2114 ut
390 2092 454 2114 non
469 2083 511 2114 sit
528 2083 648 2114 mirum
664 2084 822 2116 exstitisse
842 2084 897 2125 qui
912 2083 1074 2115 traderent
1090 2085 1121 2114 et
1140 2083 1228 2113 hunc
1243 2082 1437 2122 rhythmum
1457 2081 1497 2112 ad
1511 2080 1549 2121 ³S.
1566 2081 1730 2113 Bonaven-

104 2144 213 2174 turam
228 2143 398 2183 pertinere.
415 2154 429 2172 >2
449 2143 571 2175 Audire
593 2144 711 2184 pariter
733 2144 823 2175 lubet
844 2143 1049 2174 Franciscum
1065 2142 1247 2180 Lamatam,
1270 2140 1438 2172 Doctorem
1458 2140 1675 2180 Theologum‚
1699 2141 1729 2170 et

105 2210 208 2233 unum
222 2210 262 2233 ex
272 2201 433 2233 Vaticanis
444 2202 637 2242 Editorihus,
650 2203 688 2234 de
704 2203 815 2235 eodem
831 2203 1007 2235 Laudismo
1022 2203 1054 2233 in
1070 2202 1140 2233 haec
1156 2201 1255 2233 verba
1268 2200 1452 2240 loquentem
1468 2208 1476 2230 ε
1491 2211 1505 2228 «
1519 2199 1602 2231 Laus
1616 2200 1676 2230 ista
1691 2198 1729 2230 de

106 2259 241 2299 Cruce,›>
252 2262 310 2292 etc.
328 2261 386 2301 (uti
398 2261 506 2301 legere
521 2262 639 2302 poteris
656 2262 689 2293 in
700 2263 907 2302 argumento,
924 2262 994 2302 huj.
1009 2263 1088 2292 tom.
1103 2269 1179 2301 pag.
1198 2260 1280 2297 17⁶2).

357 2360 373 2395 ξ
391 2361 445 2388 VII.
467 2376 501 2381 —
520 2362 559 2389 DE
577 2370 673 2390 SEPTEM
693 2371 782 2390 venais
803 2364 896 2391 Donum
914 2371 939 2390 m
959 2371 1048 2390 cauce.
1072 2361 1238 2397 (Prodrom.,
1259 2360 1309 2388 col.
1331 2359 1475 2394 662-663.)

148 2436 181 2468 Si
191 2438 270 2468 teste
284 2437 408 2469 Oudino
422 2439 588 2470 ferendum
603 2439 689 2472 idem
695 2440 714 2480 j
718 2440 876 2480 adiciam,
887 2439 973 2481 quoa
984 2440 1023 2472 ae
1037 2437 1291 2479 praecedentibus
1303 2438 1325 2476 ³,
1342 2437 1403 2468 hoc
1418 2444 1546 2476 quoque
1561 2434 1726 2475 rhythmi-

107 2504 183 2527 cum
195 2495 392 2536 opuseulum
403 2496 443 2527 ab
456 2497 584 2529 incertis
595 2507 631 2529 ac
644 2499 854 2540 supposititiis
869 2499 1092 2537 eximendum,
1102 2500 1133 2529 et
1154 2495 1395 2528 vindicandum.
1422 2494 1511 2526 Certe
1526 2493 1560 2524 P.
1577 2492 1729 2524 Sbaralea

111 2554 304 2595 Opusculum
319 2555 545 2589 Bonavencura
564 2556 702 2597 dignum
720 2559 896 2590 existimat.
920 2557 1023 2590 Facile
1044 2556 1174 2597 quidem
1194 2555 1255 2587 fuit
1278 2553 1462 2586 novissimis
1486 2552 1670 2584 Editoribus
1694 2552 1728 2582 in

142 2628 147 2642 ¹
161 2629 234 2653 Tom.
252 2629 295 2659 ΙΙΙ,
310 2628 360 2653 col.
376 2630 430 2652 409.
449 2642 479 2646 —
493 2630 501 2642 '·'
516 2629 599 2661 Hujus
615 2630 676 2654 edit.
691 2633 753 2655 tom.
771 2632 813 2662 ili,
831 2632 871 2656 col
898 2632 953 2655 408.
969 2644 999 2648 -—
1015 2630 1024 2646 ³
1038 2630 1111 2654 Tom.
1133 2629 1175 2659 ΙΙΙ,
1192 2628 1243 2652 col.
1262 2629 1317 2652 409.

142 2673 175 2705 (a)
193 2673 283 2698 Verius
297 2674 399 2698 videtur
413 2674 566 2706 dicendum,
581 2675 730 2707 rhythmum
746 2677 867 2701 cumdem
889 2683 944 2700 esse
964 2683 993 2700 ac
1014 2682 1098 2706 prosa}
1115 2673 1204 2697 Slabat
1223 2674 1304 2698 Mater
1321 2671 1446 2703 dolorosa,
1462 2671 1533 2702 cujus
1548 2670 1625 2695 etiam
1643 2669 1728 2701 plures

109 2715 199 2734 versus
213 2710 360 2734 Laudismus
375 2710 464 2735 Crucis
478 2710 518 2734 vel
532 2710 653 2743 imitatur,
670 2712 710 2736 vel
725 2713 810 2743 potius
825 2712 900 2737 oss'ert
916 2712 1025 2743 posteris
1040 2710 1187 2735 imitandos,
