2029 3052
646 205 697 238 DE
719 204 804 238 UNA
825 204 858 236 S.
881 203 1056 237 VIRGINE.
1081 204 1214 237 SERMO
1235 203 1273 236 V.

153 275 262 305 cientes
276 275 422 304 sustinetis
439 275 593 312 patienter,
607 274 670 302 hoec
685 274 729 302 est
741 272 836 310 gratia
849 271 932 309 apud

153 325 256 352 Deum.
272 333 285 350 ι)
299 325 364 352 Non
377 325 420 351 est
434 325 533 351 tamen
546 321 730 358 negandum,
742 320 795 348 sed
809 319 932 347 firmiter

155 372 370 406 confitendum,
385 370 469 408 quod
484 369 572 398 etiam
588 370 759 406 peccatores
773 370 801 396 et
816 367 853 396 de
865 375 934 404 pec-

160 423 227 449 cato
244 420 388 454 dolenteS,
405 420 432 447 et
445 426 500 455 pro
514 419 636 454 peccato
651 425 682 445 se
696 416 864 453 punientes,
887 414 933 442 in-

154 467 277 496 veniunt
298 465 424 502 gratiam
445 465 527 502 apud
552 467 643 493 Deum
663 473 669 492 z
694 464 765 501 quia
778 464 802 491 si
816 464 858 491 sic
873 470 934 491 non

155 516 239 548 esset,
263 515 480 542 sacramentum
506 511 684 549 poenitentiae
707 511 826 539 nullum
843 513 931 547 esset3

156 569 211 590 nec
231 561 307 589 latro
331 559 380 588 ille
400 559 634 588 misericordiam
652 557 822 592 invenisset,
843 557 895 594 qui
917 565 934 585 a

155 610 214 636 Deo
228 607 331 636 audire
341 606 448 635 meruit
463 608 471 624 ¹
488 615 495 634 :
511 616 524 632 «
538 606 630 634 HodIe
641 613 760 634 mecum
773 604 872 633 eris‘In
884 612 935 640 pa-

155 655 267 684 radiso.
283 665 297 682 »
315 654 372 683 Sed
386 662 448 682 non
462 655 504 681 est
519 655 600 681 tanta
619 653 725 689 gratia,
748 652 771 680 si
790 651 935 688 patienter

156 703 297 731 sustineat
318 701 379 736 ille,
402 701 454 737 qui
471 700 615 737 peccavit,
632 699 706 727 sicut
721 699 800 727 illius
814 700 866 735 est,
884 699 935 735 qui

155 750 217 787 pati
234 757 297 778 non
312 747 420 776 meruit
438 756 445 776 ε
466 747 546 776 etsie
561 747 599 775 de
616 747 680 775 altis
693 746 826 782 paribus.
844 746 936 774 Debe-

156 805 222 825 mus
234 804 304 832 ergo
316 795 396 823 mala
410 795 512 823 omnia
527 795 669 822 sustinere
685 793 775 822 corde
791 793 935 829 tranquil-

156 844 198 879 10,
217 845 249 871 ut
263 842 353 871 nullis
366 842 540 878 frangamur
555 841 701 875 adversis3
723 841 775 869 sed
796 840 936 868 flantibus

156 891 262 925 ventis,
278 892 307 918 et
322 889 444 918 marinis
467 888 689 925 impellentibus
710 888 809 922 undis,
828 896 936 915 navem

157 941 290 966 nostram
317 937 401 973 jactis
427 936 565 964 anchoris
588 935 704 963 tamdiu
728 935 938 963 inconcussam

158 993 320 1019 servemuS,
344 984 441 1012 donec
459 982 614 1020 pervenire
637 982 789 1018 contingat
809 982 848 1010 ad
869 990 938 1018 por-

158 1035 232 1060 tum.
255 1034 326 1060 Nam
345 1034 373 1059 et
395 1031 458 1067 ipse
480 1030 640 1067 pisciculus
661 1038 783 1066 parvus,
805 1029 937 1064 echinus,

161 1080 234 1108 dum
258 1080 459 1116 tempestatem
487 1077 644 1114 praesentit,
667 1076 816 1105 calculum
837 1077 867 1103 iu
888 1084 939 1104 ore

161 1127 251 1161 capit,
266 1134 326 1162 quo
343 1125 428 1162 quasi
444 1125 575 1152 anchora
593 1125 669 1152 inter
690 1124 796 1152 fluctus
809 1132 839 1151 se
854 1123 938 1159 regit,

161 1175 194 1202 ut
207 1173 248 1201 sic
264 1173 359 1210 perire
374 1181 436 1200 non
451 1172 545 1209 possit
556 1171 566 1186 ²
583 1193 589 1199 .
605 1173 663 1199 Nos
682 1179 764 1207 ergo,
785 1171 873 1207 piscis
893 1179 941 1198 ex-

162 1221 273 1257 emplo,
300 1220 372 1247 dum
397 1219 537 1256 procellis
559 1219 754 1247 tentationum
777 1218 941 1252 atterimur,

161 1268 309 1296 Christum
329 1267 462 1303 lapidem
483 1266 672 1302 recipiamus,
694 1268 726 1293 ut
747 1265 811 1301 ejus
831 1265 941 1293 auxilio

163 1315 327 1343 evadamus
342 1313 520 1350 periculum,
537 1315 565 1341 et
583 1313 752 1347 clamando,
769 1312 830 1340 sive
843 1312 942 1347 ipsum

164 1361 290 1396 orando,
313 1361 353 1389 ad
379 1363 500 1396 portum
522 1362 637 1388 aeternae
663 1359 764 1395 gloriae
789 1359 944 1395 pervenia-

164 1417 241 1436 mus..
258 1410 331 1436 Nam
347 1410 375 1436 et
388 1407 525 1443 merguli,
542 1407 614 1436 dum
629 1407 819 1444 praesentiunt
834 1408 944 1442 tempe-

165 1457 269 1484 statem
295 1456 407 1490 adesse,
434 1463 526 1491 quam
548 1455 672 1482 docente
701 1455 807 1482 natura
835 1461 944 1489 coguo-

166 1505 259 1538 scunt,
277 1503 316 1531 ad
331 1505 439 1531 terram
455 1502 613 1530 clamando
628 1502 813 1535 coniugiunt.

203 1551 248 1579 Sic
263 1559 334 1586 ergo
349 1552 439 1587 patet,
457 1550 523 1586 quis
536 1549 636 1585 gratiae
650 1549 769 1583 modus,
789 1549 855 1584 quis
870 1556 946 1584 quo-

167 1606 225 1634 que
241 1599 304 1633 ejus
322 1597 358 1626 sit
372 1606 451 1625 usus.
474 1598 569 1625 Restat
588 1596 700 1629 videre,
722 1595 788 1631 quis
807 1595 870 1630 ejus
885 1595 946 1622 sru-

166 1648 239 1673 ctus.

203 1695 250 1721 Est
276 1700 347 1728 ergo
370 1691 548 1726 notandum,
579 1690 662 1727 quod
686 1692 729 1718 est
756 1689 947 1726 quadruplex

169 1741 231 1777 ejus
246 1740 378 1767 fructus:
400 1747 471 1766 nam
494 1738 588 1774 gratia
614 1737 712 1774 primo
731 1737 862 1765 animam
892 1737 947 1764 im-

168 1789 302 1824 pinguat,
319 1787 380 1814 sive
395 1786 517 1814 interius
535 1785 672 1820 delectat,
688 1787 810 1821 propter
820 1784 948 1811 nitorem

169 1834 371 1863 conscientiae:
389 1833 532 1866 secundo,
548 1832 636 1860 vitam
652 1832 777 1859 exterius
794 1831 947 1867 pulchrifi-

170 1885 225 1916 cat,
241 1890 294 1918 per
309 1881 492 1909 honestatem
504 1880 585 1914 vitae3
602 1879 685 1907 tertio
702 1887 718 1906 a
734 1879 813 1906 malo
830 1879 947 1913 liberat,

170 1929 302 1956 finiendo
317 1930 424 1955 statum
443 1928 568 1963 praesent
580 1935 593 1954 s
614 1926 754 1961 miseriae5
780 1928 898 1962 quarto,
919 1925 950 1953 in

170 1977 252 2004 bono
268 1975 434 2009 confirmat,
450 1982 503 2010 per
515 1973 721 2000 excellentiam
735 1973 848 2008 gloriae.

207 2023 275 2051 Dico
291 2022 400 2058 primo,
416 2021 499 2058 quod
515 2021 608 2056 gratia
621 2021 752 2048 animam
764 2019 884 2047 interius
900 2020 949 2047 de-

171 2072 268 2106 lectat,
285 2071 358 2098 dum
372 2078 437 2097 eam
452 2068 592 2103 vivificat,
609 2070 637 2096 et
656 2076 672 2095 a
687 2068 777 2104 culpa
793 2071 948 2105 expurgat.

172 2118 250 2146 Sicut
278 2117 358 2145 enim
382 2116 435 2144 lux
458 2117 564 2152 purgat
589 2123 606 2143 a
632 2115 761 2143 tenebris
789 2124 898 2150 aerem,
923 2117 951 2143 et

172 2165 270 2201 ipsum
280 2164 421 2198 subtiliat,
439 2163 511 2191 dum
529 2170 656 2199 vapores
668 2163 698 2190 in
715 2163 778 2198 ipso
792 2162 948 2194 consumit,

173 2212 214 2240 sic
230 2214 257 2239 et
271 2212 364 2246 gratia
375 2212 481 2247 purgat
497 2213 637 2244 mentem,
655 2210 727 2237 dum
743 2218 869 2246 vapores
884 2218 950 2245 pec-

174 2261 307 2287 catorum
331 2258 362 2285 in
390 2266 425 2285 ea
454 2257 659 2285 consumendo
695 2257 820 2292 repellit.
854 2257 951 2285 Gratia

174 2306 253 2334 enim
268 2305 371 2332 similis
387 2306 429 2332 est
443 2304 513 2340 igni,
530 2305 614 2339 cujus
625 2305 716 2332 virtus
728 2306 769 2332 est
780 2299 948 2340 purgativa,

174 2356 201 2381 et
223 2361 241 2381 a
262 2352 383 2380 metallo
408 2351 553 2386 rubiginis
572 2351 735 2386 expulsiva.
763 2351 843 2379 Unde
868 2352 952 2387 quod

173 2400 249 2436 ignis
265 2407 349 2432 auro,
366 2398 449 2434 quod
464 2397 535 2424 lima
549 2397 638 2431 ferro,
656 2398 736 2433 quod
762 2398 869 2426 tribula
885 2407 952 2433 gra-

174 2456 225 2481 no,
241 2447 297 2474 hoc
312 2445 380 2473 facit
394 2445 489 2480 gratia
507 2444 572 2472 viro
590 2444 680 2479 justo,
703 2445 776 2472 dum
796 2454 864 2473 eum
886 2454 953 2481 pur—

174 2497 232 2530 gat,
246 2492 436 2529 justificando
454 2492 491 2519 ab
513 2491 594 2518 omni
618 2493 750 2526 peccato.
776 2492 856 2519 Unde
878 2495 956 2528 Apo-

174 2541 266 2569 stolus
281 2548 333 2576 per
349 2539 475 2575 gratiam
495 2540 685 2573 expurgatus,
701 2541 728 2565 ct
739 2539 816 2566 intus
831 2539 862 2566 in
881 2547 953 2566 cou-

175 2587 296 2616 scientia
310 2587 402 2614 factus
414 2588 491 2614 totus
506 2585 682 2619 luminosus,
695 2585 847 2614 diccbatssz
865 2597 877 2612 «
889 2586 954 2614 Glo-

209 2651 297 2677 ¹Lu13„
315 2651 454 2680 Xt=.111,413·
471 2663 500 2666 —
520 2649 529 2664 ²
551 2649 618 2672 ldvui
635 2656 704 2679 sup„
727 2656 784 2680 pag.
804 2651 842 2679 sii,
866 2650 913 2673 col.
934 2653 954 2680 1,

178 2688 201 2710 in
220 2694 296 2711 serm.
317 2686 345 2710 (lc
366 2694 414 2709 vua
437 2686 518 2717 Virq„
539 2692 571 2715 11,
598 2688 622 2711 et
642 2685 667 2709 iu
689 2686 779 2710 ordine
805 2692 897 2711 xxxut.
925 2700 955 2704 —

1711 203 1770 233 105

989 273 1033 301 ria
1047 275 1148 302 nostra
1162 273 1224 301 hoec
1236 273 1288 305 est,
1302 270 1504 300 testimonium
1519 269 1705 298 conscientiae
1719 277 1771 297 no-

989 323 1054 348 strae
1071 330 1078 356 3
1096 319 1239 357 quoniam
1254 319 1284 347 in
1300 317 1486 355 simplicitate
1496 318 1608 351 nostra,
1622 319 1650 344 et
1663 324 1725 344 non
1740 316 1771 344 in

990 367 1133 403 sapientia
1153 366 1273 399 carnali,
1295 365 1349 394 sed
1371 365 1401 393 in
1423 365 1472 393 Dei
1490 364 1584 400 gratia
1606 363 1771 392 conversati

991 424 1094 444 sumus
1108 415 1138 443 in
1151 415 1276 443 mundo.
1293 425 1307 441 n

1027 462 1173 497 Secundo,
1189 462 1283 498 gratia
1294 463 1384 490 totam
1397 461 1487 489 vitam
1500 461 1631 488 nostram
1643 458 1773 496 pulchri-

990 510 1060 539 ficat
1072 511 1100 538 et
1114 509 1237 544 colorat,
1253 517 1306 546 per
1320 509 1503 537 honestatem
1519 515 1639 535 morum
1655 509 1682 534 ct
1692 506 1770 534 vitae.

991 559 1056 586 Non
1076 559 1172 593 potest
1196 564 1270 591 esse,
1293 556 1317 584 si
1338 556 1430 584 homo
1446 555 1482 583 sit
1496 554 1620 591 pulcher
1639 553 1772 588 interius,

992 604 1063 641 quin
1079 604 1115 631 sit
1129 603 1252 640 pulcher
1267 603 1403 637 exterius,
1421 603 1492 638 quia
1506 601 1632 630 exterior
1645 599 1773 637 pulchri-

992 652 1065 679 tudo
1080 651 1118 679 ab
1135 650 1269 678 interiori
1285 652 1431 677 causatur.
1453 649 1531 677 Sicut
1551 648 1648 684 posita
1671 655 1771 682 causa,

992 699 1113 735 ponitur
1128 698 1345 733 consequenter
1356 698 1383 724 et
1394 696 1525 730 effectus,
1536 698 1577 730 ut,
1590 695 1687 732 posito
1698 694 1772 729 sole,

993 747 1115 783 ponitur
1129 745 1233 773 lumen
1248 745 1322 780 ejus,
1340 745 1368 772 et
1382 743 1479 780 posito
1494 743 1573 778 igne,
1590 742 1710 778 ponitur
1726 750 1774 770 ca-

993 794 1039 822 lor
1056 794 1138 830 ejus;
1155 793 1195 821 sic
1209 793 1306 829 posita
1322 790 1543 828 pulchritudine
1558 789 1675 823 mentis,
1690 789 1776 826 poni-

993 843 1040 869 tur
1065 842 1280 877 consequenter
1305 837 1498 876 pulchritudo
1526 837 1586 865 oris
1614 838 1642 864 et
1665 836 1774 872 operis.

994 888 1049 922 Qui
1064 888 1152 924 igitur
1168 886 1469 923 estpulcherinterius
1479 885 1511 912 in
1526 884 1642 918 affectu,
1652 883 1776 919 pulcher

995 938 1038 964 est
1057 938 1084 963 et
1105 935 1232 963 exterius
1250 934 1280 962 in
1300 936 1430 970 aspectu,
1454 932 1578 969 pulcher
1598 932 1629 959 in
1648 931 1774 965 incessu,

994 983 1118 1019 pulcher
1132 982 1162 1010 in
1178 981 1293 1016 auditu,
1316 980 1440 1016 pulcher
1455 982 1531 1008 totus
1547 981 1575 1007 et
1589 979 1730 1006 honestus
1745 978 1776 1005 in

995 1032 1085 1065 tactu,
1105 1029 1229 1066 pulcher
1255 1030 1334 1056 totus
1360 1030 1388 1055 et
1415 1027 1556 1055 honestus
1575 1027 1606 1054 in
1625 1025 1730 1054 habitu
1749 1026 1777 1052 et

996 1078 1111 1106 vestitu.
1128 1076 1210 1104 Unde
1226 1084 1279 1112 per
1295 1075 1396 1103 omnia
1419 1074 1485 1102 talis
1509 1076 1552 1102 est
1574 1074 1667 1101 homo
1684 1071 1778 1108 gratia

997 1125 1170 1159 adornatuS,
1189 1123 1287 1160 qualis
1311 1125 1352 1150 est
1371 1122 1451 1150 calor
1471 1122 1558 1157 igniS,
1584 1120 1635 1157 qui
1659 1119 1730 1148 foris
1751 1120 1778 1146 et

998 1173 1076 1200 intus
1098 1173 1141 1199 est
1158 1171 1220 1206 igni
1241 1170 1417 1198 simillimus.
1439 1169 1521 1197 Unde
1537 1168 1644 1196 dicitur
1659 1167 1696 1195 de
1710 1175 1778 1194 mu-

998 1220 1069 1247 liere
1086 1219 1215 1254 gratiosa
1229 1218 1239 1235 ⁴
1257 1227 1263 1245 ι
1282 1227 1295 1242 «
1312 1219 1378 1245 Erat
1391 1217 1470 1244 enim
1485 1216 1616 1244 formosa
1630 1214 1735 1247 valde,
1752 1214 1780 1241 et

998 1266 1167 1295 incredibili
1187 1264 1426 1302 pulchritudine,
1441 1263 1577 1291 omnium
1599 1261 1693 1290 oculis
1714 1269 1780 1297 gra-

998 1314 1084 1348 tiosa,
1101 1315 1128 1341 et
1143 1312 1281 1341 amabilis
1296 1312 1465 1340 videbatur.
1482 1321 1496 1337 ›>
1514 1311 1546 1338 Et
1561 1310 1642 1344 ideo,
1658 1310 1781 1345 propter

998 1362 1076 1389 hanc
1091 1359 1345 1397 pulchritudinem
1357 1360 1416 1386 tam
1427 1357 1615 1390 exteriorem,
1632 1363 1723 1392 quam
1738 1355 1782 1382 in-

1000 1409 1150 1442 teriorem,
1172 1407 1208 1435 de
1236 1406 1335 1434 anima
1358 1405 1488 1441 gratiosa
1508 1403 1614 1431 dicitur
1629 1403 1639 1420 ⁵
1657 1412 1663 1430 :
1684 1412 1696 1428 «
1711 1403 1783 1430 Tota

1000 1456 1127 1492 pulchra
1135 1463 1174 1490 es,
1189 1454 1285 1482 amica
1295 1461 1372 1488 mea,
1387 1454 1414 1480 et
1426 1451 1545 1480 macula
1555 1458 1617 1478 non
1625 1452 1667 1478 est
1677 1450 1754 1477 inte.
1766 1459 1779 1475 »

1002 1503 1053 1530 Nix
1070 1503 1150 1530 enim
1172 1504 1214 1529 est
1236 1504 1295 1529 tota
1314 1501 1394 1534 alba,
1415 1499 1486 1535 quia
1507 1506 1567 1526 non
1587 1497 1686 1525 solum
1706 1498 1784 1524 exte-

1001 1550 1073 1584 rius,
1090 1549 1142 1577 sed
1158 1549 1247 1577 etiam
1263 1550 1305 1575 est
1320 1547 1389 1575 alba
1404 1554 1458 1583 per
1473 1548 1566 1574 totum
1580 1544 1700 1572 interius
1717 1554 1723 1571 z
1743 1544 1784 1571 sic

1003 1599 1031 1625 et
1054 1597 1154 1625 anima
1179 1596 1268 1632 plena
1287 1594 1391 1630 gratia,
1414 1593 1485 1629 quia
1507 1592 1585 1620 intus
1604 1594 1632 1619 et
1646 1593 1727 1619 extra
1743 1592 1785 1619 est:

1003 1644 1085 1678 alba,
1098 1643 1166 1671 ideo
1183 1643 1289 1670 dicitur
1303 1641 1440 1678 pulchra.

1037 1691 1143 1725 Tertio,
1160 1690 1254 1725 gralia
1269 1689 1307 1717 ab
1324 1688 1406 1716 omni
1422 1687 1503 1715 malo
1516 1695 1571 1714 nos
1586 1686 1702 1719 liberat,
1713 1685 1787 1712 dum

1004 1739 1068 1767 finit
1087 1738 1216 1772 dolores,
1230 1739 1257 1764 et
1269 1736 1349 1764 mala
1363 1735 1514 1772 praesentis
1530 1734 1606 1767 vitoe,
1623 1733 1684 1761 sive
1700 1733 1786 1760 mise-

1003 1787 1077 1814 riae:
1099 1785 1183 1821 quod
1208 1784 1337 1811 maxime
1367 1783 1399 1810 fit
1428 1783 1458 1810 in
1481 1783 1586 1809 morte.
1610 1782 1687 1808 Tunc
1708 1779 1788 1807 enim

1006 1833 1099 1869 gratia
1126 1833 1156 1860 in
1181 1832 1281 1859 anima
1310 1830 1472 1862 invalescit,
1502 1829 1575 1856 dum
1609 1827 1700 1855 vitam
1731 1826 1787 1853 mi-

1005 1889 1102 1908 seram
1118 1880 1176 1906 fine
1192 1878 1354 1912 concludit,
1378 1880 1406 1904 et
1427 1884 1549 1904 omnem
1569 1875 1700 1910 culpam,
1722 1882 1789 1909 quae

1006 1936 1070 1955 esse
1084 1928 1180 1963 potest
1204 1933 1293 1953 causa
1313 1925 1426 1958 mortis,
1443 1924 1473 1951 in
1489 1923 1588 1950 anima
1604 1922 1669 1958 ipsa
1685 1929 1790 1949 consu-

1006 1975 1068 2008 mit,
1086 1975 1125 2002 ita
1141 1973 1223 2009 quod
1237 1972 1325 2000 etiam
1342 1979 1418 2007 saepe
1442 1970 1574 1998 maculas
1589 1968 1720 1996 veniales
1735 1968 1788 1995 ab-

1006 2021 1116 2057 stergit.
1138 2020 1181 2048 Ob
1202 2020 1278 2047 hanc
1299 2019 1400 2054 itaque
1425 2026 1548 2046 causam
1574 2017 1644 2044 dicit
1667 2017 1790 2052 Aposto-

1006 2068 1052 2096 lus
1067 2069 1076 2085 ⁶
1095 2077 1101 2095 :
1121 2078 1134 2094 «
1149 2068 1170 2096 O
1186 2066 1288 2094 infelix
1305 2074 1360 2101 ego
1376 2066 1480 2099 homo,
1499 2064 1566 2101 quis
1585 2071 1632 2091 me
1650 2062 1790 2090 liberabit

1008 2116 1044 2143 de
1061 2123 1186 2151 corpore
1207 2114 1309 2141 mortis
1330 2114 1419 2148 hujus
1432 2114 1445 2140 ⁸?
1461 2123 1473 2138 ι)
1493 2114 1524 2139 Et
1539 2111 1622 2139 addit
1639 2121 1644 2136 τ
1666 2122 1677 2135 «
1693 2109 1790 2138 Gratia

1008 2163 1058 2191 Dei
1078 2170 1131 2199 per
1150 2162 1308 2189 Dominum
1329 2162 1463 2188 nostrum
1486 2160 1585 2186 lesum
1602 2157 1757 2186 Christum.
1774 2167 1787 2183 »

1008 2211 1029 2238 O
1045 2218 1136 2246 quam
1157 2209 1334 2236 deberemus
1359 2207 1485 2242 gratiam
1508 2205 1584 2233 hanc
1605 2212 1717 2238 amare,
1737 2211 1790 2240 per

1009 2265 1101 2293 quam
1127 2265 1144 2284 a
1168 2255 1254 2283 malis
1277 2254 1417 2282 omnibus
1439 2253 1602 2281 liberamur
1619 2251 1706 2279 totius
1725 2251 1790 2277 vitre

1008 2303 1172 2340 praesentis,
1190 2311 1255 2338 quae
1271 2304 1337 2329 sunt
1353 2301 1437 2337 quasi
1454 2298 1688 2328 innumerabiles
1704 2298 1790 2325 dolo-

1008 2360 1065 2385 res,
1086 2350 1195 2378 scilicet
1206 2351 1394 2386 paupertates
1403 2348 1452 2384 (a),
1462 2347 1548 2375 varice
1556 2346 1740 2380 tentationes,
1749 2345 1790 2372 in-

1008 2398 1172 2430 felicitates,
1191 2397 1288 2424 febres
1303 2396 1424 2431 insuper
1439 2397 1466 2423 et
1480 2395 1575 2422 mors!
1593 2395 1697 2421 Amant
1712 2392 1791 2419 enim

1010 2444 1152 2472 animalia
1168 2452 1237 2472 suos
1252 2446 1410 2476 amatoreS,
1427 2442 1487 2469 sive
1501 2442 1662 2477 adjutores,
1680 2441 1707 2466 et
1721 2447 1791 2466 suos

1012 2492 1225 2525 benet'actoreS,
1249 2498 1379 2526 suosque
1400 2489 1583 2517 liberatores.
1616 2487 1696 2514 Unde
1717 2494 1790 2522 pan-

1010 2540 1108 2573 thera,
1125 2538 1331 2566 crudelissima
1345 2537 1416 2570 fera,
1431 2535 1568 2572 quamvis
1580 2533 1791 2570 pulcherrima,

1017 2586 1087 2622 quia
1110 2588 1169 2613 tota
1192 2585 1319 2619 oculata,
1345 2586 1372 2612 et
1400 2583 1475 2611 albis
1495 2582 1587 2609 oculis
1613 2580 1790 2617 superpicta,

1013 2650 1022 2664 ³
1036 2650 1054 2672 ΙΙ
1079 2650 1144 2678 sora,
1162 2655 1183 2678 Ι,
1202 2650 1237 2672 12.
1256 2662 1285 2665 -
1305 2648 1314 2664 ¹·
1335 2647 1417 2673 ΕκίΙιἿ
1438 2652 1468 2673 tt,
1488 2647 1523 2669 155,
1544 2659 1569 2662 —-
1592 2647 1598 2659 ⁵
1617 2645 1792 2673 (n71t.‚1v,’t.

1012 2698 1042 2702 —-
1057 2686 1065 2698 ⁵
1080 2685 1157 2716 Rom,
1176 2691 1220 2714 vlt,
1236 2686 1275 2713 24,
1292 2684 1329 2708 ἐξ).
1346 2696 1375 2700 ——
1393 2684 1422 2712 (a)
1441 2682 1516 2705 Furle
1532 2682 1580 2713 legs.
1598 2682 1743 2712 paupertas.

1835 2493 1909 2512 mem>

1806 2523 1876 2549 plum.
