2029 3052
580 187 737 221 CONTRA
758 188 995 223 MAGISTRUM
1017 191 1262 225 GUILELMUM.

117 253 280 293 auhsum,
303 256 340 286 ut
365 255 531 287 manifeste
555 255 612 296 qui
635 256 681 287 sic
699 256 793 296 dicit,
816 257 897 289 colet

116 309 270 348 culicem,
295 311 327 341 et
352 309 468 350 glutiat
492 310 662 342 camelum.
688 311 795 344 Restat
818 321 897 353 ergo

115 363 202 404 quod
229 364 268 396 ad
297 364 485 405 hujusmodi
509 374 605 406 opera
635 367 799 398 manualia
832 376 897 398 non

117 427 230 450 omnes
245 419 344 451 validi
359 428 516 460 pauperes
533 422 609 452 sunt
622 421 754 453 astricti.

420 518 595 542 RESPONSIO-

156 579 205 611 Ad
220 580 448 620 praedictorum
461 582 708 623 intelligentiam
722 584 770 614 est
784 584 895 615 notan-

115 633 205 672 dum,
222 635 307 675 quod
322 635 404 667 sicut
417 636 500 668 circa
514 637 612 668 fidem
623 637 815 669 beatissimae
828 637 895 669 Tri-

115 688 223 719 nitatis
237 688 353 729 triplex
370 690 417 720 est
431 690 484 722 via
501 689 630 730 sciendi,
647 691 693 722 ita
708 691 795 732 quod
809 692 893 731 duae,

114 751 190 784 quae
211 743 370 776 declinant
393 744 433 776 ad
456 746 617 783 extrema,
643 747 720 776 sunt
738 755 892 786 erroneae,

113 796 196 827 sicut
215 796 348 828 haeresis
371 797 560 837 sabelliana,
587 800 618 829 et
638 799 764 839 ariana,
789 800 895 831 media

112 858 190 881 vcro
217 859 295 882 vera
327 852 357 882 et
386 851 542 883 catholica
556 863 564 891 ;
596 852 641 883 sic
662 853 696 884 in
716 854 894 894 quaestione

111 904 274 944 proposita
294 905 413 946 duplex
436 908 485 937 est
505 906 560 939 via
585 907 749 939 declinans
771 909 810 944 ad
835 917 892 940 ex-

111 962 225 998 trema,
241 961 272 991 et
284 959 355 991 ideo
370 969 504 992 erronea
519 962 550 992 et
563 962 775 1002 reprobanda,
789 962 894 994 media

112 1022 190 1044 vero
208 1015 294 1045 recta
318 1016 349 1045 et
368 1015 570 1055 acceptanda.
594 1015 684 1047 Unus
708 1018 755 1047 est
778 1017 894 1049 modus

112 1067 253 1107 dicendi,
281 1069 368 1110 quod
398 1069 479 1101 nulli
511 1079 667 1111 pauperes
694 1071 891 1111 voluntarii,

111 1123 409 1163 quantumcumque
425 1123 539 1163 validi,
556 1124 595 1155 ad
615 1133 712 1164 opera
730 1126 893 1158 manualia

111 1178 188 1207 sunt
201 1177 331 1217 astricti,
347 1178 401 1209 sed
416 1177 521 1209 solum
535 1178 575 1209 ad
592 1178 782 1219 spiritualia.
800 1179 839 1211 Et
858 1181 892 1211 hi

110 1228 327 1262 fundaverunt
341 1241 374 1262 se
389 1241 485 1272 super
492 1232 570 1263 illud
581 1232 723 1264 Matthaei
737 1234 745 1250 ¹
760 1243 767 1264 :
785 1234 890 1274 Respi-

110 1283 171 1316 cite
184 1284 331 1318 volatilia
344 1285 425 1318 coelz'.
443 1285 500 1317 Hic
513 1287 621 1317 autem
637 1286 752 1318 modus
768 1287 892 1318 dicendi

110 1339 157 1368 est
171 1347 335 1378 erroneus,
352 1340 428 1380 quia
442 1342 489 1371 est
503 1341 710 1381 corruptivus
729 1341 888 1381 Ecclesiae,

110 1393 140 1422 et
150 1392 375 1432 depravativus
386 1393 570 1435 Scripturae.
587 1394 770 1435 Corrumpit
784 1395 891 1427 Eccle-

111 1445 203 1484 siam,
220 1446 298 1478 dum
313 1447 494 1479 simulando
515 1448 627 1480 falsam
649 1449 824 1489 justitiam,
842 1450 890 1480 fo-

109 1500 163 1530 vet
177 1499 361 1540 pigritiam;
379 1502 459 1533 dum
475 1502 604 1533 simulat
625 1511 657 1533 se
676 1503 757 1534 velle
782 1503 888 1535 Evan-

109 1553 232 1592 gelium
249 1555 412 1594 perficere,
430 1555 500 1587 vult
515 1558 616 1587 otium
634 1557 737 1587 carnis
752 1557 887 1589 nutrire.

108 1606 151 1638 De
173 1608 292 1648 quihus
317 1609 537 1649 Augustinus,
569 1610 602 1641 in
626 1610 708 1642 libro
734 1611 775 1643 De
799 1619 889 1651 opere

107 1661 334 1695 Monachorum
353 1664 386 1694 ²:
412 1675 426 1693 c(
442 1663 518 1701 Quis
539 1664 620 1695 serat
643 1664 790 1696 homines
813 1675 889 1697 con-

106 1716 247 1747 tumaces
262 1716 482 1748 saluberrimis
493 1718 623 1749 monitis
637 1718 780 1758 Apostoli
793 1720 885 1750 resis-

106 1770 219 1808 tentes,
236 1779 303 1801 non
317 1771 399 1802 sicut
413 1771 607 1802 infirmiores
618 1772 758 1812 tolerari,
778 1774 832 1805 sed
850 1774 888 1805 si-

107 1825 161 1854 cut
176 1823 347 1855 sanctiores
362 1825 458 1855 etiam
473 1826 651 1865 praedicari,
671 1829 707 1857 ut
726 1829 886 1859 monaste—

106 1876 154 1907 ria
169 1877 312 1908 doctrina
327 1878 451 1909 saniore
470 1879 612 1918 fundata,
630 1880 761 1919 gemina
783 1881 886 1913 illece-

106 1930 164 1961 bra
204 1933 451 1972 corrumpantur
463 1957 471 1971 ,
508 1933 540 1963 et
572 1933 724 1964 dissoluta
759 1934 887 1966 licentia

105 1985 291 2023 vacationis,
307 1987 338 2016 et
348 1985 427 2016 falso
442 1986 572 2017 nomine
589 1987 787 2018 sanctitatis?
802 2000 816 2017 n
832 1988 887 2020 De-

105 2041 218 2079 pravat
228 2039 323 2070 etiam
338 2039 547 2080 Scripturam,
561 2041 636 2081 quia
646 2041 742 2072 nimis
753 2043 886 2083 ampliat

106 2093 205 2124 verba
220 2094 418 2133 evangelica,
434 2096 465 2125 et
478 2094 575 2125 nimis
590 2097 690 2126 arctat
704 2096 804 2128 verba
814 2107 886 2138 apo-

106 2145 226 2177 stolica.
252 2146 327 2178 Vult
345 2148 431 2179 enim
452 2149 538 2189 quod
560 2149 775 2189 Evangelinm
798 2151 886 2182 inhi-

106 2199 176 2230 beat
190 2200 335 2239 perfectis
349 2210 445 2233 omne
466 2211 546 2242 opus
571 2203 746 2243 corporale,
769 2207 801 2235 et
814 2205 885 2237 vult

106 2253 192 2293 quod
206 2253 376 2294 Apostolus
392 2264 458 2286 non
473 2256 604 2288 suadeat
618 2257 680 2288 nisi
698 2267 779 2298 opus
795 2259 885 2298 spiri-

105 2307 190 2338 tuale
214 2318 222 2338 z
250 2317 391 2348 quorum
423 2311 599 2350 utrumque
619 2311 735 2343 falsum
762 2314 819 2344 est.
845 2313 885 2344 Et

105 2362 216 2392 contra
245 2361 328 2392 hanc
349 2361 519 2393 falsitatem
551 2362 753 2403 Augustinus
780 2368 884 2398 totum

104 2414 224 2446 librum
241 2415 284 2447 De
298 2423 388 2456 opere
411 2416 638 2449 Monachorum
659 2419 810 2458 condidit,
831 2430 882 2451 os-

106 2469 238 2500 tendens
260 2469 345 2510 quod
367 2469 537 2509 Apostolus
560 2471 713 2511 intelligit
728 2473 766 2503 de
789 2483 884 2514 opere

107 2521 282 2561 corporali,
308 2523 338 2552 et
361 2521 447 2561 quod
474 2521 687 2562 Evangelium
710 2534 776 2556 non
799 2529 884 2558 vetat

107 2574 283 2614 corporalia
303 2585 410 2616 opera,
437 2576 491 2607 sed
509 2578 614 2608 solum
634 2579 721 2618 quod
741 2589 795 2611 cor
819 2590 884 2612 non

138 2654 146 2671 ¹
166 2655 268 2686 Matth„
288 2662 323 2688 Vl,
342 2658 381 2682 26.
402 2670 432 2675 —
455 2657 466 2673 ‘-'
484 2658 602 2690 August„
621 2659 650 2683 cle
669 2667 741 2691 opere
760 2661 882 2691 Monada,

107 2698 129 2714 c.
149 2696 215 2722 xxx,
230 2698 256 2716 n.
273 2692 310 2716 38.
328 2705 357 2711 —
373 2693 384 2709 ³
398 2693 473 2725 1hid.,
490 2700 514 2723 c,
533 2700 577 2725 111,
597 2702 622 2718 11.
644 2697 666 2720 4.
683 2709 711 2713 -
730 2697 739 2712 4
757 2698 774 2720 ll
793 2697 884 2728 Thess„

1673 197 1734 227 403

955 259 1140 293 sollicitetur
1154 261 1415 302 praeoccupatum
1430 261 1513 293 circa
1530 263 1732 303 temporalia.

954 312 1042 345 Unde
1061 314 1093 345 in
1115 315 1270 357 principio
1295 315 1368 346 libri
1393 315 1435 348 De
1459 323 1550 356 opere
1566 316 1733 349 Monacllo-

953 373 1024 399 rum
1039 368 1083 399 ait
1098 368 1108 386 ³
1126 380 1133 400 :
1155 369 1277 401 «Prius
1299 370 1453 402 debemus
1469 371 1636 403 ostendere
1657 371 1732 403 bea-

952 422 1023 452 tum
1036 422 1225 463 Apostolum
1241 433 1338 465 opera
1354 425 1532 466 corporalia
1555 435 1664 458 servos
1681 426 1733 458 Dei

952 474 1078 512 operari
1094 474 1250 514 voluisse;
1268 476 1381 508 deinde
1404 477 1570 509 ostendere
1589 487 1733 518 evange-

950 525 1012 557 lica
1025 526 1079 558 illa
1102 531 1270 570 praecepta,
1294 530 1332 561 dc
1355 531 1473 571 quibus
1495 531 1645 563 nonnulli
1666 541 1734 563 non

951 579 1056 611 solum
1082 581 1259 622 pigritiam,
1282 583 1336 615 sed
1360 585 1580 624 arrogantiam
1605 586 1731 625 fovent,

952 634 1124 674 apostolico
1147 638 1307 677 praecepto
1341 639 1372 668 et
1401 638 1550 678 exemplo
1574 648 1640 670 non
1664 648 1733 671 esse

951 689 1120 720 contraria.
1139 700 1154 719 »
1168 689 1257 721 Unde
1272 691 1434 722 convincit
1453 691 1658 732 Augustinus
1674 702 1730 734 po-

951 742 1099 773 sitionem
1112 743 1207 774 istam
1222 753 1290 775 esse
1304 745 1551 785 reprobandam.

991 795 1158 828 Secundus
1173 798 1288 830 modus
1302 799 1477 831 dicentium
1493 801 1552 839 est,
1565 800 1651 840 quod
1665 810 1732 832 om-

950 859 1005 882 nes
1024 851 1120 883 validi
1144 862 1316 894 pauperes,
1340 854 1396 894 qui
1417 864 1483 886 non
1502 855 1622 886 habent
1647 856 1733 887 unde

949 904 1081 943 vivant,
1109 906 1149 937 ad
1175 916 1271 948 opera
1290 908 1456 940 manualia
1475 917 1532 940 seu
1555 909 1733 949 corporalia

949 960 1024 990 sunt
1037 960 1167 991 astricti.
1191 961 1230 992 Et
1253 962 1436 994 innituntur
1459 963 1567 995 verbis
1590 963 1732 1004 Apostoli

949 1012 1080 1044 dicentis
1095 1013 1105 1031 ⁸
1121 1024 1128 1045 :
1148 1015 1210 1050 Oui
1224 1023 1290 1047 non
1309 1015 1443 1055 laborat,
1463 1024 1528 1049 non
1546 1017 1730 1050 manducet.

950 1065 1014 1097 Nec
1028 1070 1161 1107 possunt
1175 1069 1333 1108 excusari,
1350 1072 1387 1101 ut
1409 1070 1530 1108 dicunt,
1556 1080 1612 1111 per
1634 1080 1732 1112 opera

949 1121 1138 1161 spiritualia.
1158 1122 1196 1154 Et
1211 1123 1264 1154 hic
1279 1124 1409 1164 quidem
1421 1124 1535 1156 modus
1549 1124 1674 1156 dicendi
1685 1127 1732 1157 est

948 1183 1112 1212 erroneus,
1129 1176 1211 1208 sicut
1226 1179 1256 1208 et
1269 1178 1405 1218 primus.
1425 1178 1506 1210 Nam
1522 1179 1620 1210 nimis
1634 1179 1730 1211 decli-

948 1228 1054 1260 nando
1078 1230 1117 1260 ad
1142 1230 1275 1262 alteram
1300 1233 1552 1272 extremitatem,
1577 1233 1731 1273 depravat

948 1281 1159 1323 Scripturam,
1177 1286 1208 1315 et
1222 1286 1400 1327 corrumpit
1417 1286 1601 1319 Ecclesiam.
1620 1287 1730 1329 Scrip-

948 1338 1054 1367 turam
1066 1338 1230 1378 depravat,
1243 1339 1319 1379 quia
1334 1340 1430 1371 nimis
1446 1341 1577 1381 ampliat
1591 1343 1729 1374 verbum

947 1390 1102 1430 Apostoli,
1121 1392 1199 1423 dum
1214 1393 1312 1424 dicit:
1338 1394 1399 1429 Quz'
1417 1402 1482 1427 non
1503 1395 1640 1435 laborat,
1664 1404 1730 1429 non

947 1445 1136 1486 manducet;
1152 1447 1263 1478 volens
1277 1447 1331 1478 illa
1351 1449 1450 1479 verba
1472 1449 1510 1480 de
1531 1449 1638 1481 labore
1658 1460 1727 1482 ma-

946 1499 1034 1530 nuali
1049 1509 1114 1531 non
1130 1500 1234 1532 solum
1257 1502 1296 1532 acl
1320 1502 1454 1541 otiosos,
1476 1503 1530 1534 sed
1552 1507 1727 1544 quantum-

947 1564 1085 1596 cumque
1110 1556 1230 1587 utiliter
1253 1557 1287 1587 in
1311 1557 1530 1597 spiritualibus
1559 1562 1728 1600 occupatos

946 1611 1085 1649 extendi,
1106 1611 1162 1651 qui
1183 1621 1248 1642 nou
1272 1614 1348 1643 sunt
1373 1613 1486 1644 curati.
1509 1612 1610 1644 Nimis
1631 1615 1728 1646 etiam

945 1664 1114 1704 restringit
1122 1666 1220 1696 verba
1229 1666 1426 1706 evangelica,
1439 1666 1517 1697 dum
1530 1667 1585 1698 illa
1592 1668 1691 1699 verba
1697 1669 1706 1685 ⁵
1717 1680 1724 1699 :

945 1718 1073 1758 Diqnus
1095 1721 1142 1751 est
1164 1721 1332 1759 operarius
1356 1720 1496 1752 mercede
1519 1729 1591 1760 sua,
1612 1722 1650 1752 ad
1673 1731 1727 1754 eos

945 1772 1028 1803 solos
1043 1773 1185 1804 extendit
1199 1774 1381 1814 quihabent
1394 1775 1576 1806 animarum
1592 1785 1702 1807 curam
1716 1788 1723 1808 ε

945 1836 1018 1857 cum
1044 1828 1149 1867 potius
1172 1828 1227 1859 fiat
1250 1829 1348 1859 1101110
1373 1829 1494 1868 dignus
1517 1831 1661 1862 mercede
1685 1841 1726 1863 ex

944 1890 1050 1921 opere,
1067 1891 1164 1921 quam
1187 1891 1227 1913 ex
1248 1882 1415 1922 dignitate.
1437 1884 1528 1915 Absit
1548 1885 1682 1917 omnino
1706 1895 1725 1917 a

943 1934 1092 1965 fidelibus
1117 1936 1292 1975 mentibuS,
1313 1937 1399 1977 quod
1422 1941 1641 1978 cooperatores
1666 1940 1725 1971 ha-

943 1987 1088 2019 bentium
1103 1998 1215 2019 curam
1230 1998 1293 2020 non
1308 1990 1372 2021 sint
1386 1991 1478 2031 digni
1495 1993 1649 2032 operarii,
1666 2003 1724 2025 nec

943 2041 1033 2081 digni
1049 2042 1194 2074 mercede
1209 2045 1239 2074 et
1250 2045 1480 2077 sustentatione
1495 2055 1564 2085 sua,
1582 2048 1724 2079 maxime

944 2096 999 2136 qui
1010 2096 1145 2127 fideliter
1158 2097 1353 2129 collaborant
1364 2099 1397 2129 in
1411 2100 1511 2131 verbo
1523 2102 1553 2131 et
1567 2101 1721 2134 doctrina.

944 2149 1116 2181 Ecclesiam
1139 2151 1236 2182 etiam
1261 2153 1460 2193 corrumpit,
1494 2154 1571 2186 dum
1593 2155 1724 2187 simulat

942 2204 1172 2235 districtionem
1183 2206 1329 2245 justitiae,
1351 2208 1381 2237 et
1401 2208 1604 2249 persequitur
1626 2211 1722 2250 spiri-

943 2260 1013 2289 tum
1029 2259 1114 2289 vitae.
1133 2259 1214 2296 Quid
1236 2260 1322 2290 enim
1346 2260 1433 2292 aliud
1457 2264 1504 2293 est
1526 2263 1597 2301 hoc,
1624 2273 1722 2304 quam

942 2313 1026 2352 quod
1046 2313 1262 2353 significatum
1287 2317 1334 2345 est
1352 2324 1409 2354 per
1429 2317 1617 2357 praepositos
1637 2318 1722 2349 Pha-

942 2367 1061 2405 raonis,
1076 2367 1114 2398 de
1131 2367 1250 2407 quibus
1267 2368 1385 2400 dicitur
1401 2369 1435 2400 in
1458 2371 1574 2403 Exodo
1590 2372 1611 2409 Β,
1636 2373 1722 2412 quod

942 2420 1076 2452 oderant
1101 2420 1188 2459 filios
1208 2422 1320 2460 Israel,
1346 2425 1375 2455 et
1402 2423 1447 2455 act
1468 2425 1723 2458 amaritudinem

941 2474 1166 2514 perducebant,
1184 2474 1363 2515 affliyentes
1379 2478 1526 2517 operibus
1542 2478 1636 2510 dum's
1649 2479 1720 2518 luti,

943 2531 971 2560 et
987 2528 1109 2565 lateris,
1126 2532 1220 2568 atque
1236 2531 1326 2562 omni
1339 2532 1516 2564 servitute?
1532 2531 1569 2563 Et
1582 2541 1622 2563 ne
1643 2533 1722 2564 forte

941 2582 1052 2613 videar
1074 2583 1198 2614 moveri
1229 2583 1343 2624 spiritu
1368 2585 1514 2625 proprio,
1539 2586 1614 2618 audi
1646 2587 1722 2627 quid

944 2668 986 2691 111,
1013 2665 1054 2693 io,
1075 2663 1158 2693 quoad
1179 2671 1291 2690 sethum.
1311 2679 1335 2682 κ
1357 2666 1366 2682 ὃ
1381 2666 1449 2695 Luc„

942 2703 963 2727 1,
980 2698 1018 2721 13.

1471 2673 1500 2697 x,
1517 2669 1540 2691 7.
1555 2680 1586 2685 --
1606 2668 1615 2684 *³
1631 2669 1722 2699 Exest„
