2029 3052
251 229 311 259 452

251 295 284 326 et
305 293 374 335 ipse
398 293 500 326 hostis
521 292 639 334 jeJ'unii
666 292 701 323 in
721 291 836 332 quarto
855 288 1027 330 jeJunandi

250 347 358 387 modo,
382 347 439 388 qui
453 346 600 379 videlicet
614 347 661 378 est
681 354 723 377 ex
736 343 914 376 abundanti
931 342 1028 374 mise-

251 401 400 441 ricordia,
415 400 529 433 asserit
550 399 713 432 Christum
725 398 846 431 dedisse
856 397 1027 438 ,iejunandi

251 455 437 496 exemplum
457 463 523 486 non
546 454 651 485 solum
675 451 832 493 perfectis,
857 451 910 482 sed
929 450 1028 481 etiam

250 508 454 549 imperfectis.
481 507 517 539 In
540 517 606 548 quo
623 506 794 548 siquidem,
819 506 876 536 aut
893 503 1029 535 intendit

249 564 354 595 dicere
369 563 456 603 quod
470 562 654 602 exemplum
671 559 841 602 jeJunandi
862 558 948 589 dedit
965 566 1026 587 no-

249 617 309 655 hiS,
319 618 355 648 ut
366 617 554 656 jejunemus
566 624 625 656 pro
644 613 825 646 exhibenda
843 611 913 642 aliis
929 610 1025 641 mise-

248 670 396 709 ricordia,
417 670 499 701 sicut
515 670 747 710 Jejunaverunt
768 666 905 706 Moyses,
929 664 1025 703 Elias,

249 724 370 762 Daniel,
387 723 481 755 etalii
492 723 668 764 prophetae,
683 725 714 754 et
725 725 800 753 tunc
807 720 926 751 falsum
936 718 1024 756 (licit,

249 778 326 818 quia
350 778 518 809 abundans
540 775 760 808 misericordia
783 783 849 806 non
875 771 1027 812 competit

248 832 451 872 imperfectis,
467 831 522 862 sed
537 831 683 871 perfectis
690 841 698 868 ;
718 831 773 860 aut
792 831 830 860 ut
839 828 1027 868 jeJunemus

249 895 308 926 pro
319 885 501 926 superanda
510 893 633 925 pugna,
647 886 678 915 et
688 886 763 915 tunc
772 882 902 923 quidem
912 888 1026 912 verum

248 940 339 979 dicit,
360 941 415 972 sed
435 940 557 980 sibiipsi
579 942 686 980 aperte
709 937 905 970 contradicit.
937 934 1027 972 Quod

247 995 345 1026 etiam
355 994 428 1025 facit
438 994 470 1024 in
482 995 572 1024 sexto
579 991 747 1033 jeJunandi
757 991 864 1028 modo,
873 989 929 1020 ubi
939 988 1026 1026 dicit,

247 1049 333 1089 quod
349 1048 477 1089 perfecti
495 1046 765 1088 concupiscentias
778 1044 932 1076 habentes
951 1042 1025 1073 edo-

248 1102 354 1140 mitas,
363 1102 488 1142 Jejunio
500 1110 564 1132 non
573 1099 703 1138 astricti,
709 1100 753 1139 jej
759 1097 903 1129 unabant
910 1104 1024 1127 secun-

247 1155 325 1186 dum
338 1164 461 1186 morem
478 1154 607 1185 illorum
629 1161 703 1184 cum
720 1151 838 1192 quibus
849 1149 1001 1181 vivebant
1017 1159 1024 1179 :

247 1207 304 1237 ubi
326 1205 511 1237 contradicit
536 1205 581 1243 ei,
611 1203 697 1244 quod
724 1202 821 1243 paulo
844 1204 918 1232 ante
942 1209 1024 1241 prce-

247 1259 383 1295 (lixerat‚
399 1258 483 1299 quod
499 1259 533 1289 in
547 1257 754 1298 quantumvis
771 1256 810 1296 (α)
822 1255 958 1296 perfecto
974 1263 1026 1285 rc-

247 1315 356 1344 manet
370 1312 490 1353 aliquid
503 1312 541 1343 de
554 1309 817 1351 concupiscentiis
831 1308 1024 1340 evincendis,

247 1366 439 1398 Contradhit
462 1367 593 1406 insuper
616 1364 743 1397 veritati
769 1375 775 1395 :
806 1372 882 1394 nam
908 1362 1026 1393 Paulus

246 1420 433 1461 Apostolus,
450 1420 506 1460 qui
519 1419 559 1450 ad
573 1419 694 1459 apicem
706 1427 842 1449 summae
859 1416 1024 1457 perfectio-

246 1475 297 1506 nis
321 1476 521 1515 pervenerat,
547 1473 704 1513 castigare
730 1482 764 1503 se
785 1472 860 1503 dicit
875 1472 882 1488 ¹
910 1480 1025 1511 corpus

245 1529 425 1569 proprium,
448 1531 478 1559 et
502 1529 534 1558 in
560 1527 748 1558 servitutem
774 1526 931 1566 redigere,
961 1534 1025 1555 non

246 1585 313 1614 tam
330 1592 387 1623 pro
410 1581 551 1622 gerendo
567 1581 636 1612 aliis
652 1590 752 1617 more,
774 1588 872 1620 quam
890 1588 947 1619 pro
971 1588 1024 1609 su-

233 1636 386 1677 perando
400 1635 490 1667 hoste
501 1635 685 1671 domestico,
699 1634 779 1664 sicut
790 1642 937 1673 expresse
952 1632 1026 1663 dicit

246 1690 462 1730 Hieronymus
477 1689 509 1719 in
526 1688 713 1719 auctoritate
726 1687 871 1727 superius
886 1686 987 1726 posita
1003 1687 1023 1716 ².

246 1744 324 1782 Quis
339 1744 435 1775 etiam
448 1745 745 1783 quantumcumque
761 1743 898 1778 sanctus,
916 1740 976 1770 uisi
987 1740 1026 1770 sit

246 1800 318 1829 actu
335 1798 494 1833 infirmus,
509 1796 558 1827 vel
575 1804 708 1835 corpore
724 1794 846 1831 debilis,
859 1794 899 1824 ab
912 1794 962 1824 llis
974 1794 1025 1833 je-

243 1851 362 1892 juniis,
379 1851 419 1882 ad
435 1860 508 1891 quae
530 1859 562 1880 se
577 1849 732 1888 obligavit
752 1858 807 1888 per
826 1847 951 1887 regulae
967 1856 1025 1878 vo-

246 1908 329 1944 tum,
344 1905 395 1937 vel
414 1905 454 1936 ab
470 1904 520 1935 his
534 1913 607 1944 quae
626 1902 852 1934 universaliter
868 1901 1025 1933 servanda

247 1962 356 1991 sancta
372 1961 473 1990 mater
493 1958 629 1989 Ecclesia
645 1957 766 1995 statuit,
787 1966 827 1987 ex
842 1966 901 1987 sua
919 1965 1022 1996 quan-

246 2014 356 2045 talibet
386 2013 578 2054 perfectione
607 2012 807 2043 absolvitur?
834 2011 909 2049 Quis
938 2020 1023 2041 sanae

246 2068 363 2099 mentis
378 2067 438 2098 hoc
453 2066 607 2097 senserit?
625 2066 695 2105 quis
715 2065 826 2096 docere
844 2074 1022 2105 praesump-

247 2121 346 2152 serit?
363 2121 470 2152 nullus
486 2123 580 2158 certe,
595 2122 631 2150 ut
645 2119 816 2156 credimus,
833 2119 893 2148 nisi
907 2120 1024 2149 sanctcc

247 2175 359 2206 matris
374 2174 520 2206 Ecclesiae
538 2175 656 2204 statuta
669 2174 861 2203 contemnat.

288 2229 408 2260 Dehinc
421 2231 456 2259 ut
475 2228 511 2267 (b)
524 2237 614 2258 suam
631 2227 759 2257 finalem
775 2226 1023 2257 declaretinten-

247 2283 378 2320 tionem,
395 2291 467 2322 quae
488 2291 552 2311 non
569 2281 608 2311 ad
633 2280 795 2320 jejunium
817 2280 1022 2317 servandum,

248 2336 301 2368 sed
309 2335 457 2376 potiusad
464 2334 651 2365 solvendum
660 2333 959 2371 conaturindueere,
968 2343 1024 2364 sex

248 2390 358 2421 modos
377 2389 521 2428 assignat
544 2388 710 2418 solutionis
728 2387 856 2427 jejunii,
884 2396 1023 2427 quorum

248 2445 390 2484 primum
404 2443 477 2473 dicit
491 2441 648 2479 illicitum,
669 2441 844 2472 secundum
862 2441 1024 2480 imperfec-

247 2500 328 2536 tum,
340 2499 479 2538 quatuor
489 2498 655 2536 sequentes
667 2495 775 2525 modos
790 2495 864 2525 dicit
877 2504 943 2525 esse
955 2503 1023 2534 per-

247 2552 415 2582 fectorum.
434 2550 468 2580 ln
483 2549 599 2590 quibus
618 2548 710 2588 plura
723 2549 880 2579 interserit
892 2557 1024 2588 perver-

247 2615 357 2636 sorum
378 2604 549 2635 seminaria
573 2603 774 2642 dogmatum,
796 2611 871 2641 quae
886 2602 925 2633 ad
941 2611 1023 2642 prce-

280 2688 288 2703 ¹
307 2687 312 2710 Ι
335 2686 404 2715 Catu,
424 2691 466 2715 ix,
487 2685 526 2708 27.
547 2697 574 2701 —
597 2684 606 2699 ²
626 2683 786 2713 Hieronymi„
807 2682 841 2705 ml
862 2683 1023 2712 flemme-incl„

249 2723 322 2754 epist.
345 2728 405 2751 vui,
422 2720 471 2744 col.
487 2727 522 2744 m.
538 2721 577 2744 Ἡ.
594 2732 625 2737 -
641 2719 650 2734 ³
665 2719 795 2749 Ambros.‚
811 2719 840 2742 ‹le
855 2719 915 2743 Elia
929 2721 952 2743 et
966 2719 1025 2749 77:72,

831 219 1044 254 APOLOGlAE
1065 218 1284 252 PAUPERUM

1082 296 1156 320 sens
1180 287 1358 320 indiscussa
1380 289 1604 330 relinquimus,
1626 299 1668 322 ne
1680 289 1858 331 legentium

1082 341 1208 374 animos
1233 342 1416 383 prolixitate
1441 352 1630 383 gravemus.
1662 343 1730 376 Hoc
1747 345 1859 377 tamen

1083 396 1344 436 praetereundum
1359 406 1424 428 non
1435 400 1492 436 est,
1506 398 1592 438 quod
1604 407 1678 430 cum
1691 407 1789 439 supra
1803 407 1860 430 sex

1084 450 1196 481 modos
1206 450 1374 490 jejunandi
1388 451 1578 490 distinxerit,
1595 452 1631 483 in
1645 452 1762 493 quibus
1776 462 1859 493 qua-

1083 505 1158 534 tuor
1168 503 1274 543 posuit
1288 503 1400 544 licitos,
1417 507 1448 536 et
1461 505 1532 537 illos
1546 506 1764 537 indifferenter
1777 515 1861 538 com-

1083 558 1190 597 petere
1213 557 1359 596 perfectis
1384 560 1415 589 et
1438 558 1639 600 imperfectis,
1666 559 1780 591 deinde
1803 569 1860 591 sex

1084 610 1196 642 modos
1207 611 1365 642 subnectit
1380 612 1524 644 solvendi
1537 613 1710 653 jejunium,
1727 622 1767 645 ex
1786 613 1859 654 qui-

1083 663 1144 695 bus
1156 672 1258 694 unum
1269 664 1462 704 imperfectis
1469 666 1624 705 attribuit,
1636 668 1775 708 quatuor
1783 676 1862 699 vero

1082 717 1222 758 reliquos
1235 717 1348 749 modos
1363 719 1507 759 perfectis
1526 720 1668 752 maxime
1682 723 1861 762 competere

1083 770 1169 809 dicit,
1195 771 1360 803 manifeste
1383 772 1520 804 declarat
1546 774 1617 813 ejus
1639 774 1804 806 sententiae
1827 783 1862 806 se

1083 833 1162 863 esse,
1179 825 1264 865 quod
1280 825 1357 857 viris
1370 826 1514 866 perfectis
1530 827 1635 867 magis
1649 830 1807 868 competat
1813 829 1861 869 je-

1079 878 1174 918 junia
1187 878 1322 918 solvere,
1344 889 1442 920 quam
1456 889 1595 912 servare.
1614 880 1649 912 ln
1664 891 1729 922 quo
1745 884 1777 913 et
1797 881 1860 913 im-

1083 931 1231 972 pietatem
1249 933 1443 964 transcendit
1457 933 1620 964 Joviniani
1633 934 1788 973 haeretici,
1803 935 1860 974 qui

1083 995 1180 1016 sacrae
1200 987 1400 1026 Jejuniorum
1428 987 1641 1019 observantiae
1664 988 1858 1019 moderatam

1083 1038 1227 1070 ciborum
1241 1040 1457 1080 sumptionem
1473 1050 1573 1072 ausus
1586 1050 1651 1072 non
1666 1041 1726 1073 suit
1740 1051 1861 1082 praepo-

1084 1101 1171 1131 nere,
1184 1093 1237 1124 sed
1255 1102 1395 1134 aequare.
1414 1093 1516 1134 Legat
1528 1094 1638 1134 igitur,
1653 1095 1679 1125 si
1694 1095 1859 1135 dignetur,

1085 1146 1246 1178 veracium
1270 1147 1387 1188 scripta
1405 1147 1587 1185 Doctorum,
1611 1148 1643 1178 in
1663 1148 1780 1188 quihus
1794 1157 1861 1180 ma-

1083 1200 1158 1239 gnis
1174 1209 1378 1241 nequaquam
1398 1201 1565 1241 praeconiis
1587 1201 1702 1232 solutio
1721 1201 1862 1242 Jejunio-

1083 1262 1157 1284 rum
1173 1254 1347 1293 extollitur,
1365 1254 1420 1285 scd
1430 1255 1519 1285 miris
1529 1254 1677 1286 laudibus
1690 1255 1861 1287 observan-

1084 1306 1127 1337 tia
1142 1308 1395 1339 commendatur.
1412 1308 1500 1339 Hanc
1518 1309 1604 1340 enim
1619 1318 1708 1340 sacer
1721 1309 1860 1340 Ambro-

1084 1360 1151 1391 sius
1172 1361 1203 1391 in
1223 1361 1305 1393 libro
1327 1361 1365 1394 de
1380 1361 1523 1401 Jejunw,
1544 1371 1609 1394 non
1630 1364 1697 1394 tam
1723 1363 1860 1395 miseriae

1083 1413 1184 1453 huius
1197 1415 1308 1446 saeculi
1327 1416 1393 1446 sore
1408 1416 1530 1454 asserit,
1551 1425 1649 1457 quam
1670 1417 1860 1448 innocentiae

1085 1467 1225 1499 Paradisi
1239 1493 1246 1507 ,
1273 1478 1346 1500 cum
1362 1469 1426 1500 ait³
1443 1478 1450 1500 :
1472 1481 1486 1499 (ι
1503 1469 1612 1510 ltaque
1633 1479 1673 1501 ne
1696 1473 1859 1502 terrenum

1083 1523 1168 1562 quis,
1182 1526 1236 1553 aut
1251 1523 1414 1554 novellum
1427 1527 1515 1563 putet
1530 1533 1597 1555 esse
1607 1525 1782 1564 Jejtlnium,
1797 1525 1860 1565 pri-

1083 1585 1156 1607 mus
1167 1586 1244 1607 usus
1257 1577 1368 1607 mundi
1379 1586 1397 1607 a
1405 1577 1530 1617 jejunio
1543 1578 1649 1618 coepit‚
1667 1577 1794 1618 quando
1804 1578 1862 1609 lux

1083 1630 1167 1661 clara
1190 1630 1396 1670 resplenduit.
1419 1641 1434 1658 »
1462 1630 1500 1661 Et
1520 1631 1646 1662 insra‘:
1668 1642 1681 1660 «
1699 1631 1756 1662 Ubi
1771 1631 1861 1662 cibus

1082 1685 1189 1723 coepit,
1205 1684 1249 1714 ibi
1264 1684 1336 1715 sinis
1355 1685 1454 1715 sactus
1471 1688 1518 1716 est
1540 1685 1663 1716 mundi.
1689 1685 1748 1716 Ubi
1767 1686 1862 1726 coepit

1082 1746 1141 1767 sua
1156 1737 1352 1768 incrementa
1364 1738 1496 1776 nescire,
1518 1739 1560 1769 ibi
1577 1742 1741 1779 coeperunt
1753 1739 1861 1770 divina

1082 1790 1165 1821 circa
1177 1801 1252 1822 eum
1265 1801 1361 1831 opera
1373 1792 1492 1823 seriari.
1511 1793 1579 1829 Quo
1590 1793 1710 1832 Judieio
1725 1793 1862 1824 declara-

1083 1847 1152 1875 tum
1162 1847 1218 1884 est,
1238 1845 1322 1885 quod
1334 1855 1390 1885 per
1402 1846 1489 1877 cibos
1507 1846 1646 1877 mundus
1660 1846 1792 1878 haberet
1806 1847 1863 1878 im-

1083 1899 1197 1937 minui,
1215 1909 1271 1939 pcr
1285 1908 1365 1940 quos
1376 1899 1466 1931 desiit
1478 1902 1509 1931 et
1524 1900 1666 1939 augeri.⁶
1683 1900 1721 1931 Et
1735 1903 1771 1931 ut
1787 1900 1863 1932 scia-

1083 1961 1155 1982 mus
1174 1952 1338 1983 novellum
1359 1962 1424 1983 non
1443 1962 1511 1984 esse
1528 1954 1702 1993 jeJunium,
1723 1954 1860 1994 primam

1082 2006 1114 2036 in
1131 2005 1279 2037 Paradiso
1294 2006 1399 2045 legem
1409 2007 1570 2037 constituit
1580 2007 1618 2038 de
1627 2007 1753 2047 jejunio
1767 2018 1773 2038 :
1786 2007 1862 2038 scie-

1082 2059 1136 2090 bat
1149 2060 1234 2090 enim
1250 2060 1336 2100 quod
1355 2069 1410 2100 per
1431 2069 1535 2090 escam
1551 2060 1643 2100 culpa
1662 2060 1795 2091 haberet
1810 2060 1859 2091 in-

1082 2114 1169 2145 ferri.
1190 2125 1204 2142 n
1234 2114 1321 2144 Idem
1340 2114 1435 2144 etiam
1456 2114 1538 2145 libro
1562 2114 1674 2145 eodem
1696 2114 1859 2154 jejunium

1083 2170 1245 2208 comparat
1260 2168 1475 2203 vitaecoelesti
1493 2179 1499 2199 2
1521 2168 1692 2207 «Merito‚»
1712 2168 1818 2209 inquit
1835 2168 1857 2206 ⁶,

1086 2233 1100 2250 «
1116 2221 1217 2252 Eliam
1233 2222 1373 2261 dignum
1395 2222 1473 2253 coelo
1493 2222 1602 2253 divina
1613 2221 1770 2261 judicavit
1784 2231 1858 2253 sen-

1082 2275 1190 2313 tentia,
1207 2278 1243 2306 ut
1257 2285 1331 2306 eum
1346 2276 1412 2316 ipso
1433 2278 1598 2316 raperetur
1613 2284 1758 2315 corpore,
1775 2284 1858 2315 quo-

1082 2329 1169 2360 niam
1183 2329 1298 2360 coelesti
1314 2329 1379 2360 vita
1398 2329 1526 2360 vivebat
1541 2329 1573 2359 in
1590 2338 1732 2369 corpore,
1753 2331 1784 2359 et
1804 2338 1859 2359 su-

1082 2393 1190 2424 perna³
1205 2393 1299 2414 usum
1315 2383 1561 2414 conversationis
1577 2382 1747 2413 exhibebat
1757 2382 1789 2412 in
1800 2384 1859 2412 ter-

1082 2439 1137 2469 ris.
1149 2439 1159 2455 ⁷
1171 2438 1252 2476 Quid
1267 2438 1591 2478 este11i111Jejuuium,
1608 2437 1667 2468 nisi
1682 2436 1858 2467 substantia

1082 2492 1239 2523 coelcstis‘?
1253 2491 1418 2532 JeJunium
1436 2492 1563 2523 refectio
1579 2491 1705 2528 auimae,
1722 2492 1752 2520 et
1768 2489 1859 2521 cibus

1083 2547 1199 2577 mentis
1214 2549 1270 2576 est.
1286 2545 1330 2586 Jej
1337 2546 1451 2577 unium
1470 2546 1535 2577 vita
1549 2544 1740 2584 angelorum
1755 2544 1857 2585 culpae

1084 2640 1105 2655 c.
1120 2637 1154 2661 ιν,
1168 2638 1193 2654 u.
1209 2633 1233 2655 s.
1248 2644 1280 2648 —
1294 2632 1301 2645 ⁴
1319 2631 1380 2655 thid.
1394 2644 1425 2649 -
1438 2630 1538 2661 ⁵1bid.‚
1553 2637 1579 2654 n.
1595 2631 1618 2654 τ.
1631 2643 1661 2649 -
1675 2630 1684 2644 ⁶
1696 2629 1771 2660 thid„
1788 2637 1809 2654 e.
1827 2635 1855 2659 ιι,

1083 2675 1110 2691 ιι.
1126 2670 1149 2692 3.
1165 2666 1219 2684 —7
1237 2667 1349 2697 1bid.,‹-.
1368 2673 1407 2698 ιιι,
1423 2674 1448 2691 n.
1467 2669 1488 2690 4.

1117 2717 1202 2747 (‹1)11l.
1215 2716 1357 2748 quantovis.
1369 2729 1398 2734 —
1410 2716 1446 2747 (b)
1461 2716 1521 2740 Caec.
1538 2715 1598 2740 edit.
1613 2715 1680 2740 deest
1695 2718 1730 2741 ut.
