2029 3052
254 259 313 288 446

254 331 371 355 manus
391 322 530 355 exilibus
551 321 586 353 in
604 319 714 352 herbis
735 317 826 350 facile
847 317 1030 358 capiuntur,

255 379 418 419 coctaeque
428 377 461 408 in
471 377 541 408 oleo
551 382 730 416 pauperum
740 371 886 413 praebent
895 370 1030 403 victum,

256 433 314 464 His
333 433 439 474 itaque
465 432 636 471 diligenter
659 427 843 471 perspectiS,
868 426 940 467 quis
965 428 1032 457 tam

255 488 425 528 impudens
437 487 509 526 erit,
523 487 562 518 ut
576 495 633 527 per
655 484 756 517 vitam
778 482 909 514 Joannis
930 483 1034 514 auste-

255 550 325 572 ram
340 543 371 572 et
390 549 577 582 pauperem,
601 547 694 570 suam
709 537 760 569 vel
772 536 910 568 alienam
928 535 1034 567 defen-

257 595 331 626 dere
355 595 470 626 audeat
493 592 735 626 carnalitatem?
758 591 916 623 Caeterum
930 613 938 626 ‚
958 589 1034 629 quia

255 649 458 689 superfluum
477 650 525 679 est
542 648 577 679 in
594 647 646 678 his
666 645 832 678 immorari
847 643 978 681 diutius,
994 641 1034 673 ad

255 711 292 734 ea
308 703 505 734 veniendum
524 704 582 741 est,
599 700 720 742 quaein
736 697 922 740 quaestionis
935 697 1035 737 huJus

254 757 442 788 diffinitione
462 756 644 797 subjungit.
668 754 749 786 Dicit
769 760 925 793 namque,
948 750 1035 791 quod

259 823 274 842 (1
282 811 345 844 viri
358 811 487 852 perfecti
496 811 535 842 ad
542 809 657 841 vinum
669 810 700 840 et
706 816 817 838 carnes
825 815 858 837 se
872 805 1036 836 relaxave-

254 867 331 897 runt
343 867 472 906 propter
479 863 585 896 carnis
592 862 824 898 infirmitatem,
833 860 962 900 propter
971 866 1037 889 scr-

254 919 394 951 vandam
415 917 680 950 consuetudinem
702 914 883 946 communis
901 912 988 951 vitae,
1005 913 1037 942 et

254 975 383 1014 propter
398 971 537 1004 scandali
548 971 771 1003 vitationem.»
792 967 869 1005 Quae
886 965 1036 1008 quamvis

254 1036 332 1059 vera
347 1027 420 1066 sint,
437 1029 468 1058 et
486 1035 504 1057 a
529 1025 645 1057 sanctis
659 1025 796 1064 accepta,
810 1021 913 1052 multa
927 1023 1036 1051 tamen

255 1081 350 1120 salsa,
372 1084 409 1112 ut
432 1080 564 1117 assolet,
589 1079 622 1109 111
651 1086 767 1109 eorum
791 1074 1035 1116 explicationem

256 1135 435 1176 permiscet.
458 1133 538 1165 Dicit
553 1132 639 1164 enim
654 1132 686 1162 in
705 1129 917 1170 explicatione
938 1127 1035 1168 primi

256 1188 404 1226 membri,
422 1187 507 1228 quod
523 1186 719 1227 imperfectio
734 1186 781 1216 est
797 1184 952 1215 damnum
970 1181 1036 1213 vir-

257 1243 334 1274 tutis
352 1253 358 1274 :
376 1241 462 1282 quod
487 1240 646 1281 superius,
672 1242 825 1279 tauquam
850 1245 1034 1273 erroneum,

256 1300 304 1328 est
320 1296 536 1336 multipliciter
555 1293 785 1334 improbatum.
810 1291 904 1322 Addit
927 1290 1034 1327 ctiam,

256 1351 342 1392 quod
357 1350 442 1382 Elias
457 1351 586 1390 propter
605 1348 824 1379 infirmitatem
840 1345 943 1376 earnis
964 1353 1035 1375 car-

257 1407 351 1437 nibus
367 1407 475 1446 pastus
493 1404 564 1442 fuit,
585 1411 684 1444 quam
700 1402 795 1432 etiam
816 1399 1036 1430 infirmitatem

257 1460 401 1492 Christus
422 1459 553 1499 accepit.
584 1457 649 1488 lloc
675 1456 701 1486 si
723 1455 761 1487 dc
782 1453 909 1495 speciali
929 1452 1034 1484 caruis

256 1513 442 1544 infirmitate
459 1511 668 1551 intelligatur,
690 1519 756 1541 nou
773 1509 840 1540 sine
861 1507 1037 1539 tcuicritate

258 1567 359 1598 multa
384 1566 549 1604 asseritur,
570 1567 640 1595 tiuu
666 1564 742 1604 quia
766 1563 842 1594 illud
871 1561 1038 1602 Scriptura

257 1631 324 1653 non
339 1621 440 1659 (locet,
464 1620 517 1651 scd
540 1621 610 1659 ejus
631 1617 844 1654 contrarium3
870 1619 939 1647 tum
963 1616 1038 1656 quia

258 1684 429 1707 erroneum
453 1677 499 1704 est
523 1682 678 1710 asserere,
701 1671 785 1711 quod
816 1670 957 1701 Christus
987 1679 1036 1700 as-

259 1729 431 1769 sumpserit
455 1727 671 1764 intirmitates,
691 1725 751 1756 nisi
774 1724 843 1755 illas
857 1734 931 1764 quai
949 1733 1035 1755 com-

260 1783 401 1814 muniter
412 1782 587 1822 respiciunt
602 1783 721 1811 statum
732 1779 884 1810 humana:
898 1781 1036 1809 naturae.

261 1837 348 1875 Quod
379 1837 404 1867 si
436 1837 474 1867 dc
505 1836 688 1866 infirmitate
704 1858 711 1872 ,
750 1842 823 1873 quae
857 1831 1039 1862 eommunis

261 1895 307 1923 est
321 1892 481 1929 omnibus,
498 1889 651 1930 loquitur,
668 1887 842 1918 secundum
858 1886 918 1917 hoc
933 1894 1040 1916 cxem-

260 1947 312 1988 plo
334 1946 449 1978 Christi
474 1948 503 1976 ct
528 1945 605 1975 litim
632 1944 765 1984 quilibet
789 1943 945 1983 perti-ctus
967 1950 1039 1971 car-

261 2012 317 2033 ncs
342 2001 506 2032 comedere
532 2000 634 2030 (lebet.
664 1998 746 2029 Sanc
762 1997 847 2037 quod
876 1997 909 2027 iu
938 1995 1038 2036 expli-

262 2055 384 2086 catione
399 2053 527 2085 secundi
549 2053 632 2083 modi
656 2051 829 2082 introducit
852 2050 1038 2080 auctoritate

262 2108 436 2149 Augustini
453 2107 492 2138 de
506 2107 588 2137 libro
605 2106 821 2143 Oiarslz'omcm
836 2104 1006 2143 Eranyele'z'
1018 2104 1038 2142 ¹,

261 2165 345 2206 qnod
367 2177 380 2194 t(
406 2174 470 2194 non
488 2163 627 2200 interest,
645 2161 720 2201 quid
745 2161 972 2190 alimentorum
988 2158 1038 2189 vel

265 2221 421 2260 quantum
443 2218 514 2257 quis
538 2216 684 2256 accipiat,
712 2214 886 2245 dummodo
911 2213 941 2244 id
965 2215 1040 2252 agat

260 2282 319 2313 pro
338 2271 547 2311 congruentia
569 2270 738 2299 hominum
760 2277 832 2298 eum
858 2267 975 2307 quibus
990 2267 1037 2297 vi-

260 2327 318 2363 vit,
335 2337 349 2354 »
368 2325 393 2355 si
416 2324 607 2363 generaliter
630 2322 811 2361 accipiatur,
836 2321 918 2351 sicut
933 2321 984 2350 liic
999 2329 1039 2351 ex

261 2379 467 2421 perversitate
485 2377 661 2407 intellectus
677 2376 828 2413 insinuat,
845 2383 972 2404 omnem
989 2374 1040 2404 ab·

261 2434 420 2466 stineniiae
442 2432 586 2471 rigorem
608 2432 756 2467 enervat,
779 2429 955 2459 secundum
978 2428 1040 2459 du-

262 2489 377 2530 plicem
393 2485 593 2518 abstinentia}
608 2484 751 2521 modum,
764 2493 782 2513 a
797 2483 944 2523 qualibus
956 2482 1040 2514 vide-

263 2544 345 2580 licet,
362 2545 392 2573 et
415 2552 434 2572 a
457 2541 590 2581 quanto.
614 2538 849 2569 Attentlenduni
871 2539 918 2568 est
940 2537 1040 2576 igitur

263 2597 346 2638 quod
363 2596 499 2628 verbum
516 2593 593 2624 illud
610 2591 745 2631 intelligi
761 2592 862 2630 debet,
876 2590 961 2630 quod
976 2599 1040 2620 nou

296 2697 302 2712 ¹
320 2696 435 2725 August„
452 2694 543 2724 (latest.
561 2693 655 2722 Erauy.
674 2704 703 2708 -
723 2691 732 2706 2
749 2692 866 2719 Gregor„
885 2689 919 2712 ml
936 2688 1040 2718 leocL,

273 2732 306 2755 ib.
327 2732 373 2761 Xi,
395 2731 468 2761 epist.
485 2735 546 2759 XLV,
568 2729 615 2752 col.
635 2728 702 2751 1130.
719 2740 747 2744 —
768 2726 778 2742 ³
794 2727 909 2754 August„
924 2724 954 2748 ‹le
971 2724 1040 2747 Dect.

265 2767 429 2796 Clu-1·st.,lib.
447 2767 488 2796 111,
505 2774 528 2789 e.
547 2771 592 2795 xli,
607 2771 633 2787 u.
652 2764 686 2787 18.

833 247 1044 281 APOLOGIAE
1064 247 1283 281 PAUPERUM

1087 316 1230 348 multum
1244 316 1375 347 interest
1386 316 1544 356 quantum
1554 315 1595 347 ad
1605 315 1762 348 rationem
1774 307 1862 358 liciti‘,

1087 370 1140 402 vel
1151 370 1262 409 illiciti,
1274 371 1384 401 contra
1395 368 1427 400 id
1437 369 1524 410 quod
1532 369 1645 400 asserit
1658 369 1864 411 Manichaeus;

1089 424 1228 456 multum
1242 425 1351 455 tamen
1366 424 1498 455 interest
1511 425 1669 464 quantum
1685 424 1725 456 ad
1738 424 1866 457 edoma—

1089 479 1210 510 tionem
1221 478 1339 517 carnis,
1350 477 1612 509 exercitationem
1622 477 1762 517 virtutis,
1772 480 1805 510 et
1814 487 1865 510 sa-

1089 532 1302 563 tisfactionem
1330 541 1389 572 pro
1423 531 1526 572 culpis
1558 532 1745 564 commissis.
1779 531 1867 564 Unde

1092 585 1267 626 Gregorius
1290 586 1324 617 in
1343 585 1492 626 Registro
1512 587 1524 603 ¹
1548 597 1556 618 :
1575 597 1591 616 (ι
1612 586 1742 618 Duobus
1765 586 1869 618 modis

1090 641 1153 673 viri
1167 641 1268 672 sancti
1277 651 1296 671 a
1303 640 1398 672 licitis
1407 640 1566 672 abstinere
1575 640 1688 679 solent,
1698 640 1869 681 aliquando

1089 697 1127 726 ut
1153 695 1268 726 merita
1289 694 1352 726 sibi
1382 694 1467 736 apud
1492 695 1744 736 omnipotentem
1767 695 1869 727 Deum

1091 751 1245 789 augeant,
1262 748 1436 790 aliquando
1450 751 1488 780 ut
1500 751 1654 782 anteactae
1669 749 1744 781 vitae
1759 749 1869 791 culpas

1091 804 1268 844 detergant.
1285 814 1300 832 »
1319 802 1379 834 Sed
1405 803 1500 835 etiam
1518 804 1587 844 pari
1608 813 1673 835 non
1693 805 1780 835 caret
1801 813 1870 845 per-

1091 857 1253 896 versitate,
1274 857 1360 898 quod
1381 857 1500 888 ibidem
1524 857 1716 898 subiungit:
1734 858 1819 898 quod
1842 858 1869 889 si

1091 912 1164 953 quis
1188 911 1360 943 districtius
1384 910 1455 943 vult
1479 911 1608 948 vivere,
1633 919 1731 951 quam
1752 911 1805 943 hic
1826 912 1867 952 (ιι)

1091 975 1165 997 cum
1179 965 1297 1006 quibus
1317 964 1532 996 communiter
1551 965 1648 1003 vivit,
1671 966 1728 996 aut
1752 965 1869 996 intem-

1093 1028 1207 1059 perans
1221 1020 1279 1057 est,
1296 1020 1326 1050 et
1344 1018 1388 1049 ita
1401 1018 1621 1058 impersectus3
1639 1019 1695 1050 aut
1715 1019 1871 1059 supersti-

1092 1074 1203 1112 tiosus,
1221 1075 1251 1104 et
1268 1073 1311 1104 ita
1327 1072 1458 1113 impius.
1470 1072 1546 1104 Ilaec
1559 1073 1658 1104 verba
1673 1073 1782 1113 ipsius,
1797 1082 1870 1113 quae

1091 1127 1227 1168 imponit
1237 1127 1421 1167 Augustino
1431 1127 1474 1159 De
1484 1127 1634 1160 doctrina
1645 1126 1838 1160 Christiana
1845 1127 1867 1166 ⁸,

1092 1182 1253 1222 simulque
1263 1181 1338 1212 dicit
1353 1181 1438 1222 quod
1460 1181 1532 1220 hoc,
1554 1180 1673 1212 scilicet
1695 1179 1870 1212 restrictius

1092 1236 1213 1275 vivere,
1229 1245 1294 1267 uon
1308 1235 1416 1267 docuit
1431 1235 1586 1273 Christus,
1607 1234 1661 1266 sed
1676 1234 1781 1274 potius
1795 1242 1870 1274 pro-

1091 1290 1208 1327 hibuit,
1227 1299 1285 1321 nec
1299 1289 1414 1330 aliquis
1427 1291 1608 1320 sanctorum
1624 1288 1685 1319 hoe
1705 1288 1787 1319 fecit.
1814 1287 1870 1318 1115

1092 1347 1201 1376 antem
1216 1344 1323 1375 verbis
1345 1343 1497 1374 omnibus
1513 1343 1606 1384 plane
1624 1344 1808 1374 sanctarum
1822 1351 1870 1373 re—

1092 1399 1254 1438 ligionum
1271 1397 1517 1436 institutoribus,
1534 1399 1566 1428 et
1576 1396 1790 1428 vEcclesiarum
1806 1404 1870 1427 rec-

1093 1453 1226 1490 toribus,
1243 1452 1297 1492 qui
1313 1451 1454 1483 strictius
1472 1451 1624 1482 vixerunt
1642 1459 1741 1491 quam
1756 1458 1870 1481 eorum

1093 1506 1242 1544 consocii,
1263 1515 1328 1537 non
1353 1506 1457 1537 solum
1479 1507 1587 1536 notam
1612 1503 1868 1545 imperfectionis,

1093 1560 1146 1591 sed
1163 1560 1259 1591 etiam
1279 1559 1439 1591 maculam
1458 1558 1728 1600 praevaricationis
1749 1557 1868 1598 impin-

1095 1615 1154 1654 git.
1173 1614 1306 1654 Propter
1320 1614 1405 1654 quod
1421 1616 1451 1644 et
1467 1623 1485 1644 a
1496 1612 1693 1654 blasphemia
1706 1611 1740 1642 in
1755 1610 1870 1642 Christi

1094 1671 1218 1699 sanctos
1242 1668 1396 1698 immunis
1409 1677 1473 1698 uon
1489 1670 1545 1705 est,
1572 1666 1632 1697 nisi
1656 1666 1688 1696 in
1711 1666 1870 1705 quantum

1092 1723 1233 1754 fortassis
1247 1731 1322 1753 eum
1338 1720 1521 1760 ignorantia
1537 1722 1676 1758 excusat,
1699 1718 1775 1759 quia
1789 1727 1870 1758 quos

1094 1776 1211 1807 imitari
1228 1776 1406 1813 abhorruit,
1432 1775 1560 1805 illorum
1584 1774 1667 1805 vitas
1689 1772 1797 1812 legere
1817 1780 1870 1802 ne-

1094 1829 1211 1870 glexit,
1237 1830 1319 1860 sicut
1342 1831 1373 1860 ct
1403 1827 1595 1859 mendositas
1623 1826 1755 1864 codicis,
1777 1825 1812 1856 in
1833 1833 1871 1856 ea

1093 1893 1192 1924 quam
1209 1883 1326 1923 allegat
1344 1881 1520 1922 Augustini
1537 1880 1740 1917 auctoritate,
1763 1879 1870 1919 ipsum

1094 1938 1213 1969 fefellit.
1238 1936 1449 1977 Nequaquam
1462 1935 1548 1966 enim
1565 1934 1608 1965 ibi
1631 1933 1788 1973 scriptum
1810 1932 1868 1963 ha-

1094 1993 1189 2023 betur
1206 2003 1212 2023 ε
1231 1994 1287 2023 aut
1300 1991 1530 2030 intemperans,
1543 1988 1596 2020 sed
1611 1991 1668 2021 αιιι
1679 1990 1867 2027 temperans,

1094 2050 1151 2079 (1111
1164 2046 1408 2086 superstitiosus
1422 2055 1429 2082 ;
1446 2043 1500 2074 ubi
1520 2042 1591 2074 vult
1605 2041 1808 2081 Augustinus
1822 2048 1870 2071 05-

1094 2101 1234 2138 tendere,
1251 2099 1335 2140 quod
1351 2101 1553 2129 transcensus
1577 2095 1652 2127 vitae
1675 2093 1868 2132 communis,

1094 2157 1150 2186 aut
1165 2154 1251 2186 venit
1262 2163 1302 2184 ex
1315 2152 1508 2183 sublimitate
1524 2149 1660 2188 virtutis,
1677 2148 1759 2179 sicut
1772 2148 1806 2178 in
1821 2147 1871 2178 vi-

1094 2209 1138 2240 ris
1154 2216 1284 2247 magnae
1299 2205 1504 2243 auctoritatiS,
1524 2206 1578 2235 aut
1597 2212 1637 2234 ex
1647 2201 1870 2243 superstitione

1094 2263 1222 2300 erroris,
1239 2262 1320 2292 sicut
1334 2261 1365 2290 in
1385 2258 1579 2297 Manichzris,
1591 2257 1642 2289 vel
1659 2266 1700 2288 ex
1717 2263 1870 2296 praesum-

1093 2319 1206 2357 ptuosa
1221 2314 1439 2354 singularitate
1456 2312 1539 2343 modi
1563 2310 1711 2349 vivendi,
1736 2310 1817 2340 sicut
1836 2308 1869 2338 in

1094 2370 1287 2410 quibusdam
1308 2367 1481 2408 hypocritis
1505 2368 1535 2397 et
1559 2365 1650 2396 vanis
1673 2362 1867 2400 hominihus,

1095 2424 1152 2464 qui
1168 2423 1344 2463 despiciunt
1359 2423 1479 2451 statum
1494 2420 1570 2450 vitae
1593 2417 1782 2449 communis.
1800 2415 1870 2447 Cor-

1095 2479 1180 2517 rigat
1204 2477 1303 2517 igitur
1326 2475 1375 2506 sui
1401 2473 1644 2505 mendositatem
1665 2470 1791 2508 codicis,
1819 2469 1870 2502 vel

1096 2532 1199 2573 potius
1227 2541 1245 2562 a
1271 2529 1472 2569 malignitate
1498 2526 1660 2567 resipiscat
1682 2524 1808 2555 erroris.
1834 2523 1871 2554 In

1094 2585 1339 2627 pertractatione
1363 2591 1492 2623 quoque
1507 2580 1591 2612 tertii
1614 2578 1698 2610 modi
1724 2578 1802 2609 falso
1825 2586 1871 2609 re-

1095 2639 1226 2679 darguit
1250 2638 1380 2669 Petrum
1401 2633 1599 2675 Apostolum,
1621 2634 1652 2663 et
1673 2631 1771 2672 impie
1791 2631 1871 2662 blas-

1095 2695 1225 2734 phemat
1240 2692 1271 2722 in
1288 2690 1466 2726 Christum;
1491 2687 1565 2719 dicit
1579 2686 1665 2718 enim
1681 2685 1811 2717 Petrum
1825 2693 1872 2716 re-

1128 2756 1162 2788 (a)
1179 2756 1253 2779 Forte
1269 2754 1317 2785 leq.
1333 2753 1367 2776 bi.
