2029 3052
275 213 334 243 468

278 277 457 312 Corinthios
468 277 478 294 ¹
492 285 503 308 .·
518 277 559 309 In
570 277 655 317 rame
669 278 698 307 et
711 274 782 313 siti,
798 273 918 313 rriyore
941 271 971 301 et
992 275 1051 299 nu-

275 332 390 365 ditate.
401 331 490 363 Hanc
502 329 708 372 penuriosam
717 327 819 360 vitam
831 325 959 358 duxisse
968 322 1052 362 Apo-

274 386 402 426 stolum,
425 394 491 416 non
505 384 545 416 ad
559 386 698 424 tempus,
723 381 777 414 sed
793 379 956 416 continue,
979 376 1052 407 haec

274 441 408 482 praefata
422 439 531 471 Glossa
540 438 692 476 insinuat,
706 438 738 468 et
751 435 900 476 superius
914 432 1052 471 allegata

275 494 491 535 chrysostomi
515 492 553 524 de
567 490 733 524 Laudibus
763 488 858 521 Pauli
880 485 1052 519 auctoritas

274 549 453 580 confirmat.
470 546 502 578 Si
518 545 646 587 quando
660 545 763 585 igitur
789 543 865 575 dieit
877 550 910 573 se
932 539 1051 571 habere

274 601 394 640 omnia,
410 602 442 632 et
462 600 638 638 abundare,
662 607 723 630 nec
745 597 849 636 debet,
873 604 932 627 neo
950 593 1052 634 potest

274 655 412 695 intelligi
436 657 595 695 quantum
617 653 658 684 ad
679 651 887 693 opulentiam,
913 648 981 679 sive
1006 645 1054 676 af-

274 708 442 740 fluentiam
456 717 580 746 rerum;
597 707 650 738 sed
666 707 826 747 quantum
841 703 880 735 ad
894 700 1054 734 sufficien-

274 763 353 794 tiam
372 762 500 793 mentis.
526 762 569 793 De
590 770 655 802 qua
680 759 884 800 Augustinus
909 757 942 787 in
970 754 1053 785 libro

274 815 314 849 de
335 818 435 850 Beata
450 817 522 849 vita
535 817 546 834 ²
563 827 570 848 :
591 827 605 845 «
624 814 739 847 Nullus
765 813 923 854 perfectus
946 809 1053 849 aliquo

274 873 359 911 eget,
385 873 416 901 et
430 870 516 911 quod
541 869 670 901 videtur
690 867 815 908 corpori
837 862 1054 896 necessarium

275 927 392 963 sumet,
405 924 429 955 si
440 923 587 961 affuerit;
604 925 635 954 et
648 922 675 953 si
689 930 754 952 non
767 919 906 955 affuerit,
918 918 1053 948 istarum

274 987 385 1010 rerum
398 987 464 1009 non
480 979 646 1017 frangetur
660 976 779 1016 inopia.
791 985 805 1002 n
826 972 915 1011 Quod
930 971 956 1001 si
974 971 1054 1001 sorte

274 1032 348 1072 quis
363 1033 458 1071 dicat,
475 1031 664 1072 Apostolum
684 1030 807 1070 aliquas
822 1034 930 1059 secum
945 1024 1054 1055 tulisse

275 1087 437 1127 pecunias,
455 1086 532 1127 quia
555 1084 703 1126 periculis
722 1092 755 1114 se
778 1081 853 1113 dicit
874 1078 1055 1119 expositum

274 1141 373 1172 fuisse
387 1140 560 1177 latronum,
578 1139 685 1178 aperte
699 1134 912 1167 contrariatur
922 1131 1056 1162 Ambro-

274 1195 322 1226 sio
338 1194 360 1233 ³,
376 1195 429 1235 qui
449 1193 618 1234 praesatum
632 1191 740 1222 locum
755 1190 894 1220 tractans
908 1187 942 1216 in
956 1184 1055 1224 origi-

274 1249 358 1286 nali,
384 1248 430 1279 sie
451 1248 495 1279 ait
524 1258 531 1278 ι
562 1258 577 1276 ι(
598 1245 677 1276 Cum
700 1245 734 1274 in
755 1243 882 1273 civitate
910 1238 1056 1270 diabolus

275 1312 349 1335 eum
361 1302 502 1334 occidere
517 1309 582 1332 non
600 1301 716 1340 posset,
736 1297 875 1328 latrones
889 1293 947 1324 sibi
967 1292 1055 1323 ext-i-

274 1357 361 1388 tabat
375 1356 408 1387 in
424 1355 488 1393 via,
506 1363 581 1386 cum
598 1352 679 1384 nihil
701 1352 797 1382 ferret
811 1348 896 1389 quod
918 1347 1057 1377 latrones

276 1412 442 1451 cuperent.
459 1408 573 1450 »stlaec
601 1415 689 1438 sacer
717 1403 918 1436 Ambrosius.
945 1400 1001 1432 Cui
1027 1402 1058 1430 et

276 1464 520 1505 Ctirysostomus
534 1459 727 1493 consonatin
740 1456 907 1490 Laudibus
921 1454 1015 1486 Pauli
1025 1455 1034 1469 ⁴
1048 1464 1054 1484 ε

280 1517 375 1556 «lob,
392 1526 465 1548 cum
481 1525 557 1547 oves
577 1517 608 1545 et
633 1514 733 1544 boves
756 1511 887 1542 liaberet
907 1509 1055 1539 innume-

275 1580 340 1610 raS,
356 1573 425 1602 erat
440 1571 473 1600 in
488 1577 643 1610 pauperes
659 1565 809 1597 liberalis.
834 1563 952 1595 Paulus
969 1571 1056 1601 vero,

276 1625 321 1656 nil
344 1625 482 1664 amplius
504 1631 635 1663 corpore
657 1630 716 1651 suo
740 1618 915 1659 possidens,
938 1617 976 1646 ‹le
997 1616 1058 1646 hoe

277 1679 345 1719 ipso
371 1678 567 1709 sustin-ienter
590 1674 814 1714 indigentibus
844 1670 1056 1702 ministrabat.

278 1732 390 1764 Miram
407 1730 497 1763 Pauli
519 1739 560 1761 ex
579 1730 638 1760 hac
653 1727 745 1759 lande
762 1725 955 1766 perpemt‹.·re
971 1724 1056 1754 vale-

279 1795 352 1817 mus
369 1785 521 1825 inopiam,
538 1792 612 1814 cum
628 1782 672 1813 nil
690 1783 806 1821 praeter
828 1787 942 1818 corpus
962 1777 1059 1807 liabe-

277 1843 337 1879 ret,
354 1850 390 1871 ac
402 1849 458 1880 per
481 1839 541 1869 hoc
562 1836 643 1868 nihil
663 1835 749 1876 quod
766 1834 846 1864 latro
861 1841 972 1871 capere
987 1840 1056 1871 pos-

278 1898 339 1933 set;
363 1894 479 1925 miram
503 1891 714 1923 nibilominus
737 1887 955 1923 al'ssuontiam,
983 1893 1059 1915 eum

279 1958 346 1979 non
367 1947 472 1978 solum
494 1945 551 1975 sibi
575 1944 745 1980 sufficeret,
772 1949 887 1971 verum
911 1939 1009 1969 etiam
1026 1938 1060 1968 in

280 2002 358 2034 alios
380 2000 566 2032 abundaret.
595 2009 609 2026 n
637 1997 778 2036 Denilue
799 2004 855 2025 nec
881 1992 1059 2023 loculorum

281 2056 408 2092 Christi,
426 2055 464 2085 ad
489 2053 653 2094 praefatam
679 2048 882 2090 perfectionis
903 2047 1058 2084 sormam,

280 2110 346 2141 ulla
373 2107 535 2140 invenitur
561 2104 781 2140 dissonantia,
805 2102 831 2131 si
856 2100 1015 2141 quomodo
1029 2101 1060 2129 et

282 2174 381 2205 quare
407 2165 491 2204 ipsos
511 2161 629 2192 habere
644 2160 796 2198 dignatus
813 2157 882 2194 l'uit,
901 2156 952 2195 pia
970 2163 1060 2185 inen-

282 2218 503 2250 tisattentione
517 2217 678 2256 pensetur.
697 2212 775 2242 Nam
788 2210 977 2249 unigenitus
995 2208 1060 2245 boi,

284 2282 357 2304 cum
378 2271 466 2302 dives
486 2271 566 2299 esset
592 2268 626 2298 in
645 2274 768 2303 omneS,
790 2274 848 2304 pro
872 2263 961 2292 nobis
984 2262 1062 2292 adeo

284 2328 385 2358 factus
413 2333 548 2364 egenus,
579 2325 612 2353 ut
637 2321 739 2352 alit-no
768 2319 837 2349 cibo
867 2318 1061 2353 vesceretur,

284 2390 350 2412 non
364 2379 431 2409 sine
444 2386 563 2416 magna
578 2373 812 2414 dispensatione
827 2371 930 2401 divini
941 2369 1063 2400 consilii

285 2434 404 2465 loculos
419 2432 489 2462 sevit
500 2429 624 2465 deferri,
637 2436 777 2467 thrnni
796 2429 901 2456 tamen
912 2424 1063 2454 custodite

284 2488 375 2517 illum
393 2484 556 2525 deputavit
571 2481 775 2520 discipulum,
793 2488 890 2518 quem
906 2479 1011 2508 furem
1027 2486 1064 2507 ac

285 2541 479 2581 proditorem
495 2535 678 2578 praesciebat
689 2542 756 2563 esse
768 2534 926 2563 saturum.
945 2531 1064 2562 Habuit

319 2642 323 2654 ¹
340 2640 357 2663 ll
377 2640 445 2669 Com,
470 2643 505 2666 xi,
522 2637 560 2659 27.
578 2647 608 2652 -—
623 2634 630 2647 ²
647 2634 722 2662 Aug„
739 2631 768 2653 de
791 2632 867 2654 Ιίειικι
892 2630 950 2660 l'tl.‚
969 2630 1063 2660 disput.

286 2678 343 2700 tert.
361 2675 426 2702 diei,
443 2682 466 2698 ιι.
484 2675 522 2697 213.
546 2683 575 2688 ——
598 2671 605 2683 ³
625 2671 677 2692 lino
698 2667 894 2696 Anibi-oswin»,
915 2666 938 2689 iii
959 2667 975 2688 11
996 2670 1062 2691 '‘11'..

286 2718 322 2735 ΧΙ.
337 2724 367 2728 -
391 2712 397 2723 ⁸
420 2709 561 2739 Clii·)s0st.,
583 2706 613 2728 sle
637 2701 734 2728 laudib.
756 2701 837 2727 Pauli.
864 2702 932 2724 litun.
960 2706 982 2730 l,
1005 2707 1062 2731 pag.

856 197 1068 235 APOLOGIAE
1089 195 1308 228 PAUPERUM

1107 264 1194 296 enim
1216 264 1338 296 loculos
1353 261 1497 294 Christus
1519 260 1559 292 ad
1578 259 1810 293 consolandum
1827 261 1878 294 in-

1107 318 1229 357 firmos,
1249 317 1290 349 ad
1307 315 1517 349 refellendum
1530 314 1704 356 improbos,
1720 316 1752 346 et
1774 315 1814 347 ad
1833 315 1886 347 in-

1106 373 1313 404 formandum
1337 370 1502 411 perfectos.
1533 368 1621 400 Unde
1645 370 1676 400 et
1701 368 1890 408 hujusmodi

1108 429 1210 465 actus,
1227 426 1346 457 scilieet
1361 424 1478 455 hahere
1490 423 1622 461 loculos,
1636 422 1672 453 in
1687 421 1821 461 Christo,
1836 431 1888 454 re-

1108 482 1218 521 spectu
1238 479 1459 516 infirmorum,
1480 477 1542 508 fuit
1556 476 1832 514 condescensivus‚
1849 475 1890 507 ad

1108 532 1338 564 consolandum
1354 540 1420 570 θος,
1436 531 1490 571 qui
1506 530 1644 571 propriis
1655 529 1768 561 loculis
1783 538 1891 561 carere

1109 595 1174 618 non
1190 586 1316 625 volunt,
1331 586 1414 617 sicut
1425 584 1631 624 Augustinus
1645 583 1689 614 ait
1702 583 1736 614 in
1756 583 1838 614 libro
1851 582 1890 616 de

1107 647 1197 680 opere
1211 640 1441 672 Mmacliorum
1455 641 1465 658 ⁵
1482 649 1489 670 :
1511 649 1526 668 α
1540 637 1694 669 Dominus
1714 645 1806 668 more
1829 637 1891 668 mi-

1109 694 1290 726 sericordiae
1318 702 1386 724 suae
1414 691 1647 723 infirmioribus
1673 690 1890 732 compatiens,

1109 758 1183 780 cum
1209 749 1238 780 ei
1260 747 1368 788 angeli
1395 748 1524 788 possent
1549 745 1744 783 ministrare,
1771 744 1893 776 loculos

1109 802 1258 840 hahebat,
1291 801 1410 842 quibus
1435 800 1617 831 mitteretur
1640 799 1792 839 pecunia,
1819 807 1892 839 quae

1109 856 1332 887 conserebatur
1347 855 1460 896 utique
1475 863 1495 885 a
1508 853 1601 885 honis
1619 852 1766 884 fidelibus
1779 860 1892 883 eorum

1109 910 1209 941 victui
1224 910 1404 941 necessaria
1419 918 1427 940 :
1443 917 1525 949 quos
1547 907 1668 938 loculos
1688 906 1780 938 Judae
1803 915 1891 937 com-

1110 963 1285 995 mendavit.
1302 974 1317 991 ι)
1332 963 1488 1003 Respectu
1512 963 1620 992 autem
1640 959 1815 1000 impiorum
1833 960 1893 991 fuit

1110 1019 1200 1048 actus
1213 1016 1479 1048 commonitorius
1492 1025 1500 1053 ;
1518 1013 1622 1054 primo
1641 1013 1771 1053 quidem
1786 1012 1826 1044 ad
1842 1021 1892 1044 re-

1110 1071 1283 1102 fellendum
1296 1070 1475 1107 haereticos,
1494 1068 1549 1109 qui
1570 1067 1691 1099 loculos
1707 1067 1891 1108 reprobant,

1111 1127 1142 1155 et
1150 1125 1360 1155 detestantur.
1377 1122 1466 1154 Unde
1476 1121 1680 1162 Augustinus
1688 1129 1785 1161 super
1800 1121 1895 1153 Joan-

1111 1186 1199 1217 nem,
1223 1177 1361 1209 llomilia
1382 1176 1423 1208 ι’
1438 1186 1449 1207 .·
1472 1187 1487 1205 (ι
1502 1176 1607 1214 Quare
1619 1175 1740 1206 loculos
1760 1174 1892 1213 habuit,

1113 1233 1164 1263 cui
1187 1232 1296 1270 angeli
1319 1230 1554 1268 ministrabant,
1578 1229 1639 1260 nisi
1663 1229 1740 1269 quia
1753 1228 1894 1260 Ecclesia

1111 1286 1212 1326 ipsius
1229 1285 1351 1316 loculos
1366 1284 1516 1315 habitura
1531 1285 1616 1314 erat?
1626 1294 1640 1311 ι)
1659 1282 1748 1313 Unde
1762 1284 1793 1313 et
1806 1282 1894 1313 locu-

1111 1339 1159 1370 los
1174 1339 1329 1377 habebat,
1347 1341 1381 1369 ut
1402 1338 1528 1369 doceret
1548 1346 1614 1367 non
1628 1345 1695 1367 esse
1716 1338 1892 1376 peccatum,

1112 1393 1234 1424 loculos
1263 1392 1393 1423 habere..
1426 1391 1461 1422 ln
1489 1391 1539 1421 liis
1562 1390 1767 1429 Augustinus
1791 1389 1892 1420 Mani-

1113 1447 1279 1477 chaeorum
1302 1445 1416 1476 refellit
1448 1444 1657 1484 impietatem,
1682 1443 1896 1474 condemnan-

1115 1501 1197 1531 tium
1212 1500 1360 1531 Ecelesia}
1382 1501 1514 1536 statum,
1539 1500 1670 1538 propter
1686 1506 1795 1528 rerum
1811 1500 1896 1528 tem-

1114 1556 1272 1595 poralium
1287 1553 1532 1594 possessionem.
1557 1551 1705 1583 Secundo
1718 1551 1896 1582 commoni-

1114 1610 1215 1640 torius
1245 1608 1322 1646 suit,
1352 1607 1390 1638 ad
1419 1605 1645 1638 deterrendum
1674 1614 1807 1644 avarOS,
1840 1605 1896 1646 qui

1114 1662 1235 1693 loculos
1261 1661 1502 1701 concupiscunt.
1531 1660 1721 1699 Quanquam
1746 1659 1830 1690 enim
1856 1659 1896 1690 ad

1115 1715 1351 1754 mitigationem
1362 1712 1800 1754 ctipiditatisDominusJudae
1812 1712 1896 1744 loru-

1114 1769 1160 1800 los
1175 1769 1385 1800 commisisset
1398 1792 1406 1806 ,
1425 1768 1430 1797 i
1436 1776 1490 1807 pso
1506 1770 1612 1798 tamen
1624 1767 1701 1798 adeo
1716 1766 1896 1806 cupiditatis

1116 1823 1192 1863 igne
1202 1823 1330 1860 exarsit,
1343 1825 1376 1852 ut
1388 1822 1492 1861 ipsum
1502 1821 1672 1851 Dominum
1683 1820 1784 1860 pretio
1795 1829 1896 1860 parvo

1116 1876 1337 1908 venumdaret.
1363 1874 1449 1905 Unde
1473 1877 1503 1905 et
1526 1875 1770 1914 tjnrysostonms
1799 1882 1895 1914 super

1115 1931 1267 1962 Joannem
1280 1929 1289 1945 “⁴
1308 1941 1315 1960 z
1335 1941 1350 1958 «
1367 1929 1399 1959 Si
1416 1937 1492 1959 vero
1508 1928 1580 1968 quis
1596 1928 1800 1966 scrutabitur,
1817 1928 1895 1967 quid

1116 1984 1179 2014 suri
1201 1983 1350 2014 existenti
1372 1982 1494 2013 locutos
1516 1981 1676 2012 commisit
1692 1990 1894 2020 pauperum,

1116 2041 1147 2068 et
1165 2038 1347 2078 dispensare
1371 2037 1442 2067 t'eeit
1462 2045 1596 2066 avarum
1623 2035 1837 2065 existentem?
1862 2038 1897 2065 ut

1118 2102 1246 2123 omnem
1258 2091 1455 2122 abscinderet
1467 2099 1535 2120 esse
1547 2089 1758 2120 occasionem.
1771 2088 1896 2119 Etenim

1118 2147 1328 2177 sufficientem
1344 2144 1481 2175 habebat
1494 2152 1535 2174 ex
1549 2143 1652 2173 loculo
1669 2143 1895 2182 concupiscen-

1119 2201 1170 2231 tia¹
1179 2199 1411 2238 mitigationem
1422 2197 1490 2235 ;sed
1499 2199 1627 2237 propter
1636 2197 1810 2236 nequitiam
1818 2196 1897 2227 mul-

1119 2258 1196 2293 tam,
1219 2264 1316 2295 quam
1343 2253 1467 2285 volebat
1495 2252 1706 2292 comprimere
1735 2250 1894 2289 Christus,

1119 2310 1221 2340 multa
1244 2307 1509 2339 condescensione
1535 2306 1574 2336 ad
1599 2314 1674 2336 eum
1700 2307 1802 2342 utens,
1833 2313 1897 2334 non

1119 2364 1283 2394 incusabat
1301 2362 1536 2402 surripientem,
1555 2360 1723 2390 obstruens
1742 2358 1898 2398 pernicio-

1120 2427 1189 2448 sam
1213 2415 1501 2456 concupiscentiam
1515 2438 1522 2452 ,
1549 2417 1579 2445 et
1600 2423 1729 2444 omnem
1751 2412 1897 2443 auferens

1120 2472 1348 2502 occasionem.»
1365 2470 1537 2509 llucusque
1549 2468 1602 2499 tlln
1611 2470 1897 2508 ysostomusmper-

1121 2529 1150 2557 te
1165 2526 1340 2562 declarans,
1358 2523 1444 2564 quod
1458 2531 1524 2553 non
1540 2521 1674 2562 penuria
1690 2519 1895 2560 paupertatis,

1121 2635 1156 2650 ιιι.
1177 2628 1229 2650 480.
1250 2637 1280 2643 -
1300 2625 1309 2641 ¹⁵
1330 2626 1406 2654 Aug„
1426 2622 1455 2646 d:
1477 2623 1553 2652 Opere
1568 2619 1691 2650 ιῐΙωιιιιῖ,ἰ.,
1709 2628 1730 2643 c.
1747 2627 1772 2650 v,
1789 2627 1813 2643 ιι.
1830 2623 1852 2645 υ,
1867 2633 1897 2638 -

1121 2664 1130 2679 *3
1147 2663 1193 2693 td.,
1208 2670 1232 2685 ιιι
1247 2662 1329 2690 domi„
1341 2661 1410 2684 hom.
1430 2665 1452 2688 L,
1465 2665 1490 2682 u.
1508 2661 1543 2681 lt.
1554 2669 1584 2674 ——
1595 2657 1605 2673 ⁷
1618 2655 1760 2687 Chrysost,
1774 2664 1799 2680 111
1814 2657 1897 2687 duum,

1122 2700 1191 2723 bom.
1210 2704 1278 2726 Lm,
1291 2699 1323 2720 al.
1342 2702 1400 2726 cxv,
1416 2702 1442 2718 ιι.
1458 2698 1479 2718 :2-
