2060 3052
623 262 673 294 DE
696 262 775 295 UNO
796 262 999 294 MARTYRE.
1024 262 1158 295 SERMO
1182 264 1204 295 Ι.

103 335 206 362 Nonne
229 333 348 370 cathS,
369 331 541 366 damnatus,
562 331 590 359 et
610 338 727 359 veneno
749 330 881 359 interiit?

103 382 225 417 Magnus
242 378 439 417 philosophus
462 379 571 407 Seneca
591 377 646 406 fuit
671 378 811 414 magister
831 379 882 406 Ne-

103 427 204 463 ronis;
226 426 278 464 qui
295 426 352 454 hoc
374 425 406 454 in
419 433 528 454 munus
544 425 582 454 ab
598 426 777 462 Imperatore
796 433 882 454 acce-

102 475 155 512 pit,
171 473 253 511 quod
270 481 339 502 eum
351 474 479 501 mortem
498 473 607 509 eligere
622 473 717 509 coegit
734 482 740 501 :
766 474 794 501 et
812 473 880 501 ideo

103 523 212 551 Seneca
227 521 321 549 dictus
336 520 400 556 fuit,
415 520 486 557 quia
507 521 638 558 seipsum
657 520 783 555 necavit,
808 520 882 548 dum

103 570 239 603 mortem,
253 576 314 606 qua
323 569 498 602 moreretur,
512 567 607 603 elegit.
619 567 688 601 Quis
698 567 881 604 Achitophel,

102 616 155 654 qui
168 615 406 644 consiliariorum
418 614 511 643 David
523 615 685 651 sapientior
694 614 759 650 fuit,
772 615 809 643 de
819 623 880 651 quo

102 663 234 691 secundo
248 663 350 698 Regum
360 663 368 680 ¹
377 663 391 690 ‘f
407 663 434 690 et
445 663 543 690 tamen
557 662 666 698 laqueo
675 670 705 690 se
716 661 881 698 suspendit.

102 713 178 747 Ergo
192 718 254 739 non
268 712 311 738 est
325 710 458 738 curanda
471 709 615 746 sapientia
629 710 718 746 hujus
731 710 847 738 mundi.

137 757 242 792 Tertio,
257 758 326 785 sunt
340 757 474 794 quidam,
491 757 543 794 qui
558 757 724 793 gloriantur
738 757 769 785 in
780 765 881 785 rerum

102 804 255 842 opulentia
268 805 297 832 ²:
318 814 331 831 «
346 806 377 832 ln
399 804 589 833 multitudine
616 804 786 832 divitiarum
812 812 881 832 sua-

100 859 168 880 rum
178 850 355 887 gloriantur.
368 862 380 877 »
399 851 456 879 Sed
465 851 523 879 hoc
536 851 791 879 estvanissimum.
804 850 881 885 Quid

101 898 179 927 enim
194 898 306 935 profuit
328 899 412 927 diviti
432 899 564 935 epuloni,
589 899 625 927 de
647 907 708 935 quo
723 899 754 927 in
769 901 842 926 Luca
858 900 879 934 ³,

101 945 185 983 quod
201 946 243 974 tot
262 945 380 974 divitias
399 946 514 980 habuit,
536 946 592 974 nisi
608 946 693 982 quod
707 946 747 974 ad
766 946 881 974 inferna

101 993 272 1021 descendit?
287 993 364 1027 Quid
375 993 610 1029 proluitNeroni,
620 993 705 1029 quod
712 993 824 1021 retibus
835 1001 882 1022 ar-

101 1040 212 1076 genteis
226 1040 407 1076 piscabatur,
429 1039 486 1067 nisi
501 1040 586 1076 quod
601 1040 683 1076 apud
698 1040 809 1068 inferos
828 1041 881 1068 de-

100 1087 290 1123 mergebatur
299 1088 313 1115 ?
327 1088 361 1115 Ut
376 1087 446 1115 dicit
458 1088 567 1116 Seneca
578 1087 734 1123 Tragaedus
747 1088 756 1104 ⁶
766 1088 797 1115 in
807 1096 880 1116 auro

99 1133 258 1170 liquefacto
281 1135 309 1162 et
326 1134 443 1162 fervido
458 1142 562 1170 poenas
577 1134 646 1169 luit;
669 1129 701 1162 sn
715 1134 881 1170 liquefactis

99 1181 236 1216 metallis,
253 1189 319 1217 quae
333 1181 364 1208 in
378 1181 493 1209 mundo
506 1181 630 1209 dilexit:
647 1189 726 1209 nunc
748 1184 882 1210 versatur

98 1228 129 1256 in
144 1228 269 1263 balneis,
285 1229 312 1256 et
327 1228 367 1256 sic
382 1236 399 1256 a
416 1228 550 1264 quodam
568 1229 651 1264 apud
670 1228 781 1257 inferos
800 1229 881 1257 visus

99 1276 150 1303 est.
166 1274 243 1309 Quid
254 1275 365 1311 profuit
379 1275 529 1303 Salomoni
544 1275 564 1310 ⁵,
583 1275 666 1311 quod
679 1283 786 1303 aurum
797 1276 884 1304 velut

99 1322 311 1356 auricalchum,
323 1324 351 1350 et
364 1324 520 1358 argentum
535 1322 620 1358 quasi
635 1322 796 1358 plumbum
811 1330 881 1350 con-

99 1368 241 1404 gregavit,
264 1377 332 1397 cum
354 1369 455 1397 omnia
474 1369 537 1397 filio
559 1371 621 1397 tam
643 1369 731 1397 stulto
754 1369 880 1404 dimisit,

100 1415 152 1451 qui
168 1415 269 1443 omnia
287 1416 436 1451 perdidit?
453 1417 610 1452 Propterea
626 1416 732 1444 dicitur
743 1417 752 1433 ὃ
768 1424 775 1442 2
788 1426 802 1441 «
817 1418 881 1444 Non

99 1461 242 1497 glorietur
256 1462 339 1490 dives
354 1463 385 1490 in
402 1463 511 1490 divitiis
527 1463 586 1490 suis
600 1472 608 1497 ;
628 1463 681 1490 sed
696 1462 726 1490 in
742 1463 799 1491 hoc
815 1463 880 1499 glo-

99 1509 200 1545 rietur,
224 1509 275 1545 qui
295 1509 449 1544 gloriatur,
473 1509 546 1537 scire
571 1511 599 1538 et
618 1517 704 1537 nosse
726 1518 786 1544 me,
809 1511 880 1546 quia

100 1564 157 1592 ego
172 1564 237 1584 sum
253 1556 404 1584 Dominus.
419 1566 433 1583 »

136 1603 245 1636 Quarto
263 1604 330 1630 sunt
349 1602 484 1638 quidam,
501 1603 552 1639 qui
567 1603 731 1638 gloriantur
751 1604 782 1631 in
802 1606 881 1632 exte-

100 1649 171 1678 riori
189 1649 373 1686 apparentia,
397 1649 470 1677 sicut
489 1650 520 1677 in
534 1650 688 1678 nobilitate
708 1652 736 1678 et
751 1650 881 1679 claritate

102 1697 227 1732 generis.
242 1698 329 1725 Oseas
343 1697 353 1713 ⁷
370 1705 376 1724 ε
396 1696 520 1725 «Gloria
534 1705 636 1725 eorum
654 1705 672 1725 a
685 1698 782 1733 partu,
800 1700 828 1726 et
842 1699 880 1726 ab

100 1745 196 1778 utero,
217 1745 244 1771 et
257 1751 275 1772 a
289 1745 443 1779 conceptu.
458 1753 471 1770 »
489 1744 545 1772 Sed
561 1745 676 1771 utinam
686 1744 883 1780 attenderent,

103 1790 186 1826 quod
199 1791 237 1818 ab
257 1798 318 1818 uno
338 1792 397 1818 Deo
412 1791 480 1817 sunt
496 1790 544 1826 (a),
561 1790 599 1818 ab
615 1799 675 1818 uno
691 1791 812 1819 homine
828 1792 880 1819 de-

103 1837 283 1872 scendimus,
300 1845 360 1865 uno
372 1837 465 1865 modo
477 1837 673 1873 concipimur,
687 1838 776 1865 simili
787 1839 880 1866 modo

103 1883 268 1918 nascimur,
294 1886 321 1911 et
342 1884 489 1912 consimili
511 1884 603 1912 modo
629 1885 784 1912 morimur.
806 1885 882 1913 Nihil

103 1929 186 1958 aliud
196 1932 238 1958 est
247 1930 387 1959 nobilitas
399 1931 531 1959 humana
540 1932 561 1966 ⁸,
578 1939 671 1967 quam
681 1932 820 1967 quaedam
830 1931 882 1960 ho-

102 1976 218 2004 minum
239 1977 330 2011 sama,
351 1979 379 2006 et
398 1977 537 2013 quaedam
558 1978 588 2005 in
604 1977 799 2006 exterioribus
820 1978 881 2006 vita

101 2024 296 2052 honorabilis.
315 2025 457 2061 Nunquid
465 2024 613 2052 mentior?
627 2026 729 2053 Nonne
744 2024 881 2052 videmus

101 2070 247 2104 homines,
269 2071 351 2107 prius
372 2071 446 2099 viles
467 2073 494 2099 et
514 2079 672 2107 pauperes,
688 2072 881 2107 postmodum

103 2118 218 2154 divites,
234 2119 299 2147 fieri
313 2119 419 2147 milites
433 2121 465 2147 ut
480 2119 619 2153 ditentur,
636 2121 741 2155 postea
755 2119 808 2147 filii
825 2120 879 2147 mi-

102 2165 160 2193 litis
180 2165 367 2194 cohaeredes?
383 2166 460 2200 Quid
481 2166 560 2193 enim
584 2166 625 2193 eis
643 2166 806 2194 nobilitatis
826 2167 880 2194 ad-

104 2212 192 2248 ditur,
218 2220 286 2240 cum
309 2213 385 2240 ensis
409 2213 450 2241 eis
475 2213 620 2241 traditur?
647 2213 798 2249 Numquid
820 2221 881 2241 non

105 2260 175 2288 Saul
189 2259 292 2295 boves,
308 2262 336 2287 et
350 2260 442 2288 David
458 2268 528 2288 oves
544 2260 749 2288 custodiebant
764 2283 773 2293 ,
790 2268 882 2296 quan-

104 2306 144 2335 do
159 2306 197 2335 ad
218 2314 343 2342 regnum
368 2306 451 2334 electi
465 2308 554 2335 sunt?
580 2309 651 2335 Item
675 2307 799 2342 quidam
820 2308 883 2343 glo-

104 2354 216 2381 riantur
235 2353 266 2380 in
280 2352 513 2389 pulchritudine,
537 2354 597 2381 sive
613 2354 643 2381 in
658 2355 764 2382 vestitu
777 2362 882 2390 corpo-

103 2401 143 2428 ris
152 2409 161 2435 3
178 2400 231 2428 sed
246 2408 299 2436 per
314 2400 437 2436 capillos
454 2400 555 2436 capitis
576 2401 707 2429 Absalon
723 2409 882 2437 suspensus

104 2447 222 2481 interiit,
238 2447 268 2474 in
285 2446 393 2483 quibus
406 2447 535 2475 maxime
547 2446 741 2483 gloriabatur,
757 2448 805 2476 vel
819 2449 883 2484 glo-

105 2494 148 2522 ria
164 2494 227 2529 ejus
241 2494 304 2521 fuit.
321 2493 402 2521 Unde
416 2494 522 2522 dicitur
532 2494 542 2510 ⁹
554 2503 560 2521 :
579 2504 591 2519 «
603 2496 634 2522 In
647 2495 753 2523 vestitu
764 2503 801 2523 ne
818 2496 881 2531 glo-

105 2541 198 2569 rieris.
224 2552 237 2566 »
256 2541 406 2577 Numquid
430 2541 620 2576 pulchritudo
646 2542 734 2570 vestis
763 2544 806 2570 est
834 2544 883 2570 tua

140 2627 147 2643 ¹
167 2627 185 2650 ll
210 2627 278 2658 Κεφ,
301 2634 344 2657 xV,
364 2627 391 2650 31
415 2628 440 2650 et
461 2633 514 2658 seq.
536 2640 561 2644 -
582 2628 590 2641 ²
610 2627 676 2651 Psal.
698 2634 793 2659 vam,
814 2631 837 2654 7.
853 2642 881 2648 —

107 2663 115 2677 ³
130 2663 197 2689 Luc..
213 2668 266 2693 xw,
283 2664 311 2687 19
327 2664 419 2694 etseq.
434 2675 463 2680 —
481 2663 486 2676 ²
502 2664 585 2687 Senec
599 2664 674 2694 Trag.
691 2677 719 2681 —-
736 2665 745 2680 ὅ
763 2664 795 2688 ΙΙΙ
814 2665 872 2696 Rey.

108 2704 120 2720 x
139 2699 231 2728 etseq.
247 2710 277 2715 —
291 2698 414 2727 “lev-em„
437 2704 473 2727 ix,
493 2699 574 2722 23-24.
593 2712 623 2716 —
639 2700 646 2713 ⁷
665 2699 729 2729 Ose„
750 2705 785 2729 lx,
802 2702 882 2723 11.—

110 2736 117 2747 “
143 2734 238 2765 Laert.‚
264 2734 289 2758 iu
323 2735 372 2759 Vz‘t.
399 2735 495 2759 δουναι.
522 2748 551 2753 -
579 2736 588 2752 ⁹
615 2735 704 2766 Ecclz„
732 2742 775 2767 m,
807 2738 828 2760 4.
852 2749 883 2754 =—

1681 267 1718 297 37

937 330 1152 367 pulchritudo?
1173 331 1249 360 Nihil
1270 339 1325 368 per
1345 333 1458 361 vestem
1476 332 1509 360 fit
1529 332 1593 368 tibi,
1616 332 1673 360 nisi
1688 333 1720 361 ut

937 377 1048 406 celetur
1065 379 1217 414 turpitudo
1236 380 1306 407 tua:
1328 387 1389 416 qua
1409 379 1463 408 tibi
1478 387 1541 407 non
1556 379 1720 408 detrahitur

936 424 1091 461 turpitudo
1106 427 1167 461 tua,
1183 434 1238 454 nec
1260 426 1380 454 additur
1394 426 1596 463 pulchritudo.
1624 428 1721 455 Potest

937 471 1017 499 enim
1031 471 1105 507 fieri,
1118 474 1150 500 ut
1164 472 1323 509 plumbum
1333 473 1471 502 credatur
1480 474 1635 510 argentum
1644 481 1719 509 esse,

937 521 965 546 et
980 518 1182 550 auricalchum
1198 521 1317 556 putetur
1326 529 1433 549 aurum
1449 529 1511 549 esse
1520 530 1529 556 3
1547 521 1600 549 sed
1619 522 1720 549 tamen

936 566 1096 602 plumbum
1117 575 1234 603 semper
1262 569 1304 596 est
1328 568 1488 604 plumbum
1503 590 1512 604 ,
1542 570 1569 596 et
1595 568 1720 596 aurical-

937 613 1026 640 chum
1041 621 1103 641 non
1118 613 1226 642 desinit
1241 622 1303 643 esse
1319 615 1532 644 auricalchum.

974 660 1142 688 Notandum
1157 669 1229 697 ergo
1251 661 1291 690 ad
1310 662 1412 690 omnia
1425 663 1611 699 supradicta,
1636 662 1721 699 quod

936 707 998 735 haec
1012 708 1165 736 mundana
1180 708 1277 744 gloria
1295 710 1338 737 est
1356 709 1455 745 primo
1475 710 1543 737 vilis
1558 711 1586 738 et
1599 709 1719 746 foetida,

936 754 1069 783 secundo
1083 756 1125 783 est
1137 755 1248 791 fragilis
1264 758 1291 784 et
1305 764 1395 791 vana,
1410 755 1495 785 tertio
1507 758 1549 784 est
1565 757 1678 786 caduca
1693 758 1722 785 et

935 801 1019 836 salsa,
1045 804 1152 838 quarto
1178 802 1274 837 gloria
1303 803 1458 831 mundana
1487 805 1528 832 est
1556 803 1665 832 misera
1692 805 1721 831 et

936 848 1146 884 ignominiosa.
1161 849 1258 878 Primo
1268 850 1346 885 dico,
1359 850 1443 886 quod
1453 850 1515 878 haec
1525 850 1621 886 gloria
1632 858 1720 878 mun-

937 895 1016 924 dana
1031 897 1073 923 est
1087 896 1163 931 vilis,
1177 897 1238 925 sive
1253 896 1371 932 foetida3
1388 897 1460 934 quia
1475 905 1536 925 non
1552 900 1594 926 est
1606 897 1638 925 in
1648 899 1719 933 Deo,

936 950 991 970 nec
1007 951 1076 970 cum
1090 943 1160 971 Deo.
1178 943 1258 971 Unde
1275 944 1422 980 (Machab.)
1443 944 1548 972 dicitur
1563 945 1580 961 ¹⁰
1595 953 1602 972 ;
1622 953 1636 970 «
1652 944 1720 972 Glo-

935 990 980 1017 ria
995 989 1050 1017 viri
1069 991 1233 1026 peccatoris
1257 992 1366 1018 stercus
1388 993 1416 1019 et
1429 991 1539 1019 vermis
1559 993 1609 1019 est.
1627 991 1720 1019 Hodie

936 1037 1095 1073 extollitur,
1112 1040 1139 1065 et
1153 1046 1217 1066 cras
1231 1046 1293 1066 non
1307 1039 1474 1067 invenietur
1488 1048 1494 1066 :
1511 1039 1582 1075 quia
1594 1046 1719 1067 conver-

936 1094 985 1113 sus
1002 1087 1044 1114 est
1059 1085 1089 1113 in
1100 1088 1209 1114 terram
1221 1094 1315 1121 suam,
1332 1088 1360 1114 et
1372 1086 1511 1122 cogitatio
1526 1086 1589 1122 ejus
1596 1086 1691 1122 periit.
1704 1097 1718 1112 »

936 1133 1012 1167 Quid
1032 1136 1159 1161 stercore
1174 1134 1324 1169 foedidius,
1348 1134 1465 1170 etquid
1486 1141 1587 1161 verme
1608 1133 1721 1161 vilius?

936 1180 1088 1214 Secundo,
1113 1180 1174 1209 haec
1198 1181 1352 1208 mundana
1376 1181 1471 1216 gloria
1498 1182 1540 1208 est
1561 1180 1672 1216 fragilis
1692 1182 1721 1208 et

936 1235 1025 1261 vana,
1041 1227 1144 1255 similis
1154 1227 1248 1262 sumo,
1264 1228 1316 1264 qui
1329 1228 1359 1255 in
1371 1227 1519 1264 principio
1534 1227 1652 1255 videtur
1667 1227 1720 1255 ali-

937 1274 1021 1310 quid,
1035 1274 1099 1309 sed,
1116 1276 1226 1310 quanto
1238 1275 1306 1311 plus
1325 1274 1467 1309 ascendit,
1484 1276 1566 1302 tanto
1582 1274 1649 1310 plus
1666 1274 1719 1302 de-

936 1321 1006 1356 ficit,
1030 1321 1126 1349 donec
1145 1321 1262 1357 penitus
1283 1323 1448 1349 evanescat.
1477 1321 1554 1355 Quid
1568 1329 1636 1349 rore
1650 1321 1720 1357 pul-

937 1368 1035 1397 chrius
1054 1369 1224 1404 etpruina‘?
1247 1368 1321 1404 quid
1343 1368 1459 1396 albius?
1480 1368 1534 1396 sed
1556 1368 1629 1395 dum
1653 1367 1721 1403 pul-

937 1415 999 1442 chri
1021 1417 1107 1450 sunt,
1128 1415 1195 1443 tacti
1219 1415 1292 1443 solis
1317 1415 1403 1443 radio
1426 1416 1617 1442 evanescunt.
1639 1415 1721 1443 Unde

937 1463 1025 1490 etiam
1040 1463 1195 1490 mundana
1213 1462 1308 1498 gloria
1324 1462 1391 1489 flori
1407 1464 1449 1490 est
1464 1463 1649 1499 comparata,
1669 1462 1722 1498 qui

938 1518 1006 1538 cum
1020 1510 1107 1538 valde
1123 1511 1246 1547 pulcher
1266 1512 1294 1538 et
1309 1510 1476 1539 odoriferus
1491 1511 1538 1544 sit,
1563 1510 1602 1538 ad
1623 1510 1722 1538 modi-

938 1566 1006 1586 cum
1026 1561 1147 1587 ventum
1160 1559 1193 1586 fit
1206 1559 1361 1595 pestilens,
1379 1561 1407 1586 et
1424 1559 1581 1594 evanescit,
1602 1560 1630 1586 et
1645 1558 1723 1587 odo-

937 1613 1001 1633 rem
1016 1607 1043 1634 et
1056 1606 1307 1642 pulchritudinem
1322 1606 1429 1642 perdit.
1453 1608 1485 1634 Et
1506 1606 1543 1634 de
1555 1606 1613 1634 hoc
1627 1605 1723 1634 habe-

938 1654 985 1680 tur
993 1652 1011 1668 ¹¹
1027 1662 1033 1680 ;
1048 1653 1173 1681 «Omnis
1185 1661 1254 1681 caro
1264 1653 1389 1688 foenum,
1405 1655 1433 1680 et
1445 1652 1542 1680 omnis
1553 1652 1649 1688 gloria
1661 1653 1725 1686 ejus

938 1701 1092 1736 tamquam
1107 1700 1163 1727 flos
1185 1699 1258 1735 agri.
1278 1711 1290 1724 υ
1307 1700 1362 1728 Job
1377 1698 1415 1727 ¹²:
1431 1701 1551 1727 «Homo
1573 1700 1659 1727 natus
1688 1698 1725 1727 de

938 1746 1072 1781 muliere,
1088 1747 1173 1774 brevi
1192 1747 1297 1775 vivens
1318 1748 1466 1782 tempore,
1481 1756 1494 1774 »
1521 1747 1589 1780 etc.‚
1609 1753 1724 1782 usque:

941 1795 1128 1829 «permanet.
1143 1804 1155 1818 ›=
1168 1796 1288 1829 Expone
1301 1794 1349 1821 hic
1356 1801 1410 1829 per
1421 1793 1539 1828 singula
1548 1793 1650 1827 verba,
1659 1792 1728 1820 licet

939 1841 1027 1868 etiam
1045 1841 1103 1868 sint
1123 1841 1154 1868 in
1169 1840 1235 1868 aliis
1255 1840 1444 1868 sermonibus
1460 1840 1617 1874 diligenter
1635 1847 1727 1875 expo-

938 1887 1002 1915 sita.
1018 1887 1123 1922 Tertio,
1140 1887 1236 1922 gloria
1246 1887 1400 1915 mundana
1416 1889 1458 1914 est
1468 1886 1581 1914 caduca
1597 1888 1624 1914 et
1638 1886 1725 1921 falsa,

938 1934 1025 1970 quia,
1048 1934 1133 1969 quod
1155 1934 1299 1970 promittit
1319 1934 1450 1968 homini,
1473 1941 1535 1961 non
1555 1932 1675 1967 tribuit,
1699 1934 1726 1961 et

938 1982 1007 2008 tunc
1022 1980 1153 2008 maxime
1169 1981 1278 2015 deficit,
1298 1980 1421 2016 quando
1435 1988 1551 2008 summe
1566 1988 1654 2015 egens
1668 1980 1724 2008 ho-

939 2036 989 2056 mo
1010 2028 1116 2061 existit,
1131 2027 1254 2063 quando
1270 2028 1362 2055 homo
1383 2027 1531 2062 indigeret
1545 2026 1675 2060 auxilio,
1690 2026 1726 2053 si-

940 2076 989 2102 cut
1004 2075 1034 2102 in
1049 2077 1162 2109 morte,
1176 2075 1228 2102 sed
1245 2076 1314 2102 tunc
1326 2075 1458 2102 maxime
1469 2073 1581 2102 invenit
1593 2082 1623 2101 se
1640 2081 1726 2100 mun-

940 2123 1020 2150 dana
1027 2122 1122 2157 gloria
1132 2121 1317 2149 derelictum.
1329 2121 1481 2149 Psalmista
1492 2120 1512 2138 ¹³
1525 2131 1531 2149 :
1545 2132 1557 2147 «
1568 2123 1607 2149 Ne
1621 2121 1726 2148 timue-

938 2170 988 2204 riS,
1004 2178 1072 2197 cum
1089 2169 1171 2196 dives
1182 2168 1277 2196 tactus
1292 2168 1379 2196 fuerit
1392 2168 1495 2203 homo,
1509 2169 1537 2196 et
1548 2176 1617 2195 cum
1626 2167 1725 2196 multi-

938 2216 1047 2252 plicata
1061 2215 1148 2243 fuerit
1162 2215 1257 2250 gloria
1274 2215 1382 2243 domus
1397 2215 1459 2250 ejus
1472 2224 1478 2242 :
1495 2214 1590 2248 Quoni
1603 2223 1641 2241 im
1656 2222 1724 2242 cum

939 2262 1091 2297 interierit,
1114 2270 1176 2290 non
1200 2264 1296 2289 sumet
1312 2262 1426 2297 omnia,
1450 2270 1547 2298 neque
1568 2261 1725 2289 descendet

940 2318 1008 2338 cum
1024 2318 1059 2337 eo
1081 2309 1177 2344 gloria
1196 2310 1295 2344 ejus.»
1314 2309 1403 2337 Malus
1424 2309 1536 2336 amicus
1552 2309 1604 2342 est,
1627 2307 1724 2343 quiin

939 2357 1000 2385 vita
1013 2356 1119 2391 existit,
1136 2358 1163 2383 et
1178 2356 1208 2383 in
1223 2358 1317 2384 morte
1334 2355 1443 2383 deficit.
1460 2357 1580 2389 Quarto,
1595 2354 1724 2382 munda-

940 2411 979 2431 na
996 2403 1093 2438 gloria
1110 2404 1152 2430 cst
1171 2402 1290 2437 misera,
1312 2404 1341 2430 et
1358 2402 1576 2438 ignominiosa3
1593 2409 1664 2428 nam
1680 2400 1724 2428 di-

940 2450 1014 2477 citur
1030 2448 1048 2469 ¹³⁴
1065 2458 1071 2476 :
1090 2449 1243 2477 «Gloriam
1263 2456 1367 2476 eorum
1381 2449 1412 2475 in
1428 2448 1624 2484 ignominiam
1641 2455 1723 2475 com-

940 2496 1073 2524 mutabo.
1086 2506 1098 2523 »
1112 2497 1144 2523 Et
1152 2495 1308 2532 Apostolus
1318 2495 1354 2522 ad
1368 2495 1554 2530 Philippenses
1564 2494 1584 2510 ¹⁵
1600 2504 1606 2521 :
1622 2493 1722 2522 «Multi

940 2543 1106 2578 ambulant,
1123 2551 1198 2578 quos
1213 2550 1289 2578 saepe
1306 2542 1443 2569 dicebam
1459 2541 1556 2576 vobis,
1572 2548 1651 2569 nunc
1667 2548 1721 2569 au-

944 2621 962 2635 ¹⁰
977 2621 994 2643 11
1012 2620 1153 2648 Mach.‚11,
1168 2620 1253 2643 62-63.
1271 2632 1298 2635 —
1316 2620 1333 2635 ¹¹
1348 2619 1406 2648 Isca,
1420 2623 1463 2648 xL‚
1479 2619 1503 2641 6.
1519 2630 1548 2636 -
1565 2617 1650 2647 ¹²Job,
1666 2622 1721 2647 xxv,

942 2657 995 2680 1-2.
1014 2669 1044 2673 -—
1065 2656 1081 2669 ¹³
1104 2655 1172 2680 Psal.
1193 2660 1291 2685 xnvui,
1314 2655 1392 2678 17-18.
1413 2667 1443 2671 —
1464 2654 1482 2669 ¹⁴
1503 2653 1568 2683 Ose„
1589 2659 1623 2683 iv,
1646 2654 1669 2678 7.
1690 2665 1721 2671 -

941 2692 960 2708 ¹⁵
977 2691 1083 2722 Philip„
1100 2696 1138 2721 111,
1157 2692 1235 2715 18—19.

976 2737 1010 2768 (a)
1027 2737 1083 2768 Leq.
1097 2743 1192 2760 sumus.

1764 1429 1842 1448 Exem-

1737 1459 1782 1486 pla.
