2029 3052
236 199 296 229 462

235 264 333 296 mus?
353 263 521 302 Quomodo
540 263 612 296 haec
634 264 744 297 autem
766 265 830 306 ipsi
849 264 1012 306 legimus,

235 319 293 349 aut
307 317 434 359 populis
446 318 649 359 exponimus,
672 319 727 359 qui
744 328 810 351 non
824 319 928 351 solum
947 328 1015 351 non

236 372 461 404 renuntiamus
482 372 533 404 his
554 381 627 413 quae
651 373 861 413 possidemus,
884 374 940 405 sed
961 383 1014 405 ac-

236 425 364 466 quirere
385 426 536 458 volumus
560 435 597 458 ea
618 435 691 466 quae
706 436 874 468 nunquam
897 427 1014 459 habui-

236 488 328 518 mus,
357 482 531 520 antequam
556 480 743 512 veniremus
764 481 803 512 ad
830 481 1015 513 Christum?

236 532 490 574 Numquidnam,
507 534 583 574 quia
605 543 664 566 nos
673 535 841 575 redarguit
858 536 1016 567 conscien-

236 587 291 626 tia,
306 587 427 626 legere,
448 597 514 619 non
533 588 675 629 proferre
695 597 769 629 quae
791 589 908 630 scripta
928 591 1013 628 sunt,

237 641 429 681 possumus?
439 641 519 673 Nolo
531 642 681 682 duplicati
692 642 836 674 criminis
844 651 913 674 esse
921 651 1012 674 reus:

236 694 401 734 confiteor,
425 697 456 726 et
474 695 581 736 palam
601 695 751 727 audiente
772 695 892 737 populo
915 696 1016 727 confi·

236 749 306 779 teor
319 748 390 780 haec
403 749 521 790 scripta
535 758 613 788 esse,
630 750 728 781 etiam
745 750 771 781 si
792 749 937 781 nondum
952 749 1014 781 im-

237 801 339 842 plesse
354 812 406 834 me
420 803 508 834 novi.
525 802 587 834 Sed
606 812 646 834 ex
661 803 722 834 hoc
740 802 852 834 saltem
869 803 910 844 (a)
927 812 1016 835 com-

237 857 352 888 moniti
365 857 552 888 festinemus
561 856 706 897 implere,
715 856 903 888 festinemus
915 859 1016 888 trans-

237 911 284 942 ire
298 920 318 942 a
331 911 548 942 sacerdotibus
555 909 744 948 Pharaonis,
757 910 878 951 quibus
890 913 1016 943 terrena

237 964 393 1004 possessio
407 966 465 1003 est,
487 964 527 996 ad
542 964 718 996 sacerdotes
739 964 878 1003 Domini,
898 965 1017 1006 quibus

237 1017 272 1049 in
285 1019 370 1049 terra
384 1026 458 1058 pars
468 1027 534 1049 non
548 1020 606 1057 est,
618 1019 735 1058 quibus
744 1019 848 1059 portio
860 1018 1016 1050 Dominus

238 1073 296 1102 est.
312 1071 396 1102 Talis
410 1072 498 1103 enim
512 1074 580 1103 erat
594 1071 647 1103 ille
666 1072 723 1112 qui
740 1072 862 1103 dicebat
877 1073 886 1089 ¹
904 1083 911 1103 ε
931 1072 1015 1105 Τανι-

238 1133 336 1166 quam
351 1128 489 1166 egentes,
511 1126 626 1158 multos
646 1127 750 1157 autem
771 1125 997 1165 locupletantes
1004 1134 1018 1166 ;

239 1183 275 1212 ut
284 1181 369 1213 nihil
377 1181 536 1219 habentes,
548 1184 577 1213 ct
592 1182 703 1213 omnia
715 1181 925 1221 possidentes.
938 1181 1018 1212 Pau-

240 1235 290 1266 lus
315 1235 368 1266 hic
387 1237 444 1274 est,
466 1235 521 1275 qui
542 1235 575 1266 in
598 1235 717 1266 talibus
739 1235 908 1274 gloriatur.
931 1247 946 1264 »
964 1236 1018 1267 llis

239 1289 321 1319 sacri
335 1289 472 1320 doctoris
488 1289 654 1320 veracibus
665 1291 695 1320 et
708 1289 885 1320 humilibus
897 1289 1016 1327 verbis,

239 1342 319 1373 nihil
343 1342 526 1383 expressius
546 1343 584 1373 ad
606 1343 802 1383 propositum
823 1343 883 1374 dici
904 1345 1016 1384 potest.

240 1396 278 1427 Et
298 1396 331 1427 B.
351 1396 437 1437 Papa
457 1396 651 1436 Gregorius,
675 1398 769 1428 tertio
791 1398 1016 1438 Dialoqorum,

238 1450 301 1481 viri
315 1450 472 1481 mirabilis
490 1451 575 1481 isaac
589 1451 688 1481 vitam
704 1451 903 1490 describenS,
920 1452 963 1482 ait
979 1452 989 1468 ²
1007 1461 1015 1482 :

243 1505 391 1536 «Servus
414 1504 642 1544 omnipotentis
659 1504 784 1535 Domini
798 1514 945 1544 egressus
960 1514 1014 1536 ur-

238 1558 324 1596 bem,
350 1567 416 1589 non
444 1558 540 1597 longe
562 1558 722 1588 desertum
753 1558 856 1589 locum
882 1559 1014 1599 reperit,

239 1612 346 1652 ibique
362 1612 422 1642 sibi
438 1612 559 1643 humile
582 1612 797 1643 habitaculum
819 1613 1015 1652 construxit,

238 1666 276 1696 ad
292 1666 378 1705 quod
398 1666 477 1696 dum
496 1665 588 1696 multi
610 1669 793 1705 pergerent,
814 1667 961 1706 exemplo
980 1667 1014 1697 il-

238 1719 301 1750 lius
324 1722 453 1750 aeternae
478 1721 552 1750 vitae
575 1719 730 1749 desiderio
760 1720 888 1751 accendi
914 1730 1016 1760 coepe-

238 1775 325 1811 runt,
342 1775 440 1814 atque
454 1774 514 1804 sub
534 1775 604 1811 ejus
619 1773 805 1812 magisterio
819 1774 853 1805 in
866 1775 1018 1815 omnipo-

238 1827 333 1858 tentis
344 1826 469 1858 Domini
480 1836 513 1857 se
523 1827 689 1857 servitium
697 1827 862 1858 dederunt.
874 1828 1017 1869 Cumque

238 1881 266 1912 ei
287 1881 398 1912 crebro
422 1881 569 1921 discipuli
597 1881 783 1919 innuerent,
812 1884 848 1912 ut
875 1891 932 1922 pro
954 1892 1015 1913 usu

238 1936 423 1967 monasterii
443 1936 672 1975 possessiones,
688 1944 761 1976 quae
785 1936 1014 1973 ollerebautur,

238 1990 404 2030 acciperet,
421 1990 472 2020 ille
489 1990 642 2020 sollicitus
659 1999 727 2021 suat
749 1991 944 2030 paupertatis
963 2000 1016 2022 cu-

239 2046 314 2082 stos,
332 2045 445 2074 fortem
455 2044 645 2074 sententiam
658 2044 794 2082 tenebat,
812 2044 932 2074 diceus:
951 2044 1017 2075 Mo-

239 2098 360 2128 nachus
385 2098 440 2137 qui
466 2097 499 2128 in
522 2099 607 2128 terra
631 2098 861 2137 possessionem
881 2098 1014 2138 quaerit,

240 2152 417 2184 monachus
428 2161 491 2183 non
503 2154 559 2182 cst.
577 2152 690 2192 Sicque
709 2152 871 2183 metuebat
883 2161 1017 2192 pauper-

239 2207 312 2237 tatis
335 2215 404 2237 suae
424 2206 627 2237 securitatem
653 2206 795 2246 perdere,
821 2206 902 2236 sicut
925 2206 1015 2237 avari

241 2260 343 2291 solent
357 2260 470 2290 divites
488 2260 645 2299 perituras
666 2259 793 2290 divitias
807 2260 978 2291 custodire.
996 2271 1010 2288 n

240 2314 315 2345 llaec
341 2313 517 2352 Gregorius
535 2324 540 2344 :
558 2313 612 2353 qui
634 2322 709 2344 cum
731 2313 909 2344 monachus
931 2314 967 2353 (b)
985 2316 1015 2345 et

240 2368 318 2408 ipse,
334 2368 366 2398 in
383 2367 577 2398 monasterio
593 2367 676 2406 quod
698 2367 950 2407 possessionibus
964 2367 1016 2398 (lo-

239 2423 374 2459 taverat,
397 2421 497 2453 vitam
521 2420 673 2458 duxisset,
700 2429 887 2451 communes
909 2423 1015 2451 tamen

239 2475 452 2515 possessiones
472 2475 674 2505 recusantem
699 2474 836 2504 miratur
850 2477 881 2504 et
896 2474 1013 2505 laudat.

239 2530 286 2560 Ac
301 2538 356 2569 per
370 2529 431 2559 hoc
448 2528 555 2568 impiae
577 2528 839 2568 praesumptionis
855 2537 922 2559 esse
937 2538 1016 2560 con-

270 2629 276 2644 ¹
296 2629 314 2652 ll
332 2628 400 2658 Com,
414 2633 450 2657 VI,
464 2629 502 2652 10.
514 2641 544 2647 —-
557 2628 566 2643 '2
581 2628 667 2657 Grcg.,
681 2625 793 2656 Drama„
807 2626 850 2649 lib.
871 2627 912 2654 lli,
926 2633 949 2650 c.
964 2633 1015 2652 xiv.

238 2677 267 2682 ·--
287 2664 295 2678 ³
316 2664 391 2694 Aug„
412 2664 476 2687 cont.
496 2663 636 2691 Adz'mw1t.‚
658 2670 679 2686 c.
701 2668 732 2686 xx
746 2681 751 2691 ,
768 2669 794 2685 n.
817 2665 837 2686 l.
860 2675 885 2679 -
902 2663 912 2679 δ
927 2663 1017 2693 Marc.¹

239 2706 273 2730 vt,
289 2702 312 2724 8.

820 196 1033 231 APOLOGIAE
1055 198 1273 232 PAUPERUM

1067 266 1220 307 vincitur,
1244 267 1397 300 virtutem
1421 275 1487 300 non
1510 267 1655 302 habitam
1679 278 1848 313 spernere,

1068 322 1105 352 ut
1133 321 1208 362 quia
1235 321 1378 353 docentis
1399 322 1467 353 vita
1489 323 1644 356 extremae
1667 327 1850 367 paupertati

1070 384 1134 407 non
1159 386 1216 417 per
1247 378 1358 409 omnia
1385 380 1548 417 consonat,
1577 379 1678 420 ipsius
1707 381 1852 414 doctrina

1068 438 1249 470 pauperum
1265 431 1450 471 perfectioni
1463 433 1678 472 repugnando
1691 435 1851 467 contradi-

1068 485 1129 514 cat.
1146 482 1358 524 Nequaquam
1368 484 1472 523 igitur
1483 494 1503 516 a
1518 486 1680 526 praedictis
1693 487 1851 520 discordat

1068 536 1147 568 illud
1172 537 1348 578 Augustini
1369 539 1517 578 verbum,
1544 548 1609 580 quo
1633 543 1744 573 contra
1772 542 1850 574 Adi-

1069 591 1218 622 mantum
1236 591 1461 631 Manichaeum,
1477 593 1649 634 praeratum
1662 594 1702 626 de
1713 604 1852 636 pauper-

1069 644 1143 675 tatis
1151 644 1256 677 forma
1267 646 1459 678 mandatum
1474 646 1633 688 Apostolis
1642 672 1652 687 ,
1667 648 1744 680 dicit
1758 651 1769 669 ³
1783 649 1851 691 spi-

1069 698 1232 730 ritualiter
1259 708 1328 732 esse
1357 700 1583 739 scrutandum,
1612 701 1685 741 vel,
1709 704 1748 734 ut
1774 701 1851 734 alibi

1069 751 1159 792 dicit,
1175 753 1363 793 permissive
1387 754 1648 795 intelligendum.
1673 755 1754 787 Nam
1776 765 1852 788 cum

1070 805 1195 839 Marcus
1218 807 1302 839 dicat
1316 808 1496 849 ‘expresse,
1522 809 1609 850 quod
1637 810 1786 851 praecepit
1805 811 1852 842 eis

1069 867 1108 892 ne
1123 861 1206 901 quid
1230 862 1371 895 tollerent
1388 863 1426 895 in
1450 864 1518 902 via,
1545 865 1577 894 et
1595 863 1662 904 ipse
1684 873 1758 895 cum
1781 864 1852 896 aliis

1069 915 1315 955 expositoribus,
1329 917 1412 948 sicut
1427 925 1468 948 ex
1492 917 1668 957 praemissis
1682 917 1791 956 claret,
1805 917 1853 949 in-

1070 968 1284 1008 telligendum
1297 969 1337 1001 ad
1351 970 1491 1001 litteram
1505 970 1626 1009 doceat,
1651 970 1678 1001 si
1699 970 1761 1002 hoc
1774 970 1852 1002 sim-

1070 1021 1194 1062 pliciter
1221 1022 1298 1054 alibi
1321 1025 1473 1063 negaret,
1499 1025 1531 1054 et
1552 1023 1749 1064 evangelica:
1767 1024 1851 1056 veri-

1071 1077 1138 1114 tati,
1155 1079 1187 1108 et
1203 1079 1389 1108 sanctorum
1411 1077 1575 1116 doctrinae,
1599 1077 1697 1109 simul
1713 1087 1750 1109 ac
1771 1087 1851 1118 suae,

1071 1133 1179 1171 aperte
1196 1131 1446 1170 contradiceret,
1475 1131 1542 1162 sive
1563 1131 1745 1164 contrairet.
1763 1132 1853 1170 Quod

1071 1184 1110 1216 de
1125 1186 1212 1216 tanto
1227 1185 1286 1216 dici
1303 1184 1445 1223 Doctore,
1460 1185 1521 1225 piae
1541 1185 1777 1217 Catholicorum
1793 1195 1852 1218 au-

1071 1247 1122 1269 res
1137 1238 1321 1269 abhorrent.
1342 1238 1579 1270 Attendendum
1597 1242 1644 1270 est
1659 1248 1749 1280 ergo,
1767 1240 1853 1281 quod

1071 1301 1146 1323 cum
1162 1292 1304 1332 Apostoli
1320 1293 1436 1324 t‘nerint
1461 1293 1555 1333 primi
1575 1293 1758 1325 fundatores
1777 1294 1852 1326 reli-

1075 1346 1184 1385 gionis
1199 1346 1391 1386 christiana’,
1408 1349 1438 1378 et
1450 1348 1641 1387 professores
1654 1348 1855 1388 perfectionis

1072 1400 1219 1436 excelsae,
1245 1400 1451 1440 professores,
1473 1401 1621 1442 inquam,
1644 1404 1676 1432 et
1691 1402 1772 1433 sicut
1787 1402 1852 1442 pri-

1072 1457 1155 1485 valae
1173 1463 1327 1494 personae,
1342 1457 1372 1485 et
1388 1455 1469 1486 sicut
1478 1455 1676 1496 exemplaria
1690 1456 1851 1497 quaedam;

1072 1507 1225 1548 praedicta
1238 1508 1361 1539 Domini
1375 1509 1474 1540 verba
1489 1509 1669 1550 intelligere
1684 1519 1854 1550 possumus

1071 1562 1118 1593 eis
1134 1571 1202 1593 csse
1225 1562 1310 1593 dicta
1332 1565 1485 1603 tanquam
1507 1564 1730 1595 fundatoribus
1751 1564 1854 1596 chris-

1072 1615 1167 1647 tianae
1184 1616 1360 1656 religionis,
1378 1620 1408 1647 et
1422 1618 1469 1648 sic
1483 1617 1712 1657 intelliguntur
1725 1618 1853 1650 extendi

1072 1669 1111 1699 ad
1127 1679 1254 1707 omnes3
1273 1670 1326 1701 scd
1343 1679 1408 1701 non
1423 1680 1536 1702 omnes
1551 1671 1719 1702 Christiani
1734 1674 1854 1703 arctan-

1073 1724 1126 1753 tur
1155 1726 1191 1754 ut
1215 1723 1297 1754 hanc
1321 1725 1395 1755 vitae
1423 1725 1573 1764 regulam
1602 1727 1741 1764 teneant,
1772 1725 1854 1757 sicut

1073 1776 1239 1808 Manicbaei
1268 1777 1344 1808 falso
1380 1778 1609 1817 dogmatizant.
1642 1778 1714 1809 ldeo
1743 1781 1853 1810 contra

1073 1829 1157 1869 ipsos
1181 1830 1314 1871 loquens
1336 1831 1562 1863 haeretieorum
1588 1831 1722 1863 malleus
1735 1832 1851 1872 Augu-

1071 1883 1174 1914 stinus
1196 1885 1344 1923 ostendit,
1362 1885 1448 1925 quod
1472 1885 1541 1916 haec
1555 1886 1654 1916 verba
1675 1886 1852 1926 spirituali-

1072 1940 1120 1968 ter
1134 1938 1342 1977 intelligenda
1357 1941 1443 1976 suut,
1461 1938 1486 1969 si
1508 1940 1552 1969 sic
1566 1939 1764 1980 accipiantur
1783 1942 1852 1971 tan-

1071 2000 1170 2031 quam
1201 1993 1352 2023 omnibus
1384 1992 1448 2022 sint
1476 1995 1646 2033 praecepta.
1678 1993 1852 2024 Possumus

1071 2045 1167 2076 etiam
1183 2046 1362 2085 intelligere
1377 2046 1528 2085 praedicta
1545 2047 1641 2077 verba
1655 2046 1736 2077 dicta
1756 2046 1853 2078 fuisse

1072 2099 1239 2139 Apostolis,
1255 2102 1409 2139 tanquam
1425 2100 1663 2139 exemplaribus
1684 2100 1852 2140 perfectio-

1072 2153 1140 2191 nis;
1157 2157 1187 2184 et
1202 2154 1246 2184 sic
1260 2154 1488 2193 intelliguntur
1499 2164 1554 2195 per
1570 2156 1700 2186 modum
1716 2154 1852 2194 consilii,

1072 2207 1156 2246 quod
1171 2207 1210 2238 de
1229 2217 1263 2239 se
1279 2217 1343 2238 non
1358 2208 1498 2248 obligat,
1516 2209 1576 2239 nisi
1600 2218 1671 2247 eos,
1694 2209 1749 2249 qui
1771 2208 1853 2240 hanc

1072 2261 1203 2292 vivendi
1225 2262 1362 2293 formam
1390 2263 1569 2294 voluntarie
1590 2264 1798 2304 profitentur,
1823 2264 1855 2294 et

1072 2317 1200 2346 vovent.
1223 2315 1406 2355 Intelligere
1425 2326 1596 2356 possumus
1618 2317 1750 2357 insuper
1771 2317 1854 2348 dicta

1072 2369 1168 2400 fuisse
1191 2369 1349 2409 Apostolis
1375 2370 1457 2401 sicut
1481 2371 1574 2401 certis
1598 2371 1764 2411 personis,
1786 2370 1851 2410 pri-

1073 2423 1199 2464 misque
1227 2424 1493 2463 praedicatoribus
1522 2424 1719 2464 evangelicae
1748 2424 1851 2464 legis:

1071 2477 1162 2508 etsie
1184 2487 1258 2508 cum
1280 2478 1343 2509 duo
1364 2478 1568 2510 insinuentur
1586 2479 1618 2509 in
1640 2478 1746 2510 verbis
1769 2477 1850 2516 illis,

1072 2531 1189 2562 scilicet
1213 2531 1369 2562 abdicatio
1392 2532 1634 2572 temporalium,
1662 2534 1693 2562 et
1716 2531 1852 2571 receptio

1072 2585 1324 2625 dispendiorum,
1360 2586 1502 2626 primum
1535 2585 1726 2625 intelligitur
1756 2585 1852 2616 ruisse

1072 2641 1289 2679 praeceptum,
1313 2639 1395 2670 sicut
1420 2640 1495 2671 dicit
1521 2641 1638 2678 textus,
1670 2641 1702 2670 et
1730 2638 1850 2671 Glossa.

1105 2701 1138 2731 (a)
1156 2701 1216 2726 Coet.
1232 2702 1295 2726 edit.
1311 2702 1405 2727 statim.
1419 2716 1445 2720 -
1462 2702 1497 2734 (b)
1515 2703 1574 2727 uem
1590 2702 1734 2727 Monacbis.
