2029 3052
170 231 230 261 412

171 296 314 328 molitur.
328 295 378 327 Ex
387 295 504 336 quibus
517 296 660 336 patenter
671 295 846 336 colligitur,
861 294 948 336 quod

170 349 357 391 hujusmodi
371 349 550 390 perniciosa
565 349 721 388 doctrina,
741 358 806 381 non
819 350 948 380 tantum

171 404 244 436 Sedi
258 403 459 444 Apostolicae,
476 403 530 434 sed
545 402 641 434 etiam
657 402 730 435 Sedi
745 403 799 434 Dei
812 405 844 434 et
859 403 946 443 Agni

169 459 357 491 adversatur
378 459 497 498 aperte.
521 457 600 488 Cum
625 457 711 489 enim
741 457 773 489 S.
797 457 947 497 Evange-

168 513 251 545 lium
263 513 372 544 beatos
385 511 479 543 dicit¹
502 520 669 552 pauperes,
690 512 801 543 beatos
822 511 878 553 qui
892 511 947 543 lu-

171 567 269 607 gent,
299 567 408 598 beatos
429 565 484 606 qui
498 565 661 603 esuriunt,
678 565 786 597 beatos
801 565 857 606 qui
873 574 947 597 cum

169 621 289 661 gaudio
299 623 331 652 et
340 619 496 651 desiderio
506 619 760 660 persecutionem
770 619 945 660 patiuntur,

169 676 205 706 ut
219 675 264 706 sic
279 682 337 706 nos
352 673 392 705 ad
405 675 527 705 arctam
541 673 670 704 inducat
684 673 782 712 viam,
800 682 872 713 quae
888 673 947 704 du-

169 728 211 760 cit
224 728 264 760 ad
274 728 391 766 vitam;
404 727 457 759 hic
469 736 486 759 e
501 727 660 759 contrario
676 727 870 767 dogmatizat
880 735 949 767 per-

168 783 264 814 fectos
278 784 309 814 et
323 782 444 821 beatos,
461 781 517 822 qui
533 780 788 822 persecutionem
803 780 946 820 fugiunt,

168 836 226 878 qui
239 836 366 878 jejunia
380 836 521 874 solvunt,
532 835 590 876 qui
604 834 781 866 redditibus
795 834 946 874 affluunt,

168 891 224 932 qui
250 890 347 923 etiam
371 890 508 922 summis
536 889 715 921 honoribus
736 889 945 920 extolluntur.

168 944 259 982 Quod
284 954 382 985 quam
405 944 446 976 sit
469 944 611 975 alienum
631 953 650 975 a
674 943 847 975 Salvatoris
871 943 946 974 doc-

167 999 264 1038 trina,
280 1008 377 1030 nemo
390 998 583 1030 christianus
596 998 735 1038 ignorat,
750 1006 824 1029 cum
839 997 947 1038 etipse

167 1053 324 1093 magister
342 1052 489 1084 omnium
511 1051 669 1091 Christus,
692 1060 757 1082 non
777 1051 816 1082 ad
835 1050 948 1082 solatia

167 1107 283 1146 carnis,
297 1107 352 1139 sed
362 1107 400 1138 ad
413 1106 569 1147 supplicia
579 1106 682 1137 crucis
692 1105 863 1146 discipulos
873 1114 949 1136 suos

166 1170 293 1202 semper
308 1161 433 1193 invitet.
450 1161 592 1201 Denique
606 1169 703 1200 quam
721 1159 864 1200 perversi
877 1159 947 1191 sue-

166 1216 207 1247 rit
228 1215 285 1246 zeli
308 1214 521 1246 amaritudine
536 1215 657 1253 motus,
681 1214 737 1254 qui
758 1213 947 1255 praedictum

167 1269 265 1301 edidit
286 1268 417 1307 librum,
437 1270 466 1299 et
488 1268 560 1299 libri
581 1267 719 1299 declarat
737 1267 860 1306 titulus,
878 1277 948 1308 pro-

168 1332 300 1363 gressus
309 1325 340 1354 et
352 1323 521 1354 terminus.
533 1322 613 1354 Nam
624 1332 696 1354 cum
708 1322 862 1354 adversus
872 1332 948 1354 eum

167 1377 294 1416 scribat,
308 1377 364 1418 qui
379 1381 487 1408 contra
501 1376 645 1407 libellum
660 1377 847 1407 damnatum
865 1386 945 1417 opu-

169 1431 295 1463 sculum
313 1431 474 1472 quoddam
494 1431 688 1471 composuit,
705 1432 797 1471 cujus
817 1431 946 1461 initium

168 1487 215 1517 est
227 1496 234 1517 :
246 1486 364 1518 Manus
376 1493 447 1525 quoe
455 1486 567 1517 contra
582 1485 678 1516 Onmi
677 1487 839 1525 potentem
854 1486 947 1526 criqi-

165 1543 228 1577 tur,
249 1540 283 1570 in
299 1548 363 1580 quo
386 1539 563 1570 secundum
585 1539 713 1570 totalem
736 1539 946 1570 intentionem

165 1594 345 1632 scribentis,
362 1595 393 1624 et
415 1593 643 1625 continentiam
666 1593 750 1631 libri,
777 1596 949 1634 pauperta-

166 1649 207 1679 tis
221 1647 350 1679 eximiae
367 1647 515 1688 perfectio
537 1648 730 1686 defenditur,
752 1648 906 1679 astruitur
919 1650 949 1679 et

164 1702 331 1740 laudatum
348 1702 401 1733 hic
416 1711 433 1733 e
446 1702 606 1733 contrario
623 1701 753 1733 titulum
768 1702 874 1733 libello
889 1711 948 1733 suo

166 1755 345 1796 praemittit,
363 1755 449 1796 quod
465 1756 545 1787 liber
569 1756 620 1786 hic
635 1758 682 1786 est
705 1758 815 1787 contra
839 1756 949 1787 adver-

166 1810 289 1840 sarium
302 1809 504 1850 perfectionis
527 1810 725 1849 christiana),
752 1812 783 1841 et
805 1810 949 1850 praelato-

165 1872 250 1902 rum,
265 1865 296 1894 et
316 1863 503 1894 facultatum
524 1863 684 1902 Ecclesiae,
702 1863 792 1903 quasi
806 1873 869 1895 non
880 1873 949 1904 pos-

168 1917 211 1947 sit
225 1917 420 1957 paupertatis
438 1917 591 1948 celsitudo
611 1917 745 1956 laudari,
767 1917 828 1948 nisi
851 1918 884 1948 in
900 1918 948 1948 in-

163 1971 285 2012 juriam
302 1970 417 2002 Christi
442 1973 474 2002 et
489 1971 706 2002 ecclesiastieae
722 1971 897 2011 diguitatis.
916 1972 950 2002 In

165 2034 230 2066 quo
248 2034 280 2056 se
305 2026 440 2057 ostendit
458 2026 510 2057 vel
531 2026 681 2065 impium,
706 2026 757 2056 vel
783 2026 948 2065 ignarum,

166 2077 245 2109 dum
261 2077 312 2108 vel
332 2078 467 2109 scienter
488 2078 648 2108 innocenti
667 2078 783 2108 salsum
797 2078 950 2118 impingit

166 2131 301 2170 crimen,
318 2132 369 2163 vel
384 2141 424 2162 ex
440 2131 727 2162 inconsideratione
743 2132 873 2172 propria
886 2141 950 2162 non

166 2185 315 2224 advertit,
328 2186 412 2225 quod
429 2186 546 2217 diversi
562 2188 663 2217 status
674 2186 707 2216 in
718 2186 855 2217 Ecclesia
867 2186 951 2217 Chri-

168 2239 207 2270 sti
231 2239 447 2270 commendari
469 2242 600 2279 possunt
623 2240 771 2271 laudibus
792 2240 951 2280 praecelsis

168 2295 198 2324 et
214 2292 362 2333 propriis,
390 2301 454 2323 non
470 2295 577 2323 tamen
591 2293 740 2332 dissonis,
763 2302 949 2334 quanquam

169 2346 315 2378 diversis.
345 2345 519 2386 Nunquam
548 2347 634 2377 enim
665 2348 720 2387 qui
749 2348 952 2379 connnendat

169 2401 405 2440 virginitatem,
422 2401 623 2432 adversarius
636 2402 813 2433 censendus
825 2404 950 2433 estesse

171 2454 333 2493 conJugii3
357 2456 413 2485 aut
436 2454 491 2494 qui
515 2454 623 2485 laudat
650 2454 871 2494 solitudinem,
894 2456 949 2486 ad-

170 2507 333 2539 versarius
361 2507 513 2538 dicendus
547 2510 594 2539 est
627 2509 826 2540 coenobiticae
862 2510 947 2540 vitae.

170 2560 259 2591 Certe
275 2563 383 2592 sancta
394 2563 495 2592 mater
506 2561 658 2600 Ecclesia,
669 2572 742 2602 quze
754 2564 785 2593 in
800 2563 949 2594 laudibus

170 2614 342 2654 cuiuslibet
366 2615 555 2646 confessoris
577 2615 627 2656 pie
655 2616 800 2647 decantat
816 2618 826 2633 ᾖ
847 2626 854 2647 :
880 2618 952 2650 Non

173 2670 218 2700 est
231 2668 382 2700 inventus
399 2669 516 2701 sinatis
531 2669 594 2708 illl,
610 2671 666 2710 qui
685 2674 886 2703 conservaret
907 2671 950 2703 lc-

207 2731 211 2746 ¹
233 2730 336 2762 Mami„
359 2737 382 2762 v,
406 2734 418 2754 3
444 2733 468 2755 et
490 2740 544 2763 seq.
565 2746 593 2749 —
616 2734 623 2746 ²
648 2734 673 2756 ln
696 2733 784 2758 Officio
807 2734 879 2758 Cous.
905 2736 950 2758 SS.

752 226 962 261 APOLOGIAE
984 225 1206 259 PAUPERUM

1002 302 1074 336 qem
1087 294 1228 333 Eoecelsz'‚
1251 304 1318 327 non
1339 296 1469 336 propter
1489 295 1551 327 hoc
1570 294 1710 335 glorioso
1729 295 1782 328 de-

1002 349 1099 380 trahit
1107 349 1332 390 Apostolorum
1341 349 1451 388 choro,
1458 349 1509 381 vel
1524 349 1683 382 canditate
1693 359 1782 382 exer-

1002 402 1077 434 citui
1095 405 1293 443 martyrum,
1317 412 1392 434 cum
1413 402 1547 444 quilibet
1568 404 1668 434 status
1688 412 1782 435 suam

1001 456 1253 497 praerogativam
1275 456 1408 495 haheat,
1434 456 1473 488 de
1497 466 1564 497 qua
1587 458 1691 497 potest
1713 457 1782 489 sine

1001 509 1139 541 aliorum
1175 510 1296 550 injuria
1334 510 1509 550 specialiter
1550 510 1780 542 commendari.

1002 563 1112 603 Porro,
1135 563 1163 594 si
1187 563 1258 595 laus
1278 563 1420 595 filiorum
1446 572 1512 595 non
1533 563 1700 603 diminuit,
1727 564 1782 596 sed

1002 617 1175 658 amplificat
1200 617 1330 648 laudem
1366 619 1495 657 patrum
1506 640 1516 655 ,
1547 617 1782 649 commendatio

1001 670 1218 711 spiritualium
1239 679 1420 711 pauperum
1437 670 1543 711 potius
1563 671 1723 702 censenda
1737 673 1784 702 est

1002 725 1152 757 exaltatio
1163 727 1194 756 et
1203 725 1403 766 glorificatio,
1415 734 1514 765 quam
1525 724 1686 765 depressio
1698 724 1783 756 Prae—

1001 779 1152 811 latorum.
1165 779 1213 811 Ex
1227 779 1344 820 quibus
1359 780 1467 820 aperte
1483 778 1689 819 relinquitur,
1702 787 1783 819 prae-

1002 834 1105 865 fatum
1126 833 1255 865 titulum
1273 842 1292 864 a
1317 833 1387 864 falsi
1411 832 1556 864 criminis
1579 832 1783 872 impositione

1002 887 1175 929 sumpsisse
1194 887 1374 928 originem,
1399 895 1455 927 per
1477 895 1575 927 quem
1599 895 1781 927 pauperum

1002 942 1102 974 hostis
1117 941 1251 973 molitur
1264 949 1437 982 procurare
1453 939 1620 971 dissidium
1634 939 1717 971 inter
1732 949 1785 980 pa-

1002 997 1068 1028 tres
1082 997 1114 1027 et
1125 995 1219 1033 filioS,
1241 996 1362 1026 tutores
1382 995 1414 1024 et
1434 993 1607 1034 orphanOS,
1632 993 1785 1025 nutritios

1003 1052 1034 1082 et
1049 1049 1197 1081 alumnos
1214 1049 1271 1080 :ut
1280 1047 1324 1078 sic
1339 1049 1549 1088 patronorum
1564 1054 1700 1078 suorum
1710 1047 1785 1078 sub-

1002 1104 1082 1135 sidio
1096 1102 1274 1140 destitutos,
1291 1101 1448 1142 deglutiat
1458 1100 1580 1140 inopes,
1596 1100 1699 1141 rapiat
1709 1110 1786 1142 pau-

1002 1167 1105 1200 peres,
1128 1160 1159 1189 et
1181 1157 1349 1188 interficiat
1369 1157 1566 1187 innocentes.
1591 1155 1785 1196 Huiusmodi

1003 1213 1089 1245 enim
1105 1221 1272 1253 pauperes,
1284 1211 1323 1242 de
1337 1219 1478 1251 quorum
1494 1219 1631 1242 numero
1643 1210 1703 1241 fuit
1718 1210 1783 1249 ille,

1003 1269 1113 1299 contra
1128 1275 1224 1307 quem
1235 1265 1354 1303 scribit,
1372 1264 1485 1305 inipso
1499 1264 1548 1295 sui
1563 1263 1638 1295 libri
1653 1264 1786 1296 exordio

1003 1322 1041 1352 de
1056 1320 1305 1362 praesumptione
1325 1321 1428 1356 notat,
1457 1318 1496 1349 de
1515 1326 1624 1349 amore
1646 1318 1783 1358 privato,

1003 1376 1041 1407 dc
1056 1376 1105 1406 sui
1125 1373 1365 1415 complacentia,
1383 1371 1539 1412 jactantia
1555 1373 1586 1402 et
1600 1372 1784 1412 arrogantia

1004 1430 1156 1468 inaudita,
1170 1428 1326 1466 videlicet,
1343 1426 1428 1467 quod
1438 1435 1471 1457 se
1488 1426 1636 1466 praeferat
1647 1426 1783 1465 Christo,

1004 1484 1081 1515 dum
1104 1483 1137 1513 in
1162 1482 1267 1523 prima
1291 1481 1340 1512 sui
1369 1480 1435 1511 oris
1457 1479 1621 1520 apertione
1642 1480 1686 1511 sic
1709 1480 1753 1511 ait
1775 1491 1783 1512 :

1009 1550 1022 1567 (ι
1038 1537 1176 1568 Tantum
1191 1535 1250 1566 sibi
1265 1534 1530 1576 praesumptionis
1542 1536 1786 1574 assumpserunt

1005 1590 1138 1632 quidam
1154 1589 1301 1620 homines
1320 1588 1440 1628 seipsos
1460 1589 1616 1626 amantes,
1644 1588 1785 1619 sibimet-

1004 1645 1080 1685 ipsis
1094 1644 1263 1684 placentes,
1280 1651 1316 1673 ac
1335 1651 1440 1679 suam,
1464 1650 1529 1672 non
1551 1641 1667 1672 Christi
1687 1642 1786 1682 Justi-

1004 1699 1081 1729 tiam
1097 1697 1316 1738 praedicautes,
1329 1698 1376 1734 ut,
1388 1704 1462 1726 cum
1478 1695 1559 1726 dicat
1572 1695 1742 1735 Apostolus
1754 1695 1763 1712 ³
1777 1706 1784 1726 :

1006 1754 1114 1786 Estote
1129 1752 1305 1784 imitatores
1321 1750 1395 1788 mei,
1412 1751 1496 1782 sicut
1518 1753 1546 1782 ec
1570 1758 1624 1790 eqo
1649 1750 1770 1783 Christi
1776 1762 1784 1789 ;

1004 1808 1064 1848 ipsi
1088 1816 1105 1838 e
1125 1805 1283 1837 contrario
1311 1805 1422 1835 dicunt
1449 1815 1455 1834 :
1483 1803 1588 1834 Estote
1613 1803 1788 1835 imitatores

1006 1860 1118 1899 nostri,
1136 1860 1170 1890 in
1183 1859 1301 1899 quibus
1313 1867 1379 1889 non
1390 1866 1506 1888 sumus
1516 1857 1692 1888 imitatores
1701 1857 1788 1888 Chri-

1006 1916 1057 1947 sti,
1076 1926 1091 1943 »
1106 1914 1181 1945 llaec
1196 1922 1335 1953 namque
1351 1914 1425 1943 sunt
1441 1911 1545 1951 prima
1563 1911 1659 1942 verba
1673 1911 1786 1951 ipsius,

1006 1969 1041 2000 in
1056 1968 1172 2009 quibus
1186 1969 1294 2007 aperte
1308 1965 1500 2003 declaratur,
1521 1964 1606 2005 quod
1627 1965 1708 1995 liber
1723 1965 1788 2005 ipse

1008 2022 1114 2054 totalis
1129 2021 1227 2052 trahit
1248 2020 1410 2060 originem
1426 2019 1466 2049 ab
1484 2028 1533 2057 eo,
1554 2018 1610 2059 qui
1632 2021 1678 2049 est
1694 2028 1787 2050 men-

1009 2076 1091 2107 dacii
1106 2078 1205 2116 pater,
1218 2077 1249 2105 et
1264 2074 1296 2104 in
1309 2073 1444 2104 veritate
1466 2082 1530 2103 non
1546 2073 1641 2111 stetit,
1658 2072 1712 2112 qui
1728 2072 1785 2103 110-

1012 2130 1127 2161 micida
1146 2129 1203 2160 suit
1233 2129 1272 2159 ab
1296 2128 1398 2165 initio,
1422 2129 1453 2157 et
1470 2129 1635 2157 accusator
1662 2128 1708 2157 est
1726 2126 1788 2157 sra-

1013 2186 1110 2215 trum.
1129 2183 1189 2220 Qui
1201 2182 1287 2213 enim
1302 2180 1379 2211 tales
1391 2180 1472 2211 inter
1482 2179 1628 2211 Ecclesiae
1643 2180 1788 2211 membra

1009 2240 1094 2276 sunt,
1112 2238 1195 2268 certe
1211 2236 1235 2266 si
1249 2235 1304 2276 qui
1321 2236 1408 2271 suut,
1424 2234 1556 2265 omnino
1572 2236 1725 2274 tanquam
1741 2233 1788 2265 lu-

1007 2292 1158 2323 ciferiana
1185 2291 1397 2321 tumescentes
1423 2288 1589 2328 superbia,
1612 2298 1652 2319 cx
1674 2289 1734 2319 hac
1756 2291 1787 2320 et

1008 2349 1127 2377 aetcrna
1147 2344 1211 2376 vita
1236 2343 1360 2374 delendi
1383 2344 1470 2373 sunt.
1497 2342 1585 2379 Quod
1605 2342 1631 2372 si
1654 2342 1786 2382 reperiri

1007 2401 1181 2439 nequeunt,
1197 2398 1272 2438 quia
1288 2406 1351 2427 nou
1369 2398 1457 2434 sunt,
1475 2396 1525 2427 vel
1542 2397 1574 2426 iu
1591 2398 1725 2427 ventum
1739 2396 1783 2426 lo-

1007 2453 1129 2493 quitur,
1147 2452 1197 2483 vel
1213 2452 1397 2481 innocentes
1411 2449 1638 2487 calumniatur,
1659 2459 1723 2480 non
1735 2452 1782 2480 at-

1006 2507 1140 2539 tendens
1156 2506 1233 2537 illud
1259 2503 1415 2544 Sapientis
1428 2504 1438 2519 ⁸
1455 2514 1462 2534 :
1482 2504 1546 2541 Οιιι·
1568 2503 1785 2535 calzmmiatm·

1008 2565 1157 2602 eqcnccm,
1175 2559 1346 2600 eoeprobrat
1361 2557 1479 2596 factori
1495 2565 1572 2596 suo,·
1585 2557 1718 2589 honorat
1728 2565 1785 2589 au-

1009 2619 1081 2654 tem,
1097 2623 1168 2647 eum
1191 2615 1248 2655 qui
1265 2613 1434 2644 miseretur
1453 2611 1616 2651 pauperis.
1642 2609 1706 2641 Nec
1729 2611 1785 2642 du-

1010 2697 1114 2726 l’outit',
1138 2703 1167 2719 ex
1194 2695 1285 2723 ficeta,
1309 2699 1380 2723 niv,
1404 2693 1442 2716 20.
1463 2704 1492 2709 —
1514 2691 1522 2705 ³
1542 2692 1549 2715 Ι
1569 2691 1636 2720 Cor„
1654 2697 1689 2723 iv,
1714 2695 1733 2716 ί,
1755 2706 1784 2712 ,-

1011 2734 1021 2750 5
1036 2734 1190 2762 P1·ov.,th,
1208 2734 1246 2756 ¹tii.
