2029 3052
195 244 255 274 428

194 310 234 342 de
257 308 388 341 libidine
409 307 574 348 diximus,
598 308 775 340 referamus
797 307 838 339 ad
861 307 967 340 avari-

193 363 288 402 tiam,
309 363 340 394 et
360 361 399 394 ad
422 361 531 393 omnia
553 361 631 393 vitia
651 370 726 402 quae
741 360 885 394 vitantur
899 360 970 392 soli-

193 417 316 449 tudine.
332 416 371 448 Et
384 416 455 448 ideo
473 415 606 446 urbium
619 414 814 456 frequentias
827 414 968 447 declina-

193 479 282 511 mus,
297 479 339 502 ne
352 470 454 501 facere
468 469 699 510 compellamur
712 493 720 507 ‚
735 478 810 510 quae
829 477 889 500 nos
902 478 968 500 non

191 527 259 557 tam
278 526 396 556 natura
411 522 498 563 cogit
520 523 622 554 facere
632 547 643 563 ,
659 532 757 564 quam
779 523 936 564 voluptas.
949 533 964 552 n

193 579 269 611 Haec
291 578 525 618 Hieronymus,
547 577 664 618 quibus
683 586 773 609 error
787 577 969 608 confutatur

192 632 358 673 vigilantii
381 640 582 672 suorumque
613 631 799 672 sequacium
815 654 825 669 ‚
852 639 966 662 eorum

193 686 353 725 videlicet,
369 685 426 726 qui
443 686 562 716 statum
577 685 793 723 saecularium,
809 686 967 725 quantum

193 741 233 772 ad
248 739 450 781 perfectionis
466 738 616 779 gradum,
632 739 729 770 statui
742 738 907 778 religionis
916 737 968 769 vel

193 794 361 836 praeferre,
383 793 436 826 vel
456 801 585 833 aequare
613 794 781 824 conantur.
806 791 968 823 Adversus

192 857 274 889 quos
288 849 318 879 et
327 847 423 888 paulo
432 848 506 877 ante
517 845 685 887 praemittit
695 846 703 862 ¹
715 856 721 876 :
737 856 751 875 a
760 844 849 883 Quod
859 847 967 876 autem

191 899 303 931 asserit
325 898 538 939 VigilantiuS,
564 906 618 929 eos
645 896 763 929 melius
787 897 889 928 facere
912 896 967 937 qui

191 955 330 985 utuntur
346 953 443 984 rebus
457 952 534 990 suis,
551 953 582 984 et
590 951 744 993 paulatim
758 951 881 982 fructus
894 959 967 991 pos-

191 1008 369 1039 sessionum
403 1015 537 1038 suarum
572 1005 770 1046 pauperibus
800 1004 963 1044 dividunt,

192 1071 291 1103 quam
305 1061 375 1093 illos
395 1061 451 1102 qui
473 1059 726 1101 possessionibus
741 1058 893 1090 omnibus
909 1068 964 1090 ve-

191 1115 353 1148 numdatis
363 1114 459 1145 simul
468 1113 577 1146 omnia
590 1112 786 1153 largiuntur,
797 1121 862 1143 non
873 1121 892 1142 a
901 1121 965 1150 me,

191 1170 245 1201 sed
271 1178 290 1200 a
311 1168 445 1200 Domino
461 1167 522 1198 sibi
548 1166 792 1207 respondebitur
805 1166 816 1182 ²
832 1176 839 1196 ι
858 1165 893 1197 δι’
915 1166 966 1197 vis

188 1224 346 1265 perfectus
361 1229 439 1259 esse,
455 1220 547 1259 vade,
565 1222 593 1252 el
607 1219 707 1252 vende
724 1219 834 1252 omnia
845 1227 915 1259 quae
930 1222 966 1251 tu

189 1278 301 1314 habes,
317 1278 345 1308 et
366 1275 409 1307 da
429 1274 638 1315 pauperibus.
656 1273 704 1304 Ad
719 1282 793 1304 eum
813 1272 964 1313 loquitur,

190 1332 245 1372 qui
266 1330 335 1362 vult
358 1338 427 1361 esse
450 1329 630 1369 perfectus,
646 1327 702 1368 qui
724 1336 798 1358 cum
817 1326 967 1367 apostolis

189 1387 324 1427 patrem,
340 1383 522 1415 naviculam
543 1384 574 1414 et
590 1384 656 1413 rete
675 1381 814 1412 dimittit.
838 1380 898 1412 lste
918 1383 964 1411 ta-

191 1449 277 1478 men,
295 1447 391 1479 quem
410 1439 446 1468 tu
461 1437 584 1475 laudas,
605 1435 763 1467 secundus
775 1436 830 1465 aut
855 1434 967 1465 tertius

190 1492 311 1532 gradus
321 1493 384 1523 est:
402 1500 498 1532 quem
509 1492 540 1522 et
555 1499 613 1521 nos
625 1489 795 1529 recipimus
811 1489 863 1528 (a),
876 1488 967 1519 dum-

190 1546 285 1577 modo
323 1546 461 1576 sciamus
490 1544 596 1584 prima
628 1542 776 1575 secundis
807 1544 837 1573 et
865 1542 966 1573 tertiis

190 1599 397 1641 praeferenda.

230 1654 370 1694 Denique
386 1653 424 1684 de
442 1651 678 1692 comparatione
702 1651 903 1691 perfectionis
926 1650 965 1681 ad

189 1708 414 1749 perfectionem
437 1706 613 1737 secundum
638 1705 889 1745 praeeminentiae
913 1713 964 1734 ra-

189 1763 320 1799 tionem,
337 1762 481 1801 patenter
495 1760 608 1798 elucet,
624 1759 707 1799 quod
723 1758 838 1798 aliquis
851 1758 966 1798 perfee-

190 1815 285 1847 tionis
305 1815 420 1846 modus
436 1816 467 1845 et
483 1816 583 1845 status
593 1813 633 1844 sit
648 1812 840 1843 eminentior
852 1813 962 1842 attero.

190 1870 267 1902 Cum
279 1869 365 1901 enim
379 1869 520 1909 seipsum
534 1870 672 1899 castrare
686 1869 813 1907 propter
824 1876 965 1906 regnum

189 1924 343 1956 coelorum
358 1932 415 1964 per
436 1925 547 1953 votum
563 1921 764 1952 continentiae
783 1921 822 1951 sit
844 1921 966 1960 perfec-

189 1981 270 2017 tum,
286 1979 450 2009 etcertum
468 1978 514 2007 est
529 1976 612 2016 quod
629 1974 805 2015 perfectiori
822 1974 915 2004 modo
932 1974 965 2004 fit

190 2032 265 2063 illud
277 2041 333 2071 per
347 2030 536 2070 virginalem
549 2029 788 2066 continentiam,
801 2037 873 2068 qum
885 2028 967 2058 fruc-

189 2085 235 2116 tui
251 2086 454 2125 comparatur
468 2082 651 2120 centesimo,
669 2091 764 2122 quam
780 2090 836 2121 per
852 2081 963 2112 vidua-

189 2138 263 2176 lem,
284 2148 356 2178 qure
380 2147 434 2178 per
456 2136 696 2176 sexagesimum
721 2136 753 2166 in
779 2135 966 2174 evangelica

189 2192 338 2233 parabola
353 2191 543 2230 designatur
564 2202 571 2221 2
597 2199 661 2221 non
685 2191 731 2220 est
755 2198 833 2228 ergo
856 2191 966 2219 contra

190 2245 390 2286 perfectionis
413 2247 581 2282 naturam,
615 2243 699 2284 quod
733 2243 771 2274 de
804 2243 966 2282 aliquibus

190 2299 325 2337 duobus,
338 2307 409 2338 quae
426 2301 508 2329 recte
523 2298 675 2329 dicuntur
687 2298 822 2337 pertecta
838 2297 869 2326 in
881 2299 965 2327 statu

189 2353 264 2391 vice,
281 2362 382 2383 unum
397 2352 519 2383 dicatur
530 2352 699 2392 perfectius
713 2352 825 2388 altero,
841 2351 917 2390 quia
933 2351 964 2380 in

189 2409 273 2438 statu
289 2406 412 2447 patriw,
435 2406 491 2437 ubi
511 2406 549 2436 ad
573 2406 720 2436 ultimam
742 2405 964 2445 persee*‘10110111

189 2460 357 2490 beatificati
371 2459 572 2500 perveniunt,
589 2469 673 2490 unus
685 2459 774 2489 alteri
791 2459 964 2490 secundum

189 2514 393 2554 apostolicam
413 2513 588 2544 doctrinam
609 2513 619 2529 ³
640 2513 848 2553 praeponitur,
866 2513 965 2543 instar

189 2568 367 2599 coelestium
392 2567 552 2598 luminum
576 2566 789 2597 ‹litlerentium
810 2566 962 2597 claritate.

220 2669 227 2685 ¹
244 2667 359 2697 Hieron„
376 2669 440 2691 cont.
461 2666 594 2699 Viyilant„
610 2666 683 2698 epist.
702 2672 762 2694 Ltll,
784 2667 832 2690 eol.
853 2674 887 2690 m.
908 2668 962 2691 1655.

188 2717 218 2722 —
232 2705 241 2719 ²⁷
257 2703 359 2731 Matth„
377 2709 435 2733 mx,
455 2705 493 2727 21.
515 2717 539 2720 —-
558 2704 587 2727 ³!
606 2703 675 2732 Corn,
693 2708 733 2730 xv,
750 2704 787 2726 lit.
803 2715 833 2720 —
853 2706 858 2716 ⁴
876 2704 963 2733 stream,

190 2741 214 2763 1'11
231 2740 337 2771 Evanq,
354 2739 423 2763 hom.
441 2745 501 2770 xxx,
517 2746 543 2762 n.
560 2741 581 2763 2.
598 2752 626 2756 -
643 2739 650 2751 ³
666 2738 766 2767 Mami„
785 2744 809 2767 v,
827 2740 864 2767 ti,
884 2741 919 2762 tti.

773 238 987 272 APOLOGIAE
1009 238 1228 272 PAUPERUM

1025 307 1263 340 Attendendum
1285 309 1334 340 est
1355 308 1459 349 igitur
1481 309 1567 350 quod
1585 318 1660 342 cum
1681 311 1802 351 perfec-

1025 361 1146 393 tionem
1161 361 1344 402 perfectioni
1364 371 1605 404 comparamus,
1626 364 1729 404 potest
1741 363 1803 395 hoc
1825 354 1834 364 '

1025 424 1094 448 esse
1107 415 1142 446 in
1158 416 1270 448 eodem
1287 425 1419 456 genere,
1434 417 1487 450 vel
1501 417 1535 448 in
1548 417 1694 449 diversis.
1707 417 1800 457 Nam,

1025 469 1107 500 sicut
1121 478 1162 500 ex
1176 469 1429 509 praecedentibus
1447 471 1561 512 liquet,
1581 470 1731 512 perfectio
1744 480 1802 502 su-

1025 522 1278 563 pererogationis
1297 524 1448 564 quaedam
1468 525 1576 556 existit
1594 525 1629 556 in
1651 524 1802 556 exercitio

1024 576 1163 615 virtutis,
1180 578 1255 608 voto
1268 576 1445 617 religioni5‚
1461 579 1493 610 et
1514 578 1619 610 officio
1640 578 1802 619 praelatio-

1024 630 1086 661 nis.
1110 629 1205 661 Facta
1229 639 1308 671 ergo
1333 632 1570 672 comparatione
1595 633 1635 664 ad
1664 632 1802 664 similem

1024 684 1225 725 perfectionis
1238 685 1383 725 modum,
1398 686 1503 727 primo
1515 687 1694 718 secundum
1705 696 1801 718 exer-

1024 737 1136 769 citium
1150 738 1279 770 virtutis
1294 739 1349 771 illa
1360 740 1510 780 perfectio
1525 742 1574 772 est
1587 740 1802 782 praeeminen-

1023 793 1096 831 tior,
1112 792 1146 824 in
1160 802 1225 834 qua
1239 793 1330 824 radix
1343 793 1508 826 charitatis
1520 795 1685 836 pinguior,
1701 794 1800 826 subli-

1023 847 1118 878 mitas
1131 847 1323 888 operationis
1342 848 1505 888 excelsior,
1527 849 1678 880 fraternae
1699 849 1799 880 aedifi-

1024 901 1156 932 cationis
1170 901 1295 933 fructus
1317 902 1457 934 uberior.
1479 902 1670 944 Quanquam
1692 904 1800 934 autem

1022 955 1121 986 totius
1134 955 1235 996 huJus
1253 956 1455 996 perfectionis
1473 957 1567 996 origo
1589 957 1631 988 sit
1649 956 1799 996 charitas,

1023 1008 1163 1040 multum
1176 1010 1283 1040 tamen
1297 1009 1371 1040 facit
1389 1009 1429 1040 ad
1445 1010 1516 1050 ejus
1530 1009 1801 1050 complementum

1023 1062 1093 1102 ipsa
1106 1062 1260 1102 operatio,
1277 1062 1434 1102 Gregorio
1449 1065 1627 1101 attestante,
1643 1063 1700 1104 qui
1714 1062 1798 1094 ait‘:

1027 1127 1042 1145 (ι
1058 1115 1100 1147 De
1123 1115 1290 1147 dilectione
1312 1116 1500 1155 Conditoris,
1522 1117 1648 1157 lingua,
1667 1125 1756 1148 mens
1770 1118 1802 1148 et

1023 1169 1089 1201 vita
1113 1169 1309 1210 requiratur.
1344 1170 1517 1211 Nunquam
1552 1179 1643 1202 amor
1671 1170 1726 1202 Dei
1754 1172 1802 1202 est

1023 1223 1144 1254 otiosus
1167 1234 1173 1254 :
1200 1225 1351 1264 operatur
1374 1224 1459 1255 enim
1484 1233 1618 1264 magna,
1638 1224 1665 1254 si
1688 1226 1746 1262 est;
1774 1223 1801 1255 si

1023 1279 1131 1308 autem
1146 1277 1270 1317 operari
1286 1277 1404 1316 renuit,
1421 1287 1512 1309 amor
1526 1287 1591 1309 non
1607 1279 1664 1309 est.
1681 1289 1695 1306 n
1716 1277 1798 1309 Mul-

1023 1332 1092 1362 tum
1114 1331 1210 1362 etiam
1235 1331 1309 1363 facit
1331 1341 1436 1372 genus
1455 1334 1487 1363 et
1508 1331 1658 1363 nobilitas
1679 1331 1797 1372 operis,

1022 1385 1116 1425 quia,
1138 1385 1220 1416 sicut
1242 1385 1364 1416 clarum
1383 1387 1441 1424 est,
1465 1385 1603 1416 aureolae
1626 1385 1799 1426 praemium

1022 1448 1086 1470 non
1102 1438 1235 1470 debetur
1250 1439 1375 1470 habitui
1396 1439 1526 1470 virtutis
1546 1439 1730 1478 intrinseco,
1746 1439 1800 1470 sed

1022 1492 1110 1533 operi
1126 1492 1342 1533 privilegiato,
1353 1494 1462 1532 utpote
1475 1492 1704 1533 praedicationi,
1718 1501 1801 1524 mar-

1022 1547 1116 1587 tyrio,
1133 1547 1323 1586 virginitati.
1340 1546 1478 1578 Multum
1499 1547 1595 1578 etiam
1610 1547 1685 1578 facit
1698 1547 1799 1578 aedifi-

1021 1601 1102 1632 catio
1118 1601 1269 1641 proximi,
1285 1610 1358 1632 cum
1375 1601 1527 1632 Dominus
1542 1601 1623 1632 dicat
1640 1600 1716 1632 viris
1726 1610 1798 1641 per-

1022 1656 1133 1687 ΐοοῑῑεὃ
1157 1664 1165 1686 z
1194 1655 1255 1687 Vos
1279 1656 1355 1687 escis
1380 1655 1438 1687 luoe
1462 1655 1589 1687 mundi.
1618 1655 1671 1687 Sic
1695 1655 1800 1688 luceat

1021 1709 1126 1741 lumen
1141 1712 1281 1741 vestrum
1296 1709 1604 1747 coramhominibus,
1619 1712 1655 1741 uc
1667 1708 1800 1741 videant

1021 1770 1118 1803 Opera
1140 1765 1247 1795 vestra
1271 1763 1362 1795 bona.
1388 1762 1553 1801 Similiter,
1579 1764 1737 1802 quantum
1759 1762 1798 1794 ad

1022 1819 1135 1848 votum
1150 1816 1328 1856 religionis,
1346 1816 1431 1847 illius
1450 1818 1496 1846 cst
1519 1816 1668 1856 perfectio
1682 1816 1797 1856 potior,

1022 1871 1054 1901 in
1070 1879 1134 1910 qua
1148 1872 1284 1901 vovetur
1302 1871 1471 1909 paupertas
1493 1869 1597 1907 altior,
1621 1869 1802 1900 obedientia

1022 1923 1243 1961 universalior,
1258 1924 1360 1953 forma
1370 1922 1521 1953 castitatis
1535 1923 1708 1954 honestior.
1719 1922 1800 1954 Nam

1022 1978 1081 2009 ista
1096 1978 1167 2015 tria,
1187 1978 1267 2008 sicut
1285 1986 1434 2017 expresse
1448 1979 1543 2017 patet,
1560 1979 1590 2007 et
1606 1977 1727 2016 gradus
1741 1977 1798 2008 ha-

1022 2033 1109 2070 bent,
1124 2033 1154 2062 et
1167 2032 1271 2071 majus
1282 2034 1313 2062 et
1325 2031 1432 2062 minus
1444 2030 1613 2070 recipiunt,
1629 2033 1659 2062 et
1674 2040 1730 2071 per
1739 2031 1801 2061 hoc

1022 2088 1109 2116 tanto
1131 2086 1164 2116 in
1188 2085 1319 2125 maj01·is
1346 2084 1544 2124 perfectionis
1571 2087 1656 2115 statu
1680 2084 1799 2115 cousti-

1023 2141 1171 2177 tuuntur,
1191 2141 1310 2178 quanto
1326 2138 1494 2168 sublimius
1514 2140 1685 2176 voventur,
1703 2138 1799 2178 potis-

1021 2193 1100 2223 sime
1115 2192 1140 2222 si
1156 2192 1226 2222 liaec
1242 2191 1443 2230 regularium
1458 2186 1734 2223 observantiarum
1750 2192 1799 2222 in-

1021 2247 1130 2277 stituta
1152 2245 1329 2283 imitentur,
1348 2245 1465 2285 quibus
1488 2245 1646 2276 austerius
1664 2246 1800 2285 castige-

1022 2303 1074 2331 tur
1085 2309 1211 2339 corpus,
1229 2299 1421 2329 fructuosius
1434 2299 1608 2330 retlisscetur
1621 2299 1798 2339 proximus,

1021 2364 1057 2385 ac
1073 2353 1273 2384 reverentius
1287 2353 1409 2383 colatur
1425 2353 1518 2384 Deus.
1535 2353 1681 2384 Consistit
1693 2356 1798 2384 autem

1021 2406 1187 2445 castigatio
1212 2405 1352 2446 corporis
1378 2406 1411 2436 in
1431 2406 1620 2437 arctitudine
1644 2406 1796 2444 vestium,

1023 2460 1213 2491 victualium
1245 2462 1276 2489 et
1297 2459 1483 2497 verborum,
1512 2468 1586 2490 cum
1615 2459 1798 2490 austeritate

1021 2514 1182 2551 laborum,
1192 2513 1392 2552 vigiliarum,
1404 2515 1435 2543 et
1442 2513 1577 2544 aliarum
1589 2511 1798 2543 afflictionum

1021 2567 1234 2607 corporalium
1252 2578 1259 2604 3
1287 2566 1454 2597 aedisscatio
1487 2575 1561 2597 vero
1590 2565 1728 2605 proximi
1763 2565 1797 2595 in

1020 2621 1177 2661 exemplis
1198 2620 1387 2651 exhibendis
1408 2620 1576 2657 virtutum,
1599 2619 1797 2649 documentis

1021 2675 1260 2715 Scripturarum
1275 2698 1282 2712 ,
1322 2673 1470 2705 remediis
1504 2675 1793 2711 sacramentorum,

1053 2739 1085 2769 (a)
1103 2738 1163 2762 Coet.
1178 2738 1238 2761 erlil.
1255 2737 1423 2768 praecipimus.
