2029 3052
73 1623 98 1642 Β,
112 1623 158 1642 Ma-

49 1655 87 1676 riae
106 1661 157 1681 gra-

63 1686 94 1706 tia
105 1687 143 1706 im<

61 1723 146 1738 mensa.

871 183 1010 218 LEGTIO
1032 186 1069 219 V.

167 252 208 281 ait
222 251 230 268 ¹
248 260 254 279 :
269 261 282 278 «
295 250 458 280 pretiosum
472 250 548 280 illud
557 251 728 280 balsamum
737 251 817 280 tanta
830 250 883 279 tibi
898 258 946 279 co-

166 298 227 335 pia,
245 298 385 335 tantaque
403 297 588 334 plenitudine
611 297 724 333 influet,
748 299 780 326 ut
802 298 946 335 copiosis-

166 346 239 374 sime
247 345 347 374 effluat
360 345 630 382 circumquaque.»
646 344 816 373 Baisamum
829 344 946 373 misceri

167 393 252 428 solet,
268 393 296 421 et
310 391 406 420 vitiari
415 391 515 427 melle,
527 391 576 419 vel
591 391 739 420 oleo.‘Sed
755 393 832 420 certe
846 391 947 420 halsa-

166 447 251 468 mum
265 438 388 476 Spiritus
399 438 491 467 sancti
505 438 536 466 in
551 438 641 467 Maria
654 446 716 467 non
731 438 786 466 fuit
808 438 945 474 mixtum,

167 487 238 523 quia
250 493 305 514 nec
316 484 406 514 melle
421 485 600 514 carnalitatis
613 487 641 514 et
661 485 822 514 mundanae
842 493 948 514 conso-

166 532 296 568 lationis,
311 540 367 560 nec
381 531 449 561 oleo
462 539 548 560 vanae
566 531 603 568 (a)
618 531 713 560 laudis
724 533 752 560 et.
767 532 948 561 adulationis

165 579 220 608 fuit
243 579 389 608 vitiatum.
412 579 469 607 Sed
491 579 562 615 quia
586 580 647 608 tam
668 587 739 607 vera
754 580 856 608 ettam
872 587 949 616 pura

166 626 261 655 Mariae
282 626 376 662 gratia
399 625 469 666 fuit,
494 625 562 654 ideo
588 625 664 654 bene
689 626 885 663 Hieronymus
909 626 948 654 de

165 673 230 710 ipsa
245 673 286 701 sic
301 672 372 701 dicit
382 673 412 700 ²:
427 681 441 698 ι(
457 672 605 709 Quicquid
619 672 651 700 in
665 673 756 701 Maria
771 675 885 709 gestum
896 674 949 708 est,

166 721 261 748 totum
274 719 387 756 puritas
403 721 430 747 et
441 718 626 755 simplicitas,
640 721 737 747 totum
753 720 846 755 gratia
862 721 890 748 et
901 728 950 748 ve—

165 766 246 802 ritas,
262 766 357 794 totum
370 765 574 794 misericordia
589 766 617 793 et
627 765 740 801 justitia
753 765 818 800 fuit,
833 774 899 803 quae
911 767 948 795 de

167 812 242 841 coelo
255 811 417 848 prospexit.
434 822 449 839 »
470 811 657 848 Quicumque
675 820 747 848 ergo
769 820 838 840 cum
859 813 949 842 Maria

166 867 269 888 veram
292 859 417 895 gratiam
440 859 574 887 invenire
595 859 777 894 desiderant,
800 859 857 896 ipsi
881 868 949 888 cum

166 905 256 935 Maria
280 906 363 934 omni
387 905 554 941 desiderio,
576 906 657 934 omni
679 906 778 934 studio
803 907 842 935 ad
862 915 948 943 eum,

167 953 250 990 apud
265 961 355 990 quem
369 953 529 988 invenitur,
545 953 687 982 accedant
696 963 704 989 ;
727 953 802 982 sicut
816 954 950 983 hortatur

167 1000 324 1037 Apostolus
339 1000 376 1027 ad
394 1000 518 1028 Hebraeos
541 999 643 1028 dicens
663 1001 673 1017 ³
699 1009 705 1028 :
730 1001 869 1029 Adeamus
890 1010 949 1029 cum

167 1048 268 1083 fiducia
283 1047 318 1074 ad
332 1047 456 1075 thronum
475 1048 573 1082 qratioe
592 1047 661 1082 ejus,
683 1050 713 1075 ut
735 1049 950 1076 misericordiam

167 1102 370 1130 consequamur,
400 1097 426 1122 et
446 1096 566 1129 qratiam
594 1096 763 1122 inveniamus
788 1097 818 1122 in
844 1097 950 1123 auoeilio

168 1144 328 1178 opportuno.
345 1143 378 1169 Et
391 1143 473 1177 nota,
492 1141 575 1178 quod
594 1142 776 1178 quicumque
792 1143 853 1170 vult
867 1142 949 1170 inve-

168 1189 243 1224 nire,
260 1188 350 1216 debet
364 1196 495 1224 quaerere
502 1199 510 1224 3
534 1190 562 1216 et
584 1188 767 1225 quicumque
787 1189 851 1216 vult
866 1189 948 1217 inve—

168 1235 231 1263 nire
241 1235 287 1272 (b),
308 1235 396 1263 debet
411 1243 441 1263 se
456 1235 607 1263 inclinare.
625 1235 745 1263 Inclinet
757 1243 828 1271 ergo
839 1244 869 1263 se
882 1244 951 1264 cum

167 1282 256 1310 Maria
269 1289 322 1317 per
337 1281 534 1310 humilitatem
553 1290 666 1316 veram,
683 1282 864 1319 quicumque
882 1291 951 1310 cum

168 1329 258 1357 Maria
280 1329 414 1356 invenire
440 1329 521 1364 cupit
545 1329 671 1364 gratiam
702 1337 815 1356 veram.
843 1329 952 1357 Dicitur

168 1377 248 1405 enim
263 1377 294 1405 in
309 1378 495 1405 Ecclesiastico
511 1377 521 1393 ‘⁹
538 1386 544 1404 :
562 1378 668 1411 Quanto
681 1385 793 1411 maanus
809 1385 845 1412 es,
862 1378 951 1404 humi-

171 1426 210 1452 lia
225 1427 249 1452 te
268 1426 298 1451 in
313 1425 449 1459 omnibu83
466 1427 491 1452 et
507 1433 595 1452 coram
610 1427 663 1452 Deo
679 1427 799 1453 invenies
821 1427 949 1460 qratiam.

170 1471 260 1500 Maria
274 1473 361 1505 certe,
382 1471 454 1507 quia
474 1471 626 1499 verissime
641 1479 671 1499 se
686 1480 739 1507 per
754 1472 951 1499 humilitatem

170 1518 334 1553 inclinavit,
348 1509 534 1546 verissimam
554 1518 679 1553 gratiam
699 1518 821 1552 invenit,
837 1520 868 1546 ut
882 1526 951 1546 vere

171 1565 269 1593 dicere
284 1565 377 1600 possit
391 1565 401 1582 ²³
418 1573 424 1592 ι
440 1566 567 1600 Respeaeit
582 1565 765 1592 humilitatem
777 1573 872 1593 meam.

207 1611 343 1639 Secundo
358 1611 590 1646 consideremus,
603 1611 776 1645 charissimi,
786 1612 886 1647 gratiae
898 1613 953 1639 Ma-

172 1658 221 1687 riae
236 1658 464 1686 immensitatem
478 1668 485 1685 :
502 1660 623 1694 propter
644 1658 721 1685 hanc
737 1658 815 1686 dicta
830 1660 872 1686 est
891 1667 952 1693 qra-

174 1707 215 1733 tia
228 1707 320 1741 plena.
336 1706 483 1733 Immensa
503 1707 578 1732 certe
599 1704 653 1732 suit
675 1705 779 1740 gratia,
805 1713 865 1741 qua
889 1706 953 1741 ipsa

172 1752 226 1780 fuit
238 1753 337 1788 plena.
355 1754 535 1780 Immensum
548 1751 627 1779 enim
642 1760 694 1779 vas
704 1759 765 1779 non
780 1753 876 1787 potest
891 1760 953 1779 esse

172 1799 306 1834 plenum,
321 1798 376 1826 nisi
392 1799 571 1826 immensum
591 1798 626 1826 sit
646 1798 724 1826 istud
739 1807 800 1834 quo
827 1801 869 1826 est
889 1799 953 1834 ple—

173 1853 258 1873 num.
274 1845 363 1872 Maria
378 1847 476 1872 autem
494 1853 545 1872 vas
560 1845 823 1872 immensissimum
837 1845 901 1880 fnit,
918 1853 954 1873 ex

174 1899 234 1928 quo
251 1891 346 1926 illum,
363 1891 414 1927 qni
434 1891 508 1919 coelo
531 1892 628 1926 major
649 1894 704 1926 est,
727 1892 877 1919 continere
900 1900 954 1927 po-

174 1939 236 1966 tuit.
258 1938 326 1972 Quis
349 1939 391 1965 est
412 1937 486 1965 coelo
512 1938 627 1973 major?
650 1940 730 1966 Certe
750 1938 810 1971 ille,
834 1939 871 1966 de
895 1947 954 1974 quo

174 1985 315 2013 Salomon
328 1985 368 2012 ait
385 1985 395 2001 ⁶
414 1994 419 2012 :
440 1985 472 2012 St
492 1986 583 2012 coelurn
606 1987 631 2012 et
650 1986 706 2012 cocti
725 1986 848 2012 coelorum
872 1989 896 2012 le
911 1994 956 2013 ra-

172 2041 234 2068 pere
250 2041 302 2060 non
316 2035 437 2067 possunt,
460 2034 560 2067 quanto
576 2033 664 2066 *magis
683 2032 775 2059 domus
791 2033 855 2065 ἡαπ,
875 2042 955 2067 quum

176 2080 329 2113 aedificavi?
350 2079 413 2106 Non
433 2079 534 2114 utique
559 2079 666 2106 domus
692 2086 744 2114 per
765 2079 956 2107 Salomonem

176 2125 336 2160 aedificata5
351 2125 403 2153 sed
416 2125 524 2153 domus
533 2126 679 2164 perillam
690 2125 854 2160 significata
866 2128 956 2153 Deum

177 2180 283 2208 capere
305 2171 410 2207 potuit.
433 2173 473 2199 Tu
497 2180 567 2207 ergo
580 2193 589 2206 ,
609 2172 837 2200 immensissima
856 2173 955 2207 Maria,

178 2218 316 2254 capacior
331 2226 361 2245 es
376 2217 462 2252 coslo,
486 2219 557 2254 quia
578 2227 667 2254 quem
683 2219 750 2246 coeli
773 2227 877 2255 capere
896 2228 957 2247 non

179 2266 326 2301 poterant,
342 2266 393 2292 tuo
410 2265 523 2299 gremio
543 2266 700 2293 contulisti.
720 2267 760 2293 Tu
776 2267 913 2301 capacior
927 2275 957 2294 es

178 2312 304 2346 mundo,
328 2311 399 2347 quia
420 2319 511 2346 quem
534 2312 611 2339 totus
630 2319 691 2339 non
711 2312 789 2348 capit
814 2313 906 2347 orbis,
928 2314 958 2341 in

181 2361 231 2387 tua
246 2367 276 2387 se
291 2358 395 2386 clausit
410 2358 523 2385 viscera
542 2358 634 2385 factus
647 2359 749 2387 homo.
767 2360 794 2387 Si
812 2368 882 2396 ergo
898 2362 956 2389 Ma-

180 2406 225 2434 ria
238 2408 299 2433 tam
314 2404 508 2441 capacissima
526 2404 579 2432 suit
593 2406 706 2440 ventre,
730 2409 841 2441 quanto
864 2408 959 2443 magis

181 2453 300 2481 mente?
317 2454 344 2480 et
358 2452 382 2479 si
399 2451 546 2488 capacitas
560 2453 618 2479 tam
633 2452 779 2481 immensa
792 2453 846 2482 fuit
866 2455 959 2489 gratia

215 2537 220 2553 ¹
240 2537 373 2566 Bernard.,
394 2537 436 2560 nbi
457 2544 513 2567 sup.
534 2536 659 2567 proxime,
678 2543 704 2560 n.
730 2539 742 2560 fi
775 2551 800 2553 —<
821 2538 827 2551 ²
845 2539 959 2569 Hieron„

184 2572 214 2596 de
234 2573 359 2603 Assumpt.
376 2574 406 2597 B.
426 2573 503 2601 Maza,
518 2572 591 2603 epist.
610 2578 633 2596 x.
651 2586 674 2588 —
692 2574 701 2589 ³
716 2572 799 2602 Helua,
814 2579 848 2600 lv,
878 2578 914 2598 iti.
931 2588 961 2592 —-

186 2607 194 2623 ὓ
222 2608 319 2638 Eccli.‚
344 2615 390 2638 ιιι,
417 2609 456 2632 20.
479 2621 507 2626 —
532 2608 541 2624 ⁵
567 2608 632 2633 Luc,
656 2614 676 2637 1,
705 2609 742 2631 48.
760 2621 786 2625 -
806 2609 815 2625 ⁶
839 2610 867 2632 ΙΙΙ
896 2610 962 2640 Hey..

186 2649 243 2673 vm,
255 2644 293 2667 27.
309 2657 333 2660 ——
350 2645 357 2658 ⁷
374 2644 463 2674 Ecclz„
488 2650 505 2673 1,
520 2645 542 2668 2.
559 2656 587 2660 -—
602 2643 612 2659 8
627 2644 694 2667 Psal.
710 2649 755 2673 ⁴:11,
774 2646 809 2667 19.
825 2657 855 2661 —
870 2646 878 2659 ³*
893 2646 960 2670 Psas.

537 2713 549 2721 n

1726 198 1785 227 245

1003 253 1110 291 plena,
1130 257 1260 293 oportuit
1280 258 1383 295 utique
1405 259 1489 296 quod
1517 260 1611 296 gratia
1634 260 1697 296 illa,
1719 270 1786 299 quae

1003 302 1116 330 tantam
1138 303 1306 340 implevisse
1320 305 1416 342 potuit
1431 306 1636 343 capacitatem,
1648 309 1723 337 esset
1735 309 1788 338 im-

1004 356 1116 377 mensa.
1133 350 1203 384 Quis
1224 351 1454 381 immensitatem
1476 353 1571 382 Mariae
1591 355 1688 391 potest
1707 364 1788 385 men-

1005 398 1131 425 surare?
1154 400 1225 427 Ecce
1250 400 1333 436 quod
1357 400 1465 429 dicitur
1486 401 1518 429 in
1542 402 1728 430 Ecclesiastico
1745 403 1756 421 ⁷
1778 413 1785 432 ε

1005 443 1189 473 Altitudinem
1205 447 1273 481 caeli,
1287 447 1464 476 latitudinem
1480 451 1569 484 terroe,
1580 451 1606 476 et
1618 450 1787 485 profundum

1006 491 1097 526 abyssi
1126 493 1188 527 quis
1214 493 1350 522 dimensus
1377 497 1440 522 est?
1466 495 1579 524 Coelum
1608 497 1650 524 est
1681 497 1787 532 Maria,

1005 539 1070 565 tum
1102 538 1173 574 quia
1208 539 1318 568 coelesti
1345 541 1482 578 puritate,
1496 542 1607 570 coelesti
1636 543 1786 580 claritate,

1007 584 1175 613 coelestibus
1211 585 1277 614 aliis
1311 587 1470 616 virtutibus
1504 588 1686 626 abundavit,
1724 592 1788 619 tum

1006 631 1077 667 quia
1113 632 1199 660 sedes
1235 633 1284 661 Dei
1317 633 1460 663 altissima
1492 635 1546 664 fuit
1564 657 1573 670 ,
1610 638 1681 665 teste
1716 639 1788 666 Pro-

1006 676 1105 712 pheta,
1120 677 1172 713 qui
1189 677 1259 706 dicit
1274 679 1284 696 Β
1306 688 1312 706 :
1336 681 1467 708 Dominus
1488 682 1518 708 in
1537 682 1599 710 coelo
1622 685 1734 717 paravit
1747 691 1788 711 se-

1006 724 1065 751 dem
1081 732 1168 752 suam.
1185 727 1272 754 Terra
1292 734 1415 763 quoque
1437 727 1525 756 Maria
1539 728 1603 764 fuit,
1623 737 1690 765 quae
1711 729 1789 758 fruc-

1006 772 1069 798 tum
1091 770 1178 800 illum
1196 772 1284 800 nobis
1304 773 1438 810 protulit,
1461 774 1498 802 de
1523 782 1584 811 quo
1612 775 1693 804 idem
1719 784 1789 812 pro-

1005 817 1095 853 pheta
1110 818 1150 846 ait
1164 820 1174 836 ⁹
1195 828 1201 846 :
1224 821 1307 848 Terra
1330 820 1407 848 dedit
1430 822 1537 854 fructus
1561 830 1632 850 suos.
1658 823 1789 859 Abyssus

1007 864 1096 892 etiam
1115 867 1156 893 est
1176 866 1265 894 Maria
1284 866 1315 894 in
1334 867 1466 896 bonitate
1486 870 1514 896 et
1532 869 1563 896 in
1583 869 1789 899 misericordia

1005 911 1248 946 profundissima.
1284 914 1365 942 Unde
1400 915 1490 943 etiam
1522 916 1788 952 profundissimam

1006 957 1242 987 misericordiam
1270 960 1331 988 Filii
1352 962 1397 989 sui
1420 970 1476 998 pro
1498 963 1587 991 nobis
1609 963 1786 1000 interpellat,

1007 1005 1092 1040 quasi
1108 1006 1128 1022 ²⁰
1140 1007 1249 1041 abyssus
1264 1008 1388 1042 abyssum
1404 1010 1521 1037 invocat.
1536 1010 1649 1038 Caelum
1664 1019 1735 1046 ergo
1747 1013 1788 1039 est

1006 1052 1105 1087 Maria,
1122 1054 1200 1082 terra
1215 1056 1258 1082 est
1275 1055 1375 1089 Maria,
1396 1055 1523 1092 abyssus
1540 1059 1583 1085 est
1603 1057 1703 1085 Maria.
1719 1058 1790 1091 Quis

1006 1099 1095 1135 hujus
1106 1100 1171 1127 coeli
1187 1101 1386 1137 altitudinem,
1404 1103 1472 1138 quis
1486 1103 1575 1138 hujus
1590 1105 1673 1132 terrae
1687 1104 1788 1132 latitu-

1008 1145 1119 1182 dinem,
1137 1147 1203 1182 quis
1217 1148 1306 1183 hujus
1326 1148 1425 1184 abyssi
1444 1149 1686 1185 profunditatem,
1711 1151 1790 1187 quis,

1006 1193 1148 1228 inquam,
1176 1194 1270 1222 Mariae
1292 1195 1522 1224 immensitatem
1552 1197 1705 1225 dimensus
1736 1201 1789 1234 est,

1006 1239 1062 1266 nisi
1077 1239 1127 1267 ille
1142 1240 1223 1268 solus
1238 1241 1288 1277 qui
1304 1242 1400 1277 ipsam
1415 1250 1476 1270 non
1492 1243 1590 1271 solum
1605 1243 1635 1271 in
1651 1244 1745 1279 gratia
1761 1246 1789 1272 et

1007 1286 1037 1312 in
1052 1286 1158 1321 gloria,
1174 1287 1227 1314 sed
1242 1287 1329 1315 etiam
1344 1288 1375 1315 in
1389 1289 1596 1317 misericordia
1609 1293 1670 1318 tam
1685 1291 1789 1319 altissi-

1007 1340 1099 1367 mam,
1115 1334 1174 1361 tam
1197 1333 1382 1369 latissimam,
1398 1337 1459 1363 tam
1477 1336 1660 1371 profundam
1682 1346 1789 1374 opera-

1007 1381 1053 1406 tus
1068 1381 1129 1407 est?
1151 1380 1232 1408 Unde
1255 1381 1421 1416 specialiter
1437 1382 1474 1410 de
1498 1383 1562 1417 ejus
1585 1383 1791 1412 misericordia

1008 1425 1048 1452 ait
1062 1426 1164 1454 beatus
1173 1427 1339 1455 Bernartius
1349 1428 1383 1456 ¹¹:
1398 1438 1410 1454 ι(
1422 1428 1491 1462 Quis
1502 1429 1714 1458 misericordiae
1723 1433 1790 1466 tuae,

1009 1481 1026 1500 ο
1041 1473 1208 1507 benedicta,
1224 1474 1460 1510 longitudinem,
1485 1477 1513 1503 et
1536 1476 1737 1512 latitudinem,
1761 1480 1789 1506 et

1008 1519 1230 1554 sublimitatem,
1246 1522 1274 1548 et
1288 1521 1472 1556 profundum
1487 1524 1577 1557 queat
1591 1523 1790 1560 investigare?

1008 1568 1081 1594 Nam
1095 1566 1253 1602 longitudo
1265 1568 1327 1602 ejus
1339 1576 1433 1604 usque
1448 1569 1487 1596 ad
1502 1570 1699 1598 novissimum
1710 1571 1791 1599 diem

1008 1613 1217 1641 invocantibus
1232 1621 1298 1641 eam
1313 1614 1451 1642 subvenit
1477 1615 1640 1651 universis3
1662 1617 1788 1645 latitudo

1009 1660 1071 1694 ejus
1086 1660 1179 1695 replet
1194 1660 1299 1688 orbem
1310 1662 1465 1697 terrarum,
1482 1664 1513 1690 ut
1528 1670 1582 1690 sua
1597 1671 1719 1699 quoque
1734 1664 1791 1691 mi-

1009 1707 1170 1735 sericordia
1185 1708 1274 1744 plena
1295 1708 1331 1735 sit
1355 1709 1452 1736 omnis
1477 1713 1570 1745 terra;
1587 1711 1640 1738 sed
1656 1713 1682 1739 et
1697 1712 1791 1740 subli-

1009 1755 1094 1782 mitas
1116 1756 1179 1790 eJ'us
1200 1763 1335 1791 supernae
1361 1756 1485 1784 civitatis
1512 1757 1624 1785 invenit
1644 1760 1791 1787 restaura-

1009 1801 1138 1836 tionem,
1161 1803 1189 1829 et
1210 1802 1394 1837 profundum
1419 1803 1482 1838 ejus
1502 1803 1674 1832 sedentibus
1702 1805 1732 1832 in
1751 1807 1794 1833 te-

1009 1849 1109 1876 nebris
1147 1852 1175 1877 et
1210 1850 1318 1878 umbra
1355 1851 1458 1878 mortis
1492 1851 1620 1879 obtinuit
1656 1852 1794 1889 redemp-

1011 1896 1133 1923 tionem.
1149 1907 1161 1920 »

1046 1943 1141 1970 Tertio
1158 1942 1391 1978 consideremus,
1415 1944 1590 1979 charissimi,
1611 1945 1710 1980 gratiae
1732 1947 1795 1974 Ma-

1011 1989 1061 2016 riae
1076 1989 1334 2024 multiplicitatem,
1357 1990 1393 2017 de
1409 1998 1469 2026 qua
1491 1991 1554 2026 ipsa
1577 1991 1674 2019 dicere
1698 1993 1797 2028 potest

1011 2036 1087 2063 illud
1098 2037 1282 2063 Ecclesiastici
1297 2035 1320 2052 ¹²
1339 2045 1344 2063 :
1368 2038 1435 2071 1390,
1455 2040 1536 2072 quasi
1557 2039 1730 2073 terebinthus,
1752 2047 1798 2067 ea·-

1013 2084 1090 2110 tendi
1104 2090 1192 2110 ramos
1212 2090 1292 2115 meos,
1313 2085 1338 2109 ct
1355 2085 1427 2110 rami
1442 2086 1495 2111 mei
1515 2086 1622 2112 honoris
1645 2088 1670 2113 et
1688 2087 1795 2120 qratiae.

1013 2129 1208 2157 'terebinthus
1228 2137 1338 2164 magna
1363 2130 1453 2157 arbor
1479 2133 1521 2158 est
1540 2131 1571 2158 in
1591 2132 1674 2167 Syria
1692 2140 1798 2160 secun-

1013 2176 1086 2204 dum
1099 2176 1232 2204 Glossam
1246 2178 1273 2203 et
1287 2176 1414 2203 Plinium
1424 2177 1455 2210 ¹³,
1468 2179 1495 2204 et
1509 2178 1599 2206 habet
1609 2186 1709 2206 ramos
1723 2179 1800 2206 mul-

1014 2225 1069 2258 tos,
1088 2225 1115 2251 et
1132 2225 1276 2250 extensos.
1289 2223 1433 2250 Masculus
1446 2224 1533 2259 hujus
1545 2225 1660 2253 arboris
1673 2225 1802 2253 nonsart

1016 2271 1155 2304 fructum,
1171 2270 1223 2297 sed
1240 2272 1353 2297 tantum
1369 2270 1491 2298 soemina
1506 2279 1512 2298 :
1535 2272 1618 2306 cujus
1634 2271 1745 2299 fructus
1760 2271 1801 2298 in-

1018 2317 1134 2344 venitur
1158 2316 1286 2351 duplex,
1307 2316 1445 2344 videlicet
1464 2317 1591 2352 rubeus,
1612 2321 1639 2346 et
1659 2318 1801 2354 pallidus,

1016 2364 1044 2391 et
1064 2366 1106 2390 est
1118 2362 1243 2397 jucundi
1260 2362 1371 2390 odoris.
1384 2363 1479 2391 Arbor
1494 2363 1548 2391 ista
1562 2364 1651 2392 arbor
1665 2372 1799 2400 procera,

1023 2412 1050 2437 et
1073 2417 1204 2437 crescens
1227 2409 1257 2436 in
1280 2409 1377 2444 Syria,
1405 2412 1448 2437 est
1475 2410 1563 2438 beata
1588 2411 1674 2446 virgo
1701 2411 1798 2439 Maria.

1022 2457 1103 2491 Syria
1127 2456 1205 2483 enim
1234 2455 1439 2491 interpretatur
1467 2456 1645 2485 humectata.
1676 2459 1708 2485 Et
1736 2465 1802 2485 vere

1021 2539 1092 2562 LXVI,
1110 2534 1132 2556 Ἰ.
1152 2546 1175 2549 -
1193 2533 1213 2550 ¹⁰
1232 2532 1299 2556 Psal.
1320 2538 1372 2561 MA,
1397 2534 1418 2556 8.
1436 2546 1465 2550 —
1483 2533 1501 2548 ¹¹>
1521 2534 1607 2562 Rern„
1628 2533 1657 2557 (Ie
1674 2534 1801 2564 Assuwpc.

1019 2570 1048 2593 B.
1078 2570 1152 2597 Mur„
1177 2575 1252 2592 serm.
1275 2574 1318 2597 w,
1340 2570 1451 2592 11.8.—-
1474 2570 1492 2585 Η
1507 2569 1596 2597 Ecclz‘„
1621 2575 1690 2599 xxm,
1714 2571 1752 2594 22.
1773 2583 1804 2587 —

1024 2606 1041 2621 ¹³
1057 2604 1130 2635 Ptin„
1143 2604 1171 2627 (Ie
1186 2604 1279 2627 Natur.
1294 2604 1370 2632 nist,
1384 2604 1428 2628 lib.
1445 2605 1511 2634 Mil,
1525 2612 1546 2628 c.
1564 2611 1600 2628 Vi.

1057 2649 1091 2679 (ιι)
1106 2649 1167 2673 Caec.
1184 2648 1245 2672 edit.
1267 2655 1344 2673 veras.
1357 2662 1386 2666 -
1402 2648 1432 2679 (b)
1449 2650 1504 2679 Ley.
1519 2656 1644 2680 quaerere.

1838 2427 1907 2446 Beata

1836 2457 1906 2477 Maria
