2029 3052
192 158 250 204 18‘4

676 171 780 206 LAUS
804 170 950 205 BEATAE
970 170 1145 206 vfflGtNIS
1165 172 1322 206 mmai.

315 241 476 277 synagoga
489 239 613 270 definita

316 287 403 323 Perit,
416 288 446 317 et
457 288 568 318 umbra
580 287 696 325 legalis.

351 335 459 364 Manna
472 337 576 372 cessat,
590 337 619 364 et
631 334 748 364 eoelitus

316 382 407 412 Nobis
421 383 509 420 panis
521 381 701 420 proponitur
717 391 725 410 :

318 430 404 459 Panis
418 437 507 459 verus
519 429 656 458 vivificus

317 477 409 506 Nobis
422 476 461 506 de
476 476 553 505 coelo
569 475 705 505 mittitur.

257 554 263 561 ,
318 523 488 554 Christianis
501 522 676 552 conceditur

318 570 395 600 Solis
407 569 495 607 panis
510 569 559 598 hic
573 569 727 608 mysticus,

317 617 432 653 Quibus
443 617 612 646 communis
625 617 751 646 traditur

319 666 411 693 Verus
424 664 511 702 panis
525 665 689 702 angelicus.

195 752 239 780 ΙΧ.
255 751 389 786 figurata
409 750 467 784 fuit
487 757 538 786 per
555 751 663 786 virqam
681 749 785 785 Aaron,
807 757 866 785 qum
886 749 981 776 habuit

270 794 390 828 finctum
403 795 503 829 proeter·
515 800 583 829 opus
595 795 702 821 naturoe
717 793 825 829 (Num,
840 793 920 822 xvn).

360 858 466 885 Beatus
480 856 674 885 tabernaculo

323 905 438 941 Moyses
453 903 570 940 virgam
585 903 686 940 posuit

325 955 434 987 Aaron,
451 951 504 980 sed
519 959 575 989 pro
587 951 673 980 titulo

323 998 490 1029 Sacerdotis
503 1008 509 1027 :
526 1006 594 1036 quae
605 997 749 1034 fronduit,

324 1047 445 1080 Floruit,
460 1046 589 1074 fructum
605 1045 719 1074 habuit.

325 1093 459 1123 Evidenti
474 1092 633 1128 miraculo,

323 1141 489 1171 Sacerdotis
504 1140 632 1169 obtinuit

324 1190 336 1217 J
341 1197 374 1217 us
389 1190 487 1217 Aaron
500 1187 530 1215 in
545 1186 670 1224 populo.

360 1237 432 1264 Eece
448 1234 537 1263 valde
552 1233 698 1262 mirabilis

327 1285 392 1317 Res,
409 1284 437 1310 et
451 1281 590 1310 miranda
604 1281 738 1314 novitas:

328 1330 423 1359 Floret
437 1329 551 1357 siccitas
565 1328 681 1363 sterilis,

326 1377 424 1413 flignit
438 1377 516 1405 sicea
527 1376 674 1405 sterilitas,

325 1424 451 1454 Parturit
464 1424 554 1459 virgoe
573 1423 699 1458 siccitas,

326 1474 463 1500 Fructum
480 1471 603 1508 profert,
618 1473 647 1499 ct
660 1470 761 1499 fertilis

327 1519 456 1548 Etiieitur
478 1518 624 1547 sterilitas

328 1569 390 1596 Non
406 1566 460 1594 tuit
474 1567 542 1594 ante
557 1565 671 1593 similis

364 1615 448 1643 Notat
461 1614 545 1649 virga
560 1613 710 1649 florigera,

327 1664 397 1696 Quoe
412 1664 524 1689 naturae
540 1668 601 1689 non
614 1668 705 1697 opere

329 1709 458 1737 Efficitur
473 1708 633 1741 fructifera,

328 1755 384 1784 Sed
399 1763 476 1792 puro
490 1755 537 1782 Dei
554 1762 687 1787 munere,

330 1802 416 1836 Quod
432 1801 565 1830 debebas
580 1801 747 1837 concipere,

328 1849 417 1885 Virgo
436 1857 514 1877 nova
531 1856 691 1885 puerpera,

331 1900 506 1934 Novumquc
523 1897 559 1933 (a)
577 1897 705 1925 fructum
720 1903 836 1932 parere,

318 1954 319 1957 ¹
332 1947 398 1973 Post
410 1946 529 1981 partum
545 1944 634 1979 Virgo
649 1943 754 1971 libera.

368 1994 444 2027 Ergo
468 1999 535 2019 vere
553 1991 640 2024 Virgo
657 1999 775 2027 parens,

333 2038 505 2067 (terminasti
522 2037 620 2073 campi
639 2039 756 2071 norem,

332 2086 381 2114 Dei
397 2085 487 2113 Patris
501 2085 630 2113 Verbum
646 2093 765 2120 parens,

333 2133 432 2161 Mundi
448 2132 528 2168 paris
544 2132 738 2165 salvatorem,

332 2179 524 2215 Puritatisque
537 2178 676 2207 decorem

333 2229 396 2255 Non
411 2226 530 2259 amittis,
546 2226 634 2254 sorde
651 2233 765 2260 carens,

336 2274 489 2302 charitatis
505 2274 632 2302 tundens
644 2281 754 2307 rorem,

334 2323 398 2356 Quo
414 2321 525 2356 rigatur
540 2321 670 2358 mundus
683 2328 778 2348 arens.

211 2408 240 2434 X.
265 2407 397 2441 thurata
417 2407 473 2439 suit
497 2413 546 2440 per
569 2405 684 2436 stellam,
704 2408 728 2431 et
751 2413 800 2439 per
821 2406 936 2439 vin-qam,
960 2405 992 2432 ‹ic

291 2449 386 2484 quibus
403 2449 577 2484 prophetavit
588 2449 699 2474 Balaam
719 2449 823 2481 (Num.‚
836 2449 912 2478 xxvi.

373 2515 410 2540 De
425 2511 516 2540 Jacob
532 2511 681 2539 exoritura

335 2562 415 2588 Nova
430 2558 514 2587 stella
529 2557 707 2595 praedicitur,

243 2623 275 2680 (ιν
290 2621 351 2645 Ctrt.
367 2621 430 2646 cum.
446 2621 511 2645 dces!
527 2628 585 2653 que.
599 2634 628 2639 —
643 2621 677 2652 (b)
690 2621 752 2646 Ca‘l.
766 2621 827 2645 edit.
846 2622 946 2646 israele.
961 2635 990 2639 —

214 2658 241 2686 11]
272 2660 318 2680 lem
334 2658 423 2681 lin-un.

1161 243 1204 271 Ex
1217 240 1306 272 lsrael
1319 240 1359 279 (b)
1372 239 1524 271 nasetur-a

1158 289 1249 326 Virga
1261 287 1351 318 nobis
1365 287 1541 325 ostenditur,

1161 337 1216 366 Per
1231 343 1327 374 quam
1340 335 1427 365 Moab
1442 335 1614 373 percutitur.

1160 384 1199 412 Te
1212 383 1372 421 prmgnat
1385 382 1449 412 boee
1461 382 1570 419 figura,

1162 431 1202 459 De
1217 437 1280 467 qua
1291 429 1381 467 Virga.
1394 429 1572 467 producitur

1161 477 1302 513 chrisum,
1319 476 1447 507 mirante
1460 477 1578 507 neutra.

1198 525 1256 553 ista
1268 523 1356 553 stella
1369 523 1546 559 clarissima,

1163 572 1260 606 Quam
1273 578 1336 600 non
1347 570 1442 600 violat
1454 571 1569 608 radius,

1167 619 1244 647 Luce
1258 618 1354 646 nitens
1366 617 1536 655 purissima,

1168 664 1314 702 crystallo
1327 664 1445 702 fulgens
1455 664 1575 702 elarius,

1163 714 1202 742 Te
1216 712 1364 749 signifieat
1375 713 1486 749 verius,

1168 760 1258 797 virgo
1273 767 1393 797 semper
1407 760 1586 796 castissima,

1166 808 1262 842 Quam
1277 815 1340 836 non
1354 807 1448 836 violat
1467 807 1575 844 Filius,

1166 856 1294 884 Nascens
1311 862 1349 883 ex
1368 856 1394 883 te
1408 855 1626 884 mundissima>

1203 902 1393 938 consurgens
1407 901 1497 939 Virgo
1512 902 1622 932 florida

1169 950 1211 978 Ex
1227 948 1314 978 {srael
1329 949 1366 985 (ὁ)
1380 949 1566 986 prophetice,

1168 996 1316 1025 Promissa
1329 995 1418 1032 Virgo
1432 996 1528 1025 nitida
1536 1018 1546 1032 ,

1168 1043 1278 1072 Diceris
1292 1043 1378 1080 virga
1392 1043 1527 1080 mystice.

1169 1090 1330 1126 Egrediens
1348 1089 1386 1119 de
1406 1090 1507 1119 radice

1167 1139 1263 1172 lesse,
1282 1139 1388 1174 potens
1403 1139 1431 1166 et
1448 1137 1565 1173 valida,

1170 1184 1286 1213 Florem
1301 1184 1417 1221 profers
1432 1184 1557 1214 mirifice
1566 1207 1575 1221 ‚

1174 1232 1262 1268 Virgo
1278 1233 1431 1269 materque
1446 1232 1580 1268 gravida.

1206 1280 1247 1307 Tu
1262 1287 1293 1307 es
1308 1279 1411 1315 virga,
1425 1281 1458 1307 tu
1473 1287 1504 1308 es
1518 1280 1602 1309 stella
1614 1302 1624 1316 ,

1169 1328 1210 1354 Tu
1225 1333 1256 1354 es
1271 1325 1371 1361 gratiae
1385 1326 1512 1361 fluvius,

1172 1372 1289 1401 Deitatis
1304 1372 1418 1401 munda
1432 1373 1508 1401 cella
1514 1394 1525 1409 ,

1170 1420 1297 1449 Genitrix
1306 1441 1315 1455 ‚
1330 1420 1415 1456 eujus
1430 1420 1519 1448 Filius

1173 1467 1239 1495 Flos
1254 1467 1376 1502 dieitur,
1392 1470 1420 1496 et
1433 1467 1552 1503 radius,

1172 1514 1327 1543 eharitatis
1343 1514 1471 1543 tundens
1485 1515 1576 1544 mella
1588 1537 1596 1550 ,

1174 1561 1256 1589 coelo
1272 1561 1374 1589 lucens
1390 1562 1423 1597 (c)
1438 1562 1584 1598 superius,

1174 1607 1314 1636 Mundum
1329 1616 1450 1637 servans
1464 1617 1482 1637 a
1497 1609 1638 1646 procella.

1208 1658 1277 1690 Ave,
1295 1655 1382 1691 Virgo
1397 1655 1519 1685 fertilior

1175 1702 1319 1730 Universis
1334 1702 1504 1731 arboribus.

1174 1754 1251 1784 Ave,
1269 1749 1354 1777 stella
1368 1749 1512 1786 fulgidior

1175 1796 1321 1824 Universis
1334 1796 1499 1832 sideribus;

1177 1843 1284 1879 Factis,
1301 1843 1403 1878 dictis,
1419 1844 1594 1880 virtutibus,

1177 1891 1322 1919 Universis
1337 1891 1522 1927 praestantior
1535 1902 1543 1928 ς

1176 1939 1322 1967 creaturis
1334 1939 1508 1968 hominibus
1518 1962 1526 1972 ,

1175 1987 1278 2014 Custos
1293 1988 1321 2014 et
1335 1987 1421 2022 quies
1437 1987 1539 2015 tutior.

1053 2072 1093 2099 Nl.
1114 2072 1244 2106 Ft'qurata
1264 2073 1321 2104 suit
1338 2079 1386 2106 per
1410 2072 1534 2098 concham
1556 2072 1685 2100 Gedeonis

1284 2114 1396 2141 habetur
1414 2113 1531 2149 (Judic.,
1547 2116 1599 2150 vi).

1212 2180 1253 2206 't'u
1268 2178 1415 2207 Gedeonis
1430 2178 1532 2207 rorida

1176 2225 1294 2254 Concha
1311 2225 1436 2253 coelestis
1451 2225 1574 2261 diceris,

1179 2274 1253 2301 [tore
1266 2280 1393 2300 manans
1409 2274 1436 2300 et
1450 2272 1543 2301 fluida

1178 2322 1254 2348 Lana
1271 2327 1441 2355 compressa
1458 2319 1586 2348 velleris,

1177 2366 1270 2394 Divini
1286 2366 1367 2394 dono
1384 2366 1531 2400 muneris,

1176 2415 1216 2441 Tu
1232 2421 1350 2449 semper
1364 2421 1466 2441 manes
1481 2413 1605 2442 madida
1622 2423 1629 2441 :

1175 2460 1317 2489 solatium
1332 2460 1386 2488 das
1396 2460 1526 2495 miseris;

1175 2507 1232 2536 Sed
1255 2509 1331 2535 terra
1346 2510 1447 2535 manet
1467 2507 1561 2536 arida.

1213 2556 1301 2582 Verus
1317 2554 1441 2582 eoelestis
1456 2554 1586 2582 fluminis

1174 2604 1266 2630 Tuam
1282 2601 1428 2629 concham
1442 2601 1596 2629 munditiae

1176 2651 1232 2678 Ros
1247 2648 1388 2685 replevit,
1405 2647 1479 2677 dum
1493 2648 1624 2677 numinis

1687 2094 1694 2104 ,
1721 2072 1754 2100 de
1779 2081 1833 2109 qua
