2029 3052
222 241 284 272 214

511 339 638 368 Psiuus
655 338 720 367 ¹05.

260 402 447 432 confitemini
458 402 589 432 Dominae
598 402 719 438 nostroe,
731 401 876 439 quoniam
891 400 1009 430 bonum

225 452 268 479 cst
283 459 290 479 :
306 458 360 488 per
377 452 498 479 cunctas
517 449 613 478 tribus
631 451 716 478 terrm
735 450 871 478 enarrate
891 447 1008 477 miseri-

225 497 344 527 cordias
358 497 433 534 ejus.
554 530 558 533 =

262 546 361 582 Longe
380 546 424 573 est
445 544 485 573 ab
504 544 606 582 impiis
620 543 807 573 conversatio
823 544 888 580 ejus
905 551 912 572 :
929 551 947 572 a
960 542 1011 571 via

225 591 365 621 Altissimi
378 599 441 620 non
455 591 617 620 declinavit
630 599 684 628 pes
703 591 777 628 ejus.

262 640 339 668 Fons
352 638 502 675 irrigantis
516 638 617 676 gratiae
630 638 768 676 procedit
781 638 820 667 de
836 645 888 667 ore
903 637 985 666 illius
1002 646 1010 665 ι

227 688 256 716 et
269 686 420 716 emanatio
442 686 597 722 virginalis
617 686 806 716 sanctificans
824 685 940 715 animas
960 692 1011 714 ca-

227 736 296 764 stas.

264 784 336 819 Spes
349 781 386 811 de
401 782 498 818 gloria
511 781 644 819 paradisi
666 782 697 810 in
715 781 805 811 eorde
824 780 906 810 illius
922 789 928 809 :
946 788 1013 818 quoe

228 829 339 858 devoto
354 829 455 858 animo
470 829 713 859 honorificaverit
726 829 823 858 illam.

264 877 398 906 Miserere
412 877 514 910 nostri,
530 877 752 914 fulgentissima
766 877 877 913 Regina
889 876 972 905 ooeli:
987 878 1014 904 et

228 926 334 962 praesta
348 924 585 954 consolationem
599 924 637 953 de
652 924 750 960 gloria
766 926 824 952 tua.

265 971 364 1001 Gloria
379 972 466 1008 Patri,
481 974 536 1001 etc.

519 1056 644 1083 Psimus
665 1055 726 1083 ¹06.

267 1116 455 1146 confitemini
471 1115 609 1151 Domino,
626 1115 771 1152 quoniam
786 1115 902 1143 bonum
918 1123 925 1142 z
943 1121 1015 1143 con-

232 1163 357 1193 fitemini
373 1163 454 1192 Matri
470 1164 545 1199 ejuS,
565 1162 710 1199 quoniam
725 1162 757 1190 in
771 1161 913 1190 saeculum
928 1161 1016 1190 inise-

232 1210 363 1240 ricordia
377 1210 452 1246 ejus.

270 1257 473 1287 innocentiam
493 1259 521 1285 et
542 1257 623 1286 viam
642 1257 808 1294 prudentiae
825 1255 947 1284 ostende
962 1264 1016 1285 no-

232 1305 289 1341 his,
307 1305 451 1334 Domina:
468 1307 496 1332 et
510 1305 591 1333 viam
606 1304 805 1340 intelligentiae
815 1304 914 1332 indica
926 1303 1018 1332 servis

235 1353 301 1381 tuis.

270 1400 369 1428 Timor
386 1399 434 1428 Dei
449 1399 575 1428 illustrat
590 1399 770 1428 intellectum
789 1408 795 1427 :
811 1401 839 1428 et
850 1406 935 1427 amor
952 1401 1019 1426 tuus

235 1447 380 1477 exhilarat
392 1447 487 1475 illum.

275 1497 379 1523 Beatus
392 1494 448 1529 vir,
464 1495 548 1530 cujus
563 1494 718 1531 eloquium
739 1497 781 1522 cst
803 1494 854 1523 tibi
876 1496 993 1530 gratum
1012 1503 1018 1522 :

237 1543 316 1572 illius
339 1550 405 1570 ossa
432 1542 699 1578 impinguabuntur
727 1542 815 1578 adipe
845 1544 871 1570 et
896 1542 1020 1578 pingue-

237 1590 317 1619 dine.

275 1638 432 1675 Eloquium
443 1639 526 1665 tuum
534 1638 675 1665 sustentat
686 1637 817 1664 animam
825 1636 1020 1665 imbecillem:

238 1689 265 1714 et
280 1686 360 1713 labia
375 1688 424 1713 tua
439 1685 618 1712 esurientem
631 1684 765 1712 animuin
782 1683 958 1712 refocillant.

274 1732 372 1761 Gloria
387 1732 473 1766 Patri,
487 1735 541 1760 etc.

527 1815 652 1842 Pslrues
673 1815 736 1841 107.

275 1878 412 1904 Paratum
433 1882 485 1903 cor
507 1882 618 1908 meum,
647 1874 783 1908 lloinina,
815 1875 950 1909 paratum
975 1881 1026 1902 cor

240 1932 341 1952 meum
359 1933 364 1950 :
384 1922 489 1950 laudes
503 1922 554 1949 tibi
569 1920 693 1957 psallere
710 1923 737 1949 et
752 1923 880 1949 cantare.

278 1971 368 2006 Major
379 1972 421 1997 est
433 1970 558 1997 charitas
573 1972 621 1996 lua
631 1969 743 1996 eunctis
754 1969 864 1996 divitiis
879 1979 884 1996 :
897 1971 924 1996 el
933 1969 1027 2004 gralia

242 2020 292 2046 lua
307 2025 396 2053 super
411 2024 519 2044 aurum
535 2019 561 2043 et
578 2016 711 2052 lapidem
727 2016 899 2051 pretiosum.

280 2064 431 2092 lleatitudo
446 2067 472 2091 et
485 2063 596 2098 justitia
612 2063 762 2090 donantur
778 2072 794 2090 a
812 2064 869 2090 lieo
887 2072 892 2090 :
910 2064 960 2098 qui
977 2071 1028 2090 au-

245 2115 301 2140 lein
323 2113 359 2139 de
383 2111 509 2147 peccatis
529 2111 665 2138 conversi
691 2111 796 2138 suerint
820 2111 857 2139 ad
880 2114 916 2144 te,
935 2111 1026 2146 pti-ni-

245 2160 339 2187 tentae
356 2159 522 2187 reinedinni
538 2162 768 2194 consequentur.

281 2207 450 2234 Eniissionis
467 2209 521 2233 tuw
539 2206 632 2241 gratia
648 2209 675 2234 et
691 2215 749 2242 pax
767 2215 773 2233 :
791 2206 841 2242 qui
858 2209 958 2234 aulem
976 2205 1027 2233 tibi

244 2253 397 2289 placuerit,
415 2253 519 2288 procul
536 2254 583 2281 liet
599 2262 615 2280 a
632 2254 811 2289 perditione.

282 2303 346 2328 Esto
363 2300 573 2327 uinln·a1·uluin
596 2300 785 2335 protectionis
808 2301 837 2327 in
867 2299 1030 2328 tentationi-

245 2348 300 2375 bus
315 2347 420 2375 nostris
434 2356 439 2374 :
459 2347 602 2382 expansio
624 2347 738 2374 alarum
756 2351 873 2375 tuarum
889 2346 1030 2375 delendat

246 2404 300 2423 nos
317 2403 334 2423 a
352 2395 524 2423 devorante.
541 2394 639 2422 Gloria
655 2395 740 2429 Patri,
758 2397 811 2422 ete.

535 2477 659 2503 l‘ssrm's
683 2477 740 2503 108,

285 2537 427 2571 Domina,
448 2537 570 2565 laudern
595 2544 693 2564 incarn
719 2545 753 2563 ne
780 2537 950 2573 de>pexeris
974 2547 978 2564 :
1005 2539 1031 2564 et

248 2585 303 2612 hoe
321 2585 491 2612 dedicatum
513 2584 564 2612 tibi
584 2584 757 2620 psalterium
775 2584 905 2619 digneris
925 2592 1031 2620 aceep—

250 2635 321 2660 lare.

287 2679 406 2714 ltespiee
431 2679 613 2705 voluntatem
639 2678 737 2705 cordis
759 2679 814 2705 inei
832 2687 837 2704 ι
857 2682 882 2705 el
900 2679 1030 2706 allectio-

251 2735 318 2753 neui
336 2734 433 2753 ineam
449 2726 492 2753 iae
510 2725 559 2753 libi
576 2725 830 2760 beneplacentem.

559 237 817 272 PSALTERIUM
835 236 964 270 MAJUS
984 236 1131 270 BEATAE
1151 236 1294 271 MARIAE
1313 217 1501 272 VlRGlNIS.

1097 307 1228 344 Propera
1241 305 1282 336 ad
1295 305 1478 336 visitandum
1498 314 1603 338 servos
1621 309 1692 338 tuoe
1706 303 1789 340 amb*
1801 311 1846 340 te-

1063 355 1206 390 gumento
1223 361 1333 384 manus
1346 356 1404 383 tuoe
1417 353 1503 384 illaesi
1513 356 1738 385 conserventur.
1791 369 1802 373 ·>

1066 428 1069 431 .
1098 392 1350 436 illuminatifim
1369 402 1493 440 Spiritus
1516 403 1611 433 sancti
1628 411 1683 442 per
1704 405 1734 433 te
1754 404 1849 434 susei-

1062 447 1147 493 piant
1162 458 1170 478 ε
1185 449 1216 477 et
1227 448 1415 486 refrigerium
1431 451 1537 480 contra
1548 450 1718 488 cupiditatis
1731 453 1847 481 uastum.

1099 496 1216 526 medere
1239 496 1372 526 contritis
1392 497 1496 532 corde,
1519 498 1646 528 Domina
1665 507 1672 527 :
1696 499 1726 528 et
1747 498 1850 528 refove

1065 551 1118 572 eos
1131 545 1284 580 unguento
1298 543 1426 581 pietatis.
1441 543 1541 574 Gloria
1555 545 1645 582 Patri,
1657 547 1713 575 etc.

1351 626 1477 654 Psmus
1495 625 1559 654 ¹09.

1103 686 1178 715 Dixit
1205 685 1348 716 Dominus
1363 686 1496 716 nomime
1515 687 1625 716 nostrin
1639 696 1647 716 ε
1662 686 1749 724 Sede,
1763 688 1853 717 nater

1068 742 1148 770 mea,
1161 742 1180 763 a
1193 733 1306 763 dextris
1319 733 1403 763 meis.

1103 781 1221 810 Bonitas
1238 783 1267 810 et
1278 781 1417 811 sanctitas
1431 781 1610 818 placuerunt
1623 781 1678 811 tibi
1694 790 1702 810 z
1717 781 1788 811 ideo
1803 789 1852 811 re-

1069 829 1176 866 gnabis
1190 837 1310 859 mecum
1324 829 1355 858 in
1368 830 1522 858 aeternum.

1104 878 1222 906 Corona
1235 876 1466 906 immortalitatis
1485 876 1517 905 in
1536 877 1632 914 capite
1651 878 1754 906 sancto
1773 877 1827 906 tuo
1843 885 1851 905 ε

1069 925 1154 960 cujus
1166 924 1266 960 fulgor
1276 926 1304 953 et
1317 923 1435 952 claritas
1448 931 1512 952 non
1525 924 1725 960 extinguetur.

1105 971 1237 1000 Miserere
1259 971 1362 1007 nostri,
1386 971 1523 1006 Domina,
1552 973 1649 1000 mater
1674 969 1798 999 luminis
1825 972 1855 1000 et

1069 1019 1238 1056 splendoris
1258 1028 1264 1046 :
1287 1018 1424 1047 illumina
1442 1026 1509 1054 nos,
1531 1018 1658 1047 Domina
1673 1016 1804 1047 veritatis
1826 1019 1856 1046 et

1069 1066 1193 1095 virtutis.

1107 1116 1146 1142 De
1167 1113 1312 1142 thesauris
1333 1114 1391 1142 tuis
1416 1113 1541 1142 infunde
1562 1113 1651 1143 nobis
1678 1112 1856 1150 sapientiam

1072 1162 1121 1190 Dei
1137 1171 1144 1189 :
1161 1164 1190 1190 et
1204 1161 1386 1190 intellectum
1409 1161 1584 1198 prudentioe,
1605 1169 1640 1190 ac
1663 1160 1793 1190 formam
1807 1160 1855 1189 di-

1071 1207 1213 1245 sciplinae.
1229 1208 1327 1237 Gloria
1343 1207 1429 1243 Patri,
1444 1210 1498 1236 etc.

1360 1291 1485 1318 Psunus
1507 1291 1567 1319 iio.

1109 1351 1280 1380 confitebor
1293 1351 1356 1386 tibi,
1373 1351 1507 1386 Domina,
1523 1351 1554 1379 in
1570 1353 1631 1380 toto
1647 1350 1749 1380 animo
1763 1358 1832 1380 meo
1848 1359 1855 1379 ε

1074 1399 1251 1436 glorificabo
1267 1401 1294 1427 te
1309 1399 1340 1427 in
1355 1401 1415 1427 tota
1430 1400 1529 1427 mente
1543 1406 1621 1427 mea.

1111 1448 1207 1484 Opera
1229 1446 1330 1482 gratiae
1347 1449 1403 1474 tuae
1423 1445 1692 1474 commorabuntur
1708 1454 1714 1472 :
1732 1446 1761 1474 et
1774 1446 1860 1474 testa-

1076 1496 1208 1523 mentum
1223 1493 1432 1522 misericordiae
1448 1495 1503 1521 tuoe
1518 1495 1584 1521 ante
1596 1492 1737 1521 thronum
1752 1492 1812 1520 Dei.

1114 1543 1166 1570 Per
1188 1544 1214 1569 te
1237 1541 1327 1569 missa
1351 1543 1393 1569 est
1413 1540 1579 1576 redemptio
1594 1547 1612 1568 a
1628 1541 1685 1568 Deo
1704 1550 1710 1566 :
1727 1539 1860 1576 populns

1077 1589 1221 1626 poenitens
1233 1588 1355 1616 habebit
1369 1596 1452 1624 spem
1467 1587 1577 1615 salutis.

1115 1636 1280 1666 lntellectus
1301 1636 1400 1664 bonus
1421 1635 1561 1663 omnibus
1579 1633 1797 1663 honorantibus
1812 1635 1859 1669 ως

1080 1687 1107 1713 et
1121 1692 1185 1712 sors
1201 1683 1321 1711 illorum
1338 1683 1413 1710 inter
1426 1681 1549 1717 angelos
1563 1681 1654 1718 pacis.

1116 1731 1284 1760 Gloriosum
1306 1733 1333 1758 et
1357 1729 1534 1758 admirabile
1559 1731 1602 1757 est
1623 1736 1734 1757 nomen
1754 1730 1862 1756 tuum:

1081 1779 1133 1816 qui
1152 1778 1227 1806 illud
1251 1778 1387 1811 retinent,
1411 1785 1473 1804 non
1495 1779 1690 1813 expavescent
1705 1775 1735 1804 in
1750 1777 1862 1813 puncto

1082 1826 1193 1855 mortis.
1211 1825 1309 1853 Gloria
1324 1824 1410 1859 Patri,
1424 1826 1479 1852 etc.

1371 1906 1495 1933 Psiriws
1516 1907 1576 1933 itt.

1120 1969 1223 1996 Beatus
1237 1967 1292 2001 vir,
1311 1966 1363 2003 qui
1389 1966 1469 1994 timet
1490 1966 1646 1994 Dominam
1669 1974 1675 1992 :
1700 1966 1726 1993 et
1745 1964 1867 1993 beatum

1084 2024 1146 2049 eor,
1162 2014 1245 2051 quod
1261 2013 1356 2049 diligit
1368 2013 1460 2041 illam.

1119 2062 1271 2090 iucundus
1292 2061 1394 2094 homo,
1411 2060 1463 2096 qui
1481 2067 1541 2087 non
1554 2059 1675 2087 satiatur
1690 2058 1781 2087 laude
1795 2060 1863 2093 tua;

1085 2113 1112 2138 et
1124 2118 1141 2137 a
1157 2109 1249 2137 relatu
1267 2108 1407 2135 virtulum
1423 2109 1540 2134 tuarum
1557 2114 1617 2134 non
1632 2106 1779 2142 fatigatur.

1122 2158 1261 2184 Exortum
1275 2157 1317 2182 est
1332 2154 1362 2182 in
1378 2153 1465 2181 corde
1482 2153 1561 2181 illius
1578 2153 1679 2181 lumen
1695 2153 1743 2181 Dei
1757 2162 1762 2180 :
1779 2152 1869 2189 Spiri—

1086 2208 1130 2233 tus
1145 2206 1263 2232 sanetus
1280 2202 1427 2230 illuminat
1443 2201 1667 2236 intelligentiam
1687 2200 1760 2236 ejus.

1123 2252 1272 2287 Disperge,
1290 2249 1424 2283 Domina,
1442 2249 1568 2284 gratiam
1585 2251 1665 2276 tuam
1685 2247 1867 2284 pauperibus

1087 2299 1142 2326 tuis
1159 2308 1164 2326 :
1181 2298 1340 2325 esurientes
1356 2296 1466 2330 refove,
1485 2298 1512 2323 et
1527 2303 1647 2331 egenos,

1124 2348 1153 2374 ln
1168 2345 1314 2373 memoria
1327 2347 1435 2372 {eterna
1455 2345 1529 2372 liunt
1546 2351 1598 2380 per
1617 2345 1644 2370 te
1665 2342 1788 2371 nomina
1808 2351 1814 2369 :
1831 2341 1869 2370 ab

1087 2393 1190 2421 auditu
1205 2392 1330 2420 terribili
1347 2399 1407 2419 non
1424 2390 1549 2427 trepidet
1561 2398 1612 2418 cor
1625 2392 1768 2418 nostrum.

1123 2440 1221 2468 Gloria
1238 2439 1323 2473 Patri,
1339 2441 1392 2467 cte.

1377 2522 1502 2547 Psltmius
1521 2520 1532 2546 1
1542 2518 1582 2545 ¹2.

1126 2582 1264 2616 Laudato,
1282 2581 1376 2617 pueri,
1394 2581 1512 2608 Matrem
1528 2578 1577 2606 Dei
1600 2587 1606 2606 :
1631 2577 1805 2614 glorificate,
1825 2585 1870 2606 se-

1090 2638 1151 2664 nes,
1168 2637 1277 2657 nomen
1294 2630 1367 2663 ejus.

1126 2677 1282 2705 Benedicta
1299 2675 1333 2702 >it
1352 2674 1439 2702 ⁴ilai-ia
1460 2674 1546 2701 Mater
1561 2672 1664 2700 Christi
1682 2681 1688 2700 :
1707 2672 1772 2709 ipsa
1790 2672 1869 2701 enim

1090 2728 1131 2752 est
1147 2725 1194 2752 via
1209 2724 1247 2752 ad
1262 2723 1387 2759 patriam
1402 2719 1569 2749 sanctitatis.
