2029 3052
266 219 326 250 218

266 288 294 315 te
308 285 413 316 volunt
440 286 581 323 diligere,
605 293 668 315 non
695 283 909 314 defraudentur
931 291 950 313 a
975 283 1048 312 fide.

303 333 403 363 Gloria
416 333 502 370 Patri,
518 335 573 363 etc.

556 416 684 443 Psnnus
700 414 762 442 126.

304 477 374 512 Nisi,
391 477 525 511 Domina,
539 473 733 504 (edificavet-is
743 474 869 502 domum
881 473 981 502 cordis
994 480 1051 501 no-

269 524 319 553 stri
325 534 334 560 3
350 532 411 553 non
424 522 612 561 permanebit
625 521 785 551 aedificium
800 522 874 558 ejus.

305 570 429 600 AEdifica
443 578 498 599 nos
513 569 610 606 gratia
624 571 653 598 et
667 569 774 597 virtute
788 569 839 597 tua
855 577 862 596 z
879 569 912 596 ut
927 575 1051 596 manea-

270 626 336 646 mus
351 617 430 646 firmi
445 617 475 645 in
489 618 677 654 perpetuum.

305 665 496 694 Benedictum
509 664 546 692 sit
560 663 715 701 eloquium
728 664 812 692 tuum
829 672 836 691 ε
853 664 881 691 et
894 661 1052 691 benedicta

270 713 328 741 sint
343 711 446 741 omnia
459 711 554 740 verba
568 711 628 740 oris
643 711 695 739 tui.

307 760 522 790 Benedicamur
536 767 554 788 a
570 761 640 794 Deo,
657 758 746 796 quite
760 756 944 786 benedicunt
959 763 966 782 :
981 757 1009 784 et
1023 755 1053 783 in

269 808 419 844 justorum
432 815 559 836 numero
575 807 795 842 computentur.

308 855 446 890 Benedic,
462 854 597 888 Domina,
611 855 638 882 te
653 852 881 882 benedicentes:
903 853 931 880 et
945 858 982 879 ne
997 858 1052 879 un-

273 910 365 940 quam
387 903 502 930 avertas
521 901 560 930 ab
582 901 623 929 eis
636 900 800 937 gratiosum
818 898 934 927 vultum
957 900 1052 926 tuum.

309 949 409 979 Gloria
423 948 510 983 Patri,
526 949 580 977 etc.

563 1030 690 1057 Psnmus
706 1029 768 1056 127.

311 1090 388 1119 Beati
404 1097 519 1124 omnem,
535 1089 586 1126 qui
607 1089 710 1117 timent
731 1087 886 1116 Dominam
902 1088 1054 1116 nostram:

277 1140 305 1167 et
318 1137 398 1166 beati
421 1144 535 1171 omnes,
559 1136 611 1172 qui
638 1136 733 1166 sciunt
754 1135 851 1163 facere
872 1134 1058 1162 voluntatem

277 1188 370 1220 tuam,
385 1187 412 1213 et
427 1183 648 1220 beneplacitum
662 1185 755 1210 tuum.

313 1231 461 1261 Benedicti
480 1232 547 1259 sunt
569 1232 652 1266 pater
672 1232 699 1258 et
720 1231 815 1258 mater
838 1229 889 1266 qui
906 1230 931 1257 te
947 1235 1059 1264 genue-

277 1282 346 1310 runt
359 1289 365 1308 :
383 1287 513 1317 quorum
528 1278 673 1307 memoria
688 1279 844 1314 permanet
859 1277 889 1304 in
905 1275 1056 1304 soeeulum.

315 1327 488 1356 Benedictus
503 1329 545 1355 est
561 1328 672 1360 venter,
689 1326 740 1362 qui
756 1327 782 1352 te
797 1324 926 1361 portavit
942 1333 948 1351 :
965 1325 993 1351 et
1008 1323 1060 1351 be-

279 1375 397 1404 nedicta
411 1374 468 1402 sint
482 1374 586 1412 ubera,
605 1381 670 1409 quse
685 1374 711 1400 te
727 1372 918 1400 lactaverunt.

316 1423 459 1450 Converte
484 1420 719 1449 misericordiam
740 1422 820 1447 tuam
835 1426 924 1455 super
938 1425 993 1446 nos
1010 1427 1016 1445 :
1033 1420 1061 1445 et

282 1469 480 1506 deprecabilis
495 1470 557 1496 esto
571 1475 661 1504 super
680 1475 781 1495 servos
797 1469 871 1494 tuos.

317 1518 442 1551 Intuere,
458 1518 485 1544 et
499 1515 611 1551 respice
626 1514 824 1551 opprobrium
839 1515 972 1541 nostrum
986 1522 992 1540 :
1010 1520 1062 1540 au·

282 1565 325 1593 fer
339 1572 356 1592 a
372 1563 459 1592 nobis
474 1565 594 1591 cunctas
611 1562 779 1598 iniquitates
794 1563 918 1589 nostras

317 1611 415 1640 Gloria
430 1610 515 1645 Patri,
533 1611 586 1637 etc.

566 1694 691 1719 l’mmius
710 1692 772 1719 12⁸.

313 1756 395 1791 Soepe
411 1754 657 1790 expugnaverunt
667 1760 713 1780 me
729 1759 746 1779 a
758 1751 912 1787 juventute
928 1758 993 1778 mea
1010 1750 1063 1777 ini-

278 1802 345 1831 mici
362 1802 418 1830 mei
433 1811 438 1829 :
453 1801 548 1829 libera
563 1809 623 1835 rue,
639 1800 773 1833 Domina,
790 1801 817 1826 et
831 1798 952 1826 vindica
962 1806 1008 1826 me
1023 1798 1061 1826 ab

278 1850 358 1886 ipsis.

314 1899 352 1925 Ne
366 1896 418 1924 des
433 1895 490 1923 illis
506 1896 680 1931 potestatem
699 1894 727 1921 in
745 1893 875 1921 animam
888 1900 1001 1920 meam:
1014 1900 1063 1920 cu-

279 1943 356 1972 stodi
372 1943 473 1971 omnia
488 1943 637 1976 interiora,
655 1944 682 1969 et
698 1941 843 1969 exteriora
859 1948 934 1967 inea.

315 1991 419 2019 Obtine
449 1990 536 2017 nobis
563 1989 680 2016 venian]
714 1990 904 2024 peccatorum
922 1996 927 2014 ς
955 1995 1007 2022 per
1037 1989 1062 2013 to

281 2038 402 2074 Spiritus
419 2037 509 2064 sancti
526 2037 620 2071 gratia
635 2036 720 2063 nobis
737 2035 831 2062 detur.

319 2087 372 2112 Fac
389 2093 443 2112 nos
459 2084 548 2119 digne
574 2087 601 2110 vt
626 2083 815 2110 laudabiliter
838 2082 980 2118 pmnitcre
1000 2091 1005 2108 ;
1032 2083 1063 2108 ut

282 2133 369 2160 beato
382 2132 441 2159 tine
457 2132 495 2159 ad
513 2133 602 2158 Deum
619 2131 783 2158 veniamus.

318 2179 466 2207 macutum
493 2181 559 2206 tunc
577 2180 604 2205 ct
625 2177 846 2205 soi-enissimum
861 2176 950 2204 nobis
966 2178 1062 2204 osten-

284 2227 339 2254 de:
357 2226 520 2260 gloriosum
542 2225 667 2252 fructum
684 2224 794 2251 ventris
812 2223 862 2251 tui.

321 2273 419 2301 Gloria
435 2273 519 2306 l‘atri,
537 2275 589 2299 etc„

575 2355 700 2380 Psitmius
719 2354 776 2379 ΒΩ.

324 2419 361 2445 De
377 2415 534 2453 profundis
554 2414 680 2442 clamavi
697 2414 735 2442 ad
751 2417 787 2448 te,
805 2414 927 2442 Domina
943 2422 948 2439 z
969 2412 1066 2440 Domi-

287 2473 336 2499 na,
354 2464 462 2492 exaudi
478 2470 582 2491 vocem
599 2470 706 2489 ineam.

322 2512 404 2539 Fiant
420 2518 505 2538 aures
523 2512 577 2537 tuae
590 2509 793 2537 intendente-<1
809 2508 837 2535 in
852 2516 955 2535 vocem
971 2507 1068 2535 laudis

288 2561 315 2586 et
329 2557 552 2593 glorificationis
570 2558 634 2584 ture.

325 2605 428 2633 Libera
443 2613 490 2632 :ne
508 2604 544 2632 de
561 2611 651 2632 manu
663 2602 901 2631 adversariorum
916 2609 1066 2630 nieorum:

322 2702 354 2729 (ιι)
372 2700 433 2724 Czrl¹
453 2700 515 2723 erlzl.
532 2699 657 2724 exultatis.

601 215 854 251 PSALTERIUM
875 214 1002 249 MAJUS
1023 214 1170 248 BEATAE
1189 213 1329 247 MARIAE
1350 214 1545 248 VlRGlNlS.

1105 283 1255 312 confunde
1269 283 1390 320 ingenia
1404 285 1434 312 et
1446 284 1571 312 conatus
1584 289 1690 312 eorum
1703 283 1807 312 eontra
1822 290 1882 312 me.

1126 331 1215 379 ’Erue
1228 338 1277 360 me
1290 331 1323 359 in
1334 330 1383 360 die
1396 330 1478 359 mala
1486 340 1495 358 ε
1511 332 1540 359 et
1548 329 1580 358 in
1590 329 1639 359 die
1648 329 1752 358 mortis
1760 337 1800 358 ne
1807 329 1885 359 obli-

1105 381 1226 402 viscaris
1240 381 1347 402 animae
1361 381 1444 402 meae.

1140 420 1241 450 Deduc
1263 429 1312 449 me
1335 420 1375 449 ad
1397 422 1518 458 portum
1543 419 1667 449 salutis:
1695 418 1772 448 inter
1791 418 1886 454 iustos

1105 469 1252 498 scribatur
1264 476 1376 498 nomen
1390 476 1501 497 meum.
1517 467 1616 497 Gloria
1630 466 1718 502 Patri,
1733 468 1788 495 ete.

1393 550 1522 578 Pennus
1534 549 1598 578 130.

1142 612 1278 648 Domina,
1293 619 1356 640 non
1370 614 1413 640 ast
1421 611 1581 641 exaltatum
1589 618 1642 640 eor
1655 618 1776 640 meum:
1791 617 1889 647 neque

1107 659 1259 688 sublimati
1274 661 1342 688 sunt
1356 659 1436 688 oculi
1451 659 1519 687 mei.

1143 706 1296 735 Benedixit
1308 708 1336 735 te
1351 706 1492 735 Dominus
1507 705 1538 734 in
1551 705 1658 734 virtute
1671 712 1725 733 sua
1740 713 1748 732 =
1771 703 1823 741 qui
1835 711 1890 741 per

1109 756 1136 783 te
1151 754 1191 783 ad
1205 754 1333 782 nihilum
1347 753 1463 790 redegit
1477 752 1613 781 inimicos
1627 754 1753 780 nostros.

1146 801 1319 830 Benedictus
1340 801 1386 836 sit,
1408 801 1460 838 qui
1483 802 1511 829 te
1525 799 1740 828 sanctificavit:
1756 800 1785 827 et
1800 805 1889 826 mun-

1111 848 1181 877 dam
1193 847 1230 876 de
1244 848 1346 876 matris
1361 850 1446 876 utero
1461 849 1488 876 te
1497 846 1650 885 produxit.

1146 895 1320 924 Benedictus
1332 895 1378 930 sit,
1390 895 1442 932 qui
1454 897 1480 923 te
1493 893 1703 923 obumbravit:
1720 894 1749 921 et
1759 900 1814 921 sua
1826 899 1893 928 gra-

1111 942 1152 971 tia
1167 944 1194 970 te
1209 942 1399 970 foeoundarit.

1148 989 1275 1018 Benedic
1291 997 1358 1024 nos,
1373 989 1508 1024 Domina,
1523 990 1551 1016 et
1565 987 1700 1016 conforta
1712 995 1768 1015 nos
1780 986 1810 1014 in
1825 994 1892 1022 gra-

1111 1037 1151 1066 tia
1165 1038 1216 1065 tua
1229 1046 1236 1064 :
1253 1039 1285 1064 ut
1298 1045 1351 1073 per
1366 1038 1393 1064 te
1407 1039 1474 1064 ante
1486 1037 1679 1072 conspectum
1695 1033 1809 1063 Domini
1821 1041 1895 1070 prse-

1111 1086 1271 1112 sentemur.
1287 1083 1384 1112 Gloria
1400 1083 1485 1118 Patri,
1501 1084 1556 1110 etc.

1402 1168 1527 1196 Psitnus
1544 1168 1606 1195 131.

1149 1230 1304 1264 Memento,
1330 1228 1464 1263 Domina,
1491 1227 1584 1257 David
1598 1237 1605 1256 :
1622 1228 1650 1256 et
1661 1226 1797 1256 omnium
1808 1226 1894 1254 invo-

1114 1277 1243 1306 cantium
1258 1284 1367 1304 nomen
1382 1279 1477 1303 tuum.

1149 1326 1189 1352 Da
1203 1324 1290 1352 nobis
1305 1323 1335 1350 in
1351 1323 1472 1351 nomine
1488 1324 1539 1350 tuo
1555 1321 1712 1350 fiduciam:
1730 1323 1759 1349 et
1773 1319 1897 1350 consun-

1115 1372 1224 1400 dantur
1238 1370 1399 1399 adversarii
1417 1370 1518 1398 nostri.

1151 1418 1310 1447 consolare
1318 1418 1410 1446 nosin
1427 1419 1503 1446 terra
1512 1416 1759 1453 peregrinationis
1774 1417 1894 1444 nosti-m:

1116 1468 1144 1495 et
1159 1466 1259 1494 releva
1273 1466 1477 1501 paupertatem
1494 1465 1636 1491 nostram.

1152 1515 1191 1541 Da
1207 1513 1293 1541 nobis
1308 1520 1416 1548 panem
1435 1510 1648 1547 lacrymarum,
1669 1510 1756 1545 Virgo
1774 1511 1875 1538 sancta
1889 1518 1895 1537 :

1117 1564 1144 1590 et
1158 1561 1295 1589 dolorem
1311 1562 1500 1596 peccatorum
1512 1558 1541 1586 in
1553 1561 1628 1586 terra
1637 1557 1783 1586 incolatus
1793 1557 1895 1585 nostri.

1155 1608 1255 1636 Redde
1270 1607 1357 1634 nobis
1380 1605 1542 1642 propitium
1561 1605 1752 1633 benedictum
1769 1604 1895 1632 fructum

1118 1654 1226 1682 ventris
1243 1654 1281 1681 tui
1300 1662 1305 1681 ε
1323 1656 1352 1681 ut
1368 1653 1490 1689 Spiritus
1504 1652 1595 1680 sancti
1612 1653 1705 1687 gratia
1716 1651 1895 1687 repleamur.

1155 1701 1253 1730 Gloria
1270 1700 1354 1734 Patri,
1371 1702 1424 1728 etc.

1406 1783 1533 1810 l'sitmus
1549 1781 1610 1809 132.

1156 1847 1226 1873 Ecce
1245 1851 1337 1880 quam
1353 1843 1479 1876 bonum,
1500 1844 1528 1869 et
1547 1849 1638 1878 quam
1651 1841 1828 1876 Jucundum‚
1845 1842 1899 1870 Ma-

1120 1893 1181 1921 ria:
1199 1892 1323 1927 diligere
1336 1897 1446 1917 nomen
1463 1892 1555 1917 tuum.

1157 1941 1344 1974 Unguentum
1367 1938 1504 1971 effusum,
1526 1939 1552 1964 et
1573 1936 1768 1964 aromaticum
1789 1937 1832 1963 est
1846 1943 1899 1963 no-

1123 1995 1189 2015 men
1206 1990 1288 2013 tuum
1303 1995 1308 2013 :
1326 1984 1518 2020 diligentibus
1534 1984 1641 2020 ipsum.

1156 2034 1302 2067 Quoniam
1326 2040 1435 2067 magna
1457 2031 1614 2058 multitudo
1637 2029 1803 2057 dulcedinis
1824 2032 1901 2064 tum,

1123 2082 1245 2109 Domina
1262 2090 1267 2107 :
1285 2088 1375 2116 quani
1392 2078 1560 2115 pr21³parasti
1577 2077 1766 2112 diligentibus
1783 2078 1811 2103 et
1833 2083 1901 2112 spe-

1120 2128 1255 2157 rantibus
1272 2128 1300 2154 in
1316 2130 1351 2154 te.

1160 2177 1224 2203 Esto
1235 2174 1382 2209 refugium
1394 2180 1559 2209 pauperum
1571 2172 1599 2199 in
1613 2170 1819 2199 tribulatione:
1832 2170 1903 2206 quia

1122 2225 1151 2251 tu
1167 2231 1197 2250 cs
1214 2221 1337 2249 baculus
1352 2227 1518 2256 pauperum
1534 2221 1561 2246 et
1578 2219 1764 2246 miserorum.

1160 2269 1321 2301 inveniant,
1343 2275 1454 2303 quaeso,
1476 2266 1599 2301 gratiani
1622 2265 1703 2301 apud
1720 2267 1829 2293 Deum:
1851 2264 1904 2300 qui

1124 2320 1150 2345 te
1168 2317 1198 2343 in
1214 2315 1274 2343 suis
1290 2314 1512 2342 necessitatibus
1528 2313 1717 2341 invocabunt.

1160 2363 1260 2391 Gloria
1278 2362 1362 2397 Patri,
1379 2364 1432 2389 etc.

1414 2444 1537 2470 l‘sAmius
1557 2443 1616 2469 133.

1163 2506 1232 2531 Ecce
1248 2510 1326 2530 nunc
1349 2501 1514 2530 benedicite
1540 2500 1711 2528 Dominam:
1734 2506 1837 2527 omues
1852 2498 1904 2535 qui

1126 2550 1249 2587 speratis
1265 2550 1294 2576 in
1309 2549 1430 2576 nomine
1446 2550 1546 2576 sancto
1562 2547 1634 2582 ejus.
1653 2575 1658 2581 ,

1162 2597 1291 2625 Gaudete
1314 2596 1424 2631 gaudio
1449 2603 1570 2630 niagno,
1595 2593 1645 2629 qui
1665 2592 1798 2621 exaltatis
1814 2593 1851 2628 (a)
1877 2594 1905 2621 et

1128 2644 1299 2680 glorificatis
1317 2652 1402 2671 eain:
1429 2642 1500 2678 quia
1521 2640 1692 2669 laetabimini
1714 2640 1752 2668 ab
1773 2640 1905 2668 ubertate

1129 2693 1340 2721 consolationis
1355 2692 1427 2726 ejus.
