2029 3052
226 207 287 238 522

224 274 287 306 hoc
307 273 477 314 imponant
495 273 725 314 singulariter,
749 280 825 303 cum
846 271 909 312 ipsi
941 280 1007 303 non

225 328 418 360 abscondant
431 327 551 360 scelera
560 336 629 366 sua,
646 326 702 358 sed
715 335 773 367 per
788 325 864 357 faeti
878 325 1007 357 eviden-

224 382 303 414 tiam
323 382 476 414 omnibus
494 391 532 413 ea
550 380 729 422 propalent,
746 381 778 412 et
794 379 889 411 nobis
909 380 1007 411 etiam

224 436 414 475 tacentibus,
425 435 575 468 omnibus
587 435 737 475 ingerant
751 433 824 466 inde
839 433 1008 466 materiam

225 489 424 522 detrahendi.
447 489 577 521 Utinam
603 498 663 520 nos
692 487 750 520 soli
773 497 812 519 ea
839 488 1005 520 sciremus.

225 542 354 574 Utinam
378 543 423 574 ita
445 544 551 574 essent
573 542 697 574 occulta
722 551 836 574 eorum
863 544 1004 583 peccata,

225 598 311 638 quod
325 597 429 637 nobis,
446 606 484 629 ea
497 598 632 638 prodere
651 597 845 636 volentibus,
861 606 927 628 non
941 605 1009 628 cre-

225 651 366 691 deretur,
383 652 414 683 et
429 651 586 683 mendacii
599 653 631 683 et
641 651 843 683 detractionis
857 660 876 682 a
889 650 1008 692 populo

224 713 450 746 argueremur.
465 704 493 737 N
496 715 557 737 unc
567 707 676 737 autem
686 706 767 738 tanti
781 707 813 737 et
825 707 893 737 tam
907 705 1008 746 aperti

224 760 303 791 sunt
313 759 492 791 multorum
507 769 668 799 excessus,
679 759 766 801 quod
775 759 848 791 laici
857 761 1008 800 arguunt

223 822 295 853 nos,
311 823 387 846 cum
401 813 540 845 aliorum
553 814 635 846 vitia
648 813 683 845 in
695 813 920 854 praedicatione
934 815 1008 845 tan-

224 877 354 909 gamus,
378 877 478 909 quare
498 869 567 898 tam
589 867 754 907 enormia,
781 869 813 899 et
832 870 953 909 aperta,
977 870 1009 900 et

224 922 337 962 multa,
355 923 387 953 et
412 921 520 962 magis
540 922 656 954 nociva
679 921 869 953 clericorum
891 922 1009 954 scelera

224 987 290 1010 non
311 977 598 1019 reprehendamus,
620 986 694 1010 cum
717 987 782 1009 non
802 977 915 1009 debeat
939 987 1009 1010 esse

224 1041 436 1074 personarum
463 1033 602 1074 acceptio
623 1032 709 1074 apud
736 1032 879 1065 veritatis
896 1032 1008 1064 docto—

224 1096 318 1127 rem,
342 1096 402 1119 nec
422 1096 480 1128 pro
506 1087 640 1126 timore,
665 1087 718 1119 vel
741 1087 873 1125 favore,
896 1086 1009 1118 debeat

225 1144 368 1184 apertam
391 1142 561 1174 veritatem
589 1144 715 1181 tacere,
737 1144 768 1173 et
792 1142 855 1173 hoc
878 1142 1010 1181 gravius

224 1197 430 1237 redarguere,
449 1196 534 1237 quod
558 1198 605 1228 est
624 1195 784 1234 nocivius,
796 1197 828 1227 et
847 1205 912 1236 quo
928 1195 1010 1227 Deus

225 1251 331 1291 magis
354 1251 526 1282 offenditur
556 1251 589 1281 in
609 1259 826 1291 quocumque.
855 1249 930 1281 Inde
949 1251 1006 1288 est,

225 1305 312 1346 quod
327 1306 457 1345 propter
472 1304 532 1336 1100
548 1304 698 1344 cogimur
713 1304 874 1335 interdum
888 1304 1009 1345 aliquid

225 1359 264 1390 de
284 1359 474 1390 clericorum
496 1359 678 1390 excessibus
701 1360 847 1398 tangere,
860 1368 901 1389 ne
915 1360 1010 1398 pute-

226 1422 302 1444 mur
316 1422 357 1444 ex
369 1413 485 1444 timore
499 1415 615 1450 tacere,
628 1412 733 1445 velex
744 1413 869 1453 privato
885 1413 1007 1452 favore,

225 1467 319 1508 quasi
332 1477 406 1499 cum
421 1467 498 1508 ipsis
513 1469 622 1498 contra
636 1467 733 1498 laicos
747 1467 866 1507 pariter
881 1467 1009 1508 conspi-

225 1521 426 1560 raverimus;
444 1523 475 1552 et
487 1523 524 1552 ut
539 1520 611 1551 laici
626 1520 840 1561 aequanimius
854 1521 967 1558 serant,
984 1521 1011 1552 si

226 1584 280 1607 eos
301 1575 506 1616 corripimus,
521 1575 676 1612 videntes,
698 1574 783 1615 quod
807 1584 865 1605 nec
889 1574 1012 1606 clericis

226 1630 408 1671 parcimus3
425 1631 456 1661 et
475 1629 617 1660 maxime
634 1631 670 1660 ut
692 1629 811 1661 veritas
839 1628 1011 1668 Evangelii

227 1685 391 1722 servetur,
408 1692 481 1724 quae
496 1683 643 1714 omnium
667 1685 799 1723 peccata
815 1683 1009 1722 detestatur;

228 1747 269 1769 ne
290 1738 381 1769 aliter
398 1739 550 1778 putarent
570 1737 733 1777 simplices
746 1761 753 1775 ,
780 1736 864 1777 quod
885 1740 1013 1777 peccata

228 1802 293 1824 non
301 1792 477 1823 essentDeo
495 1791 635 1830 odibilia,
649 1800 723 1831 quze
738 1800 803 1822 non
818 1791 966 1822 audirent
980 1791 1013 1822 in

230 1846 351 1878 clericis
362 1845 563 1886 reprehendi,
574 1848 603 1876 et
615 1845 720 1876 stultae
739 1845 937 1877 muliercula}
954 1855 1012 1886 pu-

230 1902 334 1932 tarent
357 1909 422 1931 non
437 1909 505 1931 esse
522 1900 669 1931 illicitum
685 1909 758 1930 cum
775 1899 852 1940 ipsis
870 1909 1011 1940 peccare,

231 1955 314 1986 sicut
343 1954 505 1995 aliquibus
534 1963 645 1985 earum
684 1955 797 1985 notum
833 1956 880 1985 est
909 1955 948 1985 ab
964 1955 1014 1986 eis

231 2009 326 2040 fuisse
339 2018 544 2049 persuasum.

275 2064 364 2101 Quod
385 2065 491 2094 autcm
516 2071 582 2094 non
601 2061 744 2092 nitamur
763 2070 817 2093 eos
838 2062 870 2093 in
897 2063 1015 2103 praedi-

234 2118 356 2149 catione
371 2117 577 2154 confundere,
594 2125 653 2146 nec
669 2116 802 2156 populos
818 2116 864 2146 015
882 2117 1016 2149 odibiles

234 2172 383 2210 reddere,
408 2173 509 2211 potest
539 2180 578 2201 ex
613 2170 672 2201 1100
703 2172 847 2210 patenter
870 2173 1012 2211 agnosci,

234 2226 318 2267 quod
341 2226 458 2256 multos
472 2234 584 2255 corum
606 2224 743 2255 defectus
757 2225 887 2264 scimus,
905 2227 1013 2257 011115-

233 2280 435 2318 simulamus,
446 2289 502 2309 1100
512 2279 629 2319 populo
642 2279 846 2319 propalamus
854 2289 1012 2321 expresse,

233 2335 398 2374 parcentes
413 2333 531 2364 eisdem
546 2344 552 2363 2
566 2342 638 2363 cum
655 2333 711 2363 etsi
727 2342 789 2364 non
803 2333 834 2364 in
852 2335 1013 2374 omnibus,

233 2390 342 2419 tamen
363 2388 396 2419 in
418 2388 565 2428 pluribus
587 2397 700 2418 00111111
724 2388 832 2427 [1111105
851 2390 1014 2429 reperian-

234 2445 298 2479 tur,
316 2452 372 2482 per
386 2452 465 2482 quos
481 2443 595 2473 fierent
612 2442 748 2481 despecti
764 2442 893 2482 populo,
910 2444 935 2474 si
952 2446 1016 2476 1·οΙ-

235 2497 339 2527 lenius
361 2506 413 2528 eos
436 2497 561 2537 publice
586 2495 821 2536 p1¹aedica1·‹›.13t
844 2497 903 2529 1100
925 2502 1017 2531 caute

235 2552 390 2589 tacemus,
407 2551 457 2582 1115
472 2551 509 2581 (10
524 2549 638 2581 causis.
657 2548 736 2586 Una,
754 2553 882 2590 propter
903 2562 1013 2592 pacem

237 2606 267 2635 et
283 2605 495 2635 reverentiam
514 2604 600 2642 cleri,
617 2612 657 2634 ne
680 2603 775 2633 laicos
795 2608 905 2636 contra
924 2607 1015 2638 cleri-

237 2666 289 2689 cos
299 2667 511 2698 provocemus
521 2657 560 2689 ad
571 2657 775 2696 discordiam,
788 2668 860 2689 cum
872 2670 929 2700 pro
942 2671 1017 2702 pace

238 2711 324 2751 cleri,
339 2713 367 2744 et
388 2712 483 2743 etiam
506 2712 714 2743 aedificatione
738 2713 859 2752 populi,
876 2724 893 2745 a
909 2715 970 2747 Deo
988 2718 1018 2748 et

700 201 892 236 LissELLUS
912 201 1212 236 APOLOGETICUS
1234 203 1276 238 1N
1295 204 1369 238 EOS

1063 281 1083 304 a
1103 272 1183 305 Sede
1203 273 1385 315 Apostolica
1406 274 1586 316 specialiter
1609 248 1699 308 missi
1726 276 1839 312 simus.

1064 326 1209 360 Secunda
1220 352 1229 367 ,
1253 329 1339 369 quod
1364 338 1430 361 non
1455 339 1623 370 possemus
1647 332 1757 364 tamen
1784 342 1842 374 per

1063 378 1124 411 hoc
1138 380 1309 412 emendare
1322 390 1387 420 005,
1403 390 1462 413 1100
1473 374 1668 414 haberemus
1679 383 1759 416 alios
1771 393 1842 417 me-

1063 433 1173 473 liores,
1193 434 1252 475 qui
1269 435 1316 466 eis
1335 444 1413 467 mox
1433 435 1719 477 substituerentur,
1740 438 1768 470 si
1789 438 1844 470 isti

1063 496 1176 519 omnes
1186 488 1244 529 qui
1253 490 1328 520 sunt
1338 489 1604 530 reprehensibiles
1614 491 1841 532 abjicerentur,

1063 544 1095 574 et
1113 543 1160 574 est
1187 542 1296 574 minus
1322 542 1445 574 malum
1471 543 1579 584 aliquo
1607 545 1702 577 modo
1722 546 1844 579 habere

1063 596 1141 628 istos
1155 605 1254 638 quam
1272 596 1390 636 nullos,
1407 597 1548 629 maxime
1561 607 1636 629 cum
1654 600 1794 642 episcopi
1810 602 1843 633 et

1063 650 1188 691 praelati
1197 659 1262 682 non
1269 650 1470 682 intenderent
1479 651 1672 685 substituere
1681 654 1842 688 meliores,

1064 703 1188 744 Tertia,
1209 705 1295 745 quod
1318 704 1490 737 deserimus
1517 706 1552 737 in
1582 707 1644 739 hoc
1668 707 1764 740 bonis
1785 709 1845 750 qui

1063 760 1139 790 sunt
1152 758 1235 790 inter
1250 767 1315 797 eos,
1329 759 1387 790 etsi
1403 759 1498 800 pauci
1511 760 1587 800 sint,
1599 761 1739 802 quicum
1754 764 1846 795 00010-

1063 813 1109 844 ris
1123 813 1408 852 confunderentur,
1420 823 1494 846 cum
1510 814 1598 846 rudis
1622 816 1759 857 populus
1775 817 1844 850 sine

1063 867 1251 899 discretione
1271 867 1373 899 bonos
1387 870 1419 899 et
1438 868 1540 899 malos
1555 871 1704 911 persequi
1725 871 1846 913 incipe-

1063 924 1124 962 ret,
1140 924 1172 954 et
1185 922 1284 954 odire.
1301 922 1433 961 Quarta,
1449 925 1481 954 et
1496 924 1588 964 quasi
1602 925 1775 966 praecipua,
1789 931 1846 965 ne,

1064 977 1092 1008 si
1108 976 1247 1018 populus
1257 976 1404 1017 perderet
1413 977 1546 1008 omnino
1555 978 1652 1009 fidem
1666 978 1701 1010 in
1711 978 1845 1020 clericis,

1064 1030 1208 1062 haeretici
1223 1030 1441 1070 insurgerent,
1458 1032 1491 1062 et
1504 1032 1700 1064 attraherent
1715 1033 1776 1065 sibi
1790 1043 1847 1075 po-

1064 1084 1192 1126 pulum,
1207 1084 1299 1125 quasi
1321 1093 1397 1116 oves
1416 1085 1582 1117 destitutas
1604 1087 1798 1127 pastoribus,
1813 1089 1848 1120 et

1065 1139 1204 1170 facerent
1222 1148 1276 1170 eos
1290 1138 1468 1178 haereticos,
1483 1139 1659 1180 gloriantes
1673 1141 1759 1182 quod
1773 1151 1847 1174 nos-

1065 1196 1114 1226 tro
1129 1194 1221 1234 quasi
1235 1193 1416 1225 testimonio
1431 1195 1497 1225 tam
1513 1194 1594 1226 viles
1607 1199 1713 1227 essent
1727 1195 1845 1235 clerici,

1065 1248 1151 1289 quod
1175 1247 1284 1279 nullus
1308 1247 1353 1279 eis
1374 1248 1503 1279 obedire
1525 1248 1665 1287 deberet,
1689 1259 1747 1282 nec
1768 1250 1847 1282 doc-

1065 1303 1184 1334 trinam
1205 1311 1318 1334 eorum
1336 1311 1459 1333 curare.
1479 1301 1588 1334 Omnis
1603 1304 1694 1335 'enim
1717 1303 1846 1336 haereti-

1066 1366 1177 1389 corum
1201 1357 1335 1387 intentio
1353 1356 1393 1388 ad
1416 1356 1477 1388 hoc
1499 1357 1612 1396 tendit,
1631 1357 1717 1399 quod
1740 1361 1847 1399 spreto

1066 1412 1150 1444 clero
1165 1411 1210 1443 eis
1228 1411 1374 1442 credatur
1392 1422 1398 1442 ε
1420 1413 1451 1442 et
1465 1411 1504 1443 ad
1528 1412 1590 1443 hoc
1611 1421 1678 1444 non
1699 1414 1849 1446 convenit

1066 1475 1125 1497 nos
1144 1466 1288 1506 ipsorum
1308 1474 1376 1496 esse
1391 1468 1629 1507 cooperatores;
1647 1467 1725 1508 quin
1742 1468 1849 1508 potius

1067 1521 1223 1553 debemus
1246 1522 1357 1551 contra
1378 1529 1448 1559 eos,
1474 1521 1567 1561 quasi
1590 1520 1683 1561 lupos
1706 1530 1847 1562 rapaces,

1067 1575 1150 1606 clero
1166 1578 1197 1606 et
1214 1574 1362 1606 Ecclesiae
1376 1583 1444 1606 esse
1459 1577 1728 1616 propugnatores,
1741 1577 1851 1608 contra

1067 1639 1181 1661 eorum
1206 1630 1367 1660 versutias
1392 1629 1550 1670 populum
1580 1630 1824 1670 praemuniendo
1839 1654 1849 1670 ,

1067 1693 1192 1715 errores
1203 1684 1346 1724 ipsorum
1360 1684 1503 1715 veritatis
1512 1684 1700 1715 testimoniis
1708 1693 1749 1715 ex
1764 1683 1849 1715 Scri-

1067 1738 1169 1779 pturis
1190 1738 1382 1769 authenticis
1397 1738 1600 1769 confutando.
1619 1738 1748 1776 Quinta,
1764 1739 1851 1779 quod

1068 1793 1157 1824 lucra
1185 1793 1388 1831 animarum,
1412 1802 1485 1833 quae
1514 1793 1712 1833 quaerimus,
1736 1793 1852 1825 melius

1068 1856 1301 1888 promovemus
1321 1855 1395 1878 cum
1418 1847 1639 1878 benevolentia
1653 1846 1730 1877 cleri
1751 1848 1782 1877 et
1800 1854 1853 1877 as-

1069 1911 1165 1933 sensu
1182 1911 1189 1933 :
1206 1911 1286 1942 quos
1305 1902 1330 1932 si
1351 1901 1519 1932 indiscrete
1534 1901 1659 1941 agendo
1678 1900 1850 1932 exacerba-

1069 1965 1189 1994 rcmus,
1207 1965 1282 1986 cum
1303 1965 1367 1987 non
1384 1965 1551 1996 possemus
1566 1957 1675 1987 contra
1690 1965 1744 1987 eos
1762 1964 1851 1986 com-

1069 2010 1210 2041 muniter
1226 2010 1412 2050 praevalere,
1429 2009 1637 2050 prohiberent
1656 2019 1714 2041 nos
1728 2010 1854 2041 anima-

1069 2065 1129 2096 bus
1155 2066 1303 2105 prodesse
1335 2065 1557 2105 praedicando,
1583 2067 1614 2096 et
1639 2065 1852 2096 consessiones

1069 2119 1239 2158 audiendo,
1252 2119 1343 2150 etsie
1363 2120 1448 2150 salus
1470 2119 1646 2150 multarum
1668 2119 1852 2150 animarum

1070 2174 1288 2214 impediretur,
1303 2176 1334 2204 et
1351 2173 1440 2204 fieret
1456 2173 1548 2213 quasi
1570 2173 1678 2204 scissio
1694 2173 1728 2203 in
1744 2172 1850 2204 Eccle-

1070 2227 1127 2266 sia,
1142 2228 1221 2258 (111111
1237 2227 1341 2258 clerici
1357 2236 1414 2258 1105
1425 2228 1514 2267 quasi
1530 2227 1685 2267 reprobos
1705 2226 1853 2267 persequi

1070 2281 1255 2321 inciperent,
1273 2283 1302 2312 et
1317 2281 1387 2312 laici
1403 2283 1458 2312 aut
1474 2281 1575 2320 nobis,
1588 2283 1644 2312 aut
1656 2281 1731 2321 ipsis
1746 2281 1854 2312 saven-

1071 2337 1127 2373 tcs,
1140 2336 1255 2366 alteros
1269 2335 1479 2375 despicerent,
1496 2337 1527 2366 et
1546 2335 1591 2366 eis
1608 2335 1737 2366 credere
1758 2343 1851 2366 recu-

1071 2393 1187 2421 sarent.
1206 2390 1331 2421 Etcum
1350 2399 1415 2421 non
1436 2399 1601 2429 possemus
1615 2399 1669 2421 eos
1684 2390 1740 2430 qui
1761 2388 1853 2420 nobis

1073 2445 1217 2475 taverunt
1238 2444 1406 2475 defendere
1420 2453 1437 2475 a
1453 2443 1547 2482 clero,
1569 2444 1646 2484 quin
1667 2452 1720 2475 eos
1742 2441 1852 2472 nobis·

1072 2508 1145 2530 cum
1166 2500 1443 2539 persequerentur,
1465 2500 1496 2528 et
1523 2496 1851 2534 excommunicarent,

1072 2553 1199 2584 tandem
1226 2561 1337 2583 omnes
1363 2561 1421 2583 nos
1445 2552 1637 2588 desererent,
1663 2552 1693 2581 et
1720 2559 1760 2580 ex
1779 2549 1852 2580 odio

1072 2607 1172 2638 nostri
1185 2607 1362 2638 doctrinam
1374 2608 1515 2637 nostram
1527 2604 1630 2636 clerici
1645 2604 1851 2641 infamarent,

1073 2664 1103 2693 et
1119 2662 1163 2692 sic
1178 2661 1349 2699 haereticis,
1368 2661 1422 2701 qui
1441 2659 1535 2690 modo
1556 2667 1614 2689 nos
1634 2658 1766 2696 timent,
1781 2656 1850 2688 adi-

1073 2719 1124 2748 tus
1145 2717 1181 2747 ad
1203 2715 1441 2747 subversionem
1467 2712 1608 2744 fidelium
1635 2712 1703 2743 sine
1727 2712 1854 2743 contra-

1861 1314 1968 1334 Per-versa

1874 1344 1960 1366 hereti-

1881 1381 1956 1396 eorum

1861 1406 1962 1428 omniu-m

1862 1437 1964 1460 intentio.
