2029 3052
241 279 300 308 200
579 274 830 307 PSALTERIUM
853 274 978 307 MAJUS
997 275 1140 307 BEATAE
1163 275 1300 307 MARtAE
1320 275 1504 308 VIRGINIS.

240 343 323 372 mitto
341 343 426 372 vobis
443 343 536 380 ipsius
548 342 674 378 Virginis
692 342 892 371 sacratissimae
905 343 1012 371 Psalte-
1026 368 1035 374 s

239 391 329 424 rium,
345 399 381 419 ex
394 390 553 418 scintillula
570 397 643 418 meae
657 388 790 425 pauculae
803 389 1011 425 intelligentiae,

240 437 334 472 gratia
348 439 376 465 et
390 437 536 473 adjutorio
555 436 645 470 illius,
667 435 820 463 conditum
841 438 868 463 et
891 444 1012 472 compa-

240 485 319 511 ctum
336 493 342 511 :
359 484 390 511 in
404 492 464 520 quo
478 482 600 510 diversis
609 482 764 518 praeconiis
779 490 845 510 eam
860 483 1012 517 extolletis,

239 537 319 557 nunc
337 529 429 565 ipsius
448 529 644 564 virginitatem
658 531 685 556 et
699 529 918 563 castimoniam,
933 538 1012 557 nunc

240 577 302 611 ejus
316 575 535 604 foecunditatem
559 576 585 603 et
608 575 844 609 sanctimoniam,
857 584 936 604 nunc
951 577 1013 612 ejus

239 622 404 658 largitatem
432 622 493 650 sive
520 622 717 650 clementiam.
745 622 787 650 lbi
806 623 930 650 efferetis
947 631 1013 651 eam

239 669 321 697 velut.
333 669 454 705 plenam
470 668 551 696 omni
567 669 670 704 gratia,
686 669 765 696 velut
776 669 919 705 repletam
932 669 1013 697 omni

240 717 369 751 scientia,
385 716 466 744 velut
479 716 655 744 illustratam
668 716 749 743 omni
763 716 905 752 sapientia
921 718 948 744 et
966 716 1012 744 in-

240 763 408 798 telligentia.
431 763 473 790 lbi
494 762 673 790 benedicetis
696 761 822 790 fructum
841 763 886 790 sui
905 762 1014 790 ventris

239 809 372 845 gloriosi,
386 809 522 837 membra
537 809 669 844 corporis
684 808 785 842 sancti,
802 811 828 836 et
843 809 1013 844 praerogati-

238 865 291 885 vas
312 857 428 891 animae,
453 857 532 883 omni
557 855 706 883 sanctitate
727 856 882 891 pollentes
908 856 950 884 lbi
974 856 1014 884 ad

239 903 331 940 ipsius
345 903 464 938 laudem
480 903 654 930 invocabitis
668 902 775 930 choros
790 902 973 938 angelorum,
987 905 1014 931 et

239 951 408 978 sanctorum
418 949 552 976 nationes
562 949 730 983 hominum,
745 949 855 977 insulas
871 950 1012 984 gentium,

240 996 358 1032 coelum,
380 997 408 1023 et
428 995 679 1032 pulchritudinem
694 995 895 1028 luminarium,
917 1004 952 1024 ac
972 998 1014 1024 to-

1068 344 1132 371 tum
1147 343 1251 371 orbem
1265 344 1419 371 terrarum.
1435 343 1477 371 lbi
1493 350 1560 370 eam
1573 342 1727 378 rogabitis,
1741 344 1773 371 ut
1787 343 1840 372 de-

1068 391 1159 418 struat
1176 390 1253 419 vires
1271 389 1467 426 spiritualium
1484 389 1625 423 hostium,
1639 391 1671 417 ut
1683 389 1771 418 vobis
1785 390 1841 418 im-

1068 437 1162 473 petret
1174 436 1294 465 veniam
1307 438 1506 473 peccatorum,
1521 438 1554 464 ut
1566 435 1653 464 vobis
1666 436 1771 465 reddat
1774 436 1842 472 pla-

1069 483 1196 511 cabilem
1210 483 1371 511 terribilem
1383 483 1525 518 judicem,
1534 484 1562 511 et
1571 484 1603 511 ut
1611 484 1741 510 vestrum
1750 482 1842 511 finem

1069 538 1124 557 sua
1137 530 1260 557 illustret
1272 530 1438 565 praesentia,
1453 530 1598 566 vobisque
1619 529 1750 557 obtineat
1767 537 1841 565 gau-

1071 576 1120 604 dia
1137 576 1199 604 sine
1211 575 1270 603 fine
1286 584 1434 604 mansura.
1447 576 1546 611 Igitur,
1557 584 1574 604 0
1586 575 1772 610 charissimae,
1784 576 1842 604 hoc

1069 617 1217 650 'tantillum
1240 630 1342 650 meum
1365 622 1577 651 munusculum
1603 623 1734 658 primum
1756 623 1842 651 vobis

1071 669 1204 696 oblatum
1219 670 1366 704 gratanter
1382 669 1533 705 suscipite,
1554 669 1741 705 fructumque
1756 677 1792 697 ex
1807 677 1842 698 eo

1069 715 1202 752 proferre
1217 715 1354 751 satagite,
1371 718 1398 744 et
1412 716 1443 743 in
1455 724 1490 744 eo
1506 717 1624 744 Matrem
1641 716 1690 744 Dei
1703 716 1842 752 frequen-

1069 762 1126 790 tius
1153 762 1320 790 collaudate
1342 771 1347 790 :
1374 763 1397 790 si
1417 762 1491 791 forte
1517 763 1650 799 piissima
1674 770 1762 799 super
1789 770 1843 791 vos

1070 817 1156 836 suum
1179 811 1329 837 convertat
1356 809 1515 837 amabilem
1542 810 1670 844 vultum,
1694 810 1733 837 ad
1755 817 1842 837 suum

1070 864 1203 884 amorem
1231 864 1285 884 vos
1307 857 1462 893 recipiens,
1490 858 1618 884 vestram
1650 856 1780 884 animam
1812 856 1843 884 in

1069 903 1203 938 praesenti
1216 911 1351 931 recreans
1366 906 1394 931 et
1406 903 1551 937 reficiens,
1571 906 1599 931 et
1617 903 1647 931 in
1662 903 1759 931 futura
1777 903 1842 938 glo-

1068 949 1113 977 ria
1136 957 1278 977 coronam
1298 950 1335 977 de
1358 950 1458 986 lapide
1481 951 1609 986 pretioso
1634 952 1731 978 vestro
1756 950 1843 987 capiti

1069 1004 1281 1032 superponens.

479 1236 772 1274 PSALTERIUM.

541 1312 666 1338 PSALmrs
685 1312 695 1338 1
706 1333 710 1338 .

274 1375 376 1402 Beatus
399 1373 444 1400 vir
473 1373 524 1408 qui
553 1373 648 1408 diligit
669 1380 779 1400 nomen
804 1375 899 1406 tuum,
928 1372 1016 1400 Maria

239 1421 327 1456 Virgo
345 1429 351 1447 :
373 1420 467 1455 gratia
478 1422 528 1447 tua
543 1420 674 1447 animam
688 1420 751 1454 ejus
766 1419 952 1447 confortabit.

273 1469 425 1502 Tanquam
440 1474 588 1502 aquarum
603 1466 733 1493 fontibus
749 1466 901 1501 irrigatum
917 1465 992 1493 uber
1008 1474 1014 1492 ε

239 1515 270 1542 in
286 1523 320 1542 eo
336 1513 462 1541 fructum
476 1513 593 1548 justitiae
610 1513 801 1549 propagabis.

275 1560 429 1588 Benedicta
444 1562 474 1587 tu
489 1560 563 1587 inter
578 1560 728 1594 mulieres,
746 1568 798 1595 per
814 1560 1015 1587 credulitatem

241 1607 339 1635 cordis
354 1606 445 1634 sancti
460 1606 511 1634 tui.

278 1655 431 1682 Universas
446 1654 525 1682 enim
540 1654 676 1681 foeminas
692 1655 782 1681 vincis
797 1654 1017 1690 pulchritudine

242 1701 334 1729 earnis
351 1710 357 1728 ε
378 1709 499 1737 superas
521 1701 641 1735 angelos
662 1703 689 1728 et
709 1701 901 1736 archangelos
923 1700 1018 1728 excel-

241 1748 331 1776 lentia
346 1748 512 1775 sanctitatis.

277 1794 475 1822 Misericordia
489 1796 538 1822 tua
552 1796 579 1821 et
590 1794 683 1829 gratia
694 1794 806 1830 ubique
820 1795 998 1830 praedicatur
1010 1804 1016 1822 :

242 1843 315 1868 Deus
331 1841 470 1877 operibus
484 1849 629 1868 manuum
644 1843 760 1868 tuarum
774 1841 934 1869 benedixit.
953 1841 1018 1869 Glo-

241 1888 285 1916 ria
300 1888 384 1922 Patri,
402 1890 455 1915 etc.

545 1959 670 1985 PSALMrS
689 1959 716 1984 ⁶2.

281 2030 376 2062 Quare
398 2028 579 2055 fremuerunt
598 2028 707 2055 inimici
733 2029 824 2056 nostri
842 2038 847 2056 :
868 2031 895 2056 et
914 2029 1020 2057 adver-

244 2083 309 2103 sum
324 2083 378 2103 nos
394 2075 524 2102 meditati
537 2076 604 2102 sunt
615 2075 713 2102 inania
724 2076 737 2101 ἵ)

281 2123 415 2156 Protegat
430 2129 483 2148 nos
499 2121 619 2149 dextera
636 2123 695 2155 tua,
712 2123 798 2149 Mater
812 2122 858 2149 Dei
876 2131 881 2149 :
899 2124 930 2149 ut
945 2122 1021 2150 acies

245 2168 394 2201 terribilis,
409 2168 593 2196 confundens
609 2170 635 2195 et
649 2168 798 2196 destruens
814 2177 873 2196 cos

282 2215 380 2242 Venite
393 2214 431 2241 ad
445 2223 520 2249 eam,
538 2215 588 2250 qui
600 2215 741 2242 laboratis
754 2218 781 2242 et
791 2215 919 2242 tribulati
936 2215 1001 2242 estis
1014 2224 1019 2241 :

248 2263 275 2288 et
289 2261 372 2288 dabit
390 2261 573 2296 refrigerium
590 2261 745 2289 animabus
758 2262 869 2289 vestris.

284 2307 415 2335 Accedite
438 2307 476 2334 ad
499 2316 563 2334 eam
578 2308 607 2334 in
624 2308 832 2336 tentationibus
854 2307 976 2336 vestris:
997 2311 1024 2336 et

248 2354 386 2381 stabilitet
400 2362 453 2381 vos
469 2354 608 2381 serenitas
624 2354 720 2381 vultus
736 2355 807 2389 ejus.

287 2400 449 2427 Benedicite
464 2400 546 2427 illam
568 2400 597 2427 in
616 2402 676 2428 toto
692 2401 781 2428 corde
800 2404 896 2428 vestro
912 2410 917 2428 :
935 2402 1022 2429 mise-

249 2447 376 2475 ricordia
390 2447 469 2474 enim
484 2446 560 2474 illius
583 2447 670 2482 plena
694 2449 736 2474 est
755 2450 839 2475 terra.
857 2447 954 2476 Gloria
975 2450 1025 2476 Pa-

250 2493 296 2528 tri,
311 2495 363 2521 etc.

554 2564 678 2589 PsALnius
698 2564 722 2589 ’3.

290 2634 423 2667 Domina,
438 2634 509 2669 quid
526 2633 709 2669 multiplicati
731 2637 797 2662 sunt
817 2636 865 2670 qui
886 2636 1027 2664 tribulant

255 2682 324 2707 mc?
340 2681 368 2707 in
385 2683 553 2716 tempestate
569 2684 618 2708 tua
633 2682 817 2717 persequeris
828 2684 855 2708 et
871 2682 1026 2717 dissipabis

255 2735 314 2756 eOS.

1107 1232 1234 1260 Dissolve
1249 1230 1452 1266 colligationes
1467 1230 1623 1266 impietatis
1637 1232 1743 1259 nostrae
1755 1239 1762 1259 ι
1774 1231 1845 1260 tolle

1069 1279 1224 1307 fasciculos
1238 1281 1426 1314 peccatorum
1442 1279 1620 1306 nostrorum.

1106 1325 1237 1354 Miserere
1252 1325 1321 1358 mei,
1338 1324 1471 1358 Domina,
1492 1327 1519 1352 et
1546 1332 1617 1352 sana
1644 1324 1844 1353 infirmitatem

1071 1380 1169 1400 meam
1183 1381 1189 1399 :
1207 1371 1278 1399 tolle
1295 1371 1430 1399 dolorem
1442 1373 1469 1398 et
1484 1371 1650 1406 angustiam
1663 1371 1760 1398 cordis
1774 1371 1843 1399 mei.

1107 1421 1145 1446 Ne
1160 1418 1260 1446 tradas
1274 1426 1321 1446 me
1337 1417 1474 1445 manibus
1488 1417 1676 1444 inimicorum
1691 1425 1842 1445 meorum:

1072 1467 1100 1493 et
1120 1466 1151 1492 in
1171 1465 1218 1492 die
1237 1465 1338 1492 mortis
1355 1472 1427 1492 meae
1443 1464 1576 1491 conforta
1591 1464 1721 1491 animam
1735 1471 1843 1492 meam.

1108 1511 1205 1539 Deduc
1228 1520 1274 1539 me
1304 1511 1342 1539 ad
1365 1513 1484 1546 portum
1509 1511 1609 1538 salutis
1628 1519 1634 1538 :
1658 1513 1685 1538 et
1711 1510 1846 1546 spiritum

1072 1567 1172 1586 meum
1186 1558 1278 1586 redde
1293 1558 1404 1586 Factori
1420 1560 1447 1585 et
1457 1557 1586 1585 Creatori
1600 1565 1678 1585 meo.
1690 1557 1786 1586 Gloria
1797 1559 1846 1586 Pa-

1073 1605 1119 1640 tri,
1132 1607 1185 1633 ete.

1376 1675 1497 1702 Psunms
1517 1675 1543 1700 4.

1110 1748 1182 1774 Cum
1197 1746 1367 1780 invocarem
1383 1745 1527 1773 exaudisti
1550 1752 1608 1778 me,
1629 1745 1752 1772 Domina
1767 1753 1773 1772 :
1790 1746 1818 1773 et
1831 1753 1846 1773 e

1073 1792 1193 1820 sublimi
1205 1792 1279 1820 solio
1295 1795 1356 1826 tuo,
1374 1792 1432 1820 mei
1446 1791 1566 1826 dignata
1579 1799 1609 1819 es
1620 1791 1781 1819 recordari.

1109 1842 1131 1867 Α
1150 1839 1332 1874 rugientibus
1355 1838 1525 1874 praeparatis
1554 1838 1592 1865 ad
1616 1846 1713 1865 escam
1734 1847 1740 1865 :
1763 1840 1790 1866 et
1810 1839 1847 1866 de

1075 1886 1212 1914 manibus
1231 1886 1424 1922 quaerentium
1445 1884 1583 1912 liberabit
1606 1893 1654 1912 me
1675 1885 1768 1920 gratia
1786 1887 1846 1912 tua.

1110 1933 1256 1966 Quoniam
1279 1932 1406 1967 benigna
1427 1933 1469 1960 est
1489 1931 1691 1959 misericordia
1712 1933 1739 1958 et
1757 1931 1849 1967 pietas

1075 1981 1123 2007 tua
1141 1989 1147 2006 :
1164 1980 1194 2007 in
1209 1987 1323 2013 omnes,
1347 1979 1398 2014 qui
1423 1979 1562 2006 invocant
1586 1986 1696 2006 nomen
1716 1979 1848 2006 sanctum

1076 2029 1169 2054 tuum.

1112 2073 1266 2101 Benedicta
1281 2073 1329 2106 sis,
1346 2072 1478 2106 Domina,
1493 2072 1522 2099 in
1537 2074 1676 2099 aeternum
1693 2080 1699 2099 ε
1716 2072 1744 2099 et
1757 2071 1848 2106 maje-

1077 2121 1133 2147 stas
1148 2122 1198 2147 tua
1212 2120 1241 2146 in
1257 2118 1406 2146 saeculum.

1112 2166 1276 2194 Glorificate
1291 2173 1368 2199 eam,
1385 2172 1487 2192 omnes
1503 2166 1613 2200 gentes,
1632 2164 1663 2192 in
1682 2165 1786 2192 virtute
1801 2172 1850 2191 ve-

1077 2216 1135 2241 stra
1156 2222 1162 2240 z
1184 2214 1211 2240 et
1230 2212 1325 2240 cuncti
1344 2211 1447 2247 populi
1464 2214 1554 2245 terrae,
1571 2211 1699 2239 extollite
1717 2211 1851 2247 magnifi-

1078 2260 1204 2288 centiam
1219 2259 1290 2294 ejus.
1308 2258 1404 2287 Gloria
1419 2258 1503 2292 Patri,
1521 2260 1574 2285 etc.

1380 2340 1503 2366 PSALnus
1523 2340 1548 2365 5.

1115 2400 1210 2427 Verba
1233 2407 1300 2427 mea
1326 2400 1447 2427 auribus
1467 2399 1596 2434 percipe,
1612 2397 1734 2425 Domina
1750 2406 1756 2424 :
1771 2398 1798 2424 et
1813 2404 1850 2424 ne

1080 2449 1192 2474 avertas
1205 2455 1222 2474 a
1233 2454 1279 2473 me
1292 2446 1505 2482 speciositatem
1519 2445 1616 2472 vultus
1632 2444 1681 2471 tui.

1116 2494 1257 2520 Converte
1273 2493 1384 2520 luctum
1398 2494 1530 2520 nostrum
1545 2491 1575 2518 in
1589 2490 1734 2525 gaudium
1753 2492 1791 2517 :et
1801 2489 1848 2518 tri—

1081 2540 1265 2567 bulationem
1280 2542 1409 2567 nostram
1424 2539 1453 2566 in
1465 2537 1680 2573 jubilationem.

1118 2588 1260 2614 Corruant
1279 2589 1344 2614 ante
1371 2585 1461 2621 pedes
1481 2586 1595 2612 nostros
1610 2583 1721 2611 inimici
1736 2583 1828 2611 nostri
1845 2593 1851 2610 :

1081 2634 1185 2661 virtute
1200 2636 1250 2661 tua
1262 2642 1364 2661 eorum
1378 2633 1472 2668 capita
1487 2633 1682 2659 conterantur.

1119 2681 1271 2707 Benedicat
1285 2682 1311 2707 te
1325 2679 1419 2707 omnis
1434 2679 1552 2713 lingua:
1565 2681 1709 2707 etnomen
1720 2679 1852 2707 sanctum

1083 2729 1163 2754 tuum
1181 2727 1352 2753 contin-amr
1367 2726 1460 2752 omnis
1476 2733 1554 2754 caro,
