<?xml version="1.0" encoding="UTF-8"?>
<!DOCTYPE html PUBLIC "-//W3C//DTD XHTML 1.0 Transitional//EN"
    "http://www.w3.org/TR/xhtml1/DTD/xhtml1-transitional.dtd">
<html xmlns="http://www.w3.org/1999/xhtml" xml:lang="en" lang="en">
 <head>
  <title>
</title>
<meta http-equiv="Content-Type" content="text/html;charset=utf-8" />
  <meta name='ocr-system' content='tesseract 3.04.00' />
  <meta name='ocr-capabilities' content='ocr_page ocr_carea ocr_par ocr_line ocrx_word'/>
</head>
<body>
  <div class='ocr_page' id='page_1' title='image "./operaomniasixtiv14bonauoft/operaomniasixtiv14bonauoft_0142.png"; bbox 0 0 2029 3052; ppageno 0'>
   <div class='ocr_carea' id='block_1_1' title="bbox 197 188 257 219">
    <p class='ocr_par' dir='ltr' id='par_1_1' title="bbox 197 188 257 219">
     <span class='ocr_line' id='line_1_1' title="bbox 197 188 257 219; baseline 0 -1"><span class='ocrx_word' id='word_1_1' title='bbox 197 188 257 219; x_wconf 70' lang='lat'><strong>104</strong></span> 
     </span>
    </p>
   </div>
   <div class='ocr_carea' id='block_1_2' title="bbox 195 245 1010 2602">
    <p class='ocr_par' dir='ltr' id='par_1_2' title="bbox 195 245 1010 2602">
     <span class='ocr_line' id='line_1_2' title="bbox 195 245 979 291; baseline -0.01 -9"><span class='ocrx_word' id='word_1_2' title='bbox 195 254 324 291; x_wconf 84' lang='lat' dir='ltr'><strong>gentem.</strong></span> <span class='ocrx_word' id='word_1_3' title='bbox 339 252 436 289; x_wconf 81' lang='lat' dir='ltr'>Turpe</span> <span class='ocrx_word' id='word_1_4' title='bbox 450 251 504 286; x_wconf 81' lang='lat' dir='ltr'><strong>est,</strong></span> <span class='ocrx_word' id='word_1_5' title='bbox 517 251 547 280; x_wconf 87' lang='lat' dir='ltr'><strong>et</strong></span> <span class='ocrx_word' id='word_1_6' title='bbox 555 248 665 279; x_wconf 79' lang='lat' dir='ltr'><strong>rationi</strong></span> <span class='ocrx_word' id='word_1_7' title='bbox 676 246 871 282; x_wconf 79' lang='lat' dir='ltr'><strong>contrarium,</strong></span> <span class='ocrx_word' id='word_1_8' title='bbox 883 247 917 274; x_wconf 79' lang='lat' dir='ltr'><strong>ut</strong></span> <span class='ocrx_word' id='word_1_9' title='bbox 926 245 979 274; x_wconf 88' lang='lat' dir='ltr'><strong>ubi</strong></span> 
     </span>
     <span class='ocr_line' id='line_1_3' title="bbox 196 292 980 332; baseline -0.01 -3"><span class='ocrx_word' id='word_1_10' title='bbox 196 309 227 329; x_wconf 86' lang='lat' dir='ltr'><strong>se</strong></span> <span class='ocrx_word' id='word_1_11' title='bbox 241 298 378 329; x_wconf 77' lang='lat' dir='ltr'><strong>refraenat</strong></span> <span class='ocrx_word' id='word_1_12' title='bbox 392 297 517 327; x_wconf 73' lang='lat' dir='ltr'><strong>brutelis</strong></span> <span class='ocrx_word' id='word_1_13' title='bbox 534 298 652 331; x_wconf 80' lang='lat' dir='ltr'><strong>nature,</strong></span> <span class='ocrx_word' id='word_1_14' title='bbox 671 302 740 332; x_wconf 84' lang='lat' dir='ltr'><strong>quae</strong></span> <span class='ocrx_word' id='word_1_15' title='bbox 760 295 823 323; x_wconf 79' lang='lat' dir='ltr'><strong>tota</strong></span> <span class='ocrx_word' id='word_1_16' title='bbox 839 292 872 322; x_wconf 89' lang='lat' dir='ltr'><strong>in</strong></span> <span class='ocrx_word' id='word_1_17' title='bbox 890 292 980 322; x_wconf 81' lang='lat' dir='ltr'><strong>lasci-</strong></span> 
     </span>
     <span class='ocr_line' id='line_1_4' title="bbox 196 340 980 384; baseline -0.01 -7"><span class='ocrx_word' id='word_1_18' title='bbox 196 347 278 376; x_wconf 85' lang='lat' dir='ltr'><strong>viam</strong></span> <span class='ocrx_word' id='word_1_19' title='bbox 297 353 397 384; x_wconf 83' lang='lat' dir='ltr'><strong>prona</strong></span> <span class='ocrx_word' id='word_1_20' title='bbox 411 346 464 382; x_wconf 79' lang='lat' dir='ltr'><strong>est,</strong></span> <span class='ocrx_word' id='word_1_21' title='bbox 480 346 512 374; x_wconf 88' lang='lat' dir='ltr'><strong>ut</strong></span> <span class='ocrx_word' id='word_1_22' title='bbox 525 343 589 373; x_wconf 85' lang='lat' dir='ltr'><strong>sine</strong></span> <span class='ocrx_word' id='word_1_23' title='bbox 609 342 701 371; x_wconf 82' lang='lat' dir='ltr'><strong>t&#39;roeno</strong></span> <span class='ocrx_word' id='word_1_24' title='bbox 722 341 806 370; x_wconf 83' lang='lat' dir='ltr'><strong>vivat</strong></span> <span class='ocrx_word' id='word_1_25' title='bbox 825 340 980 370; x_wconf 76' lang='lat' dir='ltr'><strong>rationalis</strong></span> 
     </span>
     <span class='ocr_line' id='line_1_5' title="bbox 198 388 979 431; baseline -0.012 -6"><span class='ocrx_word' id='word_1_26' title='bbox 198 396 344 430; x_wconf 80' lang='lat' dir='ltr'><strong>creatura,</strong></span> <span class='ocrx_word' id='word_1_27' title='bbox 356 401 423 431; x_wconf 79' lang='lat' dir='ltr'><strong>quae</strong></span> <span class='ocrx_word' id='word_1_28' title='bbox 432 390 630 422; x_wconf 75' lang='lat' dir='ltr'><strong>sensualitatis</strong></span> <span class='ocrx_word' id='word_1_29' title='bbox 641 391 671 418; x_wconf 85' lang='lat' dir='ltr'><strong>et</strong></span> <span class='ocrx_word' id='word_1_30' title='bbox 684 388 780 418; x_wconf 78' lang='lat' dir='ltr'><strong>carnis</strong></span> <span class='ocrx_word' id='word_1_31' title='bbox 790 390 834 427; x_wconf 79' lang='lat' dir='ltr'><strong>est</strong></span> <span class='ocrx_word' id='word_1_32' title='bbox 844 388 979 422; x_wconf 83' lang='lat' dir='ltr'><strong>domina,</strong></span> 
     </span>
     <span class='ocr_line' id='line_1_6' title="bbox 198 436 982 474; baseline -0.011 -2"><span class='ocrx_word' id='word_1_33' title='bbox 198 444 228 472; x_wconf 87' lang='lat' dir='ltr'><strong>et</strong></span> <span class='ocrx_word' id='word_1_34' title='bbox 249 449 312 472; x_wconf 91' lang='lat' dir='ltr'><strong>non</strong></span> <span class='ocrx_word' id='word_1_35' title='bbox 337 439 458 470; x_wconf 81' lang='lat' dir='ltr'><strong>ancilla.</strong></span> <span class='ocrx_word' id='word_1_36' title='bbox 480 440 554 468; x_wconf 84' lang='lat' dir='ltr'><strong>Nam</strong></span> <span class='ocrx_word' id='word_1_37' title='bbox 574 436 697 474; x_wconf 82' lang='lat' dir='ltr'><strong>elephas</strong></span> <span class='ocrx_word' id='word_1_38' title='bbox 715 443 786 465; x_wconf 84' lang='lat' dir='ltr'><strong>cum</strong></span> <span class='ocrx_word' id='word_1_39' title='bbox 803 443 898 465; x_wconf 88' lang='lat' dir='ltr'><strong>uxore</strong></span> <span class='ocrx_word' id='word_1_40' title='bbox 911 443 982 472; x_wconf 84' lang='lat' dir='ltr'><strong>pro-</strong></span> 
     </span>
     <span class='ocr_line' id='line_1_7' title="bbox 198 482 982 528; baseline -0.011 -9"><span class='ocrx_word' id='word_1_41' title='bbox 198 489 276 528; x_wconf 81' lang='lat' dir='ltr'><strong>pria,</strong></span> <span class='ocrx_word' id='word_1_42' title='bbox 291 487 416 526; x_wconf 84' lang='lat' dir='ltr'><strong>quando</strong></span> <span class='ocrx_word' id='word_1_43' title='bbox 429 486 461 516; x_wconf 91' lang='lat' dir='ltr'><strong>in</strong></span> <span class='ocrx_word' id='word_1_44' title='bbox 475 485 597 514; x_wconf 87' lang='lat' dir='ltr'><strong>duobus</strong></span> <span class='ocrx_word' id='word_1_45' title='bbox 617 483 704 513; x_wconf 79' lang='lat' dir='ltr'><strong>annis</strong></span> <span class='ocrx_word' id='word_1_46' title='bbox 725 482 859 520; x_wconf 85' lang='lat' dir='ltr'><strong>quinque</strong></span> <span class='ocrx_word' id='word_1_47' title='bbox 873 482 982 511; x_wconf 79' lang='lat' dir='ltr'><strong>diebus</strong></span> 
     </span>
     <span class='ocr_line' id='line_1_8' title="bbox 199 528 982 569; baseline -0.011 -3"><span class='ocrx_word' id='word_1_48' title='bbox 199 536 327 566; x_wconf 81' lang='lat' dir='ltr'><strong>luxurioe</strong></span> <span class='ocrx_word' id='word_1_49' title='bbox 341 535 439 569; x_wconf 83' lang='lat' dir='ltr'><strong>vacat,</strong></span> <span class='ocrx_word' id='word_1_50' title='bbox 454 535 523 562; x_wconf 88' lang='lat' dir='ltr'><strong>tunc</strong></span> <span class='ocrx_word' id='word_1_51' title='bbox 536 531 627 561; x_wconf 83' lang='lat' dir='ltr'><strong>valde</strong></span> <span class='ocrx_word' id='word_1_52' title='bbox 641 539 673 560; x_wconf 88' lang='lat' dir='ltr'><strong>se</strong></span> <span class='ocrx_word' id='word_1_53' title='bbox 687 530 826 566; x_wconf 80' lang='lat' dir='ltr'><strong>occultet,</strong></span> <span class='ocrx_word' id='word_1_54' title='bbox 840 531 874 558; x_wconf 89' lang='lat' dir='ltr'><strong>ut</strong></span> <span class='ocrx_word' id='word_1_55' title='bbox 886 528 982 558; x_wconf 86' lang='lat' dir='ltr'><strong>videri</strong></span> 
     </span>
     <span class='ocr_line' id='line_1_9' title="bbox 201 576 983 618; baseline -0.012 -5"><span class='ocrx_word' id='word_1_56' title='bbox 201 591 263 613; x_wconf 91' lang='lat' dir='ltr'><strong>non</strong></span> <span class='ocrx_word' id='word_1_57' title='bbox 277 582 376 612; x_wconf 80' lang='lat' dir='ltr'><strong>valeat</strong></span> <span class='ocrx_word' id='word_1_58' title='bbox 384 591 393 617; x_wconf 90' lang='lat'>;</span> <span class='ocrx_word' id='word_1_59' title='bbox 409 588 476 618; x_wconf 82' lang='lat' dir='ltr'><strong>quoe</strong></span> <span class='ocrx_word' id='word_1_60' title='bbox 489 581 652 617; x_wconf 78' lang='lat' dir='ltr'><strong>postquam</strong></span> <span class='ocrx_word' id='word_1_61' title='bbox 666 577 846 615; x_wconf 73' lang='lat' dir='ltr'><strong>conceperit,</strong></span> <span class='ocrx_word' id='word_1_62' title='bbox 861 576 983 612; x_wconf 77' lang='lat' dir='ltr'><strong>adeam</strong></span> 
     </span>
     <span class='ocr_line' id='line_1_10' title="bbox 201 625 983 663; baseline -0.012 -3"><span class='ocrx_word' id='word_1_63' title='bbox 201 630 325 660; x_wconf 84' lang='lat' dir='ltr'><strong>ulterius</strong></span> <span class='ocrx_word' id='word_1_64' title='bbox 338 636 400 658; x_wconf 91' lang='lat' dir='ltr'><strong>non</strong></span> <span class='ocrx_word' id='word_1_65' title='bbox 415 626 545 662; x_wconf 48' lang='lat' dir='ltr'><strong>accedia</strong></span> <span class='ocrx_word' id='word_1_66' title='bbox 556 627 619 656; x_wconf 90' lang='lat' dir='ltr'><strong>imo</strong></span> <span class='ocrx_word' id='word_1_67' title='bbox 629 633 684 663; x_wconf 88' lang='lat' dir='ltr'><strong>per</strong></span> <span class='ocrx_word' id='word_1_68' title='bbox 695 627 754 654; x_wconf 85' lang='lat' dir='ltr'><strong>tres</strong></span> <span class='ocrx_word' id='word_1_69' title='bbox 768 631 864 653; x_wconf 87' lang='lat' dir='ltr'><strong>annos</strong></span> <span class='ocrx_word' id='word_1_70' title='bbox 878 625 983 658; x_wconf 85' lang='lat' dir='ltr'><strong>cessat,</strong></span> 
     </span>
     <span class='ocr_line' id='line_1_11' title="bbox 201 670 986 714; baseline -0.01 -8"><span class='ocrx_word' id='word_1_71' title='bbox 201 678 363 714; x_wconf 82' lang='lat' dir='ltr'><strong>postquam</strong></span> <span class='ocrx_word' id='word_1_72' title='bbox 380 674 558 712; x_wconf 81' lang='lat' dir='ltr'>conceperit.</span> <span class='ocrx_word' id='word_1_73' title='bbox 580 672 638 703; x_wconf 85' lang='lat' dir='ltr'><strong>Sed</strong></span> <span class='ocrx_word' id='word_1_74' title='bbox 656 672 724 710; x_wconf 85' lang='lat' dir='ltr'><strong>quis</strong></span> <span class='ocrx_word' id='word_1_75' title='bbox 749 671 907 700; x_wconf 90' lang='lat' dir='ltr'><strong>hominum</strong></span> <span class='ocrx_word' id='word_1_76' title='bbox 929 670 986 698; x_wconf 84' lang='lat' dir='ltr'><strong>ista.</strong></span> 
     </span>
     <span class='ocr_line' id='line_1_12' title="bbox 202 716 987 760; baseline -0.011 -7"><span class='ocrx_word' id='word_1_77' title='bbox 202 724 282 760; x_wconf 80' lang='lat' dir='ltr'><strong>tecit,</strong></span> <span class='ocrx_word' id='word_1_78' title='bbox 297 723 359 752; x_wconf 90' lang='lat' dir='ltr'><strong>imo</strong></span> <span class='ocrx_word' id='word_1_79' title='bbox 374 730 436 752; x_wconf 88' lang='lat' dir='ltr'><strong>non</strong></span> <span class='ocrx_word' id='word_1_80' title='bbox 452 722 521 750; x_wconf 90' lang='lat' dir='ltr'><strong>dico</strong></span> <span class='ocrx_word' id='word_1_81' title='bbox 535 729 605 749; x_wconf 88' lang='lat' dir='ltr'><strong>eum</strong></span> <span class='ocrx_word' id='word_1_82' title='bbox 620 727 726 755; x_wconf 82' lang='lat' dir='ltr'><strong>uxore,</strong></span> <span class='ocrx_word' id='word_1_83' title='bbox 741 718 795 748; x_wconf 84' lang='lat' dir='ltr'><strong>sed</strong></span> <span class='ocrx_word' id='word_1_84' title='bbox 814 718 881 755; x_wconf 87' lang='lat' dir='ltr'><strong>quis</strong></span> <span class='ocrx_word' id='word_1_85' title='bbox 895 716 987 746; x_wconf 82' lang='lat' dir='ltr'><strong>absti-</strong></span> 
     </span>
     <span class='ocr_line' id='line_1_13' title="bbox 202 763 986 803; baseline -0.013 -2"><span class='ocrx_word' id='word_1_86' title='bbox 202 774 253 801; x_wconf 91' lang='lat' dir='ltr'><strong>net</strong></span> <span class='ocrx_word' id='word_1_87' title='bbox 267 779 285 800; x_wconf 81' lang='lat' dir='ltr'><strong>a</strong></span> <span class='ocrx_word' id='word_1_88' title='bbox 298 768 515 800; x_wconf 72' lang='lat' dir='ltr'><strong>fornicatione?</strong></span> <span class='ocrx_word' id='word_1_89' title='bbox 526 771 599 798; x_wconf 86' lang='lat' dir='ltr'><strong>Nam</strong></span> <span class='ocrx_word' id='word_1_90' title='bbox 614 766 699 796; x_wconf 84' lang='lat' dir='ltr'><strong>multi</strong></span> <span class='ocrx_word' id='word_1_91' title='bbox 716 765 827 803; x_wconf 80' lang='lat' dir='ltr'><strong>pagani</strong></span> <span class='ocrx_word' id='word_1_92' title='bbox 842 764 932 793; x_wconf 80' lang='lat' dir='ltr'><strong>etiam</strong></span> <span class='ocrx_word' id='word_1_93' title='bbox 946 763 986 792; x_wconf 81' lang='lat' dir='ltr'><strong>ab</strong></span> 
     </span>
     <span class='ocr_line' id='line_1_14' title="bbox 203 811 986 849; baseline -0.011 -1"><span class='ocrx_word' id='word_1_94' title='bbox 203 818 350 848; x_wconf 81' lang='lat' dir='ltr'><strong>uxoribus</strong></span> <span class='ocrx_word' id='word_1_95' title='bbox 364 825 396 846; x_wconf 86' lang='lat' dir='ltr'><strong>se</strong></span> <span class='ocrx_word' id='word_1_96' title='bbox 413 816 638 849; x_wconf 74' lang='lat' dir='ltr'><strong>conservarunt,</strong></span> <span class='ocrx_word' id='word_1_97' title='bbox 660 814 734 842; x_wconf 89' lang='lat' dir='ltr'><strong>dum</strong></span> <span class='ocrx_word' id='word_1_98' title='bbox 750 813 884 842; x_wconf 79' lang='lat' dir='ltr'><strong>foetorem</strong></span> <span class='ocrx_word' id='word_1_99' title='bbox 899 811 986 840; x_wconf 78' lang='lat' dir='ltr'><strong>luxu-</strong></span> 
     </span>
     <span class='ocr_line' id='line_1_15' title="bbox 203 858 988 895; baseline -0.013 0"><span class='ocrx_word' id='word_1_100' title='bbox 203 867 255 895; x_wconf 80' lang='lat' dir='ltr'><strong>riae</strong></span> <span class='ocrx_word' id='word_1_101' title='bbox 282 864 480 894; x_wconf 83' lang='lat' dir='ltr'><strong>attenderunt.</strong></span> <span class='ocrx_word' id='word_1_102' title='bbox 511 862 592 891; x_wconf 83' lang='lat' dir='ltr'><strong>Unde</strong></span> <span class='ocrx_word' id='word_1_103' title='bbox 624 861 746 895; x_wconf 79' lang='lat' dir='ltr'><strong>Tullius,</strong></span> <span class='ocrx_word' id='word_1_104' title='bbox 784 858 988 888; x_wconf 84' lang='lat' dir='ltr'><strong>nobilissimus</strong></span> 
     </span>
     <span class='ocr_line' id='line_1_16' title="bbox 204 905 989 951; baseline -0.011 -9"><span class='ocrx_word' id='word_1_105' title='bbox 204 912 413 951; x_wconf 79' lang='lat' dir='ltr'><strong>philosophuS,</strong></span> <span class='ocrx_word' id='word_1_106' title='bbox 435 910 509 939; x_wconf 90' lang='lat' dir='ltr'><strong>dum</strong></span> <span class='ocrx_word' id='word_1_107' title='bbox 530 909 619 938; x_wconf 89' lang='lat' dir='ltr'><strong>uxori</strong></span> <span class='ocrx_word' id='word_1_108' title='bbox 639 907 729 936; x_wconf 83' lang='lat' dir='ltr'><strong>simut</strong></span> <span class='ocrx_word' id='word_1_109' title='bbox 749 909 777 936; x_wconf 89' lang='lat' dir='ltr'><strong>et</strong></span> <span class='ocrx_word' id='word_1_110' title='bbox 791 905 989 944; x_wconf 72' lang='lat' dir='ltr'><strong>philosophice</strong></span> 
     </span>
     <span class='ocr_line' id='line_1_17' title="bbox 205 952 991 997; baseline -0.013 -8"><span class='ocrx_word' id='word_1_111' title='bbox 205 968 267 990; x_wconf 90' lang='lat' dir='ltr'><strong>non</strong></span> <span class='ocrx_word' id='word_1_112' title='bbox 284 960 383 997; x_wconf 78' lang='lat' dir='ltr'><strong>posset</strong></span> <span class='ocrx_word' id='word_1_113' title='bbox 398 957 584 992; x_wconf 81' lang='lat' dir='ltr'><strong>incumbere,</strong></span> <span class='ocrx_word' id='word_1_114' title='bbox 609 955 747 984; x_wconf 89' lang='lat' dir='ltr'><strong>libellum</strong></span> <span class='ocrx_word' id='word_1_115' title='bbox 768 953 886 990; x_wconf 85' lang='lat' dir='ltr'><strong>repudii</strong></span> <span class='ocrx_word' id='word_1_116' title='bbox 907 952 991 980; x_wconf 84' lang='lat' dir='ltr'><strong>dedit</strong></span> 
     </span>
     <span class='ocr_line' id='line_1_18' title="bbox 207 1000 990 1043; baseline -0.01 -7"><span class='ocrx_word' id='word_1_117' title='bbox 207 1008 244 1036; x_wconf 88' lang='lat' dir='ltr'><strong>ei.</strong></span> <span class='ocrx_word' id='word_1_118' title='bbox 260 1008 394 1043; x_wconf 90' lang='lat' dir='ltr'><strong>Cumque</strong></span> <span class='ocrx_word' id='word_1_119' title='bbox 410 1013 428 1034; x_wconf 77' lang='lat' dir='ltr'><strong>a</strong></span> <span class='ocrx_word' id='word_1_120' title='bbox 443 1005 578 1042; x_wconf 76' lang='lat' dir='ltr'><strong>quodam</strong></span> <span class='ocrx_word' id='word_1_121' title='bbox 598 1011 653 1032; x_wconf 82' lang='lat' dir='ltr'><strong>suo</strong></span> <span class='ocrx_word' id='word_1_122' title='bbox 675 1002 773 1031; x_wconf 79' lang='lat' dir='ltr'><strong>amico</strong></span> <span class='ocrx_word' id='word_1_123' title='bbox 788 1001 827 1029; x_wconf 86' lang='lat' dir='ltr'><strong>ad</strong></span> <span class='ocrx_word' id='word_1_124' title='bbox 843 1000 990 1029; x_wconf 80' lang='lat' dir='ltr'><strong>secundas</strong></span> 
     </span>
     <span class='ocr_line' id='line_1_19' title="bbox 208 1048 991 1092; baseline -0.01 -9"><span class='ocrx_word' id='word_1_125' title='bbox 208 1055 326 1092; x_wconf 75' lang='lat' dir='ltr'><strong>nuptias</strong></span> <span class='ocrx_word' id='word_1_126' title='bbox 341 1055 507 1089; x_wconf 78' lang='lat' dir='ltr'><strong>rogaretur,</strong></span> <span class='ocrx_word' id='word_1_127' title='bbox 528 1051 568 1080; x_wconf 82' lang='lat' dir='ltr'><strong>ait</strong></span> <span class='ocrx_word' id='word_1_128' title='bbox 584 1061 592 1079; x_wconf 89' lang='lat'><strong>:</strong></span> <span class='ocrx_word' id='word_1_129' title='bbox 611 1060 625 1077; x_wconf 84' lang='grc' dir='ltr'><strong>ιι</strong></span> <span class='ocrx_word' id='word_1_130' title='bbox 645 1052 708 1079; x_wconf 89' lang='lat' dir='ltr'><strong>Non</strong></span> <span class='ocrx_word' id='word_1_131' title='bbox 731 1048 858 1083; x_wconf 86' lang='lat' dir='ltr'><strong>sufficio,</strong></span> <span class='ocrx_word' id='word_1_132' title='bbox 884 1048 991 1081; x_wconf 81' lang='lat' dir='ltr'><strong>amice,</strong></span> 
     </span>
     <span class='ocr_line' id='line_1_20' title="bbox 209 1095 992 1140; baseline -0.011 -9"><span class='ocrx_word' id='word_1_133' title='bbox 209 1101 418 1140; x_wconf 71' lang='lat' dir='ltr'><strong>philosophiae,</strong></span> <span class='ocrx_word' id='word_1_134' title='bbox 437 1101 467 1128; x_wconf 83' lang='lat' dir='ltr'><strong>et</strong></span> <span class='ocrx_word' id='word_1_135' title='bbox 486 1098 573 1128; x_wconf 88' lang='lat' dir='ltr'><strong>uxori</strong></span> <span class='ocrx_word' id='word_1_136' title='bbox 589 1097 753 1126; x_wconf 80' lang='lat' dir='ltr'><strong>intendere.</strong></span> <span class='ocrx_word' id='word_1_137' title='bbox 770 1108 783 1121; x_wconf 77' lang='grc' dir='ltr'><strong>ιι</strong></span> <span class='ocrx_word' id='word_1_138' title='bbox 807 1097 838 1124; x_wconf 85' lang='lat' dir='ltr'><strong>Et</strong></span> <span class='ocrx_word' id='word_1_139' title='bbox 852 1095 921 1123; x_wconf 87' lang='lat' dir='ltr'><strong>ideo</strong></span> <span class='ocrx_word' id='word_1_140' title='bbox 936 1102 992 1122; x_wconf 91' lang='lat' dir='ltr'><strong>no-</strong></span> 
     </span>
     <span class='ocr_line' id='line_1_21' title="bbox 211 1141 992 1183; baseline -0.014 -4"><span class='ocrx_word' id='word_1_141' title='bbox 211 1150 336 1179; x_wconf 85' lang='lat' dir='ltr'><strong>tandum</strong></span> <span class='ocrx_word' id='word_1_142' title='bbox 353 1150 396 1177; x_wconf 88' lang='lat' dir='ltr'><strong>est</strong></span> <span class='ocrx_word' id='word_1_143' title='bbox 414 1147 474 1182; x_wconf 85' lang='lat' dir='ltr'><strong>hic,</strong></span> <span class='ocrx_word' id='word_1_144' title='bbox 495 1145 578 1183; x_wconf 88' lang='lat' dir='ltr'><strong>quod</strong></span> <span class='ocrx_word' id='word_1_145' title='bbox 594 1144 717 1174; x_wconf 75' lang='lat' dir='ltr'><strong>Areolus</strong></span> <span class='ocrx_word' id='word_1_146' title='bbox 740 1141 937 1180; x_wconf 84' lang='lat' dir='ltr'><strong>philosophus</strong></span> <span class='ocrx_word' id='word_1_147' title='bbox 962 1141 992 1169; x_wconf 87' lang='lat' dir='ltr'><strong>in</strong></span> 
     </span>
     <span class='ocr_line' id='line_1_22' title="bbox 211 1188 993 1234; baseline -0.014 -8"><span class='ocrx_word' id='word_1_148' title='bbox 211 1196 346 1234; x_wconf 87' lang='lat' dir='ltr'><strong>quodam</strong></span> <span class='ocrx_word' id='word_1_149' title='bbox 370 1203 424 1223; x_wconf 90' lang='lat' dir='ltr'><strong>suo</strong></span> <span class='ocrx_word' id='word_1_150' title='bbox 444 1194 522 1222; x_wconf 90' lang='lat' dir='ltr'><strong>libro</strong></span> <span class='ocrx_word' id='word_1_151' title='bbox 549 1192 621 1220; x_wconf 90' lang='lat' dir='ltr'><strong>dicit</strong></span> <span class='ocrx_word' id='word_1_152' title='bbox 648 1191 685 1219; x_wconf 91' lang='lat' dir='ltr'><strong>de</strong></span> <span class='ocrx_word' id='word_1_153' title='bbox 715 1189 825 1226; x_wconf 85' lang='lat' dir='ltr'><strong>nuptiis</strong></span> <span class='ocrx_word' id='word_1_154' title='bbox 853 1198 860 1217; x_wconf 75' lang='grc' dir='ltr'>ε</span> <span class='ocrx_word' id='word_1_155' title='bbox 888 1188 993 1225; x_wconf 63' lang='lat' dir='ltr'><strong>quaerit</strong></span> 
     </span>
     <span class='ocr_line' id='line_1_23' title="bbox 212 1235 990 1278; baseline -0.013 -6"><span class='ocrx_word' id='word_1_156' title='bbox 212 1245 290 1274; x_wconf 86' lang='lat' dir='ltr'><strong>enim</strong></span> <span class='ocrx_word' id='word_1_157' title='bbox 307 1251 345 1271; x_wconf 83' lang='lat' dir='ltr'><strong>an</strong></span> <span class='ocrx_word' id='word_1_158' title='bbox 360 1242 406 1270; x_wconf 78' lang='lat' dir='ltr'><strong>vir</strong></span> <span class='ocrx_word' id='word_1_159' title='bbox 419 1241 538 1278; x_wconf 80' lang='lat' dir='ltr'><strong>sapiens</strong></span> <span class='ocrx_word' id='word_1_160' title='bbox 553 1239 662 1268; x_wconf 83' lang='lat' dir='ltr'><strong>debeat</strong></span> <span class='ocrx_word' id='word_1_161' title='bbox 683 1237 792 1265; x_wconf 83' lang='lat' dir='ltr'><strong>ducere</strong></span> <span class='ocrx_word' id='word_1_162' title='bbox 815 1244 950 1269; x_wconf 74' lang='lat' dir='ltr'><strong>uxorem,</strong></span> <span class='ocrx_word' id='word_1_163' title='bbox 967 1235 990 1263; x_wconf 90' lang='lat' dir='ltr'><strong>si</strong></span> 
     </span>
     <span class='ocr_line' id='line_1_24' title="bbox 212 1283 994 1329; baseline -0.012 -10"><span class='ocrx_word' id='word_1_164' title='bbox 212 1292 248 1319; x_wconf 81' lang='lat' dir='ltr'><strong>sit</strong></span> <span class='ocrx_word' id='word_1_165' title='bbox 259 1291 395 1329; x_wconf 79' lang='lat' dir='ltr'><strong>pulchra,</strong></span> <span class='ocrx_word' id='word_1_166' title='bbox 410 1289 434 1317; x_wconf 86' lang='lat' dir='ltr'><strong>si</strong></span> <span class='ocrx_word' id='word_1_167' title='bbox 447 1288 483 1316; x_wconf 79' lang='lat' dir='ltr'><strong>sit</strong></span> <span class='ocrx_word' id='word_1_168' title='bbox 495 1289 586 1321; x_wconf 81' lang='lat' dir='ltr'><strong>casta,</strong></span> <span class='ocrx_word' id='word_1_169' title='bbox 602 1286 625 1314; x_wconf 77' lang='lat' dir='ltr'><strong>si</strong></span> <span class='ocrx_word' id='word_1_170' title='bbox 639 1286 715 1314; x_wconf 90' lang='lat' dir='ltr'><strong>bene</strong></span> <span class='ocrx_word' id='word_1_171' title='bbox 727 1284 917 1320; x_wconf 80' lang='lat' dir='ltr'><strong>morigerata,</strong></span> <span class='ocrx_word' id='word_1_172' title='bbox 927 1283 994 1310; x_wconf 83' lang='lat' dir='ltr'><strong>sicx</strong></span> 
     </span>
     <span class='ocr_line' id='line_1_25' title="bbox 213 1331 997 1374; baseline -0.013 -7"><span class='ocrx_word' id='word_1_173' title='bbox 213 1331 921 1374; x_wconf 75' lang='lat' dir='ltr'><strong>honestisparentibusnata,etc.,quoeinmuliere</strong></span> <span class='ocrx_word' id='word_1_174' title='bbox 930 1332 997 1357; x_wconf 84' lang='lat' dir='ltr'><strong>sunt</strong></span> 
     </span>
     <span class='ocr_line' id='line_1_26' title="bbox 215 1379 997 1418; baseline -0.013 -2"><span class='ocrx_word' id='word_1_175' title='bbox 215 1385 472 1418; x_wconf 80' lang='lat' dir='ltr'><strong>commendandu3</strong></span> <span class='ocrx_word' id='word_1_176' title='bbox 489 1386 516 1412; x_wconf 82' lang='lat' dir='ltr'><strong>et</strong></span> <span class='ocrx_word' id='word_1_177' title='bbox 531 1383 588 1410; x_wconf 86' lang='lat' dir='ltr'><strong>ait:</strong></span> <span class='ocrx_word' id='word_1_178' title='bbox 603 1393 616 1408; x_wconf 83' lang='grc' dir='ltr'><strong>ιι</strong></span> <span class='ocrx_word' id='word_1_179' title='bbox 627 1383 703 1409; x_wconf 76' lang='lat' dir='ltr'><strong>Raro</strong></span> <span class='ocrx_word' id='word_1_180' title='bbox 715 1380 768 1408; x_wconf 61' lang='lat' dir='ltr'><strong>ista</strong></span> <span class='ocrx_word' id='word_1_181' title='bbox 782 1379 997 1407; x_wconf 71' lang='lat' dir='ltr'><strong>omniuconve-</strong></span> 
     </span>
     <span class='ocr_line' id='line_1_27' title="bbox 216 1423 998 1468; baseline -0.013 -5"><span class='ocrx_word' id='word_1_182' title='bbox 216 1435 299 1463; x_wconf 82' lang='lat' dir='ltr'><strong>niunt</strong></span> <span class='ocrx_word' id='word_1_183' title='bbox 315 1434 344 1461; x_wconf 93' lang='lat' dir='ltr'><strong>in</strong></span> <span class='ocrx_word' id='word_1_184' title='bbox 359 1432 460 1468; x_wconf 82' lang='lat' dir='ltr'><strong>aliqua</strong></span> <span class='ocrx_word' id='word_1_185' title='bbox 471 1440 478 1465; x_wconf 89' lang='lat'>;</span> <span class='ocrx_word' id='word_1_186' title='bbox 491 1423 557 1467; x_wconf 72' lang='lat' dir='ltr'><strong>quin</strong></span> <span class='ocrx_word' id='word_1_187' title='bbox 569 1429 619 1457; x_wconf 68' lang='lat' dir='ltr'><strong>etsi</strong></span> <span class='ocrx_word' id='word_1_188' title='bbox 633 1427 823 1460; x_wconf 80' lang='lat' dir='ltr'><strong>conveniant,</strong></span> <span class='ocrx_word' id='word_1_189' title='bbox 837 1434 854 1454; x_wconf 79' lang='lat' dir='ltr'><strong>a</strong></span> <span class='ocrx_word' id='word_1_190' title='bbox 866 1425 998 1462; x_wconf 80' lang='lat' dir='ltr'><strong>sapiente</strong></span> 
     </span>
     <span class='ocr_line' id='line_1_28' title="bbox 217 1474 1000 1511; baseline -0.015 0"><span class='ocrx_word' id='word_1_191' title='bbox 217 1484 318 1511; x_wconf 82' lang='lat' dir='ltr'><strong>tamen</strong></span> <span class='ocrx_word' id='word_1_192' title='bbox 334 1488 410 1508; x_wconf 79' lang='lat' dir='ltr'><strong>uxor</strong></span> <span class='ocrx_word' id='word_1_193' title='bbox 421 1477 559 1507; x_wconf 88' lang='lat' dir='ltr'><strong>ducenda</strong></span> <span class='ocrx_word' id='word_1_194' title='bbox 574 1484 634 1505; x_wconf 93' lang='lat' dir='ltr'><strong>non</strong></span> <span class='ocrx_word' id='word_1_195' title='bbox 649 1478 701 1504; x_wconf 80' lang='lat' dir='ltr'><strong>est.</strong></span> <span class='ocrx_word' id='word_1_196' title='bbox 717 1485 730 1500; x_wconf 86' lang='lat'>»</span> <span class='ocrx_word' id='word_1_197' title='bbox 746 1475 777 1502; x_wconf 81' lang='lat' dir='ltr'><strong>Et</strong></span> <span class='ocrx_word' id='word_1_198' title='bbox 792 1474 937 1502; x_wconf 83' lang='lat' dir='ltr'><strong>rationein</strong></span> <span class='ocrx_word' id='word_1_199' title='bbox 954 1480 1000 1500; x_wconf 80' lang='lat' dir='ltr'><strong>as-</strong></span> 
     </span>
     <span class='ocr_line' id='line_1_29' title="bbox 218 1521 1002 1565; baseline -0.013 -8"><span class='ocrx_word' id='word_1_200' title='bbox 218 1530 324 1565; x_wconf 59' lang='lat' dir='ltr'><strong>signat,</strong></span> <span class='ocrx_word' id='word_1_201' title='bbox 345 1535 436 1564; x_wconf 79' lang='lat' dir='ltr'><strong>quare</strong></span> <span class='ocrx_word' id='word_1_202' title='bbox 454 1535 459 1554; x_wconf 88' lang='grc'>;</span> <span class='ocrx_word' id='word_1_203' title='bbox 477 1526 627 1558; x_wconf 79' lang='lat' dir='ltr'><strong>«Uxores,</strong></span> <span class='ocrx_word' id='word_1_204' title='bbox 654 1534 667 1549; x_wconf 75' lang='grc' dir='ltr'><strong>υ</strong></span> <span class='ocrx_word' id='word_1_205' title='bbox 694 1522 801 1558; x_wconf 84' lang='lat' dir='ltr'><strong>inquit,</strong></span> <span class='ocrx_word' id='word_1_206' title='bbox 828 1532 841 1547; x_wconf 82' lang='lat' dir='ltr'><strong>u</strong></span> <span class='ocrx_word' id='word_1_207' title='bbox 865 1521 1002 1557; x_wconf 78' lang='lat' dir='ltr'><strong>quoerunt</strong></span> 
     </span>
     <span class='ocr_line' id='line_1_30' title="bbox 218 1569 1000 1616; baseline -0.014 -11"><span class='ocrx_word' id='word_1_208' title='bbox 218 1576 362 1614; x_wconf 80' lang='lat' dir='ltr'><strong>pretiosas</strong></span> <span class='ocrx_word' id='word_1_209' title='bbox 377 1577 482 1616; x_wconf 76' lang='lat' dir='ltr'><strong>vestes,</strong></span> <span class='ocrx_word' id='word_1_210' title='bbox 497 1571 710 1609; x_wconf 77' lang='lat' dir='ltr'><strong>supellectilem</strong></span> <span class='ocrx_word' id='word_1_211' title='bbox 733 1569 858 1603; x_wconf 73' lang='lat' dir='ltr'><strong>ruriam,</strong></span> <span class='ocrx_word' id='word_1_212' title='bbox 882 1576 1000 1603; x_wconf 84' lang='lat' dir='ltr'><strong>aurum,</strong></span> 
     </span>
     <span class='ocr_line' id='line_1_31' title="bbox 219 1617 998 1660; baseline -0.017 -7"><span class='ocrx_word' id='word_1_213' title='bbox 219 1627 245 1653; x_wconf 87' lang='lat' dir='ltr'><strong>et</strong></span> <span class='ocrx_word' id='word_1_214' title='bbox 257 1631 401 1660; x_wconf 79' lang='lat' dir='ltr'><strong>gemmas,</strong></span> <span class='ocrx_word' id='word_1_215' title='bbox 419 1623 445 1649; x_wconf 81' lang='lat' dir='ltr'><strong>et</strong></span> <span class='ocrx_word' id='word_1_216' title='bbox 461 1621 659 1655; x_wconf 74' lang='lat' dir='ltr'><strong>obsequentes</strong></span> <span class='ocrx_word' id='word_1_217' title='bbox 672 1617 812 1650; x_wconf 34' lang='lat' dir='ltr'><strong>anciila&amp;</strong></span> <span class='ocrx_word' id='word_1_218' title='bbox 825 1618 972 1645; x_wconf 76' lang='lat' dir='ltr'><strong>ettamen.</strong></span> <span class='ocrx_word' id='word_1_219' title='bbox 985 1625 998 1640; x_wconf 74' lang='grc' dir='ltr'><strong>ι)</strong></span> 
     </span>
     <span class='ocr_line' id='line_1_32' title="bbox 219 1662 1002 1708; baseline -0.014 -9"><span class='ocrx_word' id='word_1_220' title='bbox 219 1674 252 1699; x_wconf 85' lang='lat' dir='ltr'><strong>ut</strong></span> <span class='ocrx_word' id='word_1_221' title='bbox 273 1672 334 1708; x_wconf 78' lang='lat' dir='ltr'><strong>ipse</strong></span> <span class='ocrx_word' id='word_1_222' title='bbox 359 1669 453 1702; x_wconf 81' lang='lat' dir='ltr'><strong>addit,</strong></span> <span class='ocrx_word' id='word_1_223' title='bbox 478 1679 491 1692; x_wconf 85' lang='grc' dir='ltr'><strong>ιι</strong></span> <span class='ocrx_word' id='word_1_224' title='bbox 509 1670 568 1694; x_wconf 85' lang='lat' dir='ltr'><strong>tota</strong></span> <span class='ocrx_word' id='word_1_225' title='bbox 592 1668 677 1694; x_wconf 78' lang='lat' dir='ltr'><strong>nocte</strong></span> <span class='ocrx_word' id='word_1_226' title='bbox 699 1665 872 1700; x_wconf 56' lang='lat' dir='ltr'><strong>proponunt</strong></span> <span class='ocrx_word' id='word_1_227' title='bbox 896 1662 1002 1690; x_wconf 80' lang='lat' dir='ltr'><strong>marito</strong></span> 
     </span>
     <span class='ocr_line' id='line_1_33' title="bbox 221 1709 1003 1752; baseline -0.012 -6"><span class='ocrx_word' id='word_1_228' title='bbox 221 1727 276 1746; x_wconf 77' lang='lat' dir='ltr'><strong>suo</strong></span> <span class='ocrx_word' id='word_1_229' title='bbox 301 1717 373 1745; x_wconf 83' lang='lat' dir='ltr'><strong>tales</strong></span> <span class='ocrx_word' id='word_1_230' title='bbox 397 1715 576 1752; x_wconf 67' lang='lat' dir='ltr'><strong>(lttcrestiones</strong></span> <span class='ocrx_word' id='word_1_231' title='bbox 602 1712 736 1747; x_wconf 65' lang='lat' dir='ltr'><strong>garrulas</strong></span> <span class='ocrx_word' id='word_1_232' title='bbox 758 1720 763 1738; x_wconf 87' lang='lat'>:</span> <span class='ocrx_word' id='word_1_233' title='bbox 788 1724 799 1734; x_wconf 73' lang='grc' dir='ltr'><strong>«ι</strong></span> <span class='ocrx_word' id='word_1_234' title='bbox 822 1711 908 1744; x_wconf 78' lang='lat' dir='ltr'><strong>Talis,</strong></span> <span class='ocrx_word' id='word_1_235' title='bbox 928 1720 941 1735; x_wconf 73' lang='lat' dir='ltr'><strong>n</strong></span> <span class='ocrx_word' id='word_1_236' title='bbox 961 1709 1003 1737; x_wconf 88' lang='lat' dir='ltr'><strong>in-</strong></span> 
     </span>
     <span class='ocr_line' id='line_1_34' title="bbox 222 1756 1001 1802; baseline -0.012 -9"><span class='ocrx_word' id='word_1_237' title='bbox 222 1766 295 1802; x_wconf 82' lang='lat' dir='ltr'><strong>quit,</strong></span> <span class='ocrx_word' id='word_1_238' title='bbox 314 1775 327 1791; x_wconf 91' lang='grc' dir='ltr'><strong>ιι</strong></span> <span class='ocrx_word' id='word_1_239' title='bbox 344 1763 476 1791; x_wconf 84' lang='lat' dir='ltr'><strong>ornatior</strong></span> <span class='ocrx_word' id='word_1_240' title='bbox 497 1770 544 1789; x_wconf 84' lang='lat' dir='ltr'><strong>tue</strong></span> <span class='ocrx_word' id='word_1_241' title='bbox 566 1759 656 1788; x_wconf 80' lang='lat' dir='ltr'><strong>hodie</strong></span> <span class='ocrx_word' id='word_1_242' title='bbox 676 1758 818 1795; x_wconf 71' lang='lat' dir='ltr'><strong>processit</strong></span> <span class='ocrx_word' id='word_1_243' title='bbox 840 1757 878 1784; x_wconf 75' lang='lat' dir='ltr'><strong>sul</strong></span> <span class='ocrx_word' id='word_1_244' title='bbox 904 1756 1001 1793; x_wconf 74' lang='lat' dir='ltr'><strong>publi-</strong></span> 
     </span>
     <span class='ocr_line' id='line_1_35' title="bbox 223 1804 1003 1841; baseline -0.012 -1"><span class='ocrx_word' id='word_1_245' title='bbox 223 1822 301 1841; x_wconf 45' lang='lat' dir='ltr'><strong>cutni</strong></span> <span class='ocrx_word' id='word_1_246' title='bbox 318 1811 393 1840; x_wconf 78' lang='lat' dir='ltr'><strong>Talis</strong></span> <span class='ocrx_word' id='word_1_247' title='bbox 408 1810 446 1838; x_wconf 86' lang='lat' dir='ltr'><strong>ab</strong></span> <span class='ocrx_word' id='word_1_248' title='bbox 460 1808 633 1837; x_wconf 79' lang='lat' dir='ltr'><strong>hominibus</strong></span> <span class='ocrx_word' id='word_1_249' title='bbox 656 1806 832 1838; x_wconf 78' lang='lat' dir='ltr'><strong>honoratur,</strong></span> <span class='ocrx_word' id='word_1_250' title='bbox 854 1807 880 1832; x_wconf 84' lang='lat' dir='ltr'><strong>et</strong></span> <span class='ocrx_word' id='word_1_251' title='bbox 902 1813 958 1839; x_wconf 70' lang='lat' dir='ltr'><strong>ogo</strong></span> <span class='ocrx_word' id='word_1_252' title='bbox 975 1804 1003 1831; x_wconf 89' lang='lat' dir='ltr'><strong>in</strong></span> 
     </span>
     <span class='ocr_line' id='line_1_36' title="bbox 223 1851 1002 1895; baseline -0.014 -7"><span class='ocrx_word' id='word_1_253' title='bbox 223 1860 395 1895; x_wconf 76' lang='lat' dir='ltr'><strong>contemptu</strong></span> <span class='ocrx_word' id='word_1_254' title='bbox 411 1856 611 1889; x_wconf 70' lang='lat' dir='ltr'><strong>souuinurum,</strong></span> <span class='ocrx_word' id='word_1_255' title='bbox 624 1853 709 1888; x_wconf 76' lang='lat' dir='ltr'><strong>quasi</strong></span> <span class='ocrx_word' id='word_1_256' title='bbox 721 1852 830 1880; x_wconf 81' lang='lat' dir='ltr'><strong>ancilla</strong></span> <span class='ocrx_word' id='word_1_257' title='bbox 844 1851 1002 1887; x_wconf 78' lang='lat' dir='ltr'><strong>despicior.</strong></span> 
     </span>
     <span class='ocr_line' id='line_1_37' title="bbox 223 1898 1004 1937; baseline -0.013 -2"><span class='ocrx_word' id='word_1_258' title='bbox 223 1909 263 1935; x_wconf 84' lang='lat' dir='ltr'><strong>Tu</strong></span> <span class='ocrx_word' id='word_1_259' title='bbox 289 1907 387 1937; x_wconf 81' lang='lat' dir='ltr'><strong>etiam,</strong></span> <span class='ocrx_word' id='word_1_260' title='bbox 405 1916 417 1930; x_wconf 74' lang='grc' dir='ltr'><strong>ι)</strong></span> <span class='ocrx_word' id='word_1_261' title='bbox 437 1904 477 1932; x_wconf 85' lang='lat' dir='ltr'><strong>ait</strong></span> <span class='ocrx_word' id='word_1_262' title='bbox 502 1903 578 1933; x_wconf 72' lang='lat' dir='ltr'><strong>viro.</strong></span> <span class='ocrx_word' id='word_1_263' title='bbox 607 1913 619 1925; x_wconf 77' lang='grc' dir='ltr'><strong>ιι</strong></span> <span class='ocrx_word' id='word_1_264' title='bbox 636 1900 723 1929; x_wconf 65' lang='lat' dir='ltr'><strong>tulum</strong></span> <span class='ocrx_word' id='word_1_265' title='bbox 751 1899 901 1935; x_wconf 48' lang='lat' dir='ltr'><strong>inspexisti</strong></span> <span class='ocrx_word' id='word_1_266' title='bbox 932 1898 1004 1925; x_wconf 81' lang='lat' dir='ltr'><strong>vici-</strong></span> 
     </span>
     <span class='ocr_line' id='line_1_38' title="bbox 224 1945 1002 1989; baseline -0.014 -6"><span class='ocrx_word' id='word_1_267' title='bbox 224 1963 310 1989; x_wconf 84' lang='lat' dir='ltr'><strong>num3</strong></span> <span class='ocrx_word' id='word_1_268' title='bbox 327 1953 374 1981; x_wconf 70' lang='lat' dir='ltr'><strong>dic</strong></span> <span class='ocrx_word' id='word_1_269' title='bbox 391 1951 474 1985; x_wconf 78' lang='lat' dir='ltr'><strong>mihi,</strong></span> <span class='ocrx_word' id='word_1_270' title='bbox 487 1950 559 1986; x_wconf 76' lang='lat' dir='ltr'><strong>quid</strong></span> <span class='ocrx_word' id='word_1_271' title='bbox 572 1947 745 1984; x_wconf 59' lang='lat' dir='ltr'><strong>loquebaris</strong></span> <span class='ocrx_word' id='word_1_272' title='bbox 761 1955 829 1974; x_wconf 85' lang='lat' dir='ltr'><strong>cum</strong></span> <span class='ocrx_word' id='word_1_273' title='bbox 845 1945 974 1974; x_wconf 66' lang='lat' dir='ltr'><strong>ancilla?</strong></span> <span class='ocrx_word' id='word_1_274' title='bbox 990 1956 1002 1971; x_wconf 79' lang='lat' dir='ltr'><strong>n</strong></span> 
     </span>
     <span class='ocr_line' id='line_1_39' title="bbox 225 1993 1005 2030; baseline -0.014 0"><span class='ocrx_word' id='word_1_275' title='bbox 225 2005 262 2030; x_wconf 63' lang='lat' dir='ltr'><strong>tie</strong></span> <span class='ocrx_word' id='word_1_276' title='bbox 279 2002 343 2029; x_wconf 82' lang='lat' dir='ltr'><strong>foro</strong></span> <span class='ocrx_word' id='word_1_277' title='bbox 358 1999 446 2028; x_wconf 83' lang='lat' dir='ltr'><strong>eliam</strong></span> <span class='ocrx_word' id='word_1_278' title='bbox 462 1998 583 2025; x_wconf 70' lang='lat' dir='ltr'><strong>veniens</strong></span> <span class='ocrx_word' id='word_1_279' title='bbox 602 2005 608 2023; x_wconf 79' lang='lat' dir='ltr'>z</span> <span class='ocrx_word' id='word_1_280' title='bbox 625 2007 637 2020; x_wconf 87' lang='grc' dir='ltr'><strong>ιι</strong></span> <span class='ocrx_word' id='word_1_281' title='bbox 654 1994 727 2028; x_wconf 71' lang='lat' dir='ltr'><strong>Quid</strong></span> <span class='ocrx_word' id='word_1_282' title='bbox 750 1994 833 2027; x_wconf 74' lang='lat' dir='ltr'><strong>mitti,</strong></span> <span class='ocrx_word' id='word_1_283' title='bbox 859 2005 871 2017; x_wconf 75' lang='lat' dir='ltr'><strong>u</strong></span> <span class='ocrx_word' id='word_1_284' title='bbox 899 1993 1005 2029; x_wconf 82' lang='lat' dir='ltr'><strong>iuquit,</strong></span> 
     </span>
     <span class='ocr_line' id='line_1_40' title="bbox 230 2041 1005 2086; baseline -0.01 -11"><span class='ocrx_word' id='word_1_285' title='bbox 230 2062 242 2075; x_wconf 88' lang='lat'>«</span> <span class='ocrx_word' id='word_1_286' title='bbox 265 2047 411 2086; x_wconf 69' lang='lat' dir='ltr'><strong>portasti?</strong></span> <span class='ocrx_word' id='word_1_287' title='bbox 428 2058 439 2069; x_wconf 71' lang='grc' dir='ltr'><strong>ιι</strong></span> <span class='ocrx_word' id='word_1_288' title='bbox 460 2047 490 2073; x_wconf 70' lang='grc' dir='ltr'><strong>Εἰ</strong></span> <span class='ocrx_word' id='word_1_289' title='bbox 505 2045 545 2072; x_wconf 84' lang='lat' dir='ltr'><strong>sic</strong></span> <span class='ocrx_word' id='word_1_290' title='bbox 565 2044 607 2077; x_wconf 69' lang='lat' dir='ltr'><strong>tit,</strong></span> <span class='ocrx_word' id='word_1_291' title='bbox 631 2042 713 2079; x_wconf 79' lang='lat' dir='ltr'><strong>quod</strong></span> <span class='ocrx_word' id='word_1_292' title='bbox 729 2050 782 2069; x_wconf 73' lang='lat' dir='ltr'><strong>nco</strong></span> <span class='ocrx_word' id='word_1_293' title='bbox 798 2041 937 2071; x_wconf 71' lang='lat' dir='ltr'><strong>amicum,</strong></span> <span class='ocrx_word' id='word_1_294' title='bbox 952 2049 1005 2068; x_wconf 76' lang='lat' dir='ltr'><strong>mc</strong></span> 
     </span>
     <span class='ocr_line' id='line_1_41' title="bbox 226 2088 1006 2127; baseline -0.013 -3"><span class='ocrx_word' id='word_1_295' title='bbox 226 2095 363 2125; x_wconf 76' lang='lat' dir='ltr'><strong>sodalem</strong></span> <span class='ocrx_word' id='word_1_296' title='bbox 379 2093 489 2122; x_wconf 70' lang='lat' dir='ltr'><strong>habere</strong></span> <span class='ocrx_word' id='word_1_297' title='bbox 505 2098 673 2127; x_wconf 77' lang='lat' dir='ltr'><strong>possumus,</strong></span> <span class='ocrx_word' id='word_1_298' title='bbox 697 2089 766 2125; x_wconf 70' lang='lat' dir='ltr'><strong>quia</strong></span> <span class='ocrx_word' id='word_1_299' title='bbox 791 2096 866 2116; x_wconf 81' lang='lat' dir='ltr'><strong>uxor</strong></span> <span class='ocrx_word' id='word_1_300' title='bbox 888 2088 1006 2115; x_wconf 69' lang='lat' dir='ltr'><strong>alterius</strong></span> 
     </span>
     <span class='ocr_line' id='line_1_42' title="bbox 226 2135 1009 2172; baseline -0.013 -1"><span class='ocrx_word' id='word_1_301' title='bbox 226 2151 359 2171; x_wconf 80' lang='lat' dir='ltr'><strong>atuorctu</strong></span> <span class='ocrx_word' id='word_1_302' title='bbox 389 2148 475 2168; x_wconf 79' lang='lat' dir='ltr'><strong>suum</strong></span> <span class='ocrx_word' id='word_1_303' title='bbox 502 2138 605 2166; x_wconf 79' lang='lat' dir='ltr'><strong>odium</strong></span> <span class='ocrx_word' id='word_1_304' title='bbox 631 2137 796 2172; x_wconf 62' lang='lat' dir='ltr'><strong>suspicatur</strong></span> <span class='ocrx_word' id='word_1_305' title='bbox 815 2135 952 2162; x_wconf 63' lang='lat' dir='ltr'><strong>uliut‘utu.</strong></span> <span class='ocrx_word' id='word_1_306' title='bbox 976 2136 1009 2161; x_wconf 65' lang='lat' dir='ltr'><strong>tit</strong></span> 
     </span>
     <span class='ocr_line' id='line_1_43' title="bbox 227 2184 1006 2219; baseline -0.009 -1"><span class='ocrx_word' id='word_1_307' title='bbox 227 2191 324 2218; x_wconf 83' lang='lat' dir='ltr'><strong>adhue</strong></span> <span class='ocrx_word' id='word_1_308' title='bbox 341 2188 430 2216; x_wconf 86' lang='lat' dir='ltr'><strong>aliam</strong></span> <span class='ocrx_word' id='word_1_309' title='bbox 453 2193 573 2214; x_wconf 71' lang='lat' dir='ltr'><strong>causan]</strong></span> <span class='ocrx_word' id='word_1_310' title='bbox 596 2184 703 2217; x_wconf 58' lang='lat' dir='ltr'><strong>rudtlil,</strong></span> <span class='ocrx_word' id='word_1_311' title='bbox 728 2191 820 2219; x_wconf 77' lang='lat' dir='ltr'><strong>quare</strong></span> <span class='ocrx_word' id='word_1_312' title='bbox 847 2191 922 2211; x_wconf 78' lang='lat' dir='ltr'><strong>uxor</strong></span> <span class='ocrx_word' id='word_1_313' title='bbox 946 2192 1006 2212; x_wconf 90' lang='lat' dir='ltr'><strong>non</strong></span> 
     </span>
     <span class='ocr_line' id='line_1_44' title="bbox 227 2230 1008 2268; baseline -0.009 -3"><span class='ocrx_word' id='word_1_314' title='bbox 227 2238 262 2265; x_wconf 75' lang='lat' dir='ltr'><strong>sit</strong></span> <span class='ocrx_word' id='word_1_315' title='bbox 278 2235 417 2264; x_wconf 73' lang='lat' dir='ltr'><strong>ducenda</strong></span> <span class='ocrx_word' id='word_1_316' title='bbox 441 2243 446 2261; x_wconf 91' lang='lat'>:</span> <span class='ocrx_word' id='word_1_317' title='bbox 467 2241 502 2261; x_wconf 89' lang='lat' dir='ltr'><strong>eo</strong></span> <span class='ocrx_word' id='word_1_318' title='bbox 519 2232 600 2268; x_wconf 78' lang='lat' dir='ltr'><strong>quod</strong></span> <span class='ocrx_word' id='word_1_319' title='bbox 623 2230 704 2258; x_wconf 80' lang='lat' dir='ltr'><strong>nulla</strong></span> <span class='ocrx_word' id='word_1_320' title='bbox 721 2230 755 2257; x_wconf 72' lang='lat' dir='ltr'><strong>&gt;it</strong></span> <span class='ocrx_word' id='word_1_321' title='bbox 775 2230 876 2257; x_wconf 72' lang='lat' dir='ltr'><strong>uxoris</strong></span> <span class='ocrx_word' id='word_1_322' title='bbox 892 2230 1008 2265; x_wconf 69' lang='lat' dir='ltr'><strong>electio,</strong></span> 
     </span>
     <span class='ocr_line' id='line_1_45' title="bbox 227 2278 1006 2320; baseline -0.01 -8"><span class='ocrx_word' id='word_1_323' title='bbox 227 2284 277 2311; x_wconf 71' lang='lat' dir='ltr'><strong>sod</strong></span> <span class='ocrx_word' id='word_1_324' title='bbox 295 2282 520 2320; x_wconf 77' lang='lat' dir='ltr'><strong>qualiscumque</strong></span> <span class='ocrx_word' id='word_1_325' title='bbox 542 2279 639 2312; x_wconf 72' lang='lat' dir='ltr'><strong>tuerit,</strong></span> <span class='ocrx_word' id='word_1_326' title='bbox 667 2279 709 2305; x_wconf 57' lang='lat' dir='ltr'><strong>est</strong></span> <span class='ocrx_word' id='word_1_327' title='bbox 732 2278 955 2313; x_wconf 73' lang='lat' dir='ltr'><strong>supportanda;</strong></span> <span class='ocrx_word' id='word_1_328' title='bbox 984 2279 1006 2306; x_wconf 73' lang='lat' dir='ltr'><strong>si</strong></span> 
     </span>
     <span class='ocr_line' id='line_1_46' title="bbox 228 2324 1007 2361; baseline -0.008 -3"><span class='ocrx_word' id='word_1_329' title='bbox 228 2331 337 2359; x_wconf 73' lang='lat' dir='ltr'><strong>scilieet</strong></span> <span class='ocrx_word' id='word_1_330' title='bbox 359 2327 512 2359; x_wconf 79' lang='lat' dir='ltr'><strong>iracunda,</strong></span> <span class='ocrx_word' id='word_1_331' title='bbox 528 2327 548 2353; x_wconf 78' lang='lat' dir='ltr'><strong>si</strong></span> <span class='ocrx_word' id='word_1_332' title='bbox 566 2326 654 2355; x_wconf 75' lang='lat' dir='ltr'><strong>fatua.</strong></span> <span class='ocrx_word' id='word_1_333' title='bbox 677 2325 698 2351; x_wconf 74' lang='lat' dir='ltr'><strong>si</strong></span> <span class='ocrx_word' id='word_1_334' title='bbox 722 2324 862 2360; x_wconf 56' lang='lat' dir='ltr'><strong>superba,</strong></span> <span class='ocrx_word' id='word_1_335' title='bbox 885 2325 906 2352; x_wconf 77' lang='lat' dir='ltr'><strong>si</strong></span> <span class='ocrx_word' id='word_1_336' title='bbox 925 2326 1007 2361; x_wconf 70' lang='lat' dir='ltr'><strong>puni-</strong></span> 
     </span>
     <span class='ocr_line' id='line_1_47' title="bbox 229 2372 1005 2407; baseline -0.015 -1"><span class='ocrx_word' id='word_1_337' title='bbox 229 2382 274 2406; x_wconf 79' lang='lat' dir='ltr'><strong>tus</strong></span> <span class='ocrx_word' id='word_1_338' title='bbox 289 2377 465 2407; x_wconf 80' lang='lat' dir='ltr'><strong>deformata,</strong></span> <span class='ocrx_word' id='word_1_339' title='bbox 481 2375 535 2402; x_wconf 83' lang='lat' dir='ltr'><strong>etc.</strong></span> <span class='ocrx_word' id='word_1_340' title='bbox 549 2372 671 2400; x_wconf 73' lang='lat' dir='ltr'><strong>lituddit</strong></span> <span class='ocrx_word' id='word_1_341' title='bbox 688 2380 693 2398; x_wconf 90' lang='lat'>:</span> <span class='ocrx_word' id='word_1_342' title='bbox 712 2382 724 2396; x_wconf 83' lang='lat'>«</span> <span class='ocrx_word' id='word_1_343' title='bbox 741 2373 851 2406; x_wconf 71' lang='grc' dir='ltr'><strong>Ιίιμιικ,</strong></span> <span class='ocrx_word' id='word_1_344' title='bbox 868 2372 933 2407; x_wconf 60' lang='lat' dir='ltr'><strong>bos,</strong></span> <span class='ocrx_word' id='word_1_345' title='bbox 949 2373 1005 2400; x_wconf 62' lang='lat' dir='ltr'><strong>asi-</strong></span> 
     </span>
     <span class='ocr_line' id='line_1_48' title="bbox 228 2418 1007 2459; baseline -0.012 -7"><span class='ocrx_word' id='word_1_346' title='bbox 228 2434 292 2459; x_wconf 72' lang='lat' dir='ltr'><strong>nus,</strong></span> <span class='ocrx_word' id='word_1_347' title='bbox 319 2423 423 2457; x_wconf 51' lang='lat' dir='ltr'><strong>bestia,</strong></span> <span class='ocrx_word' id='word_1_348' title='bbox 448 2424 475 2449; x_wconf 81' lang='lat' dir='ltr'><strong>et</strong></span> <span class='ocrx_word' id='word_1_349' title='bbox 498 2428 599 2448; x_wconf 72' lang='lat' dir='ltr'><strong>servus</strong></span> <span class='ocrx_word' id='word_1_350' title='bbox 623 2419 703 2455; x_wconf 83' lang='lat' dir='ltr'><strong>prius</strong></span> <span class='ocrx_word' id='word_1_351' title='bbox 726 2418 874 2453; x_wconf 68' lang='lat' dir='ltr'><strong>videntur,</strong></span> <span class='ocrx_word' id='word_1_352' title='bbox 891 2423 917 2447; x_wconf 84' lang='lat' dir='ltr'><strong>ct</strong></span> <span class='ocrx_word' id='word_1_353' title='bbox 938 2428 1007 2456; x_wconf 75' lang='lat' dir='ltr'><strong>pro-</strong></span> 
     </span>
     <span class='ocr_line' id='line_1_49' title="bbox 228 2468 1007 2506; baseline -0.008 -7"><span class='ocrx_word' id='word_1_354' title='bbox 228 2473 346 2506; x_wconf 50' lang='lat' dir='ltr'><strong>luuntur,</strong></span> <span class='ocrx_word' id='word_1_355' title='bbox 374 2477 465 2506; x_wconf 80' lang='lat' dir='ltr'><strong>quum</strong></span> <span class='ocrx_word' id='word_1_356' title='bbox 492 2476 509 2496; x_wconf 83' lang='lat' dir='ltr'><strong>a</strong></span> <span class='ocrx_word' id='word_1_357' title='bbox 536 2474 727 2504; x_wconf 81' lang='lat' dir='ltr'><strong>quocumque</strong></span> <span class='ocrx_word' id='word_1_358' title='bbox 762 2470 914 2501; x_wconf 51' lang='lat' dir='ltr'><strong>munitium</strong></span> <span class='ocrx_word' id='word_1_359' title='bbox 944 2468 1007 2495; x_wconf 65' lang='lat' dir='ltr'><strong>solu</strong></span> 
     </span>
     <span class='ocr_line' id='line_1_50' title="bbox 228 2513 1010 2550; baseline -0.006 -3"><span class='ocrx_word' id='word_1_360' title='bbox 228 2528 304 2547; x_wconf 78' lang='lat' dir='ltr'><strong>uxor</strong></span> <span class='ocrx_word' id='word_1_361' title='bbox 321 2517 434 2546; x_wconf 85' lang='lat' dir='ltr'><strong>homini</strong></span> <span class='ocrx_word' id='word_1_362' title='bbox 451 2515 625 2546; x_wconf 82' lang='lat' dir='ltr'><strong>occultatur,</strong></span> <span class='ocrx_word' id='word_1_363' title='bbox 648 2521 684 2540; x_wconf 88' lang='lat' dir='ltr'><strong>ne</strong></span> <span class='ocrx_word' id='word_1_364' title='bbox 707 2513 778 2540; x_wconf 79' lang='lat' dir='ltr'><strong>sorte</strong></span> <span class='ocrx_word' id='word_1_365' title='bbox 801 2517 886 2541; x_wconf 66' lang='lat' dir='ltr'><strong>antea</strong></span> <span class='ocrx_word' id='word_1_366' title='bbox 903 2514 1010 2550; x_wconf 64' lang='lat' dir='ltr'><strong>displi-</strong></span> 
     </span>
     <span class='ocr_line' id='line_1_51' title="bbox 229 2560 1007 2602; baseline -0.006 -7"><span class='ocrx_word' id='word_1_367' title='bbox 229 2569 302 2601; x_wconf 79' lang='lat' dir='ltr'><strong>ceat,</strong></span> <span class='ocrx_word' id='word_1_368' title='bbox 319 2574 410 2602; x_wconf 82' lang='lat' dir='ltr'><strong>quatu</strong></span> <span class='ocrx_word' id='word_1_369' title='bbox 426 2564 560 2592; x_wconf 82' lang='lat' dir='ltr'><strong>ducatur.</strong></span> <span class='ocrx_word' id='word_1_370' title='bbox 578 2572 590 2586; x_wconf 68' lang='lat' dir='ltr'><strong>n</strong></span> <span class='ocrx_word' id='word_1_371' title='bbox 608 2563 646 2588; x_wconf 76' lang='lat' dir='ltr'><strong>Ex</strong></span> <span class='ocrx_word' id='word_1_372' title='bbox 662 2560 771 2596; x_wconf 76' lang='lat' dir='ltr'><strong>quibus</strong></span> <span class='ocrx_word' id='word_1_373' title='bbox 787 2562 928 2589; x_wconf 77' lang='lat' dir='ltr'><strong>omnibus</strong></span> <span class='ocrx_word' id='word_1_374' title='bbox 944 2571 1007 2590; x_wconf 77' lang='lat' dir='ltr'><strong>uia-</strong></span> 
     </span>
    </p>
   </div>
   <div class='ocr_carea' id='block_1_3' title="bbox 231 2623 1008 2691">
    <p class='ocr_par' dir='ltr' id='par_1_3' title="bbox 231 2623 1008 2691">
     <span class='ocr_line' id='line_1_52' title="bbox 262 2623 1008 2658; baseline -0.005 -5"><span class='ocrx_word' id='word_1_375' title='bbox 262 2631 268 2646; x_wconf 94' lang='lat'>¹</span> <span class='ocrx_word' id='word_1_376' title='bbox 286 2629 352 2655; x_wconf 71' lang='lat' dir='ltr'><strong>Gal..</strong></span> <span class='ocrx_word' id='word_1_377' title='bbox 379 2635 398 2658; x_wconf 76' lang='lat' dir='ltr'><strong>t,</strong></span> <span class='ocrx_word' id='word_1_378' title='bbox 419 2628 500 2651; x_wconf 74' lang='lat' dir='ltr'><strong>t33-tfi.</strong></span> <span class='ocrx_word' id='word_1_379' title='bbox 517 2640 547 2644; x_wconf 84' lang='lat'><strong>—-</strong></span> <span class='ocrx_word' id='word_1_380' title='bbox 565 2625 574 2641; x_wconf 76' lang='lat'>²</span> <span class='ocrx_word' id='word_1_381' title='bbox 594 2624 706 2653; x_wconf 69' lang='lat' dir='ltr'><strong>At‘islol.‚</strong></span> <span class='ocrx_word' id='word_1_382' title='bbox 727 2623 759 2645; x_wconf 64' lang='lat' dir='ltr'><strong>lh·</strong></span> <span class='ocrx_word' id='word_1_383' title='bbox 783 2626 866 2646; x_wconf 68' lang='lat' dir='ltr'><strong>untur,</strong></span> <span class='ocrx_word' id='word_1_384' title='bbox 888 2626 1008 2654; x_wconf 49' lang='lat' dir='ltr'><strong>11:11&#39;71111lq</strong></span> 
     </span>
     <span class='ocr_line' id='line_1_53' title="bbox 231 2659 944 2691; baseline -0.006 -3"><span class='ocrx_word' id='word_1_385' title='bbox 231 2673 252 2688; x_wconf 69' lang='lat' dir='ltr'><strong>r.</strong></span> <span class='ocrx_word' id='word_1_386' title='bbox 272 2671 392 2689; x_wconf 69' lang='lat' dir='ltr'><strong>xt,x11.—</strong></span> <span class='ocrx_word' id='word_1_387' title='bbox 411 2664 417 2675; x_wconf 67' lang='lat'>¹</span> <span class='ocrx_word' id='word_1_388' title='bbox 435 2665 440 2686; x_wconf 98' lang='grc'>1</span> <span class='ocrx_word' id='word_1_389' title='bbox 458 2663 534 2691; x_wconf 60' lang='lat' dir='ltr'><strong>vetra,</strong></span> <span class='ocrx_word' id='word_1_390' title='bbox 553 2667 586 2688; x_wconf 72' lang='lat' dir='ltr'><strong>tv,</strong></span> <span class='ocrx_word' id='word_1_391' title='bbox 605 2663 640 2684; x_wconf 73' lang='lat' dir='ltr'><strong>itt.</strong></span> <span class='ocrx_word' id='word_1_392' title='bbox 657 2673 687 2677; x_wconf 96' lang='lat'><strong>—</strong></span> <span class='ocrx_word' id='word_1_393' title='bbox 705 2660 711 2673; x_wconf 75' lang='lat'>⁸</span> <span class='ocrx_word' id='word_1_394' title='bbox 728 2659 801 2689; x_wconf 74' lang='lat' dir='ltr'><strong>ibid,</strong></span> <span class='ocrx_word' id='word_1_395' title='bbox 822 2666 847 2688; x_wconf 84' lang='grc' dir='ltr'><strong>ιι,</strong></span> <span class='ocrx_word' id='word_1_396' title='bbox 867 2662 944 2685; x_wconf 50' lang='lat' dir='ltr'><strong>lun-gn,</strong></span> 
     </span>
    </p>
   </div>
   <div class='ocr_carea' id='block_1_4' title="bbox 540 175 1447 215">
    <p class='ocr_par' dir='ltr' id='par_1_4' title="bbox 540 175 1447 215">
     <span class='ocr_line' id='line_1_54' title="bbox 540 175 1447 215; baseline -0.003 0"><span class='ocrx_word' id='word_1_397' title='bbox 540 179 752 215; x_wconf 81' lang='lat' dir='ltr'>SERMONES</span> <span class='ocrx_word' id='word_1_398' title='bbox 772 178 824 212; x_wconf 88' lang='lat' dir='ltr'><strong>DE</strong></span> <span class='ocrx_word' id='word_1_399' title='bbox 845 175 1012 211; x_wconf 83' lang='lat' dir='ltr'>SANCTIS</span> <span class='ocrx_word' id='word_1_400' title='bbox 1034 175 1076 211; x_wconf 84' lang='lat' dir='ltr'><strong>IN</strong></span> <span class='ocrx_word' id='word_1_401' title='bbox 1097 176 1292 212; x_wconf 68' lang='lat' dir='ltr'><strong>commum.</strong></span> <span class='ocrx_word' id='word_1_402' title='bbox 1313 177 1447 212; x_wconf 83' lang='lat' dir='ltr'>XXXVI.</span> 
     </span>
    </p>
   </div>
   <div class='ocr_carea' id='block_1_5' title="bbox 1032 245 1854 2597">
    <p class='ocr_par' dir='ltr' id='par_1_5' title="bbox 1032 245 1854 1127">
     <span class='ocr_line' id='line_1_55' title="bbox 1032 245 1854 285; baseline 0.002 -9"><span class='ocrx_word' id='word_1_403' title='bbox 1032 245 1138 276; x_wconf 76' lang='lat' dir='ltr'><strong>nireste</strong></span> <span class='ocrx_word' id='word_1_404' title='bbox 1149 246 1312 281; x_wconf 82' lang='lat' dir='ltr'><strong>concludit.</strong></span> <span class='ocrx_word' id='word_1_405' title='bbox 1327 247 1412 285; x_wconf 81' lang='lat' dir='ltr'><strong>qnod</strong></span> <span class='ocrx_word' id='word_1_406' title='bbox 1429 255 1448 276; x_wconf 79' lang='lat' dir='ltr'><strong>a</strong></span> <span class='ocrx_word' id='word_1_407' title='bbox 1465 246 1602 285; x_wconf 74' lang='lat' dir='ltr'><strong>sapiente</strong></span> <span class='ocrx_word' id='word_1_408' title='bbox 1611 254 1676 276; x_wconf 87' lang='lat' dir='ltr'><strong>non</strong></span> <span class='ocrx_word' id='word_1_409' title='bbox 1687 246 1726 278; x_wconf 73' lang='lat' dir='ltr'><strong>stt</strong></span> <span class='ocrx_word' id='word_1_410' title='bbox 1737 254 1816 278; x_wconf 85' lang='lat' dir='ltr'><strong>uxor</strong></span> <span class='ocrx_word' id='word_1_411' title='bbox 1848 247 1854 253; x_wconf 88' lang='lat'>&#39;</span> 
     </span>
     <span class='ocr_line' id='line_1_56' title="bbox 1034 293 1816 331; baseline 0.003 -8"><span class='ocrx_word' id='word_1_412' title='bbox 1034 293 1183 323; x_wconf 81' lang='lat' dir='ltr'><strong>ducenda.</strong></span> <span class='ocrx_word' id='word_1_413' title='bbox 1198 295 1275 331; x_wconf 85' lang='lat' dir='ltr'><strong>Ergo</strong></span> <span class='ocrx_word' id='word_1_414' title='bbox 1295 294 1321 323; x_wconf 88' lang='lat' dir='ltr'><strong>si</strong></span> <span class='ocrx_word' id='word_1_415' title='bbox 1340 302 1411 324; x_wconf 88' lang='lat' dir='ltr'><strong>cum</strong></span> <span class='ocrx_word' id='word_1_416' title='bbox 1425 296 1590 324; x_wconf 68' lang='lat' dir='ltr'><strong>uxoratum</strong></span> <span class='ocrx_word' id='word_1_417' title='bbox 1602 294 1703 331; x_wconf 72' lang='lat' dir='ltr'><strong>gravis</strong></span> <span class='ocrx_word' id='word_1_418' title='bbox 1714 294 1754 325; x_wconf 80' lang='lat' dir='ltr'><strong>sit</strong></span> <span class='ocrx_word' id='word_1_419' title='bbox 1765 303 1816 325; x_wconf 87' lang='lat' dir='ltr'><strong>co-</strong></span> 
     </span>
     <span class='ocr_line' id='line_1_57' title="bbox 1033 340 1817 379; baseline 0 -9"><span class='ocrx_word' id='word_1_420' title='bbox 1033 340 1191 377; x_wconf 75' lang='lat' dir='ltr'><strong>habitatio,</strong></span> <span class='ocrx_word' id='word_1_421' title='bbox 1205 345 1236 371; x_wconf 87' lang='lat' dir='ltr'><strong>et</strong></span> <span class='ocrx_word' id='word_1_422' title='bbox 1249 341 1431 379; x_wconf 77' lang='lat' dir='ltr'><strong>periculose,</strong></span> <span class='ocrx_word' id='word_1_423' title='bbox 1455 341 1554 379; x_wconf 85' lang='lat' dir='ltr'><strong>qualis</strong></span> <span class='ocrx_word' id='word_1_424' title='bbox 1572 342 1644 370; x_wconf 86' lang='lat' dir='ltr'><strong>tunc</strong></span> <span class='ocrx_word' id='word_1_425' title='bbox 1667 341 1724 370; x_wconf 84' lang='lat' dir='ltr'><strong>erit</strong></span> <span class='ocrx_word' id='word_1_426' title='bbox 1746 349 1817 371; x_wconf 85' lang='lat' dir='ltr'><strong>cum</strong></span> 
     </span>
     <span class='ocr_line' id='line_1_58' title="bbox 1035 389 1819 428; baseline 0.001 -10"><span class='ocrx_word' id='word_1_427' title='bbox 1035 389 1138 427; x_wconf 78' lang='lat' dir='ltr'><strong>alique</strong></span> <span class='ocrx_word' id='word_1_428' title='bbox 1153 389 1274 420; x_wconf 74' lang='lat' dir='ltr'><strong>aliene?</strong></span> <span class='ocrx_word' id='word_1_429' title='bbox 1286 391 1320 420; x_wconf 81' lang='lat' dir='ltr'><strong>Et</strong></span> <span class='ocrx_word' id='word_1_430' title='bbox 1331 392 1455 428; x_wconf 85' lang='lat' dir='ltr'><strong>propter</strong></span> <span class='ocrx_word' id='word_1_431' title='bbox 1468 390 1531 420; x_wconf 81' lang='lat' dir='ltr'><strong>haec</strong></span> <span class='ocrx_word' id='word_1_432' title='bbox 1545 390 1650 419; x_wconf 82' lang='lat' dir='ltr'><strong>omnia</strong></span> <span class='ocrx_word' id='word_1_433' title='bbox 1661 389 1740 419; x_wconf 87' lang='lat' dir='ltr'><strong>hene</strong></span> <span class='ocrx_word' id='word_1_434' title='bbox 1752 389 1819 419; x_wconf 70' lang='lat' dir='ltr'><strong>tro-</strong></span> 
     </span>
     <span class='ocr_line' id='line_1_59' title="bbox 1035 436 1818 474; baseline 0.001 -9"><span class='ocrx_word' id='word_1_435' title='bbox 1035 437 1138 466; x_wconf 79' lang='lat' dir='ltr'><strong>nanda</strong></span> <span class='ocrx_word' id='word_1_436' title='bbox 1147 439 1191 466; x_wconf 89' lang='lat' dir='ltr'><strong>est</strong></span> <span class='ocrx_word' id='word_1_437' title='bbox 1201 437 1332 474; x_wconf 77' lang='lat' dir='ltr'><strong>luxurie,</strong></span> <span class='ocrx_word' id='word_1_438' title='bbox 1347 438 1416 467; x_wconf 87' lang='lat' dir='ltr'><strong>etin</strong></span> <span class='ocrx_word' id='word_1_439' title='bbox 1425 438 1566 467; x_wconf 82' lang='lat' dir='ltr'><strong>manibus</strong></span> <span class='ocrx_word' id='word_1_440' title='bbox 1576 437 1668 466; x_wconf 79' lang='lat' dir='ltr'><strong>sroene</strong></span> <span class='ocrx_word' id='word_1_441' title='bbox 1678 436 1818 466; x_wconf 75' lang='lat' dir='ltr'><strong>tenende..</strong></span> 
     </span>
     <span class='ocr_line' id='line_1_60' title="bbox 1036 483 1821 522; baseline 0 -10"><span class='ocrx_word' id='word_1_442' title='bbox 1036 483 1119 512; x_wconf 87' lang='lat' dir='ltr'><strong>Unde</strong></span> <span class='ocrx_word' id='word_1_443' title='bbox 1133 485 1162 513; x_wconf 82' lang='lat' dir='ltr'><strong>et</strong></span> <span class='ocrx_word' id='word_1_444' title='bbox 1176 484 1296 514; x_wconf 84' lang='lat' dir='ltr'><strong>dicebat</strong></span> <span class='ocrx_word' id='word_1_445' title='bbox 1309 484 1468 522; x_wconf 75' lang='lat' dir='ltr'><strong>Apostolus</strong></span> <span class='ocrx_word' id='word_1_446' title='bbox 1482 486 1492 504; x_wconf 88' lang='lat'>¹</span> <span class='ocrx_word' id='word_1_447' title='bbox 1508 494 1544 514; x_wconf 75' lang='lat' dir='ltr'><strong>:t</strong></span> <span class='ocrx_word' id='word_1_448' title='bbox 1559 485 1696 522; x_wconf 83' lang='lat' dir='ltr'><strong>cumque</strong></span> <span class='ocrx_word' id='word_1_449' title='bbox 1706 483 1821 522; x_wconf 75' lang='lat' dir='ltr'><strong>placuit</strong></span> 
     </span>
     <span class='ocr_line' id='line_1_61' title="bbox 1037 531 1821 568; baseline 0.001 -9"><span class='ocrx_word' id='word_1_450' title='bbox 1037 531 1076 566; x_wconf 90' lang='lat' dir='ltr'><strong>ei,</strong></span> <span class='ocrx_word' id='word_1_451' title='bbox 1091 531 1143 568; x_wconf 87' lang='lat' dir='ltr'><strong>qui</strong></span> <span class='ocrx_word' id='word_1_452' title='bbox 1157 539 1206 560; x_wconf 88' lang='lat' dir='ltr'><strong>me</strong></span> <span class='ocrx_word' id='word_1_453' title='bbox 1219 531 1388 568; x_wconf 76' lang='lat' dir='ltr'><strong>segregavit</strong></span> <span class='ocrx_word' id='word_1_454' title='bbox 1404 539 1444 560; x_wconf 85' lang='lat' dir='ltr'><strong>ex</strong></span> <span class='ocrx_word' id='word_1_455' title='bbox 1465 532 1551 560; x_wconf 82' lang='lat' dir='ltr'><strong>utero</strong></span> <span class='ocrx_word' id='word_1_456' title='bbox 1570 534 1673 561; x_wconf 78' lang='lat' dir='ltr'><strong>matris</strong></span> <span class='ocrx_word' id='word_1_457' title='bbox 1690 539 1776 566; x_wconf 78' lang='lat' dir='ltr'><strong>meoe,</strong></span> <span class='ocrx_word' id='word_1_458' title='bbox 1791 533 1821 560; x_wconf 83' lang='lat' dir='ltr'><strong>et</strong></span> 
     </span>
     <span class='ocr_line' id='line_1_62' title="bbox 1037 577 1822 615; baseline 0.001 -9"><span class='ocrx_word' id='word_1_459' title='bbox 1037 579 1156 607; x_wconf 79' lang='lat' dir='ltr'><strong>vocavit</strong></span> <span class='ocrx_word' id='word_1_460' title='bbox 1166 586 1221 615; x_wconf 88' lang='lat' dir='ltr'><strong>per</strong></span> <span class='ocrx_word' id='word_1_461' title='bbox 1235 577 1362 614; x_wconf 79' lang='lat' dir='ltr'><strong>gratiam</strong></span> <span class='ocrx_word' id='word_1_462' title='bbox 1376 586 1473 614; x_wconf 76' lang='lat' dir='ltr'><strong>suam,</strong></span> <span class='ocrx_word' id='word_1_463' title='bbox 1487 578 1630 608; x_wconf 86' lang='lat' dir='ltr'><strong>continuo</strong></span> <span class='ocrx_word' id='word_1_464' title='bbox 1646 578 1684 615; x_wconf 81' lang='grc' dir='ltr'><strong>(α)</strong></span> <span class='ocrx_word' id='word_1_465' title='bbox 1698 586 1761 608; x_wconf 89' lang='lat' dir='ltr'><strong>non</strong></span> <span class='ocrx_word' id='word_1_466' title='bbox 1774 585 1822 607; x_wconf 77' lang='lat' dir='ltr'><strong>ac·</strong></span> 
     </span>
     <span class='ocr_line' id='line_1_63' title="bbox 1039 625 1821 663; baseline 0 -9"><span class='ocrx_word' id='word_1_467' title='bbox 1039 625 1141 662; x_wconf 85' lang='lat' dir='ltr'><strong>quievi</strong></span> <span class='ocrx_word' id='word_1_468' title='bbox 1149 625 1231 656; x_wconf 78' lang='lat' dir='ltr'><strong>carni</strong></span> <span class='ocrx_word' id='word_1_469' title='bbox 1238 627 1267 654; x_wconf 86' lang='lat' dir='ltr'><strong>et</strong></span> <span class='ocrx_word' id='word_1_470' title='bbox 1275 625 1423 662; x_wconf 82' lang='lat' dir='ltr'><strong>sanguini.</strong></span> <span class='ocrx_word' id='word_1_471' title='bbox 1430 636 1444 652; x_wconf 73' lang='grc' dir='ltr'>ι</span> <span class='ocrx_word' id='word_1_472' title='bbox 1454 626 1513 655; x_wconf 86' lang='lat' dir='ltr'><strong>Sed</strong></span> <span class='ocrx_word' id='word_1_473' title='bbox 1521 625 1590 663; x_wconf 88' lang='lat' dir='ltr'><strong>quis</strong></span> <span class='ocrx_word' id='word_1_474' title='bbox 1596 627 1640 655; x_wconf 87' lang='lat' dir='ltr'><strong>est</strong></span> <span class='ocrx_word' id='word_1_475' title='bbox 1648 625 1821 662; x_wconf 76' lang='lat' dir='ltr'><strong>hodietnlis‚</strong></span> 
     </span>
     <span class='ocr_line' id='line_1_64' title="bbox 1041 671 1822 710; baseline 0 -9"><span class='ocrx_word' id='word_1_476' title='bbox 1041 673 1093 710; x_wconf 88' lang='lat' dir='ltr'><strong>qui</strong></span> <span class='ocrx_word' id='word_1_477' title='bbox 1107 672 1254 710; x_wconf 78' lang='lat' dir='ltr'><strong>elephanti</strong></span> <span class='ocrx_word' id='word_1_478' title='bbox 1268 673 1306 702; x_wconf 84' lang='lat' dir='ltr'><strong>sit</strong></span> <span class='ocrx_word' id='word_1_479' title='bbox 1318 673 1445 702; x_wconf 71' lang='lat' dir='ltr'><strong>similis?</strong></span> <span class='ocrx_word' id='word_1_480' title='bbox 1461 673 1531 708; x_wconf 87' lang='lat' dir='ltr'><strong>Quis</strong></span> <span class='ocrx_word' id='word_1_481' title='bbox 1551 681 1614 702; x_wconf 90' lang='lat' dir='ltr'><strong>non</strong></span> <span class='ocrx_word' id='word_1_482' title='bbox 1638 672 1764 702; x_wconf 75' lang='lat' dir='ltr'><strong>canibus</strong></span> <span class='ocrx_word' id='word_1_483' title='bbox 1783 671 1822 701; x_wconf 90' lang='lat' dir='ltr'><strong>si-</strong></span> 
     </span>
     <span class='ocr_line' id='line_1_65' title="bbox 1041 719 1822 757; baseline 0 -9"><span class='ocrx_word' id='word_1_484' title='bbox 1041 719 1132 755; x_wconf 87' lang='lat' dir='ltr'><strong>milis,</strong></span> <span class='ocrx_word' id='word_1_485' title='bbox 1147 721 1176 748; x_wconf 87' lang='lat' dir='ltr'><strong>et</strong></span> <span class='ocrx_word' id='word_1_486' title='bbox 1188 719 1298 757; x_wconf 85' lang='lat' dir='ltr'><strong>equis?</strong></span> <span class='ocrx_word' id='word_1_487' title='bbox 1312 719 1427 749; x_wconf 81' lang='lat' dir='ltr'><strong>Utinam</strong></span> <span class='ocrx_word' id='word_1_488' title='bbox 1447 720 1533 757; x_wconf 86' lang='lat' dir='ltr'><strong>equis</strong></span> <span class='ocrx_word' id='word_1_489' title='bbox 1551 727 1686 749; x_wconf 79' lang='lat' dir='ltr'><strong>essemus</strong></span> <span class='ocrx_word' id='word_1_490' title='bbox 1699 719 1822 756; x_wconf 84' lang='lat' dir='ltr'><strong>similes,</strong></span> 
     </span>
     <span class='ocr_line' id='line_1_66' title="bbox 1041 767 1825 806; baseline 0.001 -11"><span class='ocrx_word' id='word_1_491' title='bbox 1041 767 1093 804; x_wconf 91' lang='lat' dir='ltr'><strong>qui</strong></span> <span class='ocrx_word' id='word_1_492' title='bbox 1108 775 1177 796; x_wconf 87' lang='lat' dir='ltr'><strong>cum</strong></span> <span class='ocrx_word' id='word_1_493' title='bbox 1191 767 1338 796; x_wconf 86' lang='lat' dir='ltr'><strong>matribus</strong></span> <span class='ocrx_word' id='word_1_494' title='bbox 1347 770 1376 796; x_wconf 86' lang='lat' dir='ltr'><strong>et</strong></span> <span class='ocrx_word' id='word_1_495' title='bbox 1386 767 1542 796; x_wconf 86' lang='lat' dir='ltr'><strong>sororibus</strong></span> <span class='ocrx_word' id='word_1_496' title='bbox 1548 767 1614 806; x_wconf 61' lang='lat' dir='ltr'><strong>&#39;iis</strong></span> <span class='ocrx_word' id='word_1_497' title='bbox 1626 775 1687 796; x_wconf 89' lang='lat' dir='ltr'><strong>non</strong></span> <span class='ocrx_word' id='word_1_498' title='bbox 1697 767 1825 796; x_wconf 83' lang='lat' dir='ltr'><strong>libenter</strong></span> 
     </span>
     <span class='ocr_line' id='line_1_67' title="bbox 1041 811 1825 852; baseline 0.001 -10"><span class='ocrx_word' id='word_1_499' title='bbox 1041 814 1157 843; x_wconf 82' lang='lat' dir='ltr'><strong>vadunt</strong></span> <span class='ocrx_word' id='word_1_500' title='bbox 1171 814 1201 842; x_wconf 92' lang='lat' dir='ltr'><strong>in</strong></span> <span class='ocrx_word' id='word_1_501' title='bbox 1215 822 1316 851; x_wconf 77' lang='lat' dir='ltr'><strong>grege,</strong></span> <span class='ocrx_word' id='word_1_502' title='bbox 1337 822 1374 844; x_wconf 88' lang='lat' dir='ltr'><strong>eo</strong></span> <span class='ocrx_word' id='word_1_503' title='bbox 1389 814 1473 852; x_wconf 87' lang='lat' dir='ltr'><strong>quod</strong></span> <span class='ocrx_word' id='word_1_504' title='bbox 1487 811 1594 844; x_wconf 84' lang='lat' dir='ltr'><strong>nolunt</strong></span> <span class='ocrx_word' id='word_1_505' title='bbox 1612 823 1682 843; x_wconf 86' lang='lat' dir='ltr'><strong>eum</strong></span> <span class='ocrx_word' id='word_1_506' title='bbox 1698 815 1740 844; x_wconf 83' lang='lat' dir='ltr'><strong>eis</strong></span> <span class='ocrx_word' id='word_1_507' title='bbox 1754 822 1825 843; x_wconf 84' lang='lat' dir='ltr'><strong>con-</strong></span> 
     </span>
     <span class='ocr_line' id='line_1_68' title="bbox 1043 861 1825 898; baseline 0 -8"><span class='ocrx_word' id='word_1_508' title='bbox 1043 861 1196 896; x_wconf 87' lang='lat' dir='ltr'><strong>cumbere,</strong></span> <span class='ocrx_word' id='word_1_509' title='bbox 1215 869 1271 890; x_wconf 86' lang='lat' dir='ltr'><strong>nec</strong></span> <span class='ocrx_word' id='word_1_510' title='bbox 1295 861 1334 890; x_wconf 83' lang='lat' dir='ltr'><strong>ab</strong></span> <span class='ocrx_word' id='word_1_511' title='bbox 1349 862 1392 890; x_wconf 83' lang='lat' dir='ltr'><strong>eis</strong></span> <span class='ocrx_word' id='word_1_512' title='bbox 1405 861 1501 891; x_wconf 90' lang='lat' dir='ltr'><strong>videri</strong></span> <span class='ocrx_word' id='word_1_513' title='bbox 1511 862 1635 895; x_wconf 72' lang='lat' dir='ltr'><strong>volunt!</strong></span> <span class='ocrx_word' id='word_1_514' title='bbox 1648 861 1825 898; x_wconf 84' lang='lat' dir='ltr'><strong>Exemplum</strong></span> 
     </span>
     <span class='ocr_line' id='line_1_69' title="bbox 1044 908 1825 946; baseline 0 -9"><span class='ocrx_word' id='word_1_515' title='bbox 1044 909 1081 937; x_wconf 87' lang='lat' dir='ltr'><strong>de</strong></span> <span class='ocrx_word' id='word_1_516' title='bbox 1097 917 1176 946; x_wconf 87' lang='lat' dir='ltr'><strong>equo</strong></span> <span class='ocrx_word' id='word_1_517' title='bbox 1190 908 1388 946; x_wconf 85' lang='lat' dir='ltr'><strong>Philosophus</strong></span> <span class='ocrx_word' id='word_1_518' title='bbox 1406 908 1418 924; x_wconf 78' lang='lat'><strong>¹</strong></span> <span class='ocrx_word' id='word_1_519' title='bbox 1438 911 1550 944; x_wconf 79' lang='lat' dir='ltr'><strong>narret,</strong></span> <span class='ocrx_word' id='word_1_520' title='bbox 1576 909 1628 946; x_wconf 86' lang='lat' dir='ltr'><strong>qui</strong></span> <span class='ocrx_word' id='word_1_521' title='bbox 1653 909 1727 938; x_wconf 89' lang='lat' dir='ltr'><strong>dum</strong></span> <span class='ocrx_word' id='word_1_522' title='bbox 1749 908 1825 937; x_wconf 73' lang='lat' dir='ltr'><strong>facie</strong></span> 
     </span>
     <span class='ocr_line' id='line_1_70' title="bbox 1044 955 1826 993; baseline 0 -9"><span class='ocrx_word' id='word_1_523' title='bbox 1044 958 1185 992; x_wconf 87' lang='lat' dir='ltr'><strong>cooperta</strong></span> <span class='ocrx_word' id='word_1_524' title='bbox 1195 964 1284 993; x_wconf 90' lang='lat' dir='ltr'><strong>super</strong></span> <span class='ocrx_word' id='word_1_525' title='bbox 1296 958 1420 985; x_wconf 75' lang='lat' dir='ltr'><strong>matrem</strong></span> <span class='ocrx_word' id='word_1_526' title='bbox 1432 956 1615 992; x_wconf 77' lang='lat' dir='ltr'><strong>ascenderet,</strong></span> <span class='ocrx_word' id='word_1_527' title='bbox 1624 955 1746 985; x_wconf 86' lang='lat' dir='ltr'><strong>tandem</strong></span> <span class='ocrx_word' id='word_1_528' title='bbox 1755 963 1826 984; x_wconf 87' lang='lat' dir='ltr'><strong>cum</strong></span> 
     </span>
     <span class='ocr_line' id='line_1_71' title="bbox 1045 1001 1828 1040; baseline -0.003 -8"><span class='ocrx_word' id='word_1_529' title='bbox 1045 1005 1170 1032; x_wconf 83' lang='lat' dir='ltr'><strong>matrem</strong></span> <span class='ocrx_word' id='word_1_530' title='bbox 1191 1005 1394 1039; x_wconf 86' lang='lat' dir='ltr'><strong>cognosceret,</strong></span> <span class='ocrx_word' id='word_1_531' title='bbox 1419 1003 1513 1040; x_wconf 87' lang='lat' dir='ltr'><strong>ruptis</strong></span> <span class='ocrx_word' id='word_1_532' title='bbox 1534 1003 1670 1039; x_wconf 86' lang='lat' dir='ltr'><strong>vinculis,</strong></span> <span class='ocrx_word' id='word_1_533' title='bbox 1690 1001 1777 1038; x_wconf 79' lang='lat' dir='ltr'><strong>fugit,</strong></span> <span class='ocrx_word' id='word_1_534' title='bbox 1799 1003 1828 1030; x_wconf 83' lang='lat' dir='ltr'><strong>et</strong></span> 
     </span>
     <span class='ocr_line' id='line_1_72' title="bbox 1045 1048 1828 1088; baseline -0.001 -9"><span class='ocrx_word' id='word_1_535' title='bbox 1045 1059 1099 1087; x_wconf 84' lang='lat' dir='ltr'><strong>per</strong></span> <span class='ocrx_word' id='word_1_536' title='bbox 1113 1051 1277 1088; x_wconf 81' lang='lat' dir='ltr'><strong>quamdam</strong></span> <span class='ocrx_word' id='word_1_537' title='bbox 1292 1059 1398 1088; x_wconf 81' lang='lat' dir='ltr'><strong>rupem</strong></span> <span class='ocrx_word' id='word_1_538' title='bbox 1417 1058 1449 1079; x_wconf 90' lang='lat' dir='ltr'><strong>se</strong></span> <span class='ocrx_word' id='word_1_539' title='bbox 1467 1051 1670 1087; x_wconf 61' lang='lat' dir='ltr'><strong>praecipitavit,</strong></span> <span class='ocrx_word' id='word_1_540' title='bbox 1686 1051 1716 1079; x_wconf 87' lang='lat' dir='ltr'><strong>et</strong></span> <span class='ocrx_word' id='word_1_541' title='bbox 1733 1049 1775 1078; x_wconf 89' lang='lat' dir='ltr'><strong>sic</strong></span> <span class='ocrx_word' id='word_1_542' title='bbox 1797 1048 1828 1078; x_wconf 91' lang='lat' dir='ltr'><strong>in</strong></span> 
     </span>
     <span class='ocr_line' id='line_1_73' title="bbox 1047 1098 1324 1127; baseline -0.004 -1"><span class='ocrx_word' id='word_1_543' title='bbox 1047 1100 1174 1127; x_wconf 85' lang='lat' dir='ltr'><strong>mortem</strong></span> <span class='ocrx_word' id='word_1_544' title='bbox 1189 1107 1219 1126; x_wconf 87' lang='lat' dir='ltr'><strong>se</strong></span> <span class='ocrx_word' id='word_1_545' title='bbox 1232 1098 1324 1126; x_wconf 84' lang='lat' dir='ltr'><strong>dedit.</strong></span> 
     </span>
    </p>

    <p class='ocr_par' dir='ltr' id='par_1_6' title="bbox 1049 1143 1843 2312">
     <span class='ocr_line' id='line_1_74' title="bbox 1084 1143 1830 1174; baseline -0.003 0"><span class='ocrx_word' id='word_1_546' title='bbox 1084 1146 1195 1174; x_wconf 85' lang='lat' dir='ltr'><strong>Tertius</strong></span> <span class='ocrx_word' id='word_1_547' title='bbox 1214 1153 1286 1173; x_wconf 87' lang='lat' dir='ltr'><strong>usus</strong></span> <span class='ocrx_word' id='word_1_548' title='bbox 1307 1143 1350 1174; x_wconf 80' lang='lat' dir='ltr'><strong>est</strong></span> <span class='ocrx_word' id='word_1_549' title='bbox 1368 1145 1399 1173; x_wconf 91' lang='lat' dir='ltr'><strong>in</strong></span> <span class='ocrx_word' id='word_1_550' title='bbox 1420 1144 1583 1173; x_wconf 86' lang='lat' dir='ltr'><strong>relevando</strong></span> <span class='ocrx_word' id='word_1_551' title='bbox 1601 1144 1761 1173; x_wconf 78' lang='lat' dir='ltr'><strong>fraternam</strong></span> <span class='ocrx_word' id='word_1_552' title='bbox 1777 1151 1830 1173; x_wconf 91' lang='lat' dir='ltr'><strong>ne-</strong></span> 
     </span>
     <span class='ocr_line' id='line_1_75' title="bbox 1049 1191 1829 1229; baseline -0.001 -8"><span class='ocrx_word' id='word_1_553' title='bbox 1049 1194 1226 1227; x_wconf 80' lang='lat' dir='ltr'><strong>cessitatem,</strong></span> <span class='ocrx_word' id='word_1_554' title='bbox 1257 1200 1310 1229; x_wconf 90' lang='lat' dir='ltr'><strong>per</strong></span> <span class='ocrx_word' id='word_1_555' title='bbox 1340 1192 1577 1221; x_wconf 78' lang='lat' dir='ltr'><strong>misericordiam</strong></span> <span class='ocrx_word' id='word_1_556' title='bbox 1612 1191 1829 1220; x_wconf 85' lang='lat' dir='ltr'><strong>sublevantem.</strong></span> 
     </span>
     <span class='ocr_line' id='line_1_76' title="bbox 1050 1239 1832 1276; baseline 0 -9"><span class='ocrx_word' id='word_1_557' title='bbox 1050 1240 1129 1269; x_wconf 79' lang='lat' dir='ltr'><strong>l&#39;nde</strong></span> <span class='ocrx_word' id='word_1_558' title='bbox 1139 1240 1209 1268; x_wconf 88' lang='lat' dir='ltr'><strong>dicit</strong></span> <span class='ocrx_word' id='word_1_559' title='bbox 1218 1239 1376 1276; x_wconf 77' lang='lat' dir='ltr'><strong>Apostolus</strong></span> <span class='ocrx_word' id='word_1_560' title='bbox 1386 1241 1396 1256; x_wconf 81' lang='lat'><strong>³</strong></span> <span class='ocrx_word' id='word_1_561' title='bbox 1409 1249 1435 1267; x_wconf 73' lang='grc' dir='ltr'><strong>ιιι</strong></span> <span class='ocrx_word' id='word_1_562' title='bbox 1447 1239 1665 1276; x_wconf 72' lang='lat' dir='ltr'><strong>t&#39;nusquisque,</strong></span> <span class='ocrx_word' id='word_1_563' title='bbox 1678 1240 1768 1275; x_wconf 83' lang='lat' dir='ltr'><strong>prout</strong></span> <span class='ocrx_word' id='word_1_564' title='bbox 1783 1246 1832 1267; x_wconf 85' lang='lat' dir='ltr'><strong>ac-</strong></span> 
     </span>
     <span class='ocr_line' id='line_1_77' title="bbox 1051 1284 1832 1324; baseline -0.001 -9"><span class='ocrx_word' id='word_1_565' title='bbox 1051 1288 1127 1324; x_wconf 81' lang='lat' dir='ltr'><strong>cepit</strong></span> <span class='ocrx_word' id='word_1_566' title='bbox 1142 1287 1279 1323; x_wconf 81' lang='lat' dir='ltr'><strong>gratiam,</strong></span> <span class='ocrx_word' id='word_1_567' title='bbox 1296 1287 1325 1314; x_wconf 93' lang='lat' dir='ltr'><strong>in</strong></span> <span class='ocrx_word' id='word_1_568' title='bbox 1341 1286 1516 1315; x_wconf 86' lang='lat' dir='ltr'><strong>alterutrum</strong></span> <span class='ocrx_word' id='word_1_569' title='bbox 1528 1286 1610 1314; x_wconf 82' lang='lat' dir='ltr'><strong>illam</strong></span> <span class='ocrx_word' id='word_1_570' title='bbox 1623 1284 1832 1314; x_wconf 78' lang='lat' dir='ltr'><strong>administran-</strong></span> 
     </span>
     <span class='ocr_line' id='line_1_78' title="bbox 1052 1333 1834 1370; baseline -0.001 -8"><span class='ocrx_word' id='word_1_571' title='bbox 1052 1337 1104 1362; x_wconf 70' lang='lat' dir='ltr'><strong>tes.</strong></span> <span class='ocrx_word' id='word_1_572' title='bbox 1121 1345 1133 1360; x_wconf 69' lang='grc' dir='ltr'><strong>»ι</strong></span> <span class='ocrx_word' id='word_1_573' title='bbox 1149 1336 1244 1370; x_wconf 84' lang='lat' dir='ltr'><strong>Turpe</strong></span> <span class='ocrx_word' id='word_1_574' title='bbox 1259 1336 1312 1369; x_wconf 86' lang='lat' dir='ltr'><strong>est,</strong></span> <span class='ocrx_word' id='word_1_575' title='bbox 1328 1338 1359 1362; x_wconf 85' lang='lat' dir='ltr'><strong>ut</strong></span> <span class='ocrx_word' id='word_1_576' title='bbox 1378 1333 1626 1367; x_wconf 84' lang='lat' dir='ltr'><strong>misericordiam,</strong></span> <span class='ocrx_word' id='word_1_577' title='bbox 1645 1341 1736 1370; x_wconf 74' lang='lat' dir='ltr'><strong>quam</strong></span> <span class='ocrx_word' id='word_1_578' title='bbox 1751 1333 1834 1361; x_wconf 85' lang='lat' dir='ltr'><strong>exbi-</strong></span> 
     </span>
     <span class='ocr_line' id='line_1_79' title="bbox 1053 1379 1835 1416; baseline -0.003 -6"><span class='ocrx_word' id='word_1_579' title='bbox 1053 1382 1124 1410; x_wconf 87' lang='lat' dir='ltr'><strong>bent</strong></span> <span class='ocrx_word' id='word_1_580' title='bbox 1143 1382 1199 1409; x_wconf 87' lang='lat' dir='ltr'><strong>sibi</strong></span> <span class='ocrx_word' id='word_1_581' title='bbox 1224 1381 1323 1416; x_wconf 85' lang='lat' dir='ltr'><strong>bruta,</strong></span> <span class='ocrx_word' id='word_1_582' title='bbox 1350 1389 1410 1409; x_wconf 90' lang='lat' dir='ltr'><strong>non</strong></span> <span class='ocrx_word' id='word_1_583' title='bbox 1435 1381 1574 1409; x_wconf 81' lang='lat' dir='ltr'><strong>exhibeat</strong></span> <span class='ocrx_word' id='word_1_584' title='bbox 1596 1380 1701 1415; x_wconf 91' lang='lat' dir='ltr'><strong>homo,</strong></span> <span class='ocrx_word' id='word_1_585' title='bbox 1722 1379 1835 1409; x_wconf 81' lang='lat' dir='ltr'><strong>animal</strong></span> 
     </span>
     <span class='ocr_line' id='line_1_80' title="bbox 1054 1427 1836 1464; baseline -0.003 -7"><span class='ocrx_word' id='word_1_586' title='bbox 1054 1432 1242 1457; x_wconf 85' lang='lat' dir='ltr'><strong>mansuetum</strong></span> <span class='ocrx_word' id='word_1_587' title='bbox 1258 1436 1275 1456; x_wconf 85' lang='lat' dir='ltr'><strong>a</strong></span> <span class='ocrx_word' id='word_1_588' title='bbox 1291 1430 1407 1457; x_wconf 84' lang='lat' dir='ltr'><strong>natura.</strong></span> <span class='ocrx_word' id='word_1_589' title='bbox 1430 1429 1502 1456; x_wconf 85' lang='lat' dir='ltr'><strong>Nam</strong></span> <span class='ocrx_word' id='word_1_590' title='bbox 1518 1427 1656 1455; x_wconf 86' lang='lat' dir='ltr'><strong>videmus</strong></span> <span class='ocrx_word' id='word_1_591' title='bbox 1671 1427 1754 1463; x_wconf 91' lang='lat' dir='ltr'><strong>quod</strong></span> <span class='ocrx_word' id='word_1_592' title='bbox 1770 1434 1836 1464; x_wconf 83' lang='lat' dir='ltr'><strong>pas-</strong></span> 
     </span>
     <span class='ocr_line' id='line_1_81' title="bbox 1054 1473 1836 1511; baseline -0.003 -7"><span class='ocrx_word' id='word_1_593' title='bbox 1054 1484 1145 1510; x_wconf 74' lang='lat' dir='ltr'><strong>seres,</strong></span> <span class='ocrx_word' id='word_1_594' title='bbox 1164 1484 1264 1511; x_wconf 73' lang='lat' dir='ltr'><strong>parvm</strong></span> <span class='ocrx_word' id='word_1_595' title='bbox 1289 1484 1370 1509; x_wconf 81' lang='lat' dir='ltr'><strong>aves,</strong></span> <span class='ocrx_word' id='word_1_596' title='bbox 1395 1483 1457 1503; x_wconf 92' lang='lat' dir='ltr'><strong>non</strong></span> <span class='ocrx_word' id='word_1_597' title='bbox 1486 1474 1584 1503; x_wconf 87' lang='lat' dir='ltr'><strong>solum</strong></span> <span class='ocrx_word' id='word_1_598' title='bbox 1604 1475 1754 1511; x_wconf 84' lang='lat' dir='ltr'><strong>proprios,</strong></span> <span class='ocrx_word' id='word_1_599' title='bbox 1782 1473 1836 1502; x_wconf 84' lang='lat' dir='ltr'><strong>sed</strong></span> 
     </span>
     <span class='ocr_line' id='line_1_82' title="bbox 1055 1522 1837 1558; baseline -0.003 -7"><span class='ocrx_word' id='word_1_600' title='bbox 1055 1523 1169 1552; x_wconf 83' lang='lat' dir='ltr'><strong>alienos</strong></span> <span class='ocrx_word' id='word_1_601' title='bbox 1185 1523 1318 1550; x_wconf 87' lang='lat' dir='ltr'><strong>nutriunt</strong></span> <span class='ocrx_word' id='word_1_602' title='bbox 1332 1522 1426 1557; x_wconf 83' lang='lat' dir='ltr'><strong>tilios,</strong></span> <span class='ocrx_word' id='word_1_603' title='bbox 1443 1530 1511 1550; x_wconf 75' lang='lat' dir='ltr'><strong>casu</strong></span> <span class='ocrx_word' id='word_1_604' title='bbox 1530 1529 1722 1558; x_wconf 85' lang='lat' dir='ltr'><strong>quocumque</strong></span> <span class='ocrx_word' id='word_1_605' title='bbox 1738 1529 1756 1549; x_wconf 78' lang='lat' dir='ltr'><strong>a</strong></span> <span class='ocrx_word' id='word_1_606' title='bbox 1776 1529 1837 1550; x_wconf 85' lang='lat' dir='ltr'><strong>ma-</strong></span> 
     </span>
     <span class='ocr_line' id='line_1_83' title="bbox 1056 1569 1837 1606; baseline -0.003 -7"><span class='ocrx_word' id='word_1_607' title='bbox 1056 1571 1149 1599; x_wconf 74' lang='lat' dir='ltr'><strong>tribus</strong></span> <span class='ocrx_word' id='word_1_608' title='bbox 1165 1570 1331 1598; x_wconf 78' lang='lat' dir='ltr'><strong>derelictos.</strong></span> <span class='ocrx_word' id='word_1_609' title='bbox 1346 1570 1410 1597; x_wconf 80' lang='lat' dir='ltr'><strong>Etsi</strong></span> <span class='ocrx_word' id='word_1_610' title='bbox 1423 1577 1524 1606; x_wconf 79' lang='lat' dir='ltr'><strong>passer</strong></span> <span class='ocrx_word' id='word_1_611' title='bbox 1539 1569 1624 1597; x_wconf 82' lang='lat' dir='ltr'><strong>cadat</strong></span> <span class='ocrx_word' id='word_1_612' title='bbox 1637 1569 1666 1597; x_wconf 92' lang='lat' dir='ltr'><strong>in</strong></span> <span class='ocrx_word' id='word_1_613' title='bbox 1682 1569 1837 1606; x_wconf 87' lang='lat' dir='ltr'><strong>laqueum,</strong></span> 
     </span>
     <span class='ocr_line' id='line_1_84' title="bbox 1057 1616 1837 1653; baseline -0.004 -6"><span class='ocrx_word' id='word_1_614' title='bbox 1057 1627 1160 1647; x_wconf 78' lang='lat' dir='ltr'><strong>omncs</strong></span> <span class='ocrx_word' id='word_1_615' title='bbox 1173 1617 1306 1653; x_wconf 78' lang='lat' dir='ltr'><strong>undique</strong></span> <span class='ocrx_word' id='word_1_616' title='bbox 1322 1619 1512 1650; x_wconf 84' lang='lat' dir='ltr'><strong>concurrunt,</strong></span> <span class='ocrx_word' id='word_1_617' title='bbox 1521 1616 1724 1644; x_wconf 80' lang='lat' dir='ltr'><strong>etsubsidium</strong></span> <span class='ocrx_word' id='word_1_618' title='bbox 1735 1624 1837 1651; x_wconf 88' lang='lat' dir='ltr'><strong>omne,</strong></span> 
     </span>
     <span class='ocr_line' id='line_1_85' title="bbox 1056 1663 1839 1702; baseline -0.001 -9"><span class='ocrx_word' id='word_1_619' title='bbox 1056 1665 1140 1702; x_wconf 83' lang='lat' dir='ltr'><strong>quod</strong></span> <span class='ocrx_word' id='word_1_620' title='bbox 1156 1666 1289 1701; x_wconf 70' lang='lat' dir='ltr'><strong>possunt,</strong></span> <span class='ocrx_word' id='word_1_621' title='bbox 1305 1663 1492 1699; x_wconf 59' lang='lat' dir='ltr'><strong>impendunt,</strong></span> <span class='ocrx_word' id='word_1_622' title='bbox 1517 1663 1676 1700; x_wconf 81' lang='lat' dir='ltr'><strong>ipsumque</strong></span> <span class='ocrx_word' id='word_1_623' title='bbox 1693 1663 1722 1691; x_wconf 86' lang='lat' dir='ltr'><strong>in</strong></span> <span class='ocrx_word' id='word_1_624' title='bbox 1738 1663 1839 1692; x_wconf 86' lang='lat' dir='ltr'><strong>vincu-</strong></span> 
     </span>
     <span class='ocr_line' id='line_1_86' title="bbox 1059 1710 1840 1749; baseline -0.001 -9"><span class='ocrx_word' id='word_1_625' title='bbox 1059 1713 1094 1741; x_wconf 76' lang='lat' dir='ltr'><strong>lis</strong></span> <span class='ocrx_word' id='word_1_626' title='bbox 1109 1714 1242 1749; x_wconf 83' lang='lat' dir='ltr'><strong>pascunt.</strong></span> <span class='ocrx_word' id='word_1_627' title='bbox 1260 1713 1281 1739; x_wconf 91' lang='lat' dir='ltr'>O</span> <span class='ocrx_word' id='word_1_628' title='bbox 1297 1710 1457 1739; x_wconf 78' lang='lat' dir='ltr'><strong>crudelitas</strong></span> <span class='ocrx_word' id='word_1_629' title='bbox 1473 1711 1604 1738; x_wconf 80' lang='lat' dir='ltr'><strong>humana</strong></span> <span class='ocrx_word' id='word_1_630' title='bbox 1618 1711 1624 1737; x_wconf 85' lang='lat'>!</span> <span class='ocrx_word' id='word_1_631' title='bbox 1642 1712 1664 1737; x_wconf 92' lang='grc' dir='ltr'><strong>Ο</strong></span> <span class='ocrx_word' id='word_1_632' title='bbox 1678 1710 1770 1738; x_wconf 80' lang='lat' dir='ltr'><strong>corda</strong></span> <span class='ocrx_word' id='word_1_633' title='bbox 1785 1710 1840 1739; x_wconf 89' lang='lat' dir='ltr'><strong>du-</strong></span> 
     </span>
     <span class='ocr_line' id='line_1_87' title="bbox 1057 1757 1839 1795; baseline -0.001 -8"><span class='ocrx_word' id='word_1_634' title='bbox 1057 1768 1101 1794; x_wconf 86' lang='lat' dir='ltr'><strong>ra,</strong></span> <span class='ocrx_word' id='word_1_635' title='bbox 1118 1759 1233 1795; x_wconf 82' lang='lat' dir='ltr'><strong>tigridis</strong></span> <span class='ocrx_word' id='word_1_636' title='bbox 1248 1758 1322 1786; x_wconf 79' lang='lat' dir='ltr'><strong>lacte</strong></span> <span class='ocrx_word' id='word_1_637' title='bbox 1338 1758 1457 1792; x_wconf 79' lang='lat' dir='ltr'><strong>nutrita,</strong></span> <span class='ocrx_word' id='word_1_638' title='bbox 1474 1757 1554 1785; x_wconf 84' lang='lat' dir='ltr'><strong>unde</strong></span> <span class='ocrx_word' id='word_1_639' title='bbox 1571 1757 1657 1785; x_wconf 85' lang='lat' dir='ltr'><strong>vobis</strong></span> <span class='ocrx_word' id='word_1_640' title='bbox 1673 1760 1753 1786; x_wconf 78' lang='lat' dir='ltr'><strong>tanta</strong></span> <span class='ocrx_word' id='word_1_641' title='bbox 1773 1766 1839 1786; x_wconf 90' lang='lat' dir='ltr'><strong>cru-</strong></span> 
     </span>
     <span class='ocr_line' id='line_1_88' title="bbox 1060 1804 1841 1842; baseline -0.003 -7"><span class='ocrx_word' id='word_1_642' title='bbox 1060 1807 1186 1835; x_wconf 65' lang='lat' dir='ltr'><strong>delitas?</strong></span> <span class='ocrx_word' id='word_1_643' title='bbox 1201 1808 1329 1840; x_wconf 70' lang='lat' dir='ltr'><strong>constat,</strong></span> <span class='ocrx_word' id='word_1_644' title='bbox 1350 1805 1432 1842; x_wconf 89' lang='lat' dir='ltr'><strong>quod</strong></span> <span class='ocrx_word' id='word_1_645' title='bbox 1457 1806 1531 1833; x_wconf 79' lang='lat' dir='ltr'><strong>Deus</strong></span> <span class='ocrx_word' id='word_1_646' title='bbox 1553 1804 1757 1833; x_wconf 77' lang='lat' dir='ltr'><strong>crudelitatem</strong></span> <span class='ocrx_word' id='word_1_647' title='bbox 1773 1813 1841 1841; x_wconf 87' lang='lat' dir='ltr'><strong>pro-</strong></span> 
     </span>
     <span class='ocr_line' id='line_1_89' title="bbox 1060 1852 1842 1888; baseline -0.003 -6"><span class='ocrx_word' id='word_1_648' title='bbox 1060 1855 1152 1888; x_wconf 77' lang='lat' dir='ltr'><strong>hibet,</strong></span> <span class='ocrx_word' id='word_1_649' title='bbox 1167 1856 1194 1881; x_wconf 85' lang='lat' dir='ltr'><strong>et</strong></span> <span class='ocrx_word' id='word_1_650' title='bbox 1210 1852 1445 1881; x_wconf 79' lang='lat' dir='ltr'><strong>misericordiam</strong></span> <span class='ocrx_word' id='word_1_651' title='bbox 1461 1852 1567 1886; x_wconf 89' lang='lat' dir='ltr'><strong>docct;</strong></span> <span class='ocrx_word' id='word_1_652' title='bbox 1584 1852 1646 1880; x_wconf 89' lang='lat' dir='ltr'><strong>imo</strong></span> <span class='ocrx_word' id='word_1_653' title='bbox 1662 1852 1764 1880; x_wconf 78' lang='lat' dir='ltr'><strong>omnia</strong></span> <span class='ocrx_word' id='word_1_654' title='bbox 1777 1852 1842 1888; x_wconf 90' lang='lat' dir='ltr'><strong>ejus</strong></span> 
     </span>
     <span class='ocr_line' id='line_1_90' title="bbox 1061 1898 1842 1937; baseline -0.004 -8"><span class='ocrx_word' id='word_1_655' title='bbox 1061 1909 1153 1937; x_wconf 83' lang='lat' dir='ltr'><strong>opera</strong></span> <span class='ocrx_word' id='word_1_656' title='bbox 1165 1901 1271 1937; x_wconf 83' lang='lat' dir='ltr'><strong>prima,</strong></span> <span class='ocrx_word' id='word_1_657' title='bbox 1288 1900 1398 1932; x_wconf 81' lang='lat' dir='ltr'><strong>media,</strong></span> <span class='ocrx_word' id='word_1_658' title='bbox 1414 1899 1475 1927; x_wconf 78' lang='lat' dir='ltr'><strong>sive</strong></span> <span class='ocrx_word' id='word_1_659' title='bbox 1491 1899 1606 1933; x_wconf 76' lang='lat' dir='ltr'><strong>intima,</strong></span> <span class='ocrx_word' id='word_1_660' title='bbox 1621 1898 1660 1926; x_wconf 87' lang='lat' dir='ltr'><strong>ad</strong></span> <span class='ocrx_word' id='word_1_661' title='bbox 1677 1899 1842 1927; x_wconf 73' lang='lat' dir='ltr'><strong>misericor-</strong></span> 
     </span>
     <span class='ocr_line' id='line_1_91' title="bbox 1061 1946 1843 1982; baseline -0.004 -6"><span class='ocrx_word' id='word_1_662' title='bbox 1061 1949 1142 1976; x_wconf 83' lang='lat' dir='ltr'><strong>diam</strong></span> <span class='ocrx_word' id='word_1_663' title='bbox 1163 1949 1294 1976; x_wconf 78' lang='lat' dir='ltr'><strong>movent.</strong></span> <span class='ocrx_word' id='word_1_664' title='bbox 1317 1946 1465 1975; x_wconf 70' lang='lat' dir='ltr'><strong>Naturalia</strong></span> <span class='ocrx_word' id='word_1_665' title='bbox 1490 1946 1579 1974; x_wconf 79' lang='lat' dir='ltr'><strong>etiam</strong></span> <span class='ocrx_word' id='word_1_666' title='bbox 1606 1954 1756 1982; x_wconf 81' lang='lat' dir='ltr'><strong>suprema,</strong></span> <span class='ocrx_word' id='word_1_667' title='bbox 1781 1946 1843 1974; x_wconf 82' lang='lat' dir='ltr'><strong>sive</strong></span> 
     </span>
     <span class='ocr_line' id='line_1_92' title="bbox 1062 1994 1841 2030; baseline -0.004 -6"><span class='ocrx_word' id='word_1_668' title='bbox 1062 1996 1172 2027; x_wconf 79' lang='lat' dir='ltr'><strong>media,</strong></span> <span class='ocrx_word' id='word_1_669' title='bbox 1206 1995 1267 2023; x_wconf 83' lang='lat' dir='ltr'><strong>sive</strong></span> <span class='ocrx_word' id='word_1_670' title='bbox 1294 1995 1407 2028; x_wconf 84' lang='lat' dir='ltr'><strong>intima,</strong></span> <span class='ocrx_word' id='word_1_671' title='bbox 1437 1994 1565 2022; x_wconf 75' lang='lat' dir='ltr'><strong>clamant</strong></span> <span class='ocrx_word' id='word_1_672' title='bbox 1594 1994 1841 2030; x_wconf 81' lang='lat' dir='ltr'><strong>misericordiam,</strong></span> 
     </span>
     <span class='ocr_line' id='line_1_93' title="bbox 1063 2040 1842 2078; baseline -0.003 -8"><span class='ocrx_word' id='word_1_673' title='bbox 1063 2043 1134 2070; x_wconf 85' lang='lat' dir='ltr'><strong>dum</strong></span> <span class='ocrx_word' id='word_1_674' title='bbox 1151 2042 1281 2070; x_wconf 53' lang='lat' dir='ltr'><strong>cst-leuia</strong></span> <span class='ocrx_word' id='word_1_675' title='bbox 1296 2050 1434 2078; x_wconf 79' lang='lat' dir='ltr'><strong>corpora,</strong></span> <span class='ocrx_word' id='word_1_676' title='bbox 1451 2041 1523 2068; x_wconf 82' lang='lat' dir='ltr'><strong>duni</strong></span> <span class='ocrx_word' id='word_1_677' title='bbox 1537 2044 1662 2075; x_wconf 87' lang='lat' dir='ltr'><strong>terrena,</strong></span> <span class='ocrx_word' id='word_1_678' title='bbox 1680 2040 1753 2068; x_wconf 90' lang='lat' dir='ltr'><strong>dum</strong></span> <span class='ocrx_word' id='word_1_679' title='bbox 1767 2049 1842 2077; x_wconf 82' lang='lat' dir='ltr'><strong>qua-</strong></span> 
     </span>
     <span class='ocr_line' id='line_1_94' title="bbox 1063 2087 1841 2124; baseline 0 -7"><span class='ocrx_word' id='word_1_680' title='bbox 1063 2092 1129 2118; x_wconf 89' lang='lat' dir='ltr'><strong>tuor</strong></span> <span class='ocrx_word' id='word_1_681' title='bbox 1145 2089 1291 2116; x_wconf 70' lang='lat' dir='ltr'><strong>elementa</strong></span> <span class='ocrx_word' id='word_1_682' title='bbox 1311 2091 1351 2116; x_wconf 88' lang='lat' dir='ltr'><strong>tot</strong></span> <span class='ocrx_word' id='word_1_683' title='bbox 1370 2088 1458 2115; x_wconf 83' lang='lat' dir='ltr'><strong>nobis</strong></span> <span class='ocrx_word' id='word_1_684' title='bbox 1484 2087 1662 2124; x_wconf 76' lang='lat' dir='ltr'><strong>impendunt</strong></span> <span class='ocrx_word' id='word_1_685' title='bbox 1685 2088 1841 2117; x_wconf 80' lang='lat' dir='ltr'><strong>beneficia.</strong></span> 
     </span>
     <span class='ocr_line' id='line_1_95' title="bbox 1063 2134 1842 2172; baseline -0.003 -7"><span class='ocrx_word' id='word_1_686' title='bbox 1063 2139 1139 2172; x_wconf 83' lang='lat' dir='ltr'><strong>Ergo</strong></span> <span class='ocrx_word' id='word_1_687' title='bbox 1156 2138 1269 2164; x_wconf 74' lang='lat' dir='ltr'><strong>tantum</strong></span> <span class='ocrx_word' id='word_1_688' title='bbox 1284 2135 1313 2163; x_wconf 91' lang='lat' dir='ltr'><strong>in</strong></span> <span class='ocrx_word' id='word_1_689' title='bbox 1330 2135 1502 2162; x_wconf 83' lang='lat' dir='ltr'><strong>hominibus</strong></span> <span class='ocrx_word' id='word_1_690' title='bbox 1519 2137 1597 2162; x_wconf 87' lang='lat' dir='ltr'><strong>tanta</strong></span> <span class='ocrx_word' id='word_1_691' title='bbox 1613 2134 1773 2163; x_wconf 83' lang='lat' dir='ltr'><strong>crudelitas</strong></span> <span class='ocrx_word' id='word_1_692' title='bbox 1790 2138 1842 2171; x_wconf 80' lang='lat' dir='ltr'><strong>est,</strong></span> 
     </span>
     <span class='ocr_line' id='line_1_96' title="bbox 1063 2181 1842 2218; baseline -0.001 -7"><span class='ocrx_word' id='word_1_693' title='bbox 1063 2186 1094 2211; x_wconf 88' lang='lat' dir='ltr'><strong>ut</strong></span> <span class='ocrx_word' id='word_1_694' title='bbox 1116 2187 1218 2211; x_wconf 85' lang='lat' dir='ltr'><strong>mutuo</strong></span> <span class='ocrx_word' id='word_1_695' title='bbox 1243 2191 1273 2210; x_wconf 76' lang='lat' dir='ltr'><strong>se</strong></span> <span class='ocrx_word' id='word_1_696' title='bbox 1297 2190 1356 2210; x_wconf 90' lang='lat' dir='ltr'><strong>non</strong></span> <span class='ocrx_word' id='word_1_697' title='bbox 1379 2185 1511 2218; x_wconf 80' lang='lat' dir='ltr'><strong>pascant,</strong></span> <span class='ocrx_word' id='word_1_698' title='bbox 1531 2189 1629 2218; x_wconf 85' lang='lat' dir='ltr'><strong>neque</strong></span> <span class='ocrx_word' id='word_1_699' title='bbox 1654 2181 1842 2218; x_wconf 83' lang='lat' dir='ltr'><strong>subveniant,</strong></span> 
     </span>
     <span class='ocr_line' id='line_1_97' title="bbox 1064 2228 1843 2266; baseline 0 -8"><span class='ocrx_word' id='word_1_700' title='bbox 1064 2230 1173 2258; x_wconf 70' lang='lat' dir='ltr'><strong>mutuis</strong></span> <span class='ocrx_word' id='word_1_701' title='bbox 1188 2228 1441 2257; x_wconf 70' lang='lat' dir='ltr'><strong>vulneribusduu]</strong></span> <span class='ocrx_word' id='word_1_702' title='bbox 1455 2229 1529 2256; x_wconf 85' lang='lat' dir='ltr'><strong>intra</strong></span> <span class='ocrx_word' id='word_1_703' title='bbox 1537 2237 1567 2256; x_wconf 83' lang='lat' dir='ltr'><strong>se</strong></span> <span class='ocrx_word' id='word_1_704' title='bbox 1579 2228 1739 2264; x_wconf 64' lang='lat' dir='ltr'><strong>creticum,</strong></span> <span class='ocrx_word' id='word_1_705' title='bbox 1750 2237 1843 2266; x_wconf 76' lang='lat' dir='ltr'><strong>quam</strong></span> 
     </span>
     <span class='ocr_line' id='line_1_98' title="bbox 1063 2277 1482 2312; baseline -0.005 -7"><span class='ocrx_word' id='word_1_706' title='bbox 1063 2278 1203 2306; x_wconf 77' lang='lat' dir='ltr'><strong>animalia</strong></span> <span class='ocrx_word' id='word_1_707' title='bbox 1221 2277 1482 2312; x_wconf 69' lang='lat' dir='ltr'><strong>l›rutn‚1»ugnant?</strong></span> 
     </span>
    </p>

    <p class='ocr_par' dir='ltr' id='par_1_7' title="bbox 1062 2323 1844 2597">
     <span class='ocr_line' id='line_1_99' title="bbox 1099 2323 1843 2359; baseline 0.003 -9"><span class='ocrx_word' id='word_1_708' title='bbox 1099 2327 1224 2359; x_wconf 75' lang='lat' dir='ltr'><strong>Quartus</strong></span> <span class='ocrx_word' id='word_1_709' title='bbox 1243 2332 1312 2351; x_wconf 83' lang='lat' dir='ltr'><strong>usus</strong></span> <span class='ocrx_word' id='word_1_710' title='bbox 1335 2324 1435 2359; x_wconf 67' lang='lat' dir='ltr'><strong>gratim.</strong></span> <span class='ocrx_word' id='word_1_711' title='bbox 1451 2326 1493 2351; x_wconf 55' lang='lat' dir='ltr'><strong>est</strong></span> <span class='ocrx_word' id='word_1_712' title='bbox 1508 2323 1664 2352; x_wconf 86' lang='lat' dir='ltr'><strong>tolerando</strong></span> <span class='ocrx_word' id='word_1_713' title='bbox 1680 2323 1843 2352; x_wconf 82' lang='lat' dir='ltr'><strong>humanam</strong></span> 
     </span>
     <span class='ocr_line' id='line_1_100' title="bbox 1063 2371 1840 2407; baseline -0.001 -7"><span class='ocrx_word' id='word_1_714' title='bbox 1063 2372 1283 2405; x_wconf 73' lang='lat' dir='ltr'><strong>adversitatem,</strong></span> <span class='ocrx_word' id='word_1_715' title='bbox 1318 2379 1370 2407; x_wconf 82' lang='lat' dir='ltr'><strong>per</strong></span> <span class='ocrx_word' id='word_1_716' title='bbox 1400 2371 1571 2407; x_wconf 79' lang='lat' dir='ltr'><strong>patientiam</strong></span> <span class='ocrx_word' id='word_1_717' title='bbox 1605 2374 1840 2407; x_wconf 77' lang='lat' dir='ltr'><strong>supportantem.</strong></span> 
     </span>
     <span class='ocr_line' id='line_1_101' title="bbox 1065 2417 1844 2454; baseline -0.001 -7"><span class='ocrx_word' id='word_1_718' title='bbox 1065 2419 1144 2447; x_wconf 63' lang='lat' dir='ltr'><strong>l&#39;ntle</strong></span> <span class='ocrx_word' id='word_1_719' title='bbox 1161 2418 1168 2433; x_wconf 65' lang='lat'><strong>⁵</strong></span> <span class='ocrx_word' id='word_1_720' title='bbox 1186 2428 1192 2445; x_wconf 90' lang='lat'>:</span> <span class='ocrx_word' id='word_1_721' title='bbox 1211 2429 1223 2444; x_wconf 77' lang='grc' dir='ltr'><strong>ιι</strong></span> <span class='ocrx_word' id='word_1_722' title='bbox 1241 2420 1303 2446; x_wconf 64' lang='lat' dir='ltr'><strong>titre</strong></span> <span class='ocrx_word' id='word_1_723' title='bbox 1318 2420 1371 2452; x_wconf 56' lang='lat' dir='ltr'><strong>est,</strong></span> <span class='ocrx_word' id='word_1_724' title='bbox 1388 2429 1400 2443; x_wconf 87' lang='lat'>»</span> <span class='ocrx_word' id='word_1_725' title='bbox 1416 2418 1521 2454; x_wconf 79' lang='lat' dir='ltr'><strong>inquit,</strong></span> <span class='ocrx_word' id='word_1_726' title='bbox 1542 2428 1554 2444; x_wconf 84' lang='grc' dir='ltr'><strong>ιι</strong></span> <span class='ocrx_word' id='word_1_727' title='bbox 1572 2417 1677 2453; x_wconf 82' lang='lat' dir='ltr'><strong>gratia,</strong></span> <span class='ocrx_word' id='word_1_728' title='bbox 1688 2418 1710 2445; x_wconf 87' lang='lat' dir='ltr'><strong>si</strong></span> <span class='ocrx_word' id='word_1_729' title='bbox 1723 2420 1844 2454; x_wconf 82' lang='lat' dir='ltr'><strong>propter</strong></span> 
     </span>
     <span class='ocr_line' id='line_1_102' title="bbox 1062 2464 1844 2501; baseline -0.003 -7"><span class='ocrx_word' id='word_1_730' title='bbox 1062 2467 1202 2501; x_wconf 67' lang='lat' dir='ltr'><strong>justitiam</strong></span> <span class='ocrx_word' id='word_1_731' title='bbox 1227 2466 1274 2493; x_wconf 78' lang='lat' dir='ltr'><strong>Dei</strong></span> <span class='ocrx_word' id='word_1_732' title='bbox 1299 2465 1421 2493; x_wconf 73' lang='lat' dir='ltr'><strong>sustinet</strong></span> <span class='ocrx_word' id='word_1_733' title='bbox 1455 2465 1522 2501; x_wconf 82' lang='lat' dir='ltr'><strong>quis</strong></span> <span class='ocrx_word' id='word_1_734' title='bbox 1557 2464 1699 2498; x_wconf 72' lang='lat' dir='ltr'><strong>tristitias,</strong></span> <span class='ocrx_word' id='word_1_735' title='bbox 1729 2465 1844 2500; x_wconf 86' lang='lat' dir='ltr'><strong>patiens</strong></span> 
     </span>
     <span class='ocr_line' id='line_1_103' title="bbox 1064 2511 1843 2549; baseline -0.001 -8"><span class='ocrx_word' id='word_1_736' title='bbox 1064 2515 1179 2549; x_wconf 62' lang='lat' dir='ltr'><strong>injuste.</strong></span> <span class='ocrx_word' id='word_1_737' title='bbox 1218 2515 1287 2547; x_wconf 69' lang='lat' dir='ltr'><strong>Quze</strong></span> <span class='ocrx_word' id='word_1_738' title='bbox 1319 2516 1376 2546; x_wconf 70' lang='lat' dir='ltr'><strong>est,</strong></span> <span class='ocrx_word' id='word_1_739' title='bbox 1398 2525 1410 2537; x_wconf 73' lang='grc' dir='ltr'><strong>ι»</strong></span> <span class='ocrx_word' id='word_1_740' title='bbox 1433 2513 1528 2547; x_wconf 72' lang='lat' dir='ltr'><strong>inquit</strong></span> <span class='ocrx_word' id='word_1_741' title='bbox 1540 2532 1548 2545; x_wconf 94' lang='lat'><strong>,</strong></span> <span class='ocrx_word' id='word_1_742' title='bbox 1576 2521 1589 2537; x_wconf 87' lang='lat'>«</span> <span class='ocrx_word' id='word_1_743' title='bbox 1618 2511 1712 2547; x_wconf 82' lang='lat' dir='ltr'><strong>gratia</strong></span> <span class='ocrx_word' id='word_1_744' title='bbox 1739 2512 1776 2547; x_wconf 79' lang='lat' dir='ltr'><strong>(b)</strong></span> <span class='ocrx_word' id='word_1_745' title='bbox 1789 2533 1797 2545; x_wconf 92' lang='lat'><em>‚</em></span> <span class='ocrx_word' id='word_1_746' title='bbox 1819 2512 1843 2540; x_wconf 85' lang='lat' dir='ltr'><strong>si</strong></span> 
     </span>
     <span class='ocr_line' id='line_1_104' title="bbox 1063 2558 1843 2597; baseline -0.001 -9"><span class='ocrx_word' id='word_1_747' title='bbox 1063 2563 1219 2597; x_wconf 75' lang='lat' dir='ltr'><strong>peccantes</strong></span> <span class='ocrx_word' id='word_1_748' title='bbox 1234 2559 1408 2596; x_wconf 77' lang='lat' dir='ltr'><strong>colaphizati</strong></span> <span class='ocrx_word' id='word_1_749' title='bbox 1429 2558 1577 2587; x_wconf 77' lang='lat' dir='ltr'><strong>suffertis?</strong></span> <span class='ocrx_word' id='word_1_750' title='bbox 1598 2558 1654 2587; x_wconf 88' lang='lat' dir='ltr'><strong>Sed</strong></span> <span class='ocrx_word' id='word_1_751' title='bbox 1675 2558 1698 2586; x_wconf 84' lang='lat' dir='ltr'><strong>si</strong></span> <span class='ocrx_word' id='word_1_752' title='bbox 1724 2559 1843 2588; x_wconf 83' lang='lat' dir='ltr'><strong>benefa-</strong></span> 
     </span>
    </p>
   </div>
   <div class='ocr_carea' id='block_1_6' title="bbox 1094 2657 1716 2691">
    <p class='ocr_par' dir='ltr' id='par_1_8' title="bbox 1094 2657 1716 2691">
     <span class='ocr_line' id='line_1_105' title="bbox 1094 2657 1716 2691; baseline -0.003 -8"><span class='ocrx_word' id='word_1_753' title='bbox 1094 2661 1127 2691; x_wconf 81' lang='grc' dir='ltr'><strong>(ο)</strong></span> <span class='ocrx_word' id='word_1_754' title='bbox 1143 2660 1203 2685; x_wconf 71' lang='lat' dir='ltr'><strong>sz.</strong></span> <span class='ocrx_word' id='word_1_755' title='bbox 1219 2660 1277 2684; x_wconf 62' lang='lat' dir='ltr'><strong>alit.</strong></span> <span class='ocrx_word' id='word_1_756' title='bbox 1293 2660 1423 2684; x_wconf 84' lang='lat' dir='ltr'><strong>continue.</strong></span> <span class='ocrx_word' id='word_1_757' title='bbox 1439 2672 1469 2677; x_wconf 93' lang='lat'>—</span> <span class='ocrx_word' id='word_1_758' title='bbox 1485 2657 1520 2689; x_wconf 76' lang='grc' dir='ltr'><strong>(Ιι)</strong></span> <span class='ocrx_word' id='word_1_759' title='bbox 1540 2658 1611 2688; x_wconf 71' lang='lat' dir='ltr'><strong>I&#39;ulq.</strong></span> <span class='ocrx_word' id='word_1_760' title='bbox 1627 2657 1716 2687; x_wconf 64' lang='lat' dir='ltr'><strong>gloria.</strong></span> 
     </span>
    </p>
   </div>
  </div>
 </body>
</html>
