2029 3052
344 331 681 388 LIBELLUS
723 328 1253 385 APOLOGETICUS
1296 328 1368 383 IN
1416 327 1546 384 EOS

193 469 293 517 QUI
333 468 542 508 ORDlNl
582 465 866 507 FRATRUM
904 464 1184 505 MINORUM
1224 455 1703 504 ADVERSANTUR¹

807 736 1079 774 ARGUMENTUM

677 824 731 861 (Ex
749 824 869 852 editione
894 824 1031 852 Vaticana
1050 830 1098 852 an.
1122 822 1215 860 1596.)

183 911 431 958 Objectionibus
445 914 476 945 et
490 910 727 957 quaestionibus
741 910 843 945 variis
857 921 986 955 eorum,
1003 910 1062 955 qui
1090 909 1232 943 fratrum
1258 909 1430 944 Minorum
1445 909 1565 944 Ordini
1580 909 1755 944 detrahere

138 971 345 1015 nitebantur,
363 970 538 1016 respondet
553 971 678 1004 Auctor
691 970 726 1003 in
741 969 803 1004 hoc
817 969 984 1015 Opusculo
1003 982 1009 1003 :
1025 969 1060 1003 in
1074 981 1141 1015 quo
1156 973 1188 1003 et
1202 968 1386 1002 calumnias
1403 969 1673 1004 adversariorum
1688 969 1752 1003 de·-

138 1030 231 1074 tegit,
248 1034 279 1064 et
297 1030 550 1075 obloquentium
566 1041 624 1063 ora
638 1029 780 1063 obstruit
803 1029 952 1063 doctrina
973 1040 1033 1062 sua
1055 1028 1214 1062 mirabili.
1232 1028 1295 1062 IIic
1313 1031 1425 1062 autem
1446 1028 1565 1074 repetit
1587 1028 1706 1072 multa,
1719 1032 1752 1062 et

138 1089 274 1123 uberius
301 1092 493 1135 pertractat,
517 1100 592 1134 quae
620 1088 656 1122 in
684 1088 792 1122 tribus
815 1088 965 1134 proxime
990 1087 1253 1133 praecedentibus
1268 1090 1279 1106 ²
1297 1087 1476 1133 Opusculis
1500 1090 1721 1134 proposuerat
1741 1100 1748 1121 :

133 1151 278 1195 suntque
292 1148 390 1182 utilia
404 1148 444 1182 iis
457 1148 651 1194 praesertim,
668 1148 728 1194 qui
752 1147 908 1192 regimini
923 1147 1114 1181 animarum
1130 1151 1294 1193 praesunt.

289 1414 406 1448 Quoestio
425 1413 642 1441 adversariorum
657 1415 759 1449 prima.

175 1495 295 1527 Praeter
306 1495 367 1526 hoc
379 1494 464 1535 quod
476 1495 636 1535 surripitis
647 1494 769 1526 clericis
783 1495 917 1526 eleemo-

135 1559 243 1591 synas,
261 1558 335 1590 quae
348 1549 424 1590 ipsis
443 1549 607 1587 darentur,
623 1549 650 1579 si
673 1557 731 1580 vos
749 1558 815 1580 non
831 1558 916 1580 esse-

134 1605 186 1644 tis,
202 1605 455 1644 conqueruntur,
468 1603 553 1644 quod
567 1602 741 1634 detrahatis
752 1603 798 1634 eis
812 1603 846 1633 in
860 1612 917 1643 po-

135 1659 223 1700 pulo,
239 1660 270 1690 et
290 1658 491 1690 confundatis
506 1659 560 1690 e'os
581 1658 615 1689 in
636 1658 917 1699 praedicationibus

133 1713 249 1756 vestris
263 1737 271 1748 ,
296 1713 374 1745 vitia
397 1722 512 1744 eorum
533 1712 742 1753 propalando.
768 1712 913 1753 Insuper,

136 1767 222 1808 quod
241 1767 400 1798 suadeatis
423 1766 621 1805 hominibus,
640 1775 681 1797 ne
703 1767 917 1798 confiteantur

136 1821 193 1860 eis,
210 1822 241 1852 et
254 1829 296 1851 ne
310 1820 385 1852 dent
398 1820 444 1851 eis
457 1820 644 1859 oblationes,
657 1822 688 1852 et
702 1820 764 1851 alia
774 1830 848 1861 quae
860 1821 915 1852 de-

136 1875 259 1914 berent,
271 1884 345 1906 cum
366 1874 427 1915 ipsi
442 1876 528 1913 sunt,
544 1874 653 1914 potius
668 1883 765 1914 quam
779 1883 848 1913 vos,
861 1874 918 1915 qui

136 1938 195 1969 pro
208 1928 377 1960 animabus
392 1937 504 1960 eorum
519 1930 595 1960 sunt
609 1928 768 1960 rationem
782 1928 917 1960 Domino

135 1983 301 2015 reddituri.

448 2070 603 2105 Responsio.

179 2147 363 2188 Respondeo
387 2147 427 2178 ad
446 2146 507 2178 ista
531 2155 589 2186 per
607 2146 753 2178 ordinem
774 2156 782 2178 ι
805 2146 920 2178 Omnia

139 2210 212 2242 quae
227 2201 305 2242 ipsis
316 2202 391 2241 jure
406 2200 562 2231 debentur
576 2200 610 2230 in
625 2200 851 2239 oblationibus,
864 2199 919 2231 de—

139 2256 240 2294 nimis,
257 2257 287 2287 et
308 2255 388 2293 aliis,
400 2255 454 2288 vel
474 2255 513 2286 de
534 2255 709 2296 approbata
723 2255 769 2286 eis
784 2264 917 2287 consue-

137 2310 247 2342 tudine
262 2309 331 2341 dari
342 2309 443 2340 solent
457 2318 475 2340 a
489 2309 620 2350 populo,
639 2318 705 2341 non
724 2310 829 2350 potius
844 2319 919 2341 sua—

138 2364 251 2396 demus
281 2363 327 2394 eis
349 2363 443 2402 dari,
468 2372 567 2403 quam
596 2363 830 2404 impediamus;
851 2364 918 2395 imo

138 2419 308 2450 hortamur
321 2416 478 2457 populum
494 2417 539 2447 eis
560 2417 620 2448 ista
635 2426 700 2448 non
715 2418 916 2457 subtrahere,

139 2481 198 2503 nec
213 2472 247 2503 in
265 2471 343 2502 alios
357 2471 426 2511 pios
441 2478 520 2501 usus
541 2479 688 2510 erogare,
703 2473 734 2502 et
752 2472 807 2510 J'us
822 2480 918 2503 suum

141 2526 256 2566 cuique
277 2526 431 2562 tribuere,
448 2525 544 2556 etiam
568 2524 735 2564 peccatori.
753 2525 787 2556 Si
808 2527 919 2557 autem

174 2590 183 2606 ¹
198 2589 238 2620 Cf.
258 2589 324 2613 Edit.
343 2588 487 2620 Argentin.,
505 2594 547 2612 an.
566 2588 640 2618 1495,
662 2588 706 2617 43,
722 2595 781 2619 pars
799 2589 835 2619 113
857 2589 917 2615 edit.

142 2625 235 2656 Vatic„
253 2632 295 2650 an.
314 2627 383 2657 1596,
402 2627 465 2650 tom.
486 2625 540 2655 Vll,
559 2631 627 2656 pars.
646 2630 681 2656 1v,
697 2632 755 2656 pag.
777 2626 836 2656 3733
858 2626 917 2650 edit.

142 2662 219 2692 Veu„
240 2668 272 2685 an
296 2663 370 2692 1611,
393 2663 432 2691 30,
458 2662 521 2685 tom.
546 2661 581 2691 11;
605 2660 664 2684 edit.
687 2661 762 2692 Ven.,
784 2668 825 2685 an.
850 2662 917 2692 1754,

143 2699 206 2722 tom.
235 2698 265 2728 V,
287 2704 345 2729 pag.
369 2698 422 2723 700.
446 2711 476 2715 —
498 2698 508 2713 2
529 2696 646 2728 Scilicet,
672 2696 756 2728 quoad
780 2697 918 2722 editionem

972 1387 1163 1428 quandoque
1183 1387 1335 1427 quaerunt
1352 1385 1539 1424 consilium,
1559 1384 1618 1416 ubi
1639 1393 1758 1416 secun-

972 1442 1049 1473 dum
1068 1441 1168 1473 Deum
1184 1441 1300 1472 melius
1309 1441 1349 1472 sit
1364 1441 1440 1472 dare
1450 1441 1698 1481 eleemosynam,
1719 1440 1759 1472 ad

972 1505 1070 1537 quam
1095 1505 1160 1527 non
1179 1497 1331 1527 tenentur
1349 1505 1390 1526 ex
1412 1495 1537 1532 debito,
1561 1494 1699 1526 dicimus
1718 1494 1757 1525 li-

972 1550 1059 1589 bere,
1077 1550 1163 1590 quod
1180 1550 1224 1581 ibi
1240 1550 1281 1581 sit
1295 1549 1426 1588 melius,
1440 1549 1497 1580 ubi
1519 1550 1624 1589 major
1644 1550 1691 1580 est
1708 1549 1759 1579 in-

973 1604 1127 1644 digentia,
1143 1604 1196 1636 vel
1209 1605 1314 1645 maj0r
1328 1604 1392 1635 Deo
1407 1604 1512 1635 honor
1526 1602 1711 1641 exhibetur,
1728 1603 1760 1633 et

973 1658 1051 1699 ipsis
1067 1658 1216 1689 dantibus
1239 1658 1356 1689 exinde
1377 1657 1556 1689 efficaciora
1575 1657 1759 1688 orationum

973 1713 1131 1752 suffragia
1141 1712 1312 1753 provenire
1327 1712 1514 1750 creduntur,
1530 1711 1582 1743 vel
1597 1720 1661 1752 quo
1677 1711 1760 1751 ipso-

973 1776 1049 1798 rum
1062 1767 1189 1798 devotio
1203 1767 1241 1798 ad
1259 1766 1523 1798 benefaciendum
1543 1775 1602 1806 pro
1616 1765 1680 1796 Deo
1694 1765 1758 1796 fer-

973 1821 1103 1853 ventius
1134 1821 1317 1852 inclinatur.
1346 1821 1437 1858 Quod
1470 1821 1579 1851 autem
1614 1819 1759 1860 plebanis

974 1875 1040 1907 suis
1050 1876 1272 1914 confiteantur,
1284 1877 1321 1906 ut
1331 1875 1458 1914 debent,
1474 1875 1646 1906 suademus
1661 1874 1759 1905 etiam

974 1930 1038 1969 his,
1055 1930 1112 1970 qui
1126 1929 1219 1961 nobis
1234 1929 1367 1960 confessi
1382 1928 1512 1968 fuerint,
1530 1930 1566 1960 ut
1581 1929 1759 1968 agnoscant

975 1993 1088 2016 eorum
1107 1983 1325 2021 conscientias,
1344 1992 1425 2024 quos
1443 1992 1560 2023 regere
1576 1982 1707 2020 debent;
1722 1984 1760 2014 ut

976 2039 1088 2077 sciant,
1101 2039 1218 2079 quibus
1234 2038 1398 2075 exhibere,
1412 2037 1464 2069 vel
1483 2045 1605 2077 negare
1621 2036 1758 2068 debeant

976 2092 1183 2124 ecclesiastica
1196 2094 1406 2131 sacramenta,
1428 2091 1491 2122 nisi
1506 2091 1585 2122 forte
1601 2090 1681 2122 tales
1696 2090 1760 2122 sint

976 2147 1088 2187 aliqui,
1104 2156 1123 2178 a
1144 2147 1263 2187 quibus
1282 2146 1474 2186 prohibeant
1495 2154 1633 2177 canones
1651 2154 1758 2176 sacra-

976 2203 1084 2232 menta
1094 2201 1226 2242 requiri,
1234 2202 1269 2231 ut
1282 2200 1428 2240 suspensi
1439 2200 1479 2231 ab
1492 2200 1607 2239 officio,
1618 2199 1670 2231 vel
1683 2199 1760 2233 irre-3

977 2256 1118 2296 gulares,
1131 2255 1181 2287 vel
1199 2255 1255 2295 jus
1269 2254 1393 2294 ligandi
1404 2256 1435 2285 et
1452 2254 1596 2286 solvendi
1616 2263 1681 2285 non
1700 2253 1760 2284 ha-

976 2310 1096 2348 bentes,
1109 2309 1159 2341 vel
1170 2318 1226 2349 per
1237 2317 1317 2349 quos
1327 2308 1445 2339 animae
1455 2308 1560 2348 magis
1569 2308 1759 2339 irretiuntur

975 2364 1095 2405 peccati
1111 2363 1244 2403 laqueis,
1263 2372 1361 2403 quam
1377 2364 1574 2403 purgentur,
1586 2362 1625 2393 de
1639 2361 1758 2402 quibus

975 2427 1041 2449 non
1055 2419 1102 2449 est
1115 2426 1203 2448 nunc
1216 2416 1353 2448 ulterius
1368 2416 1637 2457 prosequendum.

1016 2472 1107 2510 Quod
1117 2473 1224 2503 autem
1239 2470 1445 2502 detrahamus
1460 2471 1515 2508 eis,
1533 2472 1563 2501 et
1580 2469 1758 2500 confunda-

976 2535 1050 2558 mus
1067 2535 1121 2557 eos
1141 2526 1174 2556 in
1189 2524 1319 2566 populo,
1334 2533 1399 2555 non
1413 2524 1539 2563 oportet
1560 2523 1648 2564 quod
1665 2523 1758 2554 nobis

976 2589 1140 2620 Vaticanam,
1156 2588 1286 2620 Exposz'tio
1306 2588 1331 2611 ιή
1352 2586 1470 2618 Requlam
1490 2587 1603 2617 fratrum
1619 2587 1755 2617 Minorzmz,

978 2626 1201 2649 Determinatiozzes
1219 2624 1382 2656 quaestionum
1404 2623 1471 2646 circa
1493 2623 1560 2647 hanc
1582 2622 1716 2654 Reqztlum,
1732 2623 1765 2646 et'

977 2664 1058 2691 Quare
1078 2663 1172 2693 fraires
1193 2662 1301 2686 Minores
1319 2658 1472 2691 praedicent,
1490 2660 1513 2683 et
1530 2659 1693 2690 confessiones
1714 2665 1757 2682 au-

976 2698 1057 2723 (liant.
