2029 3052
230 212 292 243 240

229 277 323 307 modo
341 276 498 314 quomodo
516 274 607 306 Maria
628 276 672 304 est
692 273 887 303 illuminatrix
905 272 1013 302 mundi

229 333 284 361 per
298 324 438 362 exempla
450 322 639 352 ludicissimae
652 321 719 350 vitoe
732 328 803 350 suae.

266 371 403 401 Secundo
416 370 583 404 considera,
599 367 684 406 quod
700 367 790 397 Maria
805 368 849 396 est
861 366 1012 397 illumina-

229 418 286 447 trix
294 427 348 456 per
354 417 499 447 beneficia
508 415 699 445 lucidissimae
709 414 921 443 misericordiae
936 423 1011 449 suoe;

229 474 284 502 per
298 474 391 503 quam
413 464 499 493 multi
521 463 553 492 in
570 463 658 491 nocte
677 462 768 498 hujus
782 461 884 490 saeculi
898 461 1012 490 illumi-

230 512 292 542 nati
311 514 378 541 sunt
396 510 597 548 spiritualiter,
611 509 686 538 sicut
705 508 890 546 quandoque
904 508 958 537 filii
973 509 1013 537 ls-

229 559 292 588 rael
305 567 360 596 per
373 558 545 587 columnam
556 557 633 593 ignis
645 555 805 585 illuminati
813 556 934 585 fuerunt
948 564 1013 585 cor-

230 605 381 642 poraliter,
399 605 485 641 juxta
503 603 579 632 illud
593 603 702 632 Psalmi
718 603 727 621 ¹
749 611 756 631 :
779 603 899 632 Deduxit
917 610 961 631 eos
984 605 1013 631 in

229 653 308 688 nube,
323 654 378 680 etc.
392 651 482 681 Maria
502 653 546 680 est
565 650 655 680 nobis
673 649 815 679 columna
827 649 927 684 nubis,
942 649 1014 686 quia

229 700 374 736 tanquam
394 699 491 728 nubes
504 698 632 736 protegit
649 698 689 727 ab
710 699 782 727 aestu
801 697 909 726 divinae
932 697 1013 725 indi-

229 746 394 782 gnationis5
421 745 552 782 protegit
579 745 668 774 etiam
695 745 734 774 ab
757 746 830 773 aestu
858 743 1014 773 diabolicae

230 793 409 829 tentationis,
430 793 506 821 sicut
524 793 632 821 iterum
654 791 761 820 dicitur
786 792 817 820 in
845 790 962 819 Psalmo
978 792 1012 819 ⁵:

229 840 375 876 Expandit
400 840 508 875 nubem,
528 841 582 868 ete.
612 838 701 867 Maria
726 845 848 875 quoque
872 838 1014 866 columna

230 886 308 922 ignis
347 889 409 922 est,
438 886 612 915 illuminans
642 893 713 920 nos,
742 885 804 913 imo
841 884 1014 913 illuminans

230 933 380 962 mundum
405 933 505 962 multis
532 931 744 961 misericordiae
770 940 830 960 sure
848 931 1012 960 beneficiis.

231 981 308 1014 Quid
322 989 377 1009 nos
390 980 500 1016 miseri,
516 988 572 1009 uos
587 979 786 1014 obtenebrati,
797 978 872 1016 quid
886 979 917 1007 in
928 981 1014 1007 nocte

230 1027 318 1063 huJus
338 1027 438 1056 saeculi
452 1027 628 1061 faceremus,
647 1027 671 1055 si
694 1029 755 1055 tam
770 1026 902 1054 lucidam
919 1025 1015 1054 lucer-

230 1082 312 1109 nam,
327 1075 351 1102 si
364 1077 423 1103 tam
448 1074 630 1103 luminosam
658 1073 830 1102 columnam
844 1081 906 1102 non
921 1073 1011 1102 habe-

230 1122 352 1150 remus?
367 1121 444 1156 Quid
457 1122 537 1150 enim
551 1122 629 1150 totus
644 1120 776 1149 mundus
790 1120 912 1155 valeret,
930 1120 954 1147 si
968 1127 1015 1148 so-

230 1168 289 1196 lem
304 1177 366 1197 non
387 1168 528 1197 haberet?
542 1170 663 1204 Propter
678 1167 734 1195 hoc
750 1167 827 1195 bene
843 1168 872 1194 B.
890 1168 1012 1195 Bernar-

232 1215 288 1244 dus
308 1216 348 1244 ait
362 1217 372 1233 ³
389 1225 396 1244 z
415 1215 516 1244 «Tolle
525 1223 634 1252 corpus
649 1215 706 1242 hoc
722 1214 829 1248 solare,
845 1213 929 1250 quod
944 1213 1015 1242 illu-

231 1263 324 1291 minet
337 1262 497 1297 mundum,
515 1262 566 1290 ubi
588 1262 672 1290 dies?
687 1260 767 1289 Tolle
791 1261 922 1295 Mariam,
937 1261 1014 1288 hanc

232 1309 322 1337 maris
336 1309 463 1343 stellam,
476 1309 549 1345 quid
561 1309 616 1336 nisi
625 1308 895 1343 caligoinvolvens,
905 1308 1014 1336 umbra

232 1357 345 1391 mortis,
368 1365 403 1385 ac
419 1356 600 1384 densissimae
616 1355 742 1384 tenebrae
758 1355 1012 1391 relinquuntur?n

232 1403 318 1431 Vides
333 1403 426 1432 modo
439 1403 594 1439 quomodo
607 1403 694 1431 Maria
706 1404 746 1430 est
758 1402 952 1430 illuminatrix
962 1410 1015 1438 per

232 1449 446 1478 lucidissimam
468 1449 576 1484 vitam;
599 1449 683 1477 vides
705 1449 837 1477 secundo
858 1449 1014 1486 quomodo

233 1496 322 1524 Maria
335 1499 378 1524 est
390 1496 583 1524 illuminatrix
598 1504 651 1532 per
666 1495 880 1524 lucidissimam
902 1495 1015 1524 miscri-

234 1543 370 1571 cordiam
382 1551 479 1572 suam.

268 1590 364 1618 Tertio
393 1590 564 1624 considera,
595 1590 783 1624 charissime,
812 1589 895 1625 quod
927 1589 1016 1617 Maria

234 1637 323 1665 etiam
338 1640 380 1665 est
397 1637 589 1665 illuminatrix
602 1645 654 1673 per
665 1637 877 1665 lucidissimam
888 1636 1015 1672 gloriam

232 1692 329 1718 suam,
353 1692 419 1720 qum
440 1692 493 1720 per
512 1684 615 1712 omnia
629 1683 776 1711 illuminat
800 1683 925 1718 rwlum3
943 1683 1017 1710 sicut

233 1731 282 1759 Sol
297 1731 455 1766 mundum,
470 1731 555 1766 juxta
570 1730 645 1758 illud
664 1731 850 1758 Ecclesiastici
866 1731 874 1746 ⁸
892 1739 897 1756 :
914 1730 959 1757 Sol
982 1731 1015 1757 il-

234 1779 369 1805 luminans
383 1786 432 1813 per
448 1779 538 1805 omnia
551 1780 680 1812 respa-it,
698 1781 722 1804 et
738 1779 828 1812 gloria
842 1779 949 1805 Domini
959 1779 1016 1812 ple-

233 1833 296 1852 num
311 1827 349 1852 est
364 1833 430 1860 opus
441 1825 507 1859 ejus.
525 1824 574 1852 Sol
590 1824 762 1852 illuminans
776 1826 817 1852 est
834 1824 931 1859 Maria,
950 1833 1015 1860 quin

233 1875 276 1900 est
289 1872 415 1908 pulchra
435 1875 466 1900 ut
488 1874 579 1906 Luna,
597 1871 690 1900 electa
706 1874 736 1899 ut
758 1871 822 1899 Sol:
839 1871 964 1907 pulchra
986 1874 1017 1899 ut

233 1921 314 1947 Luna
329 1928 381 1955 per
401 1919 546 1955 gratiam3
571 1919 663 1947 electa
682 1921 712 1946 ut
735 1918 784 1946 Sol
810 1926 860 1954 per
875 1917 1013 1953 gloriam.

233 1967 332 1995 Gloria
359 1966 437 1994 enim
468 1966 583 1994 Domini
609 1965 732 2001 plenum
757 1967 798 1992 est
825 1972 901 2000 opus
929 1966 993 2000 ejus
1007 1975 1014 1992 :

234 2022 310 2049 opus
336 2013 450 2041 Domini
473 2012 751 2040 excellentissimum
773 2014 815 2039 est
837 2012 935 2039 Maria.
958 2013 1016 2040 lloe

234 2068 321 2096 opus,
336 2059 409 2087 sicut
424 2059 546 2095 plenum
563 2059 615 2086 suit
638 2059 730 2093 gratia
752 2058 867 2086 Domini
884 2059 913 2086 in
929 2067 1016 2087 iuun-

234 2107 286 2141 do,
301 2107 342 2134 sic
357 2106 479 2142 plenum
499 2108 542 2133 est
563 2105 659 2141 gloria
680 2105 793 2133 Domini
820 2105 848 2133 in
868 2106 953 2134 cu‘lo.
971 2106 1016 2134 Sic

235 2162 306 2188 ergo
318 2153 489 2181 illuminans
502 2153 589 2180 Maria
604 2152 632 2179 in
645 2151 740 2187 gloria
751 2160 815 2185 sua,
831 2152 953 2180 rutilans
964 2161 1016 2188 per

235 2200 335 2228 omnia
352 2200 479 2235 respicit,
497 2199 567 2235 quia
584 2207 637 2235 per
653 2207 756 2227 omnes
772 2199 905 2234 aiigeIOS‚
923 2202 949 2227 ct
963 2208 1015 2235 per

235 2255 339 2274 omnes
347 2249 463 2274 sanctos
481 2247 583 2281 gloria]
594 2255 654 2273 sum
663 2246 909 2274 illuminationem
921 2249 1017 2274 exten-

237 2294 288 2321 dit.
307 2293 384 2326 Quid
399 2293 519 2327 mirum,
536 2293 557 2320 si
575 2293 938 2328 Marizeprzrsentiatotuni
951 2293 1015 2321 illu—

237 2340 457 2374 minatcoelum,
469 2348 536 2375 qua:
549 2340 636 2367 etiam
645 2342 738 2368 toturn
751 2339 875 2368 illustrat
886 2341 990 2368 orbem
1003 2342 1016 2367 Τ

237 2388 280 2415 Ait
295 2387 374 2415 enim
391 2386 555 2414 Bernardus
571 2388 581 2403 ὁ
600 2396 605 2414 ;
623 2397 636 2412 «
653 2387 746 2414 Maria}
766 2388 919 2423 praesentia
941 2390 1016 2415 totus

236 2434 399 2462 illustratur
415 2433 506 2468 orbis,
526 2435 553 2460 et
574 2433 638 2468 ipsa
659 2434 782 2461 eudestis
800 2434 894 2470 patria
909 2435 1017 2462 clarius

237 2481 336 2509 rutilat
359 2481 498 2516 virgineae
522 2479 670 2515 lampadis
698 2480 835 2509 irradiata
861 2481 1014 2517 fulgore.»

237 2528 281 2555 Sic
302 2536 372 2563 ergo
386 2527 470 2555 vides
493 2526 649 2563 quomodo
665 2527 753 2555 Maria
767 2527 960 2556 illuminatrix
975 2531 1017 2557 est

270 2603 275 2618 ¹
293 2602 360 2626 Psal.
380 2608 480 2632 cxxvii,
498 2603 534 2625 Μ.
547 2615 577 2619 -
593 2601 603 2616 ³
614 2601 681 2624 I'sal.
695 2607 745 2631 niv,
759 2595 799 2624 Em.
815 2615 843 2619 —
859 2604 868 2618 ³
883 2604 1016 2634 lisa-nard„

239 2638 262 2661 in
277 2638 364 2661 Natz'r.
380 2639 407 2662 Β.
424 2638 499 2667 Mar.y
516 2644 594 2661 serni.
611 2637 640 2660 tle
655 2637 812 2668 aquoeducru.
827 2642 887 2662 ante
906 2639 972 2662 nied.
986 2652 1016 2656 —

240 2674 246 2687 ⁸
267 2673 356 2702 Ereti„
374 2680 443 2703 XLtl,
460 2675 496 2697 10.
518 2687 546 2691 -
571 2674 577 2686 a
599 2674 684 2701 Bern.‚
702 2674 727 2696 in
747 2674 872 2704 Assumpt.
890 2676 918 2698 ΙΙ.
941 2676 1015 2698 Mar„

666 205 875 240 SPECULUM
898 202 1045 238 BEATAE
1065 203 1206 238 MAmAE
1226 204 1418 238 VlRGlNlS.

1067 280 1121 310 per
1135 273 1228 302 vitam
1242 281 1328 302 suam
1347 272 1579 308 lucidissimam,
1599 274 1756 310 quomodo
1779 274 1848 304 illu·

1067 320 1207 349 minatrix
1227 328 1281 358 per
1301 320 1430 357 gloriam
1453 327 1539 349 suam
1558 319 1788 356 fulgidissimam
1807 324 1851 351 est

1067 367 1167 396 Maria.

1104 415 1171 443 Post
1197 414 1339 451 proedicta
1370 414 1472 444 omnia
1505 413 1760 443 considerandum
1791 415 1850 451 est,

1068 460 1153 498 quod
1170 461 1267 491 Maria
1281 461 1489 498 interpretatur
1503 459 1637 490 Domina.
1654 463 1715 490 Hoc
1730 468 1852 498 quoque

1067 507 1181 544 optime
1197 509 1340 545 competit
1351 510 1441 537 tantae
1458 508 1651 545 imperatrici,
1667 515 1735 545 quae
1748 515 1854 536 revera

1068 554 1195 584 Domina
1207 556 1251 583 est
1267 554 1430 584 coelestium
1440 576 1451 590 ,
1470 555 1663 591 terrestrium,
1680 557 1708 584 et
1721 555 1853 584 inferno-

1068 609 1153 637 rum;
1177 601 1313 637 domina,
1337 601 1476 639 inquam,
1501 601 1697 638 angelorum,
1729 601 1854 630 domina

1069 647 1237 683 hominum,
1255 648 1380 678 domina
1395 648 1584 684 daemonum,
1605 648 1730 677 domina
1746 648 1853 677 utrius·

1069 702 1128 731 que
1143 695 1174 723 in
1195 694 1284 731 coelo,
1299 695 1423 724 domina
1438 695 1469 723 in
1487 695 1613 731 mundo,
1625 695 1751 724 domina
1765 695 1796 724 in
1811 695 1854 724 in-

1069 741 1164 771 ferno.
1501 765 1504 767 Α

1106 789 1202 818 Primo
1218 789 1384 824 considera,
1407 789 1590 824 charissime,
1606 789 1690 826 quod
1709 789 1799 818 Maria
1812 791 1855 818 est

1905 811 1976 833 Maria

1069 835 1194 864 Domina
1213 836 1390 872 angelorum
1409 845 1417 865 ε
1443 836 1508 873 ipsa
1526 836 1607 864 enim
1628 836 1744 872 signata
1766 836 1855 865 estin
1887 843 1964 865 αξιοι-

1069 882 1194 911 domina
1208 883 1309 912 Esther
1329 883 1450 920 Regina,
1467 883 1505 911 de
1524 891 1585 920 qua
1605 883 1713 919 legitur
1722 884 1745 918 ⁶,
1769 883 1853 920 quod
1891 875 1954 899 '⁵⁰²²'

1885 908 1965 928 terret·

1069 937 1159 966 super
1172 937 1264 958 unam
1279 929 1425 958 famulam
1442 937 1528 958 suam
1549 928 1690 958 deliciose
1709 929 1854 958 inniteha-
1868 937 1943 961 trium.
1955 937 1980 958 et

1070 979 1127 1012 tur,
1142 976 1235 1005 altera
1246 978 1346 1005 autem
1360 975 1542 1005 famularum
1559 976 1741 1012 sequebatur
1756 975 1854 1005 domi-
1875 968 1971 990 inferno-

1897 1001 1978 1022 mDo-

1069 1031 1159 1058 nam,
1182 1023 1343 1052 defluentia
1374 1023 1405 1051 in
1432 1023 1558 1051 humum
1591 1022 1767 1051 vestimenta
1791 1031 1856 1051 sus—
1869 1031 1938 1053 mina.

1070 1073 1194 1100 tentans.
1211 1072 1263 1099 Per
1277 1071 1434 1100 dominam
1449 1070 1550 1098 Esther
1559 1070 1706 1106 reginam,
1722 1070 1854 1107 intellige

1070 1118 1190 1146 Mariam
1212 1117 1346 1154 reginam
1367 1127 1374 1146 :
1401 1117 1469 1146 duze
1488 1117 1624 1152 famulae,
1651 1125 1780 1154 quarum
1803 1117 1858 1146 do-

1070 1165 1152 1193 mina
1167 1166 1210 1193 est
1224 1165 1328 1201 regina
1341 1164 1441 1199 Maria,
1456 1166 1524 1192 sunt
1534 1164 1670 1200 angelica
1685 1165 1713 1192 et
1724 1164 1858 1192 humana

1071 1214 1215 1240 creatura.
1232 1213 1254 1240 Ο
1269 1214 1414 1248 quantum
1429 1211 1625 1248 gaudendum
1644 1213 1687 1239 est
1700 1210 1789 1239 nobis
1803 1211 1858 1239 mi-

1071 1258 1142 1286 seris
1157 1258 1342 1293 hominibus,
1357 1258 1441 1295 quod
1461 1258 1561 1294 angeli
1583 1258 1741 1286 Dominum
1761 1260 1789 1287 et
1804 1259 1859 1286 Do-

1070 1305 1184 1333 minam
1205 1305 1316 1333 habent
1338 1314 1374 1333 ex
1387 1305 1576 1334 hominibus!
1604 1305 1757 1333 verissime
1778 1304 1858 1333 enim

1071 1352 1248 1388 angelorum
1263 1352 1386 1380 domina
1405 1355 1447 1380 est
1461 1352 1560 1380 Maria.
1583 1351 1664 1380 Unde
1679 1351 1859 1387 Augustinus

1071 1399 1167 1435 ipsum
1190 1399 1358 1436 alloquens,
1375 1399 1415 1427 ait
1428 1400 1438 1416 ⁷
1457 1408 1463 1427 :
1483 1411 1495 1424 n
1519 1400 1547 1426 Si
1568 1401 1595 1426 te
1609 1398 1718 1426 coelum
1738 1406 1857 1433 vocem,

1073 1446 1160 1474 altior
1175 1454 1216 1474 οε.
1231 1446 1258 1474 Si
1275 1449 1400 1474 matrem
1422 1446 1555 1482 gentium
1573 1445 1682 1480 dicam,
1703 1445 1856 1482 praecedis.

1072 1493 1100 1521 Si
1119 1493 1274 1521 dominam
1296 1492 1473 1529 angelorum
1495 1493 1659 1528 nominem,
1677 1500 1731 1529 per
1757 1491 1859 1521 omnia

1073 1548 1135 1568 esse
1157 1540 1373 1576 comprobaris.
1402 1540 1429 1568 Si
1459 1539 1586 1568 sormam
1614 1539 1663 1567 Dei
1689 1539 1857 1575 appellem,

1073 1587 1164 1622 digna
1178 1587 1286 1615 existis.
1301 1598 1313 1613 n
1334 1587 1439 1615 Anima
1451 1595 1523 1615 vero
1535 1587 1667 1614 humana
1680 1589 1722 1614 est
1733 1585 1857 1620 famula,

1073 1642 1140 1670 quse
1157 1634 1312 1662 Dominam
1329 1642 1415 1661 suam
1429 1633 1550 1661 Mariam
1565 1633 1698 1669 sequitur
1720 1633 1750 1660 in
1770 1640 1858 1660 mun-

1074 1682 1123 1710 do.
1140 1682 1276 1718 Sequitur
1288 1683 1363 1710 certe
1376 1681 1520 1716 colligens
1528 1681 1702 1709 vestimenta
1716 1680 1857 1715 Dominae,

1073 1729 1184 1757 scilieet
1210 1729 1354 1764 colligens
1379 1729 1501 1756 virtutes
1527 1729 1555 1756 et
1582 1728 1720 1764 exempla
1748 1728 1856 1756 Mariae.

1073 1777 1269 1812 Intelligentia
1293 1784 1364 1804 vero
1389 1775 1522 1811 angelica
1543 1777 1585 1803 est
1613 1774 1744 1810 famula,
1768 1782 1858 1811 super

1074 1832 1165 1860 quam
1195 1823 1319 1851 Domina
1344 1831 1397 1850 sua
1430 1822 1519 1850 Maria
1550 1821 1682 1850 innititur
1711 1821 1742 1849 in
1770 1821 1856 1849 coelo.

1074 1871 1206 1899 innititur
1228 1873 1303 1898 certe
1328 1872 1470 1906 tanquam
1493 1869 1724 1897 familiarissima
1751 1876 1781 1896 se
1805 1875 1857 1896 an-

1075 1918 1150 1954 gelis
1171 1917 1330 1951 sociando;
1352 1916 1484 1944 innititur
1505 1916 1593 1943 etiam
1617 1918 1759 1951 tanquam
1781 1914 1858 1942 deli-

1075 1965 1221 1993 catissima
1244 1965 1273 1992 in
1300 1963 1413 1999 angelis
1428 1962 1608 1996 deliciando,
1632 1962 1764 1990 innititur
1781 1969 1858 1998 quo-

1075 2020 1132 2049 que
1162 2014 1304 2048 tanquam
1326 2010 1499 2047 plenissima
1522 2018 1551 2037 se
1585 2017 1653 2037 cum
1682 2017 1736 2036 sua
1763 2008 1858 2044 pleni-

1076 2059 1177 2087 tudine
1207 2057 1323 2093 angelis
1352 2056 1622 2090 communicand05
1653 2055 1786 2083 innititur
1814 2055 1859 2082 in-

1074 2114 1164 2142 super
1184 2108 1325 2140 tanquam
1344 2103 1556 2139 potentissima,
1581 2102 1694 2138 angelis
1713 2101 1861 2137 imperan-

1076 2153 1126 2181 do.
1143 2151 1287 2179 «inanibus
1308 2151 1386 2178 enim
1409 2150 1522 2185 angelis
1543 2149 1632 2177 Maria
1654 2149 1787 2176 innititur
1804 2155 1859 2176 suo

1076 2199 1214 2235 imperio.
1233 2197 1312 2225 Unde
1326 2197 1502 2232 Augustinus
1518 2197 1575 2224 ait:
1593 2206 1606 2221 «
1619 2195 1741 2223 ltliehael
1756 2195 1816 2222 dux
1832 2196 1860 2222 et

1076 2247 1214 2283 princeps
1230 2245 1340 2272 militiae
1357 2244 1480 2272 emlestis
1503 2251 1571 2271 cum
1593 2242 1733 2271 omnibus
1755 2240 1859 2278 spiriti-

1076 2294 1132 2321 bus
1145 2291 1411 2325 administratoriis,
1433 2291 1498 2326 tuis,
1516 2290 1614 2325 Virgo,
1630 2291 1713 2325 paret
1731 2295 1859 2325 praecep-

1076 2341 1122 2374 tis,
1139 2341 1169 2367 in
1185 2338 1381 2367 defendendis
1393 2338 1421 2365 in
1433 2345 1569 2373 corpore,
1585 2336 1652 2364 etin
1665 2333 1859 2371 suscipiendis

1077 2388 1112 2416 de
1126 2394 1251 2422 corpore
1282 2385 1439 2413 animabus
1452 2383 1598 2418 fidelium,
1615 2381 1779 2419 specialiter
1794 2380 1858 2415 tibi,

1076 2433 1210 2468 Domina,
1233 2435 1260 2460 et
1281 2432 1328 2460 die
1351 2440 1386 2460 ac
1411 2433 1497 2459 nocte
1522 2438 1552 2458 se
1573 2429 1624 2458 tibi
1647 2427 1860 2457 commendan-

1076 2481 1160 2509 tium.
1186 2491 1199 2506 ν
1218 2479 1304 2507 Vides
1328 2478 1432 2513 modo,
1453 2476 1606 2514 quomodo
1628 2475 1715 2504 Maria
1738 2476 1781 2502 est
1804 2475 1860 2502 Do·

1076 2528 1157 2556 mina
1173 2527 1353 2563 Angelorum
1371 2526 1400 2553 in
1417 2525 1503 2553 coelo.

1110 2574 1246 2603 Secundo
1267 2573 1434 2608 considera,
1456 2570 1643 2605 charissime,
1666 2568 1750 2605 quod
1770 2567 1860 2596 Maria

1076 2646 1153 2663 serm.
1172 2644 1190 2667 1,
1203 2645 1228 2662 n.
1247 2638 1269 2662 l.
1288 2650 1316 2654 —
1332 2638 1341 2650 ⁰
1355 2636 1438 2665 Esth„
1456 2641 1498 2665 xv,
1515 2636 1539 2658 7.
1552 2648 1582 2652 —
1596 2635 1602 2648 '¹
1617 2635 1733 2664 August„
1748 2632 1860 2656 ‹lestine-

1079 2676 1122 2704 tis,
1140 2681 1218 2698 serni.
1236 2679 1314 2701 xxxv,
1331 2672 1362 2695 al.
1375 2677 1462 2701 ccviii,
1479 2678 1503 2694 n.
1516 2672 1539 2701 5,
1551 2670 1576 2693 in
1592 2669 1710 2700 Append.
1723 2671 1786 2693 tom.
1801 2668 1831 2692 V.
