2029 3052
691 269 877 303 OFFICIUM
900 269 949 302 DE
974 270 1170 304 PASSIONE
1192 271 1345 305 DOMINI.

204 337 252 368 fac
266 346 321 368 nos
335 346 487 376 resurgere
497 339 537 368 ad
547 338 667 368 virtutes
676 347 694 368 a
703 338 792 374 vitiis,
803 339 835 367 ut
847 339 873 366 te
884 337 985 367 videre

204 386 353 423 possimus
376 386 406 415 in
427 385 546 416 Galilaea
560 394 629 416 cum
643 385 797 423 discipulis
816 395 822 414 :
842 385 894 423 qui
909 385 986 414 vivis

206 435 234 462 et
247 441 365 470 regnas,
380 434 436 463 etc.

207 513 425 542 commemoratio
435 513 468 542 de
479 514 557 542 beata
569 514 695 550 Vimine,
706 515 843 555 Matiw'no
855 515 984 548 tempore.

240 577 334 606 Mariae
345 577 508 613 nuntiatur,
525 577 609 614 quod
621 585 639 606 a
650 578 663 606 J
667 577 757 606 udaeis
771 577 894 614 perfidis
906 576 987 605 Chri-

204 627 264 654 stus
279 625 460 661 captivatum
482 626 509 654 et
528 626 590 654 toto
609 624 700 654 corde
719 624 848 660 tremuit,
865 625 892 653 et
906 624 985 652 male

204 672 394 702 tractabatur.

240 719 267 754 is.
282 721 440 756 Nunquam
454 720 548 748 mater
561 719 682 756 pertulit
696 719 826 748 dolores.
841 719 871 756 ιι).
884 720 916 748 Ut
926 720 985 748 Ma-

203 766 248 796 ria
262 766 317 795 filii
332 766 524 796 considerans
541 766 661 796 livores.

542 846 648 875 Oratio.

239 909 378 938 Pietatem
399 910 483 938 tuam
501 917 681 946 quoesumus,
704 910 839 945 Domine,
855 918 915 947 qua
929 918 986 947 pro

203 956 291 985 nobis
305 957 432 985 mortem
447 956 561 985 subiisti
575 957 782 994 temporalem,
795 965 850 986 nec
861 958 984 994 proprio

204 1004 333 1040 corpori,
354 1012 408 1033 nec
423 1006 557 1033 materno
579 1004 677 1033 dolori
699 1013 821 1041 parcere
843 1005 984 1033 voluisti:

204 1051 261 1086 fac,
279 1053 311 1079 ut
325 1059 380 1080 nos
400 1053 456 1080 tuae
475 1051 636 1089 matrisque
657 1052 805 1089 passionis
826 1060 986 1088 memores,

204 1098 361 1127 vobiscum
383 1098 528 1128 felicitatis
543 1102 691 1136 perpetuoe
710 1100 802 1129 simus
816 1100 985 1137 partIcipes.

203 1145 258 1179 Qui
272 1145 348 1174 vivis
363 1148 391 1174 et
403 1154 522 1183 regnas,
537 1148 590 1175 etc.

490 1259 535 1286 AD
555 1259 697 1287 PRIMAM.

241 1337 265 1372 51.
284 1337 368 1372 Deus,
384 1335 415 1364 in
431 1336 613 1372 adjutorium
627 1345 740 1373 meum,
757 1338 812 1366 etc.

533 1420 659 1447 Hymnus.

419 1480 459 1506 Tu
474 1479 526 1515 qui
542 1479 655 1507 velatus
670 1478 744 1508 facie

384 1525 471 1554 Fuisti
486 1526 532 1554 sol
545 1526 672 1562 Justiuoe,

385 1572 480 1600 Flexis
495 1573 599 1601 illusus
615 1574 753 1609 genibus,

384 1620 480 1647 Caesus
491 1628 613 1656 quoque
621 1620 808 1649 verberibus,

418 1669 455 1695 Te
470 1667 598 1703 petimus
612 1668 760 1704 attentius,

384 1715 416 1742 Ut
430 1714 468 1742 sis
483 1715 571 1743 nobis
585 1715 741 1751 propitius,

384 1762 416 1789 Et
430 1770 483 1798 per
498 1764 579 1790 tuam
595 1762 781 1791 clementiam

384 1809 531 1838 Perdueas
542 1817 597 1837 nos
612 1810 651 1838 ad
669 1810 806 1846 gloriam.

418 1857 502 1892 Laus,
519 1858 572 1885 ete.

242 1904 410 1939 Antiphone.
427 1904 543 1933 Faciem
559 1913 668 1933 meam.

505 1987 629 2015 Pennus
648 1987 692 2014 42.

242 2045 346 2074 Judica
361 2054 420 2082 me,
437 2048 523 2082 Deus,
546 2049 574 2075 et
595 2047 730 2076 discerne
752 2055 872 2076 causam
891 2056 989 2077 meam

207 2092 244 2120 de
259 2095 345 2128 gente
361 2101 422 2122 non
435 2096 535 2123 sancta
552 2104 558 2123 :
576 2095 614 2123 ab
629 2094 751 2123 homine
766 2095 870 2132 iniquo
890 2098 917 2124 et
932 2096 989 2124 do—

206 2140 270 2169 loso
286 2149 355 2169 erue
374 2150 432 2170 me.

243 2188 317 2221 Quia
340 2190 372 2216 tu
393 2197 435 2224 es,
456 2190 542 2223 Deus,
566 2189 710 2218 fortitudo
725 2198 792 2218 mea
808 2199 815 2218 :
834 2198 926 2227 quare
942 2199 989 2219 me

207 2234 352 2270 repulisti,
372 2237 398 2264 ct
413 2244 505 2272 quare
516 2236 603 2264 tristis
614 2237 732 2273 incedo,
746 2238 820 2266 dum
828 2238 932 2273 aflligit
942 2246 989 2266 me

207 2281 365 2309 inimicus?

244 2328 346 2357 Emitte
366 2329 466 2357 lucem
485 2332 577 2366 tuam,
593 2333 620 2359 et
634 2331 788 2360 veritatem
804 2333 884 2360 tuam
902 2342 907 2359 :
926 2332 990 2368 ipsa

207 2383 254 2403 me
271 2375 461 2405 deduxerunt
476 2379 503 2405 et
518 2378 708 2407 adduxerunt
728 2379 758 2406 in
773 2381 904 2407 montem
920 2387 988 2407 san—

207 2424 286 2450 ctum
301 2424 396 2458 tuum,
412 2425 440 2452 et
454 2424 484 2452 in
500 2425 692 2454 tabernacula
705 2428 764 2454 tua.

242 2471 273 2497 Et
290 2470 421 2499 introibo
437 2472 477 2499 ad
492 2472 583 2500 altare
600 2473 649 2500 Dei
667 2482 672 2500 :
690 2473 729 2501 ad
745 2475 835 2501 Deum
848 2473 899 2509 qui
915 2473 988 2501 laeti—

206 2516 274 2544 sicat
286 2517 470 2552 juventutem
484 2528 593 2547 meam.

242 2566 413 2593 Contitebor
428 2566 481 2594 tibi
502 2568 530 2594 in
554 2567 676 2602 cithara,
695 2568 778 2602 licus,
794 2569 868 2595 Deus
884 2576 969 2595 meus
983 2577 989 2595 τ

207 2619 299 2646 quare
315 2613 401 2641 tristis
416 2622 456 2649 ες,
472 2614 572 2642 anima
588 2622 666 2649 inea,
684 2616 711 2642 et
722 2622 814 2650 quare
828 2615 989 2642 conturbas

208 2659 276 2686 me‘?

243 2759 249 2774 ¹
265 2759 350 2790 Helua,
367 2767 414 2792 xii,
430 2764 452 2787 3.

1771 279 1828 308 157

1079 340 1170 376 Spera
1185 341 1216 369 in
1227 342 1296 376 Deo,
1312 340 1456 378 quoniam
1470 341 1569 370 adhuc
1584 342 1751 372 confitebor
1765 343 1828 372 illi:

1042 386 1171 416 salutare
1189 388 1288 416 vultus
1307 388 1376 423 mei,
1399 390 1428 416 et
1451 389 1526 416 Deus
1546 397 1641 417 meus.
1657 389 1765 419 Gloria.

1079 435 1246 470 Antiphona.
1264 435 1379 464 Faciem
1394 443 1564 465 meamnon
1578 437 1671 465 averti
1682 437 1721 466 ab
1732 437 1827 467 incre-

1041 481 1192 518 pantibus,
1209 484 1237 511 et
1252 482 1486 520 conspuentibus
1502 483 1533 511 in
1549 491 1608 512 me.

1339 563 1496 598 Capitulum
1513 564 1533 592 ¹.

1078 623 1245 659 Recogitate
1269 632 1349 660 eum,
1378 625 1428 662 qui
1455 626 1543 654 talem
1567 627 1704 656 sustinuit
1727 630 1830 658 contra

1043 671 1233 707 semetipsum
1248 679 1266 700 a
1280 672 1487 708 peccatoribus
1503 674 1781 712 contradictionem,
1797 678 1830 705 ut

1042 725 1105 747 non
1116 717 1279 754 fatigemini
1294 718 1401 747 animis
1416 720 1517 748 vestris
1531 721 1712 751 deficientes.

1079 765 1106 800 is.
1137 767 1210 794 Cum
1242 766 1488 802 malediceretur,
1523 776 1585 797 non
1619 770 1829 800 maledicebat.

1042 812 1072 848 ¹9·
1101 814 1134 841 Et
1172 821 1239 841 cum
1280 815 1445 851 pateretur,
1480 823 1542 843 non
1576 817 1827 847 comminabatur.

1043 861 1070 895 ys.
1099 860 1234 895 Domine,
1261 861 1370 890 exaudi
1401 862 1568 892 orationem
1596 872 1706 893 meam.
1739 865 1769 901 ¹9·
1799 867 1831 894 Et

1044 907 1158 936 clamor
1185 916 1279 942 meuS,
1308 911 1362 938 etc.

1385 990 1489 1018 Oratio.

1080 1051 1202 1080 Domine
1214 1053 1282 1081 Jcsu
1294 1052 1416 1088 ChriSte‚
1433 1053 1485 1090 qui
1500 1053 1576 1082 hora
1589 1054 1648 1083 diei
1662 1056 1759 1092 prima
1773 1065 1828 1093 pro

1042 1099 1130 1127 nobis
1145 1100 1351 1135 peccatoribus
1362 1101 1454 1129 Pilato
1467 1101 1560 1136 Judici
1577 1110 1607 1130 cs
1622 1106 1828 1139 proesentatus,

1043 1147 1070 1173 et
1090 1146 1185 1174 Mariae
1206 1147 1386 1182 Magdalenae
1407 1148 1582 1185 apparuisti,
1608 1158 1720 1186 appare
1742 1151 1830 1179 nobis

1042 1200 1097 1228 per
1112 1193 1258 1222 internam
1281 1195 1417 1230 gratiam,
1441 1197 1468 1223 et
1489 1196 1528 1224 da
1544 1196 1601 1224 reis
1616 1205 1720 1225 veram
1734 1199 1830 1235 poeni-

1044 1240 1185 1276 tentiam;
1211 1243 1242 1269 ut
1262 1241 1299 1270 de
1324 1242 1421 1278 malis,
1443 1251 1509 1279 quae
1536 1244 1749 1280 commisimus,
1775 1254 1830 1274 nos

1044 1287 1173 1316 districte
1193 1289 1372 1324 judicemus,
1388 1298 1425 1318 ne
1441 1290 1471 1318 in
1487 1292 1619 1319 extremo
1639 1292 1754 1327 judicio
1776 1293 1828 1321 de-

1043 1337 1183 1370 putemur
1201 1336 1360 1372 supplicio,
1386 1337 1438 1366 sed
1462 1338 1518 1365 tuis
1542 1338 1682 1367 fidelihus
1704 1339 1829 1368 associe-

1043 1391 1111 1411 mur
1126 1383 1155 1411 in
1172 1383 1348 1412 eoelestibus'.
1365 1384 1419 1419 Qui
1433 1384 1508 1413 vivis
1521 1387 1549 1414 et
1561 1393 1679 1422 regnas,
1695 1388 1748 1415 ete.

1325 1497 1370 1523 AD
1391 1498 1548 1526 ῚῈΙὶΤΙΑΜ.

1082 1575 1107 1606 5¹.
1125 1575 1208 1610 Deus,
1225 1574 1255 1602 in
1271 1575 1465 1611 adiutorium,
1485 1579 1539 1606 ete.

1377 1659 1499 1687 llrMNus.

1261 1719 1338 1746 Hora
1353 1719 1403 1754 qui
1418 1719 1524 1747 duetus
1539 1720 1622 1747 tertia

1226 1766 1312 1793 Fuisti
1331 1766 1369 1794 ad
1385 1766 1542 1802 supplicia,

1228 1812 1349 1847 Christe,
1364 1814 1488 1841 serendo
1503 1814 1634 1842 humeris

1225 1862 1349 1888 Crucem
1357 1869 1411 1896 pro
1423 1861 1510 1889 nobis
1519 1862 1632 1889 miseris
1650 1871 1656 1889 ε

1262 1908 1316 1935 Fac
1332 1916 1386 1936 nos
1406 1908 1447 1935 sic
1462 1910 1488 1936 te
1506 1909 1639 1944 diligere,

1225 1955 1421 1991 Sanctamque
1430 1956 1520 1983 vitam
1530 1956 1649 1991 ducere,

1228 2003 1258 2029 Ut
1273 2002 1425 2030 valeamus
1437 2004 1540 2039 requie

1226 2049 1292 2076 Frui
1308 2049 1432 2077 coelestis
1448 2050 1558 2085 patriae.

1262 2097 1346 2132 Laus,
1366 2099 1421 2125 etc.

1082 2143 1251 2178 Antiphonti.
1268 2143 1421 2179 Dominus,
1436 2146 1489 2172 eto.

1340 2226 1465 2254 PsALmus
1485 2227 1528 2253 63.

1083 2284 1207 2319 Exaudi,
1229 2286 1313 2319 DeuS,
1332 2286 1497 2315 orationem
1513 2294 1621 2323 meam,
1638 2295 1706 2316 cum
1722 2289 1826 2325 depre-

1046 2340 1098 2359 cor
1115 2341 1122 2358 :
1139 2340 1156 2359 a
1171 2331 1276 2359 timore
1293 2332 1403 2360 inimici
1421 2334 1501 2369 eripe
1517 2335 1647 2363 animam
1664 2344 1771 2363 meam.

1082 2379 1229 2407 Protexisti
1250 2388 1297 2407 me
1324 2388 1342 2407 a
1367 2383 1514 2409 conventu
1533 2382 1760 2417 malignantium
1782 2393 1788 2411 2
1810 2392 1827 2412 a

1046 2426 1233 2454 multitudine
1249 2428 1438 2462 operantium
1450 2428 1646 2465 iniquitatem.

1082 2474 1157 2507 Quia
1167 2476 1347 2502 exacuerunt
1362 2477 1393 2502 ut
1408 2475 1542 2510 gladium
1558 2476 1675 2512 linguas
1688 2485 1755 2505 suas
1765 2500 1773 2513 ,
1786 2479 1828 2506 in-

1046 2521 1203 2548 tenderunt
1221 2528 1330 2549 arcum·
1345 2530 1408 2549 rein
1432 2531 1584 2551 amaram:
1603 2525 1634 2551 ut
1649 2525 1783 2560 sagittent
1798 2525 1827 2552 in

1045 2568 1167 2595 occultis
1179 2568 1413 2596 immaculatum.
1784 2606 1787 2608 Β

1081 2615 1183 2643 Subito
1199 2616 1379 2650 sagittabunt
1394 2624 1472 2649 euin,
1487 2618 1515 2644 et
1528 2625 1589 2645 non
1600 2618 1763 2647 timebunt:
1780 2620 1827 2648 iir-

1046 2665 1202 2689 maverunt
1217 2663 1273 2690 sibi
1290 2671 1459 2691 sermonem
1474 2671 1615 2700 nequam.

1082 2710 1278 2737 Narraverunt
1292 2712 1322 2737 ut
1343 2710 1561 2739 absconderent
1582 2712 1726 2748 laqueos:
1745 2714 1827 2742 dixe-

1046 2758 1135 2784 runt:
1153 2757 1226 2790 Quis
1242 2757 1356 2785 videbit
1375 2766 1426 2786 eos
1437 2761 1450 2785 Ἰ
