2029 3052
865 216 995 250 CAPUT
1017 216 1100 249 VIII.

169 288 336 330 Hospitato
350 288 489 330 quadam
505 287 575 319 vice
591 295 686 319 servo
703 285 756 318 Dei
777 286 860 327 apud
881 294 954 316 mo—

169 343 348 374 nasterium
378 342 486 375 Sancti
509 340 690 374 Verecundi
710 340 748 372 de
770 340 955 381 episcopatu

169 396 459 437 Eugubii‚0vicula
473 395 620 436 quaedam
629 395 818 435 agniculum
833 393 955 435 peperit

171 452 226 483 illa
245 454 347 483 nocte.
363 451 481 483 Aderat
497 459 552 482 sus
565 450 768 488 ferocissima,
786 458 859 490 quae
879 448 955 480 vitae

171 503 351 535 innocentis
366 512 431 534 non
446 511 597 543 parcens,
621 502 728 542 rapaci
751 510 828 533 eum
845 509 955 532 morsu

172 557 314 588 necavit.
339 556 406 588 Hoc
421 556 542 595 audito,
559 556 630 596 pius
649 558 750 596 pater,
771 554 853 585 mira
873 563 956 585 com-

172 611 320 652 passione
347 613 538 650 commotus,
565 611 595 641 et
625 609 713 649 Agni
737 609 805 640 sine
831 606 956 639 macula

172 665 369 702 recordatus,
381 664 618 696 lamentabatur
628 672 686 704 pro
695 664 798 694 morte
813 660 955 701 agniculi

172 726 281 748 coram
309 717 473 757 omnibus,
504 717 612 748 dicens
634 728 640 747 :
668 716 738 748 Heu
768 725 831 755 me,
859 716 956 746 frater

172 771 332 811 agnicule‚
349 771 468 802 animal
489 771 653 809 innocens,
674 770 834 801 Christum
850 769 954 800 homi-

170 824 267 855 nibus
277 825 522 864 repraesentans;
531 823 702 855 maledicta
712 823 752 854 sit
763 823 872 863 impia,
880 832 955 862 quae

171 878 202 908 te
216 877 385 917 interfecit,
406 878 581 918 nullusque
596 878 635 909 de
650 887 688 909 ea
700 877 844 909 comedat
857 876 956 907 homo

170 931 223 963 vel
237 932 349 963 bestia.
377 931 521 963 Mirabile
543 932 644 963 dictul
667 931 773 962 statim
796 930 956 961 infirmari

171 986 266 1026 coepit
286 995 382 1027 porca
403 986 556 1025 malefica,
578 987 609 1017 et
632 986 736 1017 tribus
759 985 872 1016 diebus
890 993 957 1016 cor-

172 1049 304 1080 poream
319 1049 449 1081 poenam
465 1040 645 1078 exsolvens,
662 1039 809 1070 ultricem
827 1039 956 1070 tandem

173 1094 304 1133 pertulit
327 1103 450 1125 necem.
475 1093 619 1134 Projecta
640 1095 748 1125 autem
772 1094 806 1123 in
833 1092 957 1123 vallum

171 1148 369 1187 monasterii,
387 1148 495 1188 ibique
510 1147 610 1188 longo
629 1149 773 1188 tempore
785 1148 907 1187 jacens,
924 1147 957 1177 in

172 1201 306 1232 modum
320 1202 440 1232 tabulae
455 1201 622 1239 desiccata,
639 1201 728 1232 nulla
743 1201 804 1232 fuit
822 1210 893 1232 esca
910 1201 955 1231 fa-

172 1254 298 1285 melico.
327 1254 482 1286 Advertat
509 1255 611 1295 igitur
641 1255 784 1286 humana
811 1254 958 1294 impietas

172 1308 259 1348 quali
275 1317 368 1349 poena
384 1308 424 1339 sit
437 1308 582 1340 ferienda
594 1308 745 1347 finaliter,
762 1309 789 1338 si
803 1310 868 1338 tam
884 1308 957 1339 hor—

172 1363 273 1393 renda
288 1364 391 1394 morte
411 1372 561 1403 percussa
576 1365 622 1394 est
636 1363 781 1393 ferocitas
796 1362 956 1401 bestiali53

173 1416 349 1456 perpendat
363 1418 395 1447 et
418 1416 520 1447 fidelis
543 1416 680 1455 devotio,
699 1426 797 1456 quam
818 1416 851 1447 in
866 1425 959 1447 servo

173 1469 228 1501 Dei
244 1470 344 1510 pietas
366 1470 462 1501 fuerit
483 1470 681 1501 admirandae
697 1470 840 1509 virtutis⁷
859 1472 889 1500 et
904 1479 956 1501 co-

174 1524 272 1564 piosae
287 1524 475 1561 dulcedinis,
492 1526 529 1554 ut
544 1524 571 1555 ei
588 1524 795 1564 applauderet
815 1533 874 1555 suo
890 1533 959 1555 mo-

174 1577 214 1609 do
230 1578 325 1608 etiam
339 1579 455 1608 natura
465 1578 649 1608 brutorum.
665 1577 727 1608 Iter
737 1577 824 1608 enim
839 1578 959 1608 faciens

170 1631 268 1671 juxta
281 1631 442 1662 civitatem
454 1631 640 1669 Senensem,
652 1631 775 1662 invenit
790 1632 821 1662 in
833 1632 961 1671 pascuis

174 1693 336 1724 magnum
361 1685 473 1716 ovium
501 1693 649 1724 gregem.
670 1684 755 1722 Quas
771 1694 845 1716 cum
868 1686 958 1716 beni-

174 1747 251 1778 gne,
268 1740 304 1769 ut
319 1739 388 1769 erat
399 1738 522 1775 solitus,
536 1738 716 1776 salutasset,
732 1739 843 1769 relicto
855 1741 958 1779 pastu,

175 1794 387 1823 cucurrerunt
403 1801 516 1823 omnes
530 1792 569 1823 ad
581 1801 668 1830 eum,
686 1792 894 1833 levantesque
909 1803 962 1824 ca-

175 1846 242 1885 pita
256 1855 325 1883 sua,
342 1846 454 1876 erectis
469 1846 502 1875 in
526 1855 601 1876 eum
617 1846 796 1877 luminibus
815 1847 960 1878 intende—

175 1899 264 1930 bant.
290 1899 429 1930 Tantum
451 1899 583 1939 quidem
608 1899 637 1929 ei
661 1900 804 1930 fecerunt
825 1900 959 1940 applau-

176 1962 260 1991 sum,
276 1955 312 1983 ut
328 1955 470 1992 pastores
485 1953 693 1990 mirarentur,
710 1956 740 1983 et
755 1953 877 1992 fratres,
896 1963 962 1985 cer-

177 2008 287 2038 nentes
305 2006 389 2037 circa
403 2006 509 2046 ipsum
526 2008 592 2036 tam
609 2006 720 2037 ovium
735 2016 850 2046 agnos,
863 2017 961 2048 quam

177 2060 262 2100 ipsos
279 2060 394 2091 arietes
415 2060 460 2090 sic
480 2059 667 2090 mirabiliter
682 2060 873 2092 exultantes.
891 2062 961 2093 Alio

177 2122 309 2153 quoque
333 2115 477 2153 tempore
501 2113 585 2153 apud
607 2113 756 2144 Sanctam
778 2114 910 2145 Mariam
926 2115 962 2146 de

180 2165 387 2197 Portiuncula
402 2166 550 2207 quaedam
565 2167 635 2198 viro
651 2167 705 2198 Dei
722 2167 780 2198 fuit
795 2168 865 2199 ovis
880 2169 963 2199 obla-

179 2221 227 2258 ta,
243 2229 340 2259 quam
356 2222 485 2260 propter
499 2221 688 2251 innocentiae
703 2230 739 2251 ac
754 2221 962 2261 simplicitatis

178 2281 334 2312 amorem,
353 2282 434 2313 quas
457 2274 527 2305 ovis
546 2276 662 2305 natura
682 2275 860 2314 praetendit,
882 2285 961 2315 gra-

178 2328 283 2357 tanter
299 2327 447 2366 suscepit.
470 2327 616 2358 Monebat
631 2328 703 2368 pius
719 2329 769 2359 vir
788 2329 960 2368 oviculam,

178 2382 215 2411 ut
230 2383 261 2411 et
274 2380 424 2411 laudibus
438 2381 555 2411 divinis
570 2381 759 2421 intenderet,
776 2385 806 2413 et
821 2383 860 2414 ab
873 2384 962 2414 omni

178 2434 316 2465 fratrum
334 2434 457 2465 offensa
472 2437 616 2472 caveret;
642 2436 712 2467 ovis
734 2439 854 2474 autem,
870 2438 963 2477 quasi

179 2488 242 2520 viri
254 2488 309 2519 Dei
324 2488 477 2528 pietatem
492 2488 681 2527 adverteret,
705 2490 962 2522 informationem

181 2541 281 2581 ipsius
298 2541 428 2573 sollicite
443 2542 645 2574 observabat.
663 2541 744 2573 Nam
759 2544 892 2575 audiens
905 2546 964 2576 sra-

181 2596 245 2625 tres
258 2596 291 2626 in
307 2596 405 2627 choro
427 2599 566 2633 cantare,
590 2598 620 2626 et
643 2596 710 2636 ipsa
732 2598 897 2628 ecclesiam
912 2599 964 2629 in-

183 2647 344 2685 grediens,
361 2647 428 2678 sine
439 2647 577 2687 alicujus
586 2647 812 2679 informatione
820 2649 965 2681 flectebat

183 2709 305 2740 genua,
325 2710 438 2733 vocem
452 2701 578 2733 balatus
593 2701 744 2733 emittens
769 2705 842 2734 ante
866 2704 964 2735 altare

322 2764 399 2786 TOM.
421 2764 490 2787 mv.

1733 220 1787 250 321

1010 284 1155 324 Virginis
1163 285 1271 317 Matris
1281 285 1380 325 Agni,
1391 294 1428 317 ac
1442 285 1468 316 si
1482 294 1551 317 eam
1564 285 1703 318 salutare
1715 295 1789 327 ges-

1009 338 1095 370 tiret.
1113 338 1257 380 Insuper,
1275 341 1394 370 etcum
1413 339 1593 370 elevaretur
1615 340 1790 371 sacratissi-

1010 401 1102 423 mum
1118 392 1230 424 Christi
1246 402 1361 434 corpus
1375 393 1458 424 inter
1480 393 1649 424 Missarum
1673 393 1789 425 solcm-

1011 446 1075 485 nia,
1089 446 1180 477 flexis
1191 447 1387 478 curvabatur
1400 446 1583 487 poplitibus,
1600 449 1753 488 tanquam
1766 448 1792 478 si

1010 508 1161 531 reverens
1175 509 1271 540 pecus
1287 501 1326 532 de
1340 501 1549 532 irreverentia
1564 501 1730 533 indevotos
1745 511 1794 533 ar-

1012 556 1138 593 gueret,
1163 553 1350 595 Christoque
1375 555 1506 587 devotos
1529 555 1569 586 ad
1595 555 1791 587 Sacramenti

1010 607 1225 639 reverentiam
1262 608 1423 640 invitaret.
1464 609 1621 649 Tempore
1651 610 1791 650 quodam

1011 662 1201 702 agniculum
1216 663 1248 693 in
1265 663 1346 694 urbe
1363 673 1471 694 secum
1487 664 1657 703 habuerat,
1674 665 1715 696 ob
1742 675 1792 696 re—

1011 717 1189 748 verentiam
1216 717 1304 748 illius
1324 717 1484 748 mitissimi
1500 718 1605 757 Agni;
1623 728 1719 759 quem
1735 729 1793 751 no-

1011 770 1066 802 bili
1096 773 1251 803 matronae
1279 772 1430 810 dominae,
1460 772 1578 803 scilicet
1601 772 1727 804 Jacobae
1754 774 1793 805 de

1012 824 1139 865 Septem
1156 824 1259 863 Soliis,
1273 826 1306 856 in
1323 834 1381 856 suo
1401 835 1526 857 recessu
1541 827 1794 858 conservandum

1011 880 1182 911 commisit.
1199 880 1315 920 Agnus
1330 890 1408 912 vero
1423 881 1514 921 quasi
1530 881 1564 911 in
1577 881 1796 921 spiritualibus

1011 934 1156 965 eruditus
1184 944 1203 965 a
1235 937 1362 974 sancto,
1392 935 1533 966 dominae
1562 935 1602 966 ad
1628 936 1792 967 ecclesiam

1012 988 1112 1026 eunti,
1139 988 1245 1027 stanti,
1274 990 1304 1019 et
1323 989 1495 1020 revertenti
1517 989 1666 1020 societate
1683 989 1723 1030 (a)
1751 990 1796 1021 in-

1012 1042 1180 1082 separabili
1191 1042 1382 1073 cohaerebat.
1403 1042 1436 1073 Si
1451 1043 1632 1074 matutinali
1648 1044 1728 1075 hora
1740 1045 1797 1075 do-

1013 1096 1101 1127 mina
1115 1096 1254 1128 tardaret
1269 1106 1430 1137 exurgere
1441 1122 1448 1136 ,
1470 1107 1575 1137 agnus
1595 1107 1798 1138 consurgens

1012 1150 1197 1190 impellebat
1217 1160 1287 1182 eam
1313 1151 1464 1190 cornulis,
1482 1153 1513 1182 et
1533 1152 1692 1183 balatibus
1715 1153 1798 1183 exci-

1012 1205 1111 1244 tabat,
1128 1205 1273 1244 gestibus
1296 1205 1480 1243 adhortans,
1497 1207 1528 1236 et
1543 1206 1688 1245 nutibus,
1707 1208 1744 1237 ut
1758 1207 1797 1237 ad

1013 1259 1177 1290 ecclesiam
1199 1261 1395 1299 properaret.
1424 1258 1557 1298 Propter
1581 1260 1665 1299 quod
1691 1269 1799 1300 agnus

1014 1312 1173 1343 Francisci
1192 1312 1380 1352 discipulus,
1402 1312 1580 1343 devotionis
1591 1314 1660 1353 Jam
1677 1314 1799 1353 magis-

1014 1368 1062 1397 ter
1075 1367 1217 1405 effectus,
1242 1369 1278 1397 ut
1300 1367 1456 1397 mirabilis
1478 1369 1509 1397 et
1532 1368 1690 1406 amabilis,
1707 1378 1725 1399 a
1742 1369 1797 1399 do—

1015 1420 1104 1450 mina
1119 1421 1319 1451 servabatur.
1333 1420 1403 1452 Alio
1415 1430 1545 1461 quoque
1557 1423 1700 1462 tempore
1713 1423 1799 1462 apud

1016 1474 1165 1505 Grecinm
1180 1474 1275 1505 vivus
1290 1474 1361 1505 viro
1381 1474 1434 1505 Dei
1458 1475 1584 1506 oblatus
1615 1467 1675 1506 fuit
1689 1475 1798 1516 lepus-

1016 1527 1119 1564 culus,
1136 1527 1192 1567 qui
1207 1527 1289 1558 liber
1307 1528 1341 1558 in
1354 1531 1439 1559 terra
1454 1529 1585 1568 positus,
1604 1538 1678 1559 cum
1694 1532 1800 1569 posset

1016 1589 1081 1620 quo
1096 1580 1189 1611 vellet
1203 1580 1360 1620 effugere,
1378 1584 1511 1612 vocante
1538 1591 1571 1612 se
1594 1584 1684 1622 patre
1708 1583 1800 1613 beni-

1016 1643 1093 1673 gno,
1112 1633 1145 1663 in
1161 1634 1268 1664 sinum
1285 1634 1373 1665 illius
1388 1644 1523 1675 propero
1546 1644 1643 1666 cursu
1660 1636 1798 1667 saltavit.

1017 1686 1118 1724 Quem
1134 1687 1203 1727 ipse
1218 1688 1270 1727 pio
1291 1689 1393 1718 cordis
1408 1689 1524 1719 affectu
1543 1689 1777 1721 circumfovens
1790 1714 1798 1729 ,

1016 1741 1186 1772 videbatur
1202 1742 1304 1773 eidem
1320 1743 1458 1782 compati
1480 1743 1571 1782 quasi
1595 1745 1708 1782 mater,
1726 1744 1798 1775 dul-

1017 1795 1108 1835 cique
1118 1796 1307 1827 allocutione
1323 1797 1567 1835 commonitum,
1586 1806 1626 1828 ne
1638 1806 1670 1828 se
1683 1798 1800 1829 iterum

1017 1849 1086 1888 capi
1114 1850 1325 1889 permitteret,
1356 1850 1494 1881 liberum
1525 1851 1614 1881 abire
1643 1852 1798 1891 permisit.

1018 1902 1162 1942 Cumque
1178 1903 1298 1942 pluries
1313 1904 1347 1934 in
1363 1906 1447 1934 terra
1463 1906 1585 1944 posItus
1606 1906 1642 1935 ut
1657 1906 1801 1937 abscede-

1018 1958 1075 1994 ret,
1087 1966 1211 1996 semper
1224 1957 1257 1987 in
1270 1957 1375 1988 sinum
1390 1958 1489 1998 patris
1500 1958 1628 1997 rediret,
1645 1961 1799 2000 tanquam

1018 2010 1043 2040 si
1058 2019 1151 2040 sensu
1168 2011 1307 2050 quodam
1323 2012 1446 2043 occulto
1461 2013 1562 2043 cordis
1582 2013 1681 2053 ipsius
1697 2015 1798 2053 perci—

1018 2065 1106 2102 peret
1121 2063 1282 2103 pIetatem,
1300 2065 1429 2096 tandem
1440 2066 1535 2105 jussu
1548 2067 1646 2106 patris
1661 2077 1678 2097 a
1692 2068 1797 2098 fratri-

1018 2116 1079 2147 bus
1094 2117 1217 2148 delatus
1236 2121 1282 2148 est
1310 2119 1350 2148 ad
1369 2119 1437 2149 loca
1462 2119 1643 2150 solltudinis
1667 2121 1796 2152 tutiora.

1019 2169 1112 2201 Modo
1132 2180 1261 2211 quoque
1276 2172 1445 2209 consimili,
1470 2172 1503 2202 in
1519 2173 1624 2203 insula
1639 2173 1725 2204 lacus
1739 2174 1798 2205 Pe-

1018 2224 1119 2254 rusini
1141 2224 1308 2255 cuniculus
1328 2224 1460 2264 quidam
1475 2227 1598 2265 captus,
1616 2228 1647 2257 et
1661 2228 1730 2258 viro
1747 2228 1800 2259 Dei

1019 2277 1157 2316 oblatus,
1175 2287 1248 2308 cum
1267 2280 1398 2308 caeteros
1413 2279 1550 2318 fugeret,
1567 2281 1716 2312 manibus
1732 2284 1801 2321 eius

1019 2333 1050 2361 et
1065 2331 1138 2361 sinu
1154 2331 1189 2370 (b)
1208 2341 1240 2361 se
1256 2332 1428 2363 domestica
1445 2334 1612 2365 securitate
1627 2336 1798 2366 commisit.

1021 2383 1079 2414 Per
1101 2384 1205 2415 lacum
1232 2384 1400 2416 Reatinum
1423 2387 1525 2417 eidem
1541 2388 1580 2418 ad
1595 2397 1740 2419 eremum
1762 2389 1800 2419 de

1021 2437 1131 2468 Grecio
1147 2439 1341 2478 properanti,
1361 2440 1496 2479 piscator
1517 2451 1615 2472 unam
1636 2452 1677 2473 ex
1700 2443 1798 2474 devo-

1020 2491 1105 2522 tione
1131 2492 1295 2523 ssuvialem
1324 2493 1440 2525 obtulit
1469 2504 1574 2533 avem,
1604 2505 1702 2536 quam
1724 2506 1799 2528 cum

1019 2544 1153 2575 libenter
1165 2549 1344 2586 susceptam
1360 2548 1477 2587 apertis
1487 2549 1636 2580 invitaret
1654 2551 1800 2581 manibus

1020 2598 1059 2628 ad
1080 2607 1261 2638 recessum,
1290 2610 1347 2632 nec
1368 2602 1421 2632 illa
1441 2602 1536 2633 vellet
1556 2603 1662 2642 abire,
1688 2605 1800 2636 erectis

1022 2653 1053 2682 in
1069 2653 1185 2684 coelum
1199 2655 1310 2693 oculis,
1337 2656 1391 2686 diu
1404 2656 1437 2686 in
1454 2657 1596 2689 oratione
1611 2659 1798 2698 permansit,

1053 2715 1085 2746 (a)
1104 2716 1164 2741 Caet.
1181 2717 1243 2741 edit.
1265 2718 1388 2743 societati.
1411 2731 1442 2736 —-
1455 2719 1487 2751 (bx,¹
1503 2720 1558 2751 Ley.
1572 2721 1647 2745 sinui.

1616 2769 1649 2797 21
