2060 3052
273 224 313 254 32
667 212 880 248 SERMONES
901 211 954 245 DE
974 210 1141 244 SANcTts
1162 210 1204 244 IN
1226 209 1422 244 commui.
1444 209 1498 244 xl.

274 289 373 324 situm,
385 288 420 316 ut
429 285 559 316 causeris
573 285 603 314 et
615 283 714 312 dicas:
731 282 803 317 Quis
815 289 850 310 ex
864 280 952 309 nobis
964 282 1058 309 trans-

273 336 381 365 fretare
394 334 504 372 poterit
517 339 611 367 mare,
630 333 659 360 et
671 329 748 358 illud
763 329 802 358 ad
817 336 872 357 nos
889 335 984 364 usque
1006 327 1058 355 de-

274 383 360 414 ferre.
372 380 561 419 utpossimus
567 377 683 412 audire,
693 376 823 406 etfacere
832 375 916 412 quod
927 381 1059 412 praecep-

275 433 339 459 tum
354 433 396 458 est
406 431 421 458 ⁶?
440 429 498 458 Sed
508 429 593 464 juxta
607 429 650 455 est
663 425 752 454 valde
767 431 866 452 sermo
882 423 912 451 in
927 430 980 451 ore
996 425 1057 455 tuo,

275 479 309 506 ut
322 477 412 506 facias
426 477 544 505 illum.»
563 476 639 510 Ergo
654 471 818 501 secundum
833 470 892 499 hoc
904 469 1006 498 nullus
1016 471 1060 497 est

277 523 465 559 excusabilis,
479 522 561 560 quia,
572 521 644 549 sicut
659 519 729 548 dicit
743 517 924 554 Augustinus
939 519 962 552 ¹,
978 528 991 542 «
1002 524 1058 553 po-

276 573 332 601 test
347 571 440 600 homo
463 569 562 598 dicere
579 569 664 596 :Non
681 573 803 603 possum
824 565 974 601 jejunare,
997 571 1058 592 non

277 626 400 656 possum
420 617 459 646 ad
474 619 609 645 sanctum
623 615 767 644 Iacobum
785 614 838 648 ire,
861 621 922 642 non
936 620 1058 650 possum

277 674 325 694 res
335 673 418 694 meas
437 663 622 701 pauperibus
641 662 725 696 dare,
752 661 782 689 in
804 659 984 689 monasterio
1002 660 1059 687 Deo

278 713 400 746 servire,
416 719 478 740 non
489 718 611 748 possum
622 718 640 738 a
655 708 795 738 carnibus
806 711 835 736 et
855 716 873 736 a
889 707 958 735 vino
971 705 1062 734 absti-

279 767 368 788 nere:
385 759 439 787 sed
452 765 609 794 nunquam
621 758 718 794 polest
729 755 827 784 dicere
840 764 846 783 :
863 756 926 783 Non
938 761 1061 790 possum

280 815 391 836 amare.
402 816 416 832 n
428 805 506 840 Quid
515 804 639 838 facilius,
650 803 725 840 quid
739 801 868 836 dulcius,
879 800 953 838 quid
966 801 1062 837 possi-

280 854 382 889 bilius,
398 861 490 890 quam
505 859 618 886 amare,
639 854 668 879 et
686 849 816 878 maxime
830 856 982 876 summum
1006 847 1061 876 bo—

282 909 365 937 num,
388 900 446 929 sibi
467 902 527 928 tam
544 898 711 927 beneficum
723 897 737 924 ‘i
757 898 827 926 uem
843 895 971 928 attende,
987 894 1062 932 quid

281 951 309 978 te
323 949 464 978 Dominus
478 947 601 976 mandat
612 945 718 974 facere.
735 943 886 980 Numquid
901 942 957 971 sibi
972 942 1062 970 utile?

282 998 356 1032 Non,
370 996 506 1032 inquam,
518 993 570 1022 sed
586 993 650 1021 tibi.
665 991 837 1028 Proecipiunt
849 998 933 1026 reges
948 992 976 1018 et
986 989 1064 1026 prin·

282 1045 362 1081 cipes
375 1043 466 1072 servis
481 1041 617 1078 grandia,
634 1047 694 1068 non
709 1039 781 1073 suis,
795 1037 848 1066 sed
862 1037 992 1066 dominis
1006 1037 1064 1064 uti-

282 1091 322 1120 lia
336 1101 342 1119 ε
359 1090 412 1119 sed
424 1090 462 1127 (a)
478 1088 563 1117 multi
579 1089 657 1121 sunt,
673 1086 724 1123 qui
740 1085 916 1121 adimplent.
933 1083 1065 1119 Praecipit

283 1140 357 1166 Deus
373 1139 475 1166 Factor
495 1135 690 1170 omniumque
711 1133 902 1168 Redemptor,
929 1134 957 1159 et
977 1138 1063 1158 mau-

282 1185 350 1220 dat;
365 1184 418 1212 sed
430 1191 489 1212 non
504 1183 571 1217 sibi,
593 1182 646 1210 scd
664 1181 756 1209 servis
778 1180 879 1212 utilia;
896 1181 994 1207 etnon
1010 1180 1063 1213 est,

283 1233 333 1269 qui
350 1231 481 1260 obediat.
495 1230 570 1258 Audi
586 1229 782 1264 Augustinum
798 1225 980 1254 dicentem’:
995 1225 1065 1254 «Ni-

283 1279 324 1307 hil
347 1281 420 1307 neus
441 1278 537 1313 jubet,
553 1276 636 1313 quod
651 1275 707 1303 sibi
723 1274 853 1311 prodest,
873 1273 926 1301 sed
941 1272 995 1307 illi,
1018 1272 1065 1300 cui

281 1326 346 1362 jub«
357 1328 376 1353 t.
394 1336 407 1351 ι)
426 1325 496 1353 ldeo
510 1332 596 1352 vcrus
611 1325 653 1351 est
669 1322 820 1355 Dominus,
838 1320 889 1357 qui
905 1319 990 1355 jubet
1004 1327 1065 1347 uon

284 1373 367 1409 quod
383 1372 439 1400 sihi
455 1371 586 1408 prodest,
602 1370 654 1398 sed
668 1378 728 1406 quo
741 1377 844 1397 sei-vus
855 1367 975 1402 indiget.
989 1366 1067 1394 Psal-

284 1420 371 1448 mista
384 1422 412 1446 ³:
433 1419 517 1447 «Dixi
534 1418 675 1451 Domino;
693 1418 767 1444 Deus
789 1424 871 1443 meus
886 1423 916 1442 cs
931 1417 972 1449 tu,
990 1422 1066 1450 qno-

285 1468 365 1496 niam
380 1467 530 1495 bonorum
553 1473 688 1494 meorum
710 1472 770 1492 non
793 1472 870 1499 eges.
887 1473 900 1489 n
927 1464 995 1497 Qum
1019 1471 1068 1490 nc-

286 1515 389 1552 quina,
413 1523 481 1551 quse
501 1513 677 1550 perversitas
702 1515 754 1546 cst,
774 1511 844 1547 quia
861 1511 908 1538 leo
923 1510 1018 1545 rugit,
1040 1512 1069 1537 et

286 1570 375 1590 omne
400 1561 511 1589 animal
536 1568 669 1596 gressum
693 1559 766 1594 tigit,
791 1560 950 1594 expectans
974 1557 1068 1592 inipe-

287 1610 363 1637 rium
383 1609 426 1636 sui
444 1609 540 1644 regi53
557 1611 584 1635 et
599 1615 733 1634 suminus
750 1607 807 1633 Rex
825 1612 974 1632 summani
991 1603 1068 1630 utili-

289 1659 377 1684 tatem
391 1664 477 1684 servo
495 1654 626 1687 mandat,
644 1656 671 1681 rt
686 1661 745 1681 non
762 1654 804 1680 cst
819 1652 869 1688 qui
888 1651 1026 1679 obediat!

325 1703 462 1731 Secundo
477 1702 608 1738 loquitur
624 1703 697 1728 licus
714 1702 744 1727 ut
760 1699 864 1727 doctor
878 1697 1071 1734 prudentissi-

291 1759 366 1784 mus,
383 1750 457 1777 dans
477 1748 689 1784 magisterium,
715 1754 775 1783 quo
796 1746 832 1773 dc
849 1744 1070 1773 saluti-instrui-

291 1806 367 1825 mur.
387 1799 460 1824 Nam
476 1796 583 1823 dicitnr
600 1794 683 1831 quod
707 1793 847 1821 {lominus
867 1792 960 1820 turbis
980 1792 1073 1819 inulta

291 1845 408 1872 locutus
439 1845 483 1871 est
517 1843 546 1870 in
584 1841 746 1878 parabolis.
778 1842 911 1875 Cumque
939 1838 1072 1874 Apostoli

293 1893 466 1928 quaererent,
484 1898 576 1926 quare
593 1889 621 1916 in
636 1887 788 1924 parabolis
800 1887 983 1922 loqueretur,
1001 1885 1074 1912 dixit

293 1941 334 1967 cis
350 1940 358 1956 ὅ
373 1949 379 1967 z
399 1949 412 1964 «
428 1938 574 1972 Quoniam
590 1937 692 1964 datum
709 1939 751 1963 est
766 1926 852 1962 vo‘bis
868 1942 953 1962 nosse
969 1935 1075 1969 myste-

293 1987 370 2015 rium
385 1986 466 2021 regni
484 1985 546 2012 Dei:
575 1984 686 2011 cwtcris
706 1985 805 2010 antcin
825 1982 855 2009 in
880 1980 1041 2017 parabolis.
1059 1991 1072 2005 n

294 2033 440 2069 Sequitur,
457 2030 612 2068 quomodo
629 2030 670 2057 cis
685 2029 855 2065 exponebat
879 2028 1054 2064 parabolam
1066 2049 1074 2062 ,

296 2079 451 2117 quomodo
469 2087 528 2106 non
553 2080 627 2105 esset
646 2076 854 2105 seminandum
871 2084 954 2103 secus
977 2076 1054 2103 viani
1068 2097 1075 2109 ,

297 2136 349 2164 per
373 2134 480 2154 vanam
499 2124 741 2159 intelligentiaui;
760 2131 813 2150 nec
833 2130 922 2159 supra
942 2125 1075 2158 petrosa,

298 2183 350 2211 per
361 2174 459 2201 cordis
468 2173 621 2206 duritium;
639 2180 692 2199 nec
705 2172 778 2199 inter
787 2171 897 2207 spinas,
915 2178 967 2206 per
978 2178 1077 2197 rerum

298 2221 496 2258 opulentiam.
514 2220 565 2247 sod
589 2221 616 2247 in
640 2222 746 2246 terr-im
763 2218 873 2254 optime
891 2218 1076 2253 dispositam,

298 2269 384 2304 aquis
403 2268 501 2303 gratia*
521 2267 680 2301 irriguam,
703 2269 730 2293 ct
746 2274 865 2293 vomere
878 2286 886 2298 ,
912 2273 964 2300 per
987 2264 1078 2291 devo-

299 2316 420 2349 tionem,
445 2315 575 2341 scissam.
596 2313 743 2349 Numquid
766 2321 824 2339 non
843 2312 947 2339 stultns
966 2311 1079 2346 judica-

299 2366 378 2391 retur
393 2362 431 2390 ιιι)
447 2361 598 2393 omnibus,
615 2360 664 2396 qui
679 2360 762 2394 juxta
784 2360 862 2386 viam
875 2358 988 2386 semina
999 2359 1080 2393 Jace-

300 2413 352 2443 rct,
369 2409 420 2437 ubi
435 2408 570 2436 homines
586 2409 645 2434 tota
661 2406 708 2434 dic
729 2406 892 2437 transirent,
920 2408 947 2433 et
967 2405 1080 2433 semina

300 2457 428 2492 pedibus
441 2454 672 2483 conculcarent?
684 2453 766 2481 Tales
775 2455 852 2485 sunl,
864 2453 915 2488 qui
930 2452 1017 2479 dum⁵
1028 2460 1081 2488 per

335 2519 340 2533 ¹
366 2520 447 2541 Serui.
483 2524 538 2545 Lux,
561 2516 590 2538 ele
614 2515 741 2545 ‘l'wipm-c,
768 2514 798 2538 nl.
830 2520 896 2538 Lxx».
920 2514 985 2536 ιιιιιϊ
1008 2515 1081 2543 Usum.

304 2555 378 2583 Aug„
400 2553 512 2583 Appen-l.
537 2555 596 2575 toni.
611 2552 640 2575 V.
655 2564 681 2567 -
701 2551 843 2574 wemma.
858 2557 887 2572 ex
903 2553 977 2578 num,
991 2556 1081 2572 xxxix.

302 2603 331 2607 —
348 2591 356 2602 ³
368 2590 433 2612 l’snl.
451 2594 493 2618 xx,
507 2590 528 2611 2.
545 2601 573 2605 —
591 2590 599 2602 δ
616 2588 682 2614 Luc..
701 2592 729 2616 ιι,
749 2589 785 2609 10.
801 2599 829 2602 —
846 2591 853 2598 ²
869 2586 949 2608 Locus
968 2585 1081 2608 mutilus.

302 2639 332 2642 —
350 2629 358 2637 *·
375 2626 462 2653 (ἰιυςι.7
483 2632 507 2646 ιιι
525 2624 632 2653 Ιίιίιιιφ,
651 2622 721 2646 Ιιοιιι.
739 2628 778 2651 ιι,
794 2628 819 2644 ιι.
841 2623 858 2644 Ι.
875 2634 905 2638 —
919 2621 928 2636 ‘¹
949 2621 995 2649 ht„
1010 2621 1082 2650 ibid.‚

303 2663 325 2684 e!
342 2662 438 2684 Patior.
454 2667 507 2683 cur.
525 2661 588 2690 puri.
608 2659 650 2683 lll.
667 2658 734 2681 udin.
749 2660 787 2681 Illi.
806 2669 834 2673 —
849 2656 859 2672 ⁸
876 2657 964 2685 Ecca„
987 2663 1024 2685 ιιι,
1043 2657 1081 2680 27.

303 2710 332 2714 -
353 2699 362 2712 '³
381 2696 512 2725 tiorum-d,
531 2695 561 2717 de
577 2696 717 2721 Considera,
736 2693 778 2716 Ιιιι.
797 2693 818 2722 l,
834 2701 857 2717 c.
875 2700 906 2720 ιι,
926 2700 950 2716 ιι.
968 2696 996 2722 3,
1015 2695 1039 2715 vt
1054 2692 1083 2715 ile

1113 279 1278 317 Scripturas
1290 287 1353 309 non
1374 279 1541 315 attendunt,
1561 279 1616 308 scd
1630 279 1656 308 si
1677 278 1753 316 quid
1765 277 1839 308 boni
1852 277 1896 307 ἰα-

1114 327 1205 361 ciunt,
1230 335 1333 356 coram
1350 326 1526 356 hominibus
1545 328 1672 363 ponunt,
1695 327 1725 354 et
1743 325 1786 354 sic
1806 333 1897 354 omne

1115 374 1245 408 bonum,
1262 374 1345 411 quod
1366 373 1492 408 faciunt,
1514 373 1643 402 totaliter
1665 373 1806 410 perdunt.
1831 373 1897 402 Gre-

1115 421 1217 458 gorius
1231 421 1242 438 ⁸
1258 431 1265 450 ι
1285 430 1299 448 α
1314 421 1482 457 Depraedari
1498 428 1571 457 ergo
1587 420 1748 455 desiderat,
1767 419 1820 456 qui
1834 420 1899 448 thc-

1114 477 1236 498 saurum
1259 469 1379 506 publice
1402 469 1434 498 in
1457 469 1507 498 via
1528 471 1636 506 portat.
1659 479 1673 496 n
1703 470 1806 497 Nonne
1828 475 1900 504 apes

1115 516 1206 545 mella
1218 525 1272 545 sua
1294 518 1445 553 reponunt
1465 515 1679 544 studiosissime
1705 515 1782 544 inl'ra
1802 514 1900 544 tecta?

1115 565 1218 592 Nonne
1241 563 1374 592 formicae
1399 571 1492 599 grana
1513 562 1638 591 collecta
1659 562 1690 591 in
1705 562 1900 591 subterranea

1116 611 1250 639 condunt
1273 609 1362 639 loca?
1383 611 1459 646 Ergo
1481 618 1574 646 opera
1588 611 1699 645 nostra,
1712 610 1798 646 juxta
1814 617 1899 637 men-

1116 660 1175 686 tem
1198 658 1226 686 S.
1250 656 1383 693 Gregorii
1404 657 1424 692 ⁷,
1446 657 1488 685 sic
1508 658 1578 685 sunt
1598 655 1756 691 facienda,
1779 657 1825 690 ut,
1847 655 1901 684 etsi

1117 712 1194 741 opus
1211 704 1251 733 ad
1265 704 1399 733 divinam
1413 703 1511 740 legem
1525 703 1577 732 fiat
1591 703 1622 732 in
1637 703 1776 740 publico,
1801 704 1902 731 tamen

1117 753 1241 781 intentio
1254 755 1374 781 maneat
1386 753 1416 780 in
1431 751 1559 787 occulto,
1572 755 1604 780 ut
1619 751 1690 780 inde
1701 751 1794 780 homo
1810 758 1901 788 appe-

1118 803 1158 829 tat
1172 801 1289 838 placere
1303 801 1360 830 soli
1378 802 1448 830 Deo.
1464 801 1535 830 Item
1549 809 1611 829 non
1634 802 1678 829 est
1691 798 1903 828 seminandum

1117 856 1208 884 supra
1223 851 1353 885 petrosa,
1368 856 1422 885 per
1435 848 1535 877 cordis
1549 847 1691 876 duritiam
1707 856 1714 875 ε
1736 846 1808 883 quia
1825 856 1839 872 ι
1850 853 1903 874 cor

1119 894 1227 924 durum
1244 895 1322 924 male
1337 895 1461 924 habebit
1474 895 1505 923 in
1518 894 1692 929 novissimo,
1704 904 1718 920 n
1739 893 1814 922 sicut
1827 892 1902 921 dici-

1119 947 1165 973 tur
1179 944 1210 972 in
1222 946 1411 973 Ecclesiastico
1425 945 1446 971 ⁸.
1464 946 1511 973 Est
1525 946 1625 973 autem
1639 951 1691 972 cor
1706 943 1816 971 durum
1830 964 1837 976 ‚
1857 950 1903 971 se-

1118 991 1251 1020 cundum
1261 991 1446 1020 Bernardum
1456 993 1478 1026 ⁹,
1492 991 1595 1028 «quod
1606 999 1661 1019 nec
1671 989 1903 1027 compunctione

1119 1038 1273 1074 scinditur,
1290 1046 1343 1067 nec
1358 1039 1466 1075 pietate
1482 1038 1625 1072 mollitur,
1637 1046 1692 1066 nec
1707 1037 1846 1074 precibus
1860 1037 1906 1065 in-

1119 1085 1256 1114 clinatur.
1273 1096 1285 1111 n
1302 1085 1370 1114 Tale
1383 1085 1463 1113 enim
1478 1085 1520 1113 sic
1535 1084 1645 1113 durum
1660 1092 1678 1112 a
1696 1083 1904 1120 compassione

1120 1135 1268 1161 remotum
1283 1135 1336 1167 est,
1351 1133 1427 1160 sicut
1440 1134 1518 1160 terra
1532 1132 1595 1160 sine
1611 1139 1691 1169 aqua
1705 1153 1712 1166 ,
1728 1139 1795 1168 quae
1815 1130 1905 1159 nullis

1121 1180 1263 1208 fructibus
1278 1182 1347 1216 apta
1362 1182 1413 1207 est.
1426 1179 1508 1208 Unde
1518 1179 1581 1207 filia
1594 1178 1716 1215 Caleph,
1728 1186 1796 1215 quae
1808 1177 1905 1214 signat

1121 1228 1262 1259 animam.
1279 1227 1361 1263 petiit
1375 1235 1393 1255 a
1407 1229 1490 1263 patre
1507 1230 1615 1254 terram
1630 1225 1774 1261 irriguam
1791 1226 1821 1260 ¹⁰,
1837 1224 1903 1261 plo-

1122 1283 1204 1310 ranS‚
1231 1275 1312 1312 quod
1333 1275 1358 1302 ei
1381 1274 1510 1302 dedisset
1529 1273 1655 1302 aridam.
1677 1273 1762 1301 Nulla
1780 1272 1905 1301 omnino

1122 1325 1164 1350 est
1178 1322 1281 1359 planta
1296 1330 1374 1358 quze,
1389 1321 1538 1349 subtracta
1558 1328 1647 1357 aqua,
1665 1328 1725 1348 non
1745 1319 1797 1347 fiat
1819 1319 1906 1347 arida

1122 1369 1267 1406 protinus.
1291 1368 1371 1396 Unde
1391 1371 1418 1396 ct
1435 1367 1580 1404 Propheta
1595 1367 1717 1404 plorans
1731 1366 1851 1394 dicebat
1867 1366 1903 1394 ¹¹:

1126 1416 1250 1445 “Anima
1272 1424 1339 1444 mea
1353 1415 1427 1443 sicut
1443 1418 1519 1443 terra
1540 1415 1603 1442 sine
1623 1421 1713 1450 aqua,
1730 1413 1817 1442 tibi.»
1835 1413 1906 1441 ltem

1124 1472 1184 1492 non
1204 1466 1246 1491 est
1263 1462 1473 1490 seminandum
1492 1462 1566 1490 inter
1585 1461 1696 1498 spinas,
1720 1460 1792 1497 quia
1814 1459 1907 1496 spinoe

1123 1518 1225 1538 semen
1240 1509 1451 1546 comprimunt,
1464 1511 1492 1536 et
1503 1516 1632 1536 crescere
1649 1516 1710 1536 non
1721 1507 1904 1544 permittunt.

1124 1558 1180 1586 Sed
1195 1557 1269 1593 quid
1283 1559 1350 1584 sunt
1365 1556 1409 1584 liae
1431 1556 1534 1592 spinae,
1558 1555 1671 1583 Christo
1694 1554 1831 1588 docente,
1852 1554 1907 1582 nisi

1125 1607 1231 1632 nostrie
1257 1603 1366 1630 divitiae
1380 1624 1387 1637 ,
1417 1602 1527 1638 quibus
1555 1602 1647 1629 homo
1677 1601 1850 1629 vulneratur
1878 1601 1908 1629 in

1125 1651 1226 1685 corde,
1237 1653 1264 1678 et
1275 1650 1413 1677 continue
1425 1649 1565 1686 pungitur
1578 1657 1680 1676 earum
1692 1648 1817 1676 amore?
1827 1647 1908 1676 Unde

1126 1699 1231 1726 divites
1246 1705 1323 1733 >nepe
1339 1696 1430 1731 bona,
1447 1704 1513 1732 quie
1528 1696 1650 1729 iaciunt,
1673 1695 1814 1732 perdunt,
1840 1695 1911 1731 quia

1127 1746 1193 1782 plus
1209 1752 1377 1776 nummum,
1393 1751 1485 1780 quain
1501 1745 1592 1771 Deum
1604 1743 1740 1778 diligunt.
1758 1742 1838 1770 Unde
1852 1743 1909 1770 Do-

1128 1793 1225 1820 minus
1241 1792 1368 1828 loquens
1379 1791 1415 1818 de
1432 1790 1521 1818 divite
1537 1790 1576 1818 ait
1589 1791 1608 1806 '²
1623 1800 1629 1817 :
1645 1801 1657 1814 «ι
1671 1789 1794 1817 Facilius
1809 1792 1852 1817 est
1866 1797 1910 1817 ca-

1129 1839 1239 1867 melum
1255 1846 1307 1874 per
1324 1838 1460 1866 foramen
1474 1845 1545 1865 acus
1564 1836 1700 1870 transire,
1724 1844 1816 1872 quam
1838 1836 1912 1864 divi-

1129 1890 1186 1914 tem
1209 1886 1317 1914 intrare
1341 1885 1371 1912 in
1392 1892 1516 1920 regnum
1539 1883 1597 1911 Dei.
1614 1895 1626 1907 u
1646 1883 1842 1919 Hieronymus
1863 1883 1884 1900 ¹³
1903 1892 1910 1911 z

1132 1930 1340 1967 «lmpossibile
1365 1933 1407 1958 est
1434 1933 1465 1958 ut
1489 1928 1602 1957 fruatur
1623 1929 1691 1964 quis
1717 1927 1913 1964 praesentibus

1130 1979 1227 2012 bonis,
1244 1981 1271 2006 ct
1285 1977 1415 2011 {eternis;
1431 1976 1516 2013 quod
1531 1976 1577 2003 liic
1593 1978 1737 2009 ventrem,
1750 1975 1810 2002 illic
1828 1983 1912 2003 men-

1131 2029 1188 2053 tcin
1201 2025 1338 2061 iinpleat;
1355 2023 1439 2060 quod
1456 2023 1492 2051 dc
1515 2022 1629 2050 deliciis
1643 2022 1681 2050 ad
1697 2022 1819 2050 delicias
1833 2024 1912 2050 tran-

1131 2076 1201 2106 seat,
1219 2076 1245 2100 ct
1261 2072 1343 2108 quod
1360 2072 1390 2098 in
1405 2070 1480 2098 ccelo
1495 2072 1521 2097 ct
1537 2069 1567 2096 in
1581 2071 1659 2097 terra
1680 2071 1823 2105 appareat
1845 2068 1915 2104 glo-

1132 2121 1236 2148 riosus.
1248 2130 1261 2145 u
1279 2119 1356 2153 Quid
1372 2126 1442 2153 crgo
1459 2117 1543 2145 dives
1559 2117 1794 2145 misericordiam
1810 2117 1913 2153 exqui—

1132 2169 1178 2203 rit,
1195 2176 1255 2203 qua
1265 2168 1301 2203 (b)
1315 2167 1444 2202 seipsum
1458 2166 1588 2201 decipit?
1605 2165 1654 2193 Yel
1666 2167 1783 2201 oportet
1797 2165 1915 2193 divitias

1133 2216 1257 2243 omniuo
1272 2215 1305 2250 (c)
1328 2221 1439 2247 amare,
1463 2213 1509 2240 vel
1531 2212 1639 2240 eoelum
1652 2221 1683 2240 se
1704 2212 1742 2248 (d)
1764 2212 1913 2246 amittere3

1134 2263 1187 2290 nisi
1199 2261 1277 2289 dicat
1288 2259 1461 2296 illud,quod
1473 2259 1544 2286 dicit
1557 2259 1676 2294 Veritas,
1689 2259 1796 2286 falsum
1809 2266 1870 2287 esse
1877 2258 1913 2286 “z

1137 2322 1149 2333 «
1166 2309 1259 2337 Facite
1283 2315 1354 2343 ergo
1370 2306 1456 2334 vobis
1472 2307 1585 2334 amicos
1608 2306 1645 2333 de
1668 2313 1841 2334 mammona
1861 2305 1915 2332 ini-

1135 2356 1268 2393 quitatis,
1293 2358 1324 2382 ut
1346 2362 1413 2381 cum
1435 2353 1613 2385 defeceritis,
1639 2353 1782 2389 recipient
1804 2360 1858 2380 vos
1886 2352 1916 2379 in

1135 2406 1241 2431 {eterna
1264 2400 1464 2430 tabernacula.
1482 2412 1494 2424 ι»
1519 2400 1664 2428 Seminate
1692 2399 1822 2433 divitias,
1842 2406 1916 2435 pau-

1139 2499 1245 2524 [hi-m-s..
1264 2505 1340 2520 serm*
1361 2502 1381 2525 i,
1399 2503 1423 2518 n.
1441 2499 1468 2521 ι,
1486 2494 1569 2525 quoad
1586 2500 1697 2517 sens-uui.
1716 2505 1745 2510 —
1762 2493 1781 2509 ¹⁰
1793 2493 1855 2521 los„
1874 2498 1916 2522 xv,

1137 2537 1175 2558 19.
1193 2547 1216 2550 —
1236 2534 1253 2549 ¹¹
1272 2532 1338 2556 psal.
1356 2537 1440 2560 «xxcii,
1457 2533 1479 2553 ti.
1495 2543 1525 2547 -
1543 2530 1564 2546 ¹¹
1578 2529 1678 2558 Manli„
1696 2534 1750 2557 xix,
1769 2530 1812 2557 24,
1828 2529 1917 2557 illm-c„

1138 2578 1162 2599 x,
1179 2572 1253 2593 2Sl.—
1273 2568 1292 2583 ¹³
1309 2568 1424 2596 llic—rou„
1441 2566 1525 2596 Iteyul.
1541 2565 1665 2594 Momm,
1681 2564 1711 2587 dc
1730 2564 1807 2587 Laud.
1828 2563 1917 2593 ltelig„

1138 2608 1161 2629 et
1178 2606 1202 2628 in
1220 2604 1288 2627 l'snl.
1306 2609 1415 2627 Lxxxlli.
1432 2615 1457 2618 -
1478 2601 1496 2618 ¹⁸
1508 2601 1575 2630 Luc„
1592 2605 1646 2631 xvi,
1662 2601 1684 2624 9.

1169 2655 1200 2684 (ιε)
1221 2654 1276 2683 Ley.
1293 2655 1331 2683 et,
1348 2652 1385 2676 vel
1399 2654 1495 2676 tamen.
1506 2663 1537 2667 —
1552 2649 1585 2680 (b)
1601 2650 1656 2680 Leq.
1674 2649 1768 2680 qui.—
1782 2649 1810 2679 (c)
1827 2647 1918 2679 Suppl.

1139 2698 1200 2714 ιιυιι.
1215 2703 1244 2707 -
1259 2689 1297 2720 (ιι)
1317 2688 1371 2713 Del.
1388 2696 1425 2712 se.
