2060 3052
688 201 736 233 DE
757 200 814 233 SS.
838 199 1067 232 Apos'roms.
1090 198 1221 231 SERMO
1245 198 1294 230 tx.

186 271 318 308 proecipit
331 271 417 300 nobis
438 270 580 300 Dominus
600 269 720 305 superni
740 267 852 297 amoris
871 267 959 296 affec-

187 321 259 354 tum,
275 327 342 347 cum
357 317 475 347 additur
496 326 503 345 :
528 318 563 345 Ut
579 316 708 351 diliqatis
725 317 848 343 invicem.
863 314 959 343 Tertio

187 365 238 394 dat
259 365 346 393 nobis
360 363 522 393 dilectionis
536 363 679 396 formam,
695 364 723 390 et
738 361 877 395 modum,
892 369 959 389 cum

187 411 324 440 subditur
343 420 349 439 :
374 411 448 439 Sicut
470 410 558 438 dilexi
582 418 637 437 vos.
664 411 743 437 Tunc
770 408 848 437 cnim
876 415 961 436 amor

188 460 285 487 noster
299 457 546 486 commendabilis
566 456 712 490 creditur,
730 464 797 484 cum
812 456 960 483 amantem

188 505 345 534 Dominum
357 505 496 540 imitatur,
513 507 540 533 et
555 504 618 540 ejus
631 503 740 532 amoris
754 502 892 538 exemplo
903 501 961 529 sor-

187 554 294 581 matur.

224 599 294 628 Dicit
307 607 379 634 ergo
394 608 401 627 :
418 600 473 626 Hoc
497 601 536 626 est
558 600 721 634 praeceptum
733 618 741 631 ‚
758 598 811 625 etc.
829 597 875 623 Est
890 603 960 630 ergo

187 645 234 673 hic
248 645 424 678 notandum,
437 645 519 682 quod
535 644 663 673 fraterna
677 643 796 671 dilectIO
809 643 907 679 primo
919 644 962 670 est

188 694 297 720 naturus
314 691 495 720 rectitudinis
515 691 662 719 ostensiva
674 699 681 724 ;
705 689 837 718 secundo
859 690 902 716 est
916 688 960 716 le-

187 739 231 774 gis
246 738 354 766 divinae
377 737 556 774 completiva
568 747 575 772 3
599 737 682 765 tertio
704 739 746 765 est
765 738 830 765 Jesu
847 735 960 764 Christo

187 785 390 819 assimilativa;
407 787 512 820 quarto
527 786 569 812 est
580 783 731 812 infernalis
741 782 877 819 supplicii
893 790 962 810 eva-

187 832 266 866 stva,
282 833 310 859 et
323 831 554 868 supernaturalis
581 830 683 867 gloriae
706 830 865 858 inventiva.
883 829 959 863 Quid

186 877 246 906 istis
261 877 375 912 melius,
393 877 465 914 quid
481 877 590 912 utilius,
611 876 684 913 quid
704 876 883 905 amabilius?

224 925 289 952 Dico
305 931 375 960 ergo
390 923 503 960 primo,
524 923 606 960 quod
627 924 754 951 fraterna
776 922 896 950 dilectio
919 924 961 950 cst

185 971 334 1005 habenda,
351 971 420 1007 quia
432 972 474 998 est
489 973 599 998 naturae
610 970 792 998 rectitudinis
801 969 958 997 ostensiva.

186 1020 256 1046 Nam
273 1019 342 1046 tunc
362 1019 404 1045 est
417 1018 521 1045 natura
536 1019 614 1045 recta
627 1038 635 1051 ,
655 1016 777 1053 qnando
793 1015 867 1044 illud
882 1015 960 1050 facit,

186 1064 225 1092 ad
246 1064 328 1100 quod
349 1064 424 1092 facta
448 1066 506 1098 est,
531 1071 592 1091 non
617 1063 768 1091 declinans
790 1063 820 1090 in
846 1065 959 1098 partem

186 1111 372 1138 contrarium.
399 1110 456 1138 Sed
480 1110 519 1138 ad
543 1110 600 1138 hoc
622 1110 714 1137 factus
738 1112 780 1137 est
806 1109 911 1143 homo,
931 1111 962 1136 ut

185 1159 305 1192 propter
319 1159 408 1184 Deum
423 1157 591 1192 proximum
608 1159 697 1190 amet,
710 1159 737 1184 et
751 1156 791 1183 sic
808 1156 905 1192 ipsum
922 1155 961 1183 ad

185 1203 415 1238 beatitudinem,
430 1203 515 1240 quasi
538 1204 576 1231 ad
598 1203 736 1231 ultimum
762 1203 866 1237 tinem,
882 1210 960 1238 prce-

185 1252 276 1286 paret.
294 1252 325 1278 tn
339 1250 421 1285 cujus
436 1250 566 1285 signum,
583 1257 686 1277 omnes
700 1249 837 1277 homines
852 1249 890 1277 ab
901 1257 961 1277 uno

185 1297 249 1325 solo
264 1297 384 1342 homine
397 1299 602 1332 processerunt
616 1296 695 1333 (eum
712 1296 813 1323 omnia
827 1295 885 1323 alia
900 1296 963 1323 nni-

185 1344 276 1372 malia
290 1343 468 1380 principium
494 1343 605 1378 duplex
629 1342 814 1377 habuerint),
834 1345 865 1370 ut
888 1342 961 1370 dum

188 1391 223 1419 ab
237 1399 297 1418 uno
313 1390 377 1418 soto
389 1390 535 1426 principio
549 1398 610 1418 esse
622 1398 651 1417 se
665 1389 804 1423 viderint,
820 1389 962 1417 unitatem

187 1437 261 1464 inter
277 1445 307 1464 se
323 1438 466 1470 amarent,
474 1438 502 1464 et
510 1436 669 1464 fraternam
681 1436 851 1463 charitatem
860 1436 961 1472 exqui-

189 1485 296 1512 rerent.
313 1483 355 1512 Ad
370 1483 448 1511 hunc
463 1483 541 1510 enim
556 1490 689 1510 amorem
709 1482 806 1510 omnis
820 1485 962 1516 creatura,

188 1532 247 1558 tam
268 1530 411 1564 coelestis,
435 1537 526 1565 quam
546 1531 677 1563 terrena,
704 1538 757 1557 nos
779 1530 882 1557 invitat
908 1538 962 1558 suo

187 1577 334 1613 exemplo.
353 1579 435 1611 Nam,
452 1579 484 1604 ut
495 1577 564 1604 dicit
584 1576 699 1604 Boetius
717 1580 732 1611 ¹,
754 1587 767 1602 «
782 1577 882 1604 omnia
894 1577 962 1612 jun-

186 1626 295 1659 guntur
308 1631 419 1651 amore.
435 1634 447 1649 »
466 1626 496 1651 tn
512 1623 719 1659 corporalibus
735 1623 813 1650 enim
834 1623 961 1651 elemen-

186 1671 266 1705 tatis,
291 1670 433 1698 uniuntur
459 1673 586 1706 quatuor
614 1670 779 1704 elementa,
804 1670 871 1697 licet
886 1670 916 1697 in
933 1678 963 1697 se

188 1718 245 1746 sint
259 1718 346 1746 valde
362 1718 518 1746 contraria.
534 1718 671 1746 Similiter
686 1718 755 1745 etin
770 1726 862 1745 unum
878 1726 964 1745 mun-

188 1764 260 1792 dum
274 1764 455 1792 conveniunt
469 1764 597 1792 ooelestia
612 1766 639 1791 et
658 1766 784 1799 terrena,
800 1764 867 1791 lieet
882 1764 911 1791 in
933 1773 963 1791 se

188 1811 245 1838 sint
258 1811 384 1838 multum
408 1810 558 1839 difformis.
580 1813 607 1838 et
627 1811 783 1838 contraria.
805 1811 962 1844 Quomodo

189 1865 260 1892 ergo
276 1857 405 1884 mundus
421 1858 558 1891 exterior,
574 1865 610 1885 ex
623 1860 682 1885 tam
700 1857 824 1885 diversis
839 1865 962 1893 compo-

189 1903 271 1937 situs,
286 1903 323 1930 ad
339 1903 489 1930 modicum
506 1906 608 1937 staret,
630 1904 654 1931 si
677 1912 761 1931 amor
786 1904 817 1931 in
842 1912 892 1931 eos
917 1912 963 1931 res

190 1949 349 1977 contrarias
364 1957 425 1977 non
441 1949 554 1984 uniret,
571 1952 598 1978 et
617 1950 758 1978 unitatem
773 1950 803 1977 in
819 1959 881 1978 esse
903 1959 964 1978 non

190 1997 394 2024 conservaret?
409 1998 495 2031 Ergo,
511 1997 535 2023 si
550 2004 652 2024 amore
669 1997 749 2024 unita
765 1999 832 2024 sunt
845 1999 906 2024 tam
921 1997 964 2025 di-

189 2051 284 2077 versa,
298 2046 426 2080 quantus
441 2052 526 2071 arnor
548 2043 637 2071 dehet
660 2052 722 2071 esse
738 2043 813 2071 inter
833 2044 963 2071 similia?

190 2089 354 2117 Similitudo
370 2091 448 2118 enim
468 2098 589 2125 magna,
606 2092 647 2118 est
662 2098 750 2118 causa
764 2091 863 2125 magni
880 2098 962 2118 amo-

190 2136 239 2163 ris.
256 2137 348 2171 Ergo,
365 2137 388 2163 si
404 2138 446 2164 cst
464 2145 574 2171 magna
590 2136 751 2164 similitudo
774 2137 903 2164 hominis
924 2138 963 2165 ad

191 2181 356 2216 hominem,
382 2185 409 2210 et
429 2183 541 2210 ratione
566 2183 684 2210 unitatis
703 2183 860 2218 principii,
876 2187 902 2211 et
916 2192 962 2211 ra-

192 2228 269 2255 tione
281 2229 417 2264 praecepti
433 2229 563 2265 accepti,
586 2232 614 2257 et
632 2230 744 2257 ratione
759 2230 862 2257 similis
879 2231 961 2265 boni,

191 2275 230 2302 ad
245 2275 328 2311 quod
348 2277 414 2302 sunt
431 2275 576 2310 ordinati,
598 2278 730 2310 constat,
754 2276 837 2312 quod
862 2285 964 2304 amore

191 2321 323 2349 maximo
340 2321 448 2348 debent
463 2322 588 2349 invicem
599 2323 684 2350 necti.
702 2323 769 2350 Etsi
785 2323 935 2357 animalia,
948 2331 965 2350 a

193 2368 310 2395 duobus
326 2367 476 2403 principiis
492 2368 700 2396 descendentia
712 2390 718 2401 ,
740 2371 820 2396 tanto
834 2370 964 2404 jungun-

193 2417 237 2441 tur
253 2422 364 2446 amore,
387 2416 418 2440 ut
432 2414 519 2441 simul
541 2415 651 2442 vadant
664 2436 670 2444 .
695 2416 782 2443 simul
802 2416 963 2451 quieseant,

192 2460 279 2487 simul
295 2460 461 2494 comedant,
479 2461 567 2488 simul
578 2461 737 2496 dormiant,
747 2462 820 2489 sicut
834 2465 913 2498 patet
928 2463 963 2490 de

193 2507 349 2541 columbis,
365 2507 592 2541 struthionibus,
608 2508 776 2543 anseribus,
793 2509 923 2536 formicis
938 2511 965 2536 et

193 2553 310 2589 apibus,
333 2556 444 2589 quanto
466 2561 567 2581 amore
593 2554 701 2581 debent
723 2562 753 2581 se
780 2563 896 2590 amare,
914 2556 963 2591 qui

226 2616 232 2631 ¹
253 2616 333 2645 Boet.,
355 2616 383 2639 tle
408 2617 504 2640 ΓοηςοΙ.
530 2617 637 2646 Philam,
663 2618 705 2641 lib.
731 2619 767 2647 it,
788 2622 862 2643 metr.
887 2621 909 2643 S.
936 2633 963 2636 —

194 2651 202 2664 Ἰ
215 2650 379 2683 Eccl1·.,xni,
398 2655 431 2677 19.
447 2666 477 2670 —
496 2654 542 2677 ³11
560 2654 628 2684 0012,
644 2656 788 2685 x11,15.—
806 2655 815 2671 ’ψ
832 2656 918 2686 Greg..
939 2656 964 2679 in

1752 202 1792 232 25

1017 275 1121 295 omnes
1135 267 1208 295 uniti
1224 266 1378 295 rueruntin
1387 267 1485 303 primo
1497 266 1618 295 homine
1629 267 1643 294 ‘t
1658 268 1690 295 Et
1704 275 1792 304 prop·

1018 315 1095 342 terea
1110 313 1216 342 dicitur
1235 314 1266 342 ²:
1285 314 1403 342 «Omne
1424 313 1536 342 animal
1559 313 1655 348 diligit
1676 313 1733 342 sibi
1755 314 1792 341 si-

1017 359 1105 394 mile;
1125 360 1166 387 sic
1191 362 1220 388 ct
1243 360 1340 388 omnis
1359 360 1451 388 homo
1471 360 1641 396 proximum
1665 371 1678 386 n
1704 368 1792 389 suum

1016 414 1131 442 sempor
1145 414 1246 434 amare
1261 407 1360 435 debet.
1383 406 1428 434 Sir.
1450 406 1529 435 enim
1545 407 1674 443 Apostoli
1699 407 1792 435 suncti

1017 453 1074 480 hoc
1090 453 1220 480 recerunt
1232 474 1241 486 ,
1263 453 1314 489 qui
1341 453 1371 481 in
1388 456 1513 481 mortem
1537 461 1567 481 se
1583 461 1636 489 pro
1650 453 1792 489 proximis

1017 499 1210 527 tradiderunt.
1225 500 1304 528 Unde
1320 499 1437 528 dicebat
1459 502 1575 528 sanctus
1589 499 1746 536 Apostolus
1761 502 1790 528 ³:

1020 555 1032 571 u
1060 547 1118 580 Ego
1142 547 1241 573 autem
1269 545 1460 575 libentissime
1490 547 1663 583 impendam
1692 547 1794 575 omnia

1017 600 1095 625 mea,
1110 594 1138 619 et
1152 599 1208 627 ego
1223 591 1284 627 ipse
1300 593 1545 629 superimpendar
1561 601 1615 628 pro
1635 593 1793 621 animabus

1018 638 1128 666 vestris.
1146 648 1160 664 »
1177 638 1232 666 Sed
1248 638 1314 674 quis
1329 639 1418 667 hodie
1435 639 1473 667 ita
1489 639 1585 675 diligit
1600 639 1793 676 proximum?

1017 685 1077 713 imo
1102 685 1168 721 quis
1193 685 1283 713 hodie
1308 685 1479 721 proximum
1501 694 1561 713 non
1588 688 1668 714 tanto
1694 687 1793 715 animo

1018 733 1089 767 odit,
1107 735 1137 760 ut
1157 733 1240 769 quod
1264 733 1353 760 corde
1376 733 1468 768 gerit,
1484 733 1507 760 si
1530 735 1642 769 potest,
1659 734 1688 761 in
1703 742 1793 770 opere

1018 779 1123 814 ponit?
1138 779 1203 807 Plus
1217 787 1246 807 se
1270 779 1398 815 diligunt
1424 779 1527 813 bruta,
1552 788 1643 816 quam
1663 781 1793 808 rationa-

1018 826 1099 854 bilia.
1123 826 1150 854 Si
1171 827 1260 860 enim,
1276 828 1307 854 ut
1322 826 1392 853 dicit
1412 826 1568 861 Gregorius
1583 825 1602 861 ⁴,
1623 837 1636 852 «
1656 827 1793 863 probatio

1018 872 1197 905 dilectionis,
1215 875 1257 900 cst
1278 872 1420 900 exhibitio
1435 873 1548 908 operis;
1566 883 1580 899 n
1606 873 1688 908 vide,
1704 874 1727 901 si
1744 882 1793 901 ve-

1017 927 1083 947 rum
1099 922 1140 948 cst
1164 920 1220 948 hoc
1235 919 1318 956 quod
1337 919 1414 948 dico.
1437 921 1510 947 Nam
1534 919 1667 956 elephas,
1692 920 1716 947 si
1742 920 1793 948 ati-

1018 966 1139 1002 quando
1155 966 1242 1001 cadit,
1259 975 1325 994 cum
1347 974 1449 994 casum
1465 974 1551 994 suurn
1575 966 1792 1003 irrecuperabi-

1016 1013 1075 1041 lem
1091 1013 1171 1047 vidit,
1188 1021 1223 1041 eo
1241 1013 1323 1049 quod
1338 1021 1456 1048 surgere
1467 1013 1504 1041 de
1515 1015 1590 1041 terra
1606 1021 1667 1041 non
1681 1014 1792 1049 valeat,

1016 1060 1172 1088 fortissime
1194 1060 1308 1088 barrit:
1329 1059 1411 1096 quod
1438 1059 1511 1087 dum
1539 1060 1711 1096 elephantes
1740 1068 1793 1088 au-

1018 1106 1111 1141 diunt,
1124 1115 1227 1134 omnes
1243 1107 1376 1142 juniores
1395 1108 1423 1134 ct
1438 1106 1572 1134 fortiores
1597 1107 1636 1134 ad
1658 1115 1726 1135 eum
1742 1116 1793 1135 ve-

1017 1154 1109 1188 niunt,
1127 1157 1164 1188 et,
1180 1157 1210 1182 ut
1223 1158 1336 1190 surgat,
1351 1155 1495 1190 adjuvant
1505 1157 1648 1190 quantum
1659 1158 1792 1191 possunt.

1017 1202 1168 1235 Passeres,
1192 1209 1290 1236 parvis
1316 1209 1405 1236 aves,
1430 1201 1502 1228 dum
1526 1201 1656 1237 aliquem
1676 1202 1713 1229 de
1734 1201 1794 1229 suis

1017 1249 1136 1283 captum
1151 1248 1337 1283 conspiciunt
1351 1269 1360 1282 ‚
1378 1248 1511 1284 undique
1531 1248 1560 1275 in
1581 1256 1671 1275 unum
1687 1256 1794 1276 conve-

1017 1294 1110 1327 niunt,
1127 1296 1169 1327 ct,
1184 1296 1215 1321 ut
1234 1296 1353 1330 captum
1367 1294 1512 1328 liberent,
1527 1294 1664 1322 laborant
1680 1297 1711 1322 ut
1725 1302 1794 1331 pos-

1016 1343 1093 1373 sunt,
1111 1348 1201 1376 quem
1217 1341 1247 1368 in
1262 1341 1389 1368 vinculis
1404 1343 1537 1376 pascunt.
1555 1343 1714 1369 Porcorum
1729 1349 1794 1369 mos

1017 1389 1068 1421 est,
1084 1390 1124 1421 ut,
1141 1387 1214 1414 dum
1229 1395 1305 1414 unus
1321 1387 1445 1422 clamat,
1462 1395 1576 1415 omnes.
1588 1388 1627 1415 ad
1649 1388 1792 1415 auxilinm

1016 1436 1180 1461 accurrant.
1198 1435 1219 1462 Ο
1235 1434 1367 1462 humana
1391 1434 1528 1462 miseria!
1555 1442 1572 1462 o
1593 1434 1794 1470 lacrymabilis

1018 1481 1148 1508 defectus
1161 1481 1271 1508 amoris
1284 1483 1289 1508 i
1309 1481 1391 1509 Cadit
1407 1481 1538 1517 elephas,
1555 1484 1582 1509 et
1597 1483 1639 1509 est
1651 1482 1702 1517 qui
1713 1481 1794 1509 auxi-

1017 1527 1090 1554 lium
1113 1528 1187 1555 ferat
1202 1536 1209 1555 :
1227 1528 1340 1563 capitur
1360 1536 1482 1563 passer,
1500 1532 1528 1556 ct
1550 1531 1592 1556 est
1607 1528 1658 1564 qui
1675 1536 1794 1556 succur-

1017 1576 1062 1601 rat
1078 1583 1084 1601 :
1100 1582 1208 1610 porcus
1220 1574 1407 1608 vociferatur,
1424 1576 1451 1602 et
1468 1575 1623 1607 invenitur,
1641 1575 1692 1610 qui
1709 1575 1794 1610 adju-

1017 1622 1081 1654 vet;
1098 1621 1150 1648 sed
1161 1621 1184 1647 si
1210 1620 1287 1648 cadit
1307 1621 1415 1654 homo,
1438 1629 1498 1648 non
1526 1624 1568 1649 est
1590 1621 1641 1657 qui
1663 1622 1794 1657 adjuvet,

1018 1667 1069 1703 qui
1085 1667 1115 1694 in
1129 1667 1272 1695 auxilium
1291 1667 1399 1702 vadat,
1414 1667 1464 1695 sed
1489 1668 1527 1695 ad
1552 1668 1750 1695 occidendum
1764 1676 1794 1696 se

1018 1714 1148 1741 inclinat.
1169 1716 1240 1741 Sunt
1254 1714 1343 1741 hodie
1367 1714 1503 1742 homines
1526 1714 1650 1742 canibus
1674 1715 1794 1750 similes,

1019 1769 1146 1796 quorum
1161 1769 1226 1788 mos
1241 1762 1294 1794 est,
1312 1763 1352 1794 ut,
1369 1761 1391 1787 si
1410 1769 1485 1788 unus
1494 1761 1663 1796 percutitur,
1680 1762 1718 1789 ab
1735 1770 1797 1789 om-

1018 1808 1106 1835 nibus
1122 1807 1186 1835 aliis
1201 1807 1354 1834 laceretur.

1054 1854 1200 1888 Secundo,
1226 1853 1346 1881 dilectio
1372 1854 1501 1881 fraterna
1528 1856 1571 1881 est
1591 1854 1700 1882 divinae
1725 1855 1798 1890 legis

1020 1901 1179 1937 impletive.
1192 1902 1291 1928 Nonne
1302 1908 1446 1935 magnum
1456 1901 1570 1928 bonum
1584 1901 1714 1929 creditur
1723 1910 1795 1936 esse,

1019 1948 1160 1975 mandato
1177 1947 1286 1975 amoris
1301 1947 1400 1982 legem
1414 1947 1539 1983 implere
1548 1950 1561 1975 2⁷
1573 1948 1649 1981 Quid
1664 1949 1721 1976 hoe
1735 1957 1797 1976 me-

1019 1995 1093 2023 lius?
1109 1997 1210 2022 Nonne
1232 1994 1283 2031 qui
1308 1995 1365 2022 hoc
1380 1994 1457 2028 facit,
1475 1994 1531 2022 sibi
1545 1995 1636 2022 vitam
1657 1998 1797 2023 aeternam

1020 2043 1166 2069 meretur?
1197 2042 1240 2069 Sic
1266 2042 1345 2069 enim
1369 2041 1408 2069 ait
1432 2041 1542 2068 Veritas
1564 2042 1573 2058 5
1597 2051 1602 2069 :
1622 2052 1635 2067 «
1651 2042 1679 2069 Si
1694 2042 1738 2069 vis
1757 2043 1796 2070 ad

1020 2089 1109 2116 vitam
1135 2089 1266 2124 ingredi,
1292 2096 1374 2116 serva
1394 2088 1544 2116 mandata.
1571 2100 1582 2113 »
1611 2089 1668 2116 Sed
1687 2089 1710 2116 si
1729 2090 1796 2125 quis

1020 2136 1190 2172 proximum
1207 2135 1313 2169 diligit,
1329 2135 1430 2162 omnia
1445 2135 1586 2162 mandata
1602 2135 1649 2162 Dei
1659 2136 1794 2164 custodit.

1020 2186 1095 2218 Ergo
1110 2184 1166 2210 hoc
1182 2183 1346 2210 maximum
1362 2182 1476 2209 honum
1497 2182 1633 2210 custodit.
1654 2183 1796 2211 Minorem

1019 2230 1127 2265 probat
1153 2229 1308 2265 Apostolus
1332 2229 1389 2256 hoc
1417 2229 1509 2256 modo
1531 2238 1537 2256 z
1557 2239 1570 2254 «
1585 2230 1710 2263 Nemini,
1723 2240 1735 2256 »
1751 2230 1795 2257 in-

1020 2276 1083 2312 quit
1096 2277 1116 2310 ὃ,
1131 2287 1143 2301 «
1159 2275 1325 2311 quidquam
1341 2275 1484 2309 debeatis,
1501 2275 1555 2302 nisi
1566 2277 1597 2303 ut
1605 2276 1732 2303 invicem
1750 2276 1795 2303 di-

1020 2323 1115 2358 ligatis
1133 2333 1138 2350 :
1158 2323 1208 2358 qui
1222 2322 1301 2350 enim
1317 2322 1412 2357 diligit
1428 2322 1614 2358 proximum,
1630 2322 1727 2357 legem
1743 2322 1796 2350 im-

1019 2369 1120 2405 plevit.
1135 2371 1207 2396 Nam
1216 2377 1276 2396 non
1288 2369 1480 2402 adulterabis,
1494 2376 1555 2395 non
1566 2369 1722 2402 t'uraberiS,
1734 2377 1796 2396 non

1021 2416 1152 2449 occides,
1175 2423 1236 2443 non
1260 2415 1366 2442 falsum
1393 2415 1592 2442 testimonium
1618 2414 1713 2448 dices,
1733 2423 1795 2442 non

1021 2463 1208 2499 concupisces
1230 2471 1291 2490 rem
1317 2462 1444 2498 proximi
1468 2462 1529 2495 tui,
1552 2464 1578 2488 et
1600 2462 1622 2488 si
1647 2462 1729 2497 quod
1754 2465 1796 2491 est

1020 2510 1101 2537 aliud
1116 2510 1291 2537 mandatum
1307 2509 1335 2536 in
1345 2509 1421 2544 lege,
1439 2509 1468 2535 in
1484 2509 1540 2536 hoc
1555 2516 1615 2535 uno
1631 2509 1723 2536 verbo
1738 2509 1795 2536 ins-

1021 2559 1152 2584 tauratur
1169 2566 1174 2582 :
1194 2556 1298 2591 Diliges
1313 2555 1484 2591 proximum
1505 2557 1606 2589 tuum,
1630 2554 1703 2582 sicut
1722 2555 1793 2590 teip-

1023 2620 1126 2650 Emmq„
1147 2619 1218 2642 hom.
1244 2624 1312 2648 xxx,
1334 2626 1358 2642 ιι.
1386 2619 1406 2642 1,
1422 2631 1453 2635 -—
1476 2618 1484 2632 ⁵
1505 2617 1607 2648 Martii„
1626 2624 1682 2646 xrx,
1710 2619 1743 2642 17.
1764 2631 1794 2637 —

1022 2658 1030 2667 ‘⁴
1047 2656 1125 2685 [twa.⁷
1141 2660 1198 2685 xiil,
1215 2656 1266 2678 8-9.

1838 930 1915 949 Exem-

1809 960 1878 987 plum.

1839 1628 1917 1647 Exem-

1810 1657 1881 1684 plum.
