2029 3052
247 210 307 241 150
598 232 601 233 γ
619 204 670 238 DE
691 201 869 242 QUINQUE
890 197 1222 234 FESTlVlTATlBUS
1244 198 1363 232 PUERI
1384 196 1490 231 JESU.

247 275 458 318 spirationem
483 273 640 313 evocavit,
670 272 779 305 dicens
792 270 802 287 ¹
821 281 828 302 :
850 270 1028 309 Rationem,

247 333 414 369 revertere,
423 328 617 368 Sunamitis,
623 328 790 364 revertere,
796 327 962 364 revertere,
969 325 1029 356 etc.

248 385 349 418 Deum
364 383 484 415 Filium
498 383 533 414 in
546 381 697 414 omnibus
711 379 801 411 factis
821 378 887 410 tuis
906 377 1032 418 magni-

248 438 309 470 fica
324 449 331 470 ε
346 437 413 479 ipse
427 436 514 469 enim
528 437 587 475 est,
604 434 660 476 qui
674 436 706 466 te
723 433 763 465 de
781 432 940 465 daemonis
960 441 1031 464 ser-

249 492 329 524 vitio
343 501 401 533 per
426 492 581 523 secretam
609 498 702 521 suam
723 488 984 520 informationem
997 487 1033 519 li-

249 545 385 585 beravit,
401 545 509 577 dicens
523 545 534 561 ¹
551 553 559 575 :
579 543 661 576 Tolle
672 543 791 584 Juqum
814 550 918 576 meum
935 549 1033 583 super

250 604 291 634 le.
321 599 447 640 Jugum
472 605 570 630 suum
594 597 735 630 daemoni
761 596 882 638 abjice,
908 597 1033 637 jugum

251 652 507 691 amarissimum3
520 652 642 693 ,iugum
657 659 767 682 meum
788 649 1030 682 suavissimum.

250 707 373 748 Jugum
388 716 486 739 suum
500 706 647 747 sequitur
661 705 822 737 cruciatus
841 706 982 736 aeternus
1003 705 1035 735 et

251 763 428 801 tormenta;
450 762 574 802 Jugum
602 768 712 791 meum
738 758 884 800 sequitur
912 758 1035 789 fructus

251 815 466 848 suavissimus
496 816 528 846 et
554 813 682 854 requies
709 812 872 854 opulenta.
910 812 1035 852 Jugum

251 878 361 909 suum,
383 869 408 900 si
424 868 553 910 quando
575 859 776 899 dulcedinem
791 865 932 904 exbibet,
958 865 1037 897 falsa

253 925 346 956 estet
360 925 598 959 momentanea,
615 921 733 952 seilicet
747 919 899 958 dulcedo;
916 920 1036 960 iugum

255 986 377 1016 meum,
403 976 532 1018 quando
547 975 748 1007 dulcedinem
765 974 887 1006 confert
909 976 940 1005 et
955 974 1035 1005 laeti-

254 1032 344 1071 tiam,
361 1040 439 1063 vera
453 1032 501 1061 cst
515 1032 544 1061 et
559 1028 733 1060 salutifera.
755 1028 824 1068 lpse
843 1036 918 1059 suos
933 1027 1037 1059 servi—

255 1089 340 1118 tores
370 1084 532 1116 modicum
561 1082 732 1124 aliquando
763 1081 907 1119 extollit,
937 1083 974 1112 ut
1005 1081 1038 1112 in

255 1142 413 1172 aeternum
433 1137 620 1175 confundat3
644 1136 699 1177 qui
715 1138 823 1167 autem
848 1135 1039 1166 honorificat

255 1203 319 1231 me,
336 1193 380 1224 sic
395 1192 433 1223 ad
457 1192 658 1223 momentum
680 1189 883 1227 humiliatur,
900 1191 936 1220 ut
950 1191 1040 1220 aeter-

256 1247 372 1279 naliter
383 1246 542 1286 glorietur
554 1247 584 1276 et
596 1245 721 1284 regnet.
739 1243 800 1274 Ista
813 1242 873 1274 suit
883 1242 1037 1280 doctrina,

257 1312 322 1344 qua
341 1304 371 1333 te
387 1301 440 1332 Dei
464 1300 562 1331 Filius
577 1298 749 1340 aliquando
767 1307 823 1338 per
838 1307 882 1336 se,
897 1297 1040 1338 aliquan-

257 1357 298 1388 do
314 1364 370 1397 per
392 1364 467 1386 suos
489 1354 632 1385 doctores
662 1354 693 1384 ct
716 1352 835 1383 amicos
855 1351 1038 1382 reformavit

258 1420 277 1441 a
305 1408 464 1440 <immonis
492 1407 570 1438 salsa
593 1406 808 1447 persuasione,
838 1415 856 1436 a
879 1405 984 1436 carnis
1011 1407 1041 1435 et

260 1463 372 1495 mundi
397 1462 512 1493 blanda
541 1461 725 1502 deceptione
756 1460 914 1491 liber-ivit.
940 1459 1040 1491 Deum

261 1516 417 1558 Spiritum
433 1518 580 1547 sanctum
596 1524 722 1555 semper
744 1514 875 1546 benedic
894 1516 925 1544 et
952 1523 1043 1544 sans-,-

261 1571 356 1609 tilica,
373 1570 427 1611 qui
445 1573 474 1601 tc
487 1579 544 1610 per
559 1579 651 1601 suam
672 1568 921 1600 consolationem
941 1567 1044 1597 melli·

262 1625 361 1656 fluam
378 1624 410 1654 in
429 1624 513 1654 bono
531 1622 732 1661 confortavit,
748 1622 856 1653 (licens
878 1622 908 1653 ³:
936 1622 1044 1653 Venite

263 1679 307 1712 ad
320 1687 367 1711 me
379 1686 495 1715 omnes,
508 1679 566 1718 qui
579 1678 733 1710 taboratis
752 1682 779 1709 el
795 1677 939 1709 oneratis
952 1677 1043 1714 estl‘S,

265 1737 294 1766 ec
309 1741 363 1773 eqo
378 1732 523 1771 reficiam
538 1740 603 1764 vos.
629 1731 771 1769 Qualiter
785 1731 883 1767 enim,
901 1739 920 1760 o
938 1730 1046 1760 anima

266 1789 374 1818 tenera
390 1789 421 1817 et
435 1786 558 1824 dilecta,
584 1785 706 1825 fragilis
725 1787 755 1816 et
772 1785 911 1822 infirma,
928 1783 1048 1814 deliciis

267 1840 381 1872 mundi
406 1842 546 1877 assueta,
573 1839 703 1879 gaudiis
729 1839 828 1878 hujus
854 1838 962 1868 ssi-culi
981 1840 1048 1868 tan-

267 1903 364 1935 quam
380 1893 510 1924 saecibus
529 1893 660 1924 vinariis
675 1901 763 1923 more
784 1900 957 1932 porcorum
978 1891 1049 1922 ine-

268 1948 390 1985 briata;
409 1947 546 1987 qualiter
572 1947 728 1987 potuisses
752 1946 834 1977 inter
852 1948 896 1976 tot
914 1948 943 1976 et
964 1947 1051 1976 tanta

268 2002 391 2042 antiqui
417 2001 516 2033 hostis
542 2002 632 2040 retia,
655 2002 737 2032 inter
752 2003 795 2032 tot
813 2001 889 2031 salsa
905 1999 1048 2038 consilia,

303 2088 311 2103 ¹
328 2086 411 2114 Confi,
432 2091 470 2116 Vl,
493 2087 528 2109 12.
547 2099 576 2103 -—
593 2086 600 2099 ”“
615 2085 716 2115 ΜΗΙΙΙΙ.,
739 2091 778 2114 xi,
796 2085 833 2107 29.
851 2097 879 2102 —-
900 2089 903 2094 ¹
921 2083 993 2114 thid„
1012 2084 1050 2106 28.

271 2121 395 2151 -—*ls(1.,
413 2127 484 2149 xxvi.
502 2123 537 2145 ¹2.

1086 268 1170 300 inter
1183 270 1250 300 tam
1263 267 1355 301 varia
1367 265 1610 309 impedimenta,
1626 266 1712 300 inter
1731 268 1798 300 tam
1813 267 1869 300 in-

1086 321 1301 354 numerabilia
1321 321 1501 354 amicorum
1514 345 1524 360 ,
1553 320 1867 361 consanguinei-um,

1087 377 1120 408 et
1132 375 1270 408 aliorum
1286 375 1545 418 propinquorum
1557 383 1577 406 a
1591 373 1644 406 via
1654 383 1783 407 morum
1797 375 1871 408 vul-

1087 429 1272 462 nerantium
1283 429 1402 471 jacula,
1418 429 1453 461 in
1467 429 1554 461 bono
1572 427 1770 469 perstitisse?
1785 428 1871 467 Qua-

1087 484 1160 516 liter
1181 483 1352 525 potuisses,
1375 484 1422 516 tot
1438 482 1571 515 funibus
1590 484 1795 524 peccatorum
1809 483 1872 514 cir-

1089 536 1260 578 cumplexa
1276 537 1329 577 (a),
1354 537 1388 568 in
1414 537 1501 569 bono
1528 536 1720 578 profecisse,
1748 535 1776 568 si
1805 545 1872 568 non

1090 591 1229 633 Spiritus
1251 591 1351 623 sancti
1374 590 1479 632 gratia
1492 590 1606 623 fuisses
1623 589 1874 623 misericorditer

1090 645 1141 686 adj
1146 646 1211 683 uta,
1226 646 1258 677 et
1272 644 1391 686 saepius
1405 644 1541 677 dulciter
1554 644 1718 677 consolata
1731 646 1764 676 et
1776 643 1874 676 refec-

1091 699 1149 731 ta?
1173 698 1209 730 ln
1228 699 1335 740 ipsum
1356 699 1460 739 igitur
1482 698 1616 730 refunde
1638 698 1749 731 omnia
1775 707 1874 740 opera

1092 755 1165 792 tua;
1183 753 1241 784 tibi
1264 753 1346 784 nihil
1371 753 1484 785 retine.
1505 752 1557 784 Dic
1571 761 1646 785 cum
1670 761 1753 794 pura
1777 753 1810 784 et
1822 751 1875 784 de-

1093 809 1168 840 vota
1183 807 1299 840 mentis
1313 805 1488 839 intentione
1500 807 1510 823 ⁸
1527 818 1534 839 :
1554 807 1672 840 Omnia
1691 814 1788 847 opera
1803 813 1875 838 mea

1093 866 1242 903 operatus
1253 870 1294 902 es,
1313 862 1467 901 Domine;
1482 862 1515 892 in
1529 862 1699 902 conspectu
1716 862 1772 892 tuo
1793 859 1875 892 nihil

1094 926 1179 956 sum,
1196 916 1277 948 nihil
1291 925 1420 958 possum
1430 927 1438 955 ;
1455 916 1494 948 de
1511 919 1566 948 tuo
1578 924 1710 947 munere
1725 914 1873 956 estquod

1094 971 1252 1009 subsisto;
1269 970 1337 1002 sine
1359 972 1389 1002 te
1414 970 1496 1001 nibil
1509 978 1606 1010 agere
1621 978 1765 1011 possum.
1782 967 1874 1008 Tibi,

1095 1025 1340 1057 clementissime
1353 1023 1446 1056 Pater
1460 1023 1764 1061 misericordiarum,
1787 1021 1874 1063 quod

1095 1082 1189 1111 tuum
1213 1081 1260 1111 est
1281 1079 1398 1118 offero,
1420 1079 1478 1110 tibi
1505 1078 1669 1110 committo
1693 1086 1765 1116 mc3
1796 1076 1877 1109 indi-

1096 1143 1196 1175 gnam
1211 1138 1242 1165 et
1266 1134 1428 1173 ingratam
1449 1133 1601 1165 omuibus
1621 1131 1713 1164 donis
1728 1131 1802 1171 tuis,
1821 1139 1878 1172 per

1096 1191 1127 1220 te
1142 1188 1220 1220 mihi
1241 1187 1373 1226 collatis,
1398 1187 1565 1220 humiliter
1580 1195 1788 1227 recognosco.
1805 1185 1877 1218 Tibi

1097 1243 1178 1282 laus,
1196 1242 1252 1274 tibi
1270 1242 1385 1282 gloria,
1399 1241 1454 1273 tibi
1471 1242 1652 1282 gratiarum
1667 1240 1763 1279 actio,
1779 1239 1879 1272 obea-

1098 1297 1218 1328 tissime
1243 1296 1356 1335 Pater,
1380 1297 1529 1337 maffcstas
1552 1297 1673 1327 :eterna
1697 1305 1704 1326 :
1731 1294 1807 1335 quia
1827 1302 1879 1325 me

1099 1361 1154 1392 per
1170 1353 1257 1382 tuam
1269 1350 1427 1382 infinitam
1439 1350 1612 1391 potentiam
1626 1349 1665 1380 de
1678 1348 1779 1380 nihilo
1793 1357 1880 1380 crea-

1099 1406 1151 1444 sti,
1168 1407 1198 1436 te
1212 1405 1319 1444 laudo,
1342 1408 1372 1436 te
1397 1405 1554 1445 glorifico,
1578 1404 1634 1435 tibi
1661 1403 1782 1443 gratias
1803 1411 1878 1443 ago.

1100 1457 1123 1489 O
1141 1457 1319 1488 beatissime
1335 1456 1358 1488 F
1361 1456 1406 1495 ili,
1423 1456 1549 1488 claritas
1563 1456 1716 1497 paterna!
1739 1454 1815 1496 quia
1829 1463 1882 1486 me

1102 1521 1158 1552 per
1185 1514 1273 1542 tuam
1309 1513 1465 1542 aeternam
1494 1509 1683 1550 sapientiam
1712 1509 1750 1540 de
1779 1510 1882 1540 morte

1101 1569 1222 1597 aeterna
1242 1565 1393 1603 liberasti,
1419 1567 1447 1595 te
1466 1564 1630 1602 benedico,
1651 1566 1681 1594 te
1707 1562 1880 1600 sanctifico,

1102 1623 1131 1651 te
1148 1620 1255 1651 adoro.
1278 1620 1301 1651 Ο
1318 1619 1499 1650 beatissime
1515 1618 1664 1658 Spiritus,
1690 1616 1788 1655 alme;
1806 1615 1884 1656 quia

1103 1684 1154 1706 mc
1170 1683 1226 1714 per
1251 1676 1339 1704 tuam
1362 1672 1561 1704 benedictam
1585 1671 1744 1712 pietatem,
1771 1669 1884 1702 etele—

1103 1729 1270 1766 mentiam,
1286 1728 1324 1759 de
1340 1729 1467 1768 peccato
1483 1726 1521 1757 ad
1537 1725 1688 1765 gratiam,
1713 1724 1752 1756 de
1765 1723 1885 1756 saeculo

1103 1784 1141 1815 ad
1159 1784 1257 1814 vitam
1280 1782 1476 1822 religiosam,
1494 1781 1533 1812 de
1552 1780 1648 1812 exilio
1671 1779 1711 1810 ad
1735 1778 1884 1820 patriam,

1105 1838 1143 1869 dc.
1158 1838 1266 1869 labore
1281 1836 1318 1867 ad
1335 1835 1492 1876 requiem,
1508 1834 1547 1866 de
1563 1842 1700 1865 mcerore
1714 1833 1753 1864 ad
1765 1833 1883 1873 jucun-

1106 1891 1245 1923 dissimae
1269 1893 1301 1921 et
1323 1888 1571 1921 deliciosissimae
1601 1887 1701 1918 beatae
1727 1885 1887 1917 fruitionis

1106 1946 1308 1977 dulcedinem
1337 1942 1493 1975 revocasti
1509 1944 1516 1972 l
1555 1942 1657 1980 Quam
1686 1940 1886 1973 dulcedinem

1108 2000 1199 2032 nohis
1215 2000 1316 2031 dulcis
1339 1998 1430 2030 Jesns
1455 1997 1622 2034 concedat,
1646 1996 1702 2037 qui
1728 2005 1804 2027 cum
1824 1994 1887 2026 Pa-

1109 2057 1175 2088 tre,
1199 2058 1258 2084 etc.

1143 2117 1173 2147 (a)
1187 2116 1248 2140 Coet.
1265 2114 1325 2138 edit.
1341 2112 1567 2144 circnmamplexa.
