2029 3052
235 195 295 226 494

233 260 365 292 dicentis
381 264 391 282 ¹
414 272 421 292 :
448 261 547 303 Cujus
570 269 636 295 non
662 269 734 294 sum
754 262 875 304 dianus
897 263 1015 296 solvere

233 315 408 356 corrigiam
429 315 654 355 calceamenti,
685 316 862 348 consideret
887 319 1013 348 textum

233 371 264 400 et
279 368 431 409 glossam.
447 370 527 402 Nam
541 370 678 402 Joannes
690 370 734 400 ibi
750 370 857 402 verbis
873 371 1014 411 mysticis

233 424 264 453 et
278 423 429 463 parabola
443 423 557 462 utitur,
573 433 648 454 cum
664 423 827 455 Christum
839 423 914 455 dicit
928 426 940 443 ²
954 424 1012 456 lia-

231 477 307 509 bere
322 478 354 508 in
369 487 468 509 manu
482 478 699 510 ventilabrum
714 479 746 510 et:
761 479 898 510 securim
915 490 922 510 t
942 489 1013 521 pro-

232 533 340 571 pterea
355 532 437 563 sicut
451 541 508 572 per
523 533 583 564 11οο
599 532 736 572 intelligi
751 533 845 564 debet
858 533 1013 565 districtio

231 585 332 616 futuri
347 585 518 624 examinis,
539 586 584 617 sic
604 595 660 627 per
683 587 887 618 calceamenti
909 587 1010 618 corri-

232 638 322 679 giam
337 640 530 681 mysterium
550 640 788 672 incarnationis.
811 640 900 672 Unde
923 640 1011 672 Glos-

230 702 266 724 sa
281 693 291 711 ³
308 704 315 724 :
336 705 351 724 11
366 693 632 735 Calceamentum,
649 696 876 728 incarnationis
891 698 1011 737 myste-

230 747 334 786 rium3
351 748 501 788 corrigia,
515 750 658 790 mysterii
673 750 824 790 ligatura.
843 749 913 781 Non
931 759 1012 790 ergo

230 800 316 832 valet
337 800 475 833 Joannes
506 803 681 843 corrigiam
710 803 916 835 calceamenti
947 803 1011 835 sol-

230 864 317 893 vere,
330 856 405 895 quia
419 857 612 897 mysterium
627 857 855 889 incarnationis
868 867 933 888 non
948 857 1012 888 suf-

229 909 295 940 ficit
309 910 508 950 explicare.»
527 911 565 942 Ε1
580 911 641 942 alia
657 910 765 943 Glossa
779 912 788 928 ⁸
804 922 811 942 ι
830 923 844 941 1(
855 911 928 944 Νοη
940 920 1011 944 sum

230 962 351 1004 dianus
358 965 532 1005 cori-talam
544 965 754 998 calceamenti
763 966 891 1005 solvere,
908 965 939 997 id
950 967 1009 1004 est,

229 1026 348 1049 nomen
359 1019 467 1059 sponsi
485 1019 563 1050 mihi
579 1029 643 1051 non
660 1029 792 1061 usurpo.
806 1031 821 1049 n
834 1019 887 1051 Est
902 1021 1010 1051 autem

230 1072 401 1111 praefatum
414 1073 562 1112 verbum,
581 1076 731 1114 tanquam
748 1073 933 1114 mysticum,
949 1073 1010 1113 spi-

229 1125 387 1157 ritualiter
409 1126 664 1167 intelligendum.
687 1127 720 1158 Si
742 1128 814 1168 quis
839 1136 916 1158 vero
939 1136 1010 1158 con-

229 1179 338 1210 tendat
362 1179 609 1220 intelligendum
633 1181 695 1212 hoc
715 1191 783 1212 0550
807 1181 846 1213 ad
870 1181 1007 1213 litteram

228 1232 406 1264 secundum
419 1233 573 1265 usitatum
588 1235 720 1266 modum
730 1234 891 1275 loquendi,
911 1237 1010 1266 atten-

228 1285 293 1325 dat,
315 1287 400 1327 quod
419 1287 643 1319 conditionalis
664 1291 709 1318 est
735 1288 922 1328 hujusmodi
942 1298 1009 1320 ser-

229 1349 292 1379 mo,
316 1350 380 1381 quo
397 1342 470 1382 quis
485 1351 576 1381 eum,
596 1352 692 1382 quem
712 1342 781 1373 vult
801 1342 1008 1373 excellentem

227 1394 406 1434 ostendere,
427 1395 502 1427 dicit
524 1396 609 1436 quod
634 1405 698 1427 nou
722 1397 762 1427 sit
788 1396 907 1436 dignus
931 1406 1008 1428 eum

227 1449 426 1488 discalceare,
443 1450 539 1481 etiam
558 1450 583 1480 si
605 1450 825 1481 calceamentis
847 1460 912 1481 nou
935 1453 1006 1482 uta-

226 1505 290 1542 tur,
307 1503 382 1543 quia
397 1503 459 1534 hoc
470 1503 674 1542 intelligitur,
685 1503 710 1533 si
722 1506 876 1534 uteretur.
888 1502 1007 1534 Verum

225 1557 251 1587 si
267 1557 342 1597 quis
358 1559 484 1597 urgeat,
508 1557 595 1597 quod
618 1557 763 1596 Angelus
783 1557 863 1588 dixit
886 1558 924 1588 ad
948 1557 1005 1588 Pe-

225 1612 311 1642 trum
327 1611 336 1627 ⁵
352 1620 359 1642 ς
379 1611 488 1643 Calcea
508 1615 535 1643 lc
556 1611 678 1651 calmas
702 1615 775 1643 tuas
787 1636 794 1649 ‚
812 1621 847 1642 ac
863 1621 919 1651 per
934 1612 1004 1650 hoc,

224 1665 309 1705 quod
325 1665 437 1696 Petrus
449 1674 513 1696 11011
524 1665 619 1696 suerit
631 1665 846 1702 discalceatus,
862 1675 918 1696 nec
933 1676 1007 1706 apo-

224 1719 295 1749 stoli
312 1719 382 1756 alii;
406 1719 516 1749 audiat
535 1718 652 1749 Bedam
670 1728 766 1759 super
791 1720 877 1749 hune
901 1720 1006 1750 locum

225 1773 259 1803 iu
274 1773 426 1812 originali
442 1773 599 1804 dicentem
625 1784 631 1803 :
660 1785 673 1802 (1
698 1772 757 1804 Pro
782 1773 931 1812 caligulis
957 1773 1007 1804 vel

226 1827 357 1866 caligis,
382 1830 417 1858 ut
441 1828 572 1868 quidam
596 1828 735 1866 habeut,
759 1828 888 1859 Graecus
913 1829 1007 1860 habet

224 1881 392 1919 sandalia,
410 1882 469 1912 hoc
484 1882 570 1912 0111111
594 1891 698 1921 3011115
718 1881 1006 1913 calceamentorum

225 1936 257 1966 iu
284 1936 459 1975 Evangelio
485 1936 604 1975 legitur
629 1936 788 1976 apostolis
810 1936 905 1966 fuisse
934 1946 1004 1976 pet·-

226 1990 372 2020 missum.
391 2001 404 2017 »
426 1989 501 2020 llcec
516 1989 612 2020 Beda.
629 1989 684 2020 Cui
701 1990 795 2020 etiam
811 1993 963 2021 consonat
977 1993 1007 2021 et

225 2042 337 2083 Papias
363 2044 595 2083 grammaticus
612 2043 719 2073 dicens
743 2054 749 2074 z
775 2056 789 2072 «
814 2044 930 2083 Caliga}
956 2044 1006 2075 vel

225 2097 384 2136 caligula²‚
403 2098 432 2129 id
447 2101 504 2135 cst,
522 2098 673 2136 sandalia,
690 2098 772 2129 111010
797 2101 871 2128 suut
892 2108 909 2129 a
926 2098 1006 2129 callo

225 2152 353 2191 pedum,
371 2152 421 2182 vel
437 2152 527 2192 quasi
543 2161 561 2182 a
582 2151 772 2191 colligando,
790 2152 866 2192 quia
891 2152 929 2182 ad
951 2162 1006 2192 pe-

224 2205 279 2235 des
295 2205 448 2244 ligantur.
466 2217 480 2233 ))
510 2206 606 2236 Porro
632 2206 656 2235 si
673 2205 755 2245 quis,
781 2215 877 2236 sensu
901 2206 1006 2237 carnis

225 2259 365 2298 inflatus,
385 2263 503 2290 asserat
519 2270 581 2290 11011
598 2269 666 2290 csse
688 2261 882 2291 conveniens
901 2261 1003 2291 [lomi-

225 2322 302 2344 num
325 2313 363 2344 ad
379 2313 519 2344 litteram
538 2314 689 2344 indixisse
713 2314 861 2354 apostolis
876 2315 1004 2345 nudita-

225 2369 288 2397 tem
305 2367 435 2407 pedum,
452 2370 604 2407 tanquam
620 2367 682 2398 vile
700 2368 819 2407 aliquid
832 2371 861 2398 et
878 2371 1003 2407 aposto-

225 2421 293 2451 1100),
308 2421 456 2460 dignitati
473 2420 649 2458 dissonum,
666 2423 693 2450 et
711 2430 729 2450 a
744 2421 870 2451 tramite
885 2421 1003 2452 discre-

225 2474 317 2504 tionis
334 2474 486 2511 alicnum,
505 2474 663 2513 intelligat
677 2475 760 2514 quod
777 2475 941 2515 multiplex
958 2479 1003 2507 est

224 2528 304 2559 ratio
322 2528 420 2568 hujus
440 2527 684 2559 informationis.
703 2527 807 2558 Prima
829 2532 873 2559 est
896 2529 933 2560 ad
959 2530 1004 2560 iu-

258 2627 349 2653 ¹L1w..
372 2633 415 2657 111,
438 2630 474 2651 16.
492 2641 520 2645 -
536 2627 546 2642 ²
563 2627 635 2656 lbid.,
656 2627 691 2651 17.
708 2640 737 2644 —
757 2627 766 2641 ³
782 2627 862 2651 Closs.
882 2635 913 2651 cx
931 2628 1003 2659 Bed.‚

226 2661 250 2686 iu
267 2662 336 2687 huuc
352 2663 401 2687 loe.
418 2677 443 2680 ψ
460 2664 470 2679 ⁴
483 2664 543 2687 {tem
560 2670 589 2686 cx
605 2662 705 2687 codem.
720 2675 751 2680 —
766 2663 776 2679 ⁶
788 2663 853 2693 Act„
871 2670 918 2692 xit,
933 2666 956 2688 S.
972 2678 1002 2682 —

224 2699 232 2712 ‘¹
249 2698 318 2727 Luc„
333 2701 437 2730 xxxnzsii.
453 2712 483 2717 —
495 2700 502 2713 ⁷
516 2698 657 2729 Chrysost„
674 2699 698 2722 in
714 2698 815 2729 Manli„
832 2699 902 2724 hom.
917 2706 1000 2730 xxxii,

818 195 1029 228 APOLOGIAE
1051 196 1270 230 PAUPERUM

1069 265 1188 297 dicium
1198 267 1394 308 paupertatis
1404 267 1570 299 extremae.
1583 266 1672 300 Unde
1680 267 1716 300 in
1725 267 1844 302 Luca‘:

1071 319 1204 355 Quando
1227 321 1308 352 mist
1331 328 1386 353 vos
1400 321 1471 353 sine
1489 321 1627 360 sacculo,
1642 324 1673 354 et
1694 330 1790 362 pera,
1819 325 1848 356 et

1067 372 1302 412 calceamentis,
1314 374 1475 415 numquid
1484 374 1613 415 aliquid
1621 375 1725 415 defuit
1735 376 1824 409 vobis
1831 377 1848 408 P

1069 427 1159 464 Quod
1175 430 1370 468 pertractans
1380 429 1626 470 Chrysostomus
1636 431 1680 461 ait
1691 430 1722 462 ⁷:
1739 442 1754 460 α
1768 430 1846 462 For-

1067 482 1149 512 tasse
1160 481 1243 513 dieet
1256 481 1383 523 aliquis,
1396 483 1551 523 quoniam
1565 483 1627 514 alia
1640 483 1755 515 Christi
1769 493 1848 525 prae-

1068 537 1158 574 cepta
1173 535 1328 566 rationem
1343 536 1475 576 quidem
1495 536 1671 576 habebant;
1696 547 1761 569 non
1785 538 1847 570 ha-

1068 587 1143 619 bere
1167 590 1277 619 autem
1301 598 1411 629 peram
1440 590 1472 621 in
1495 590 1565 628 via,
1594 600 1699 632 neque
1727 591 1848 624 catcea-

1068 643 1189 680 menta,
1206 651 1309 683 neque
1330 643 1410 675 duas
1435 645 1581 684 tunicas,
1605 654 1670 686 qua
1691 645 1730 677 de
1753 655 1848 678 causa

1064 695 1159 735 Jussit
1177 698 1189 726 ‘3
1227 707 1241 725 n
1278 696 1317 728 Et
1351 697 1520 738 respondet
1555 709 1562 730 :
1598 709 1613 728 11
1651 698 1687 730 In
1717 708 1848 731 omnem

1067 748 1281 789 indigentiam
1314 752 1488 783 exercitare
1523 762 1577 784 eos
1613 752 1725 784 volens
1741 777 1751 792 ,
1792 753 1848 794 qui

1067 805 1098 834 et
1115 804 1266 844 superius
1286 814 1346 836 nec
1366 806 1405 837 de
1423 806 1663 847 supervenienti
1687 807 1738 839 die
1760 807 1846 838 solli-

1067 857 1145 888 citos
1172 867 1239 890 esse
1265 860 1430 891 concessit.
1461 871 1476 888 ))
1510 859 1655 892 Secundo
1682 870 1760 893 vero
1785 861 1847 893 hoc

1067 911 1224 951 persuasit
1249 912 1283 943 in
1305 913 1548 945 incitamentum
1572 913 1762 946 humilitatis
1784 923 1847 956 poc-

1066 964 1223 1003 nitentiae,
1250 966 1425 997 secundum
1448 966 1527 998 illud
1547 968 1558 985 ⁸
1581 978 1588 998 :
1616 967 1713 1000 Porro
1738 967 1847 1000 David

1066 1018 1254 1051 ascendebat
1277 1019 1397 1052 clivum
1424 1020 1607 1059 Olivarum,
1633 1021 1792 1054 scandens
1816 1024 1846 1054 et

1065 1071 1157 1112 flens,
1173 1075 1203 1104 et
1217 1077 1323 1113 operto
1343 1074 1456 1113 capite,
1473 1077 1502 1107 et
1518 1075 1619 1107 nudis
1632 1074 1768 1115 pedibus
1791 1076 1845 1108 in-

1065 1125 1190 1158 cedens.
1210 1126 1245 1157 ln
1260 1136 1324 1168 quo
1343 1136 1402 1159 rex
1423 1127 1476 1160 illc
1489 1128 1615 1168 nobilis,
1631 1129 1727 1160 totins
1742 1129 1845 1170 poeni-

1065 1180 1173 1211 tentiae
1188 1183 1219 1212 01,
1238 1180 1429 1212 humilitatis
1451 1182 1627 1223 exemplar.
1651 1192 1726 1215 vere
1741 1183 1844 1224 poeni-

1065 1235 1205 1266 tentibus
1242 1236 1405 1276 praebebat
1437 1237 1633 1278 exemplum.
1664 1237 1720 1269 Cui
1749 1238 1844 1270 etiam

1064 1289 1258 1320 consuetudo
1279 1289 1488 1321 ecclesiastica
1513 1293 1683 1329 consonat,
1709 1301 1783 1332 quae
1804 1292 1843 1324 ad

1064 1342 1145 1373 iram
1162 1342 1215 1374 Dei
1231 1343 1416 1383 placandam
1432 1344 1464 1374 in
1482 1345 1735 1389 processionibus
1750 1345 1844 1385 pedes

1064 1396 1174 1427 nudat.
1196 1396 1312 1436 Tertio,
1337 1398 1376 1429 ad
1402 1398 1622 1429 testimonium
1641 1398 1841 1430 obedientiae.

1064 1449 1153 1482 Unde
1170 1460 1268 1491 super
1284 1451 1361 1483 illud
1388 1452 1474 1483 Isaiae
1493 1455 1504 1472 ⁹
1522 1463 1528 1483 :
1550 1452 1639 1485 Sicut
1662 1453 1842 1486 ambulavit

1062 1511 1174 1535 servus
1197 1512 1284 1536 mens
1309 1506 1417 1537 Isaias
1441 1505 1550 1538 nudus
1568 1509 1596 1538 et
1613 1505 1840 1545 discalceatus,

1064 1556 1174 1588 Glossa
1193 1569 1199 1588 ;
1221 1570 1235 1587 11
1252 1557 1329 1590 Ecce
1344 1559 1533 1590 obedientia.
1558 1560 1618 1591 Iste
1631 1560 1670 1591 de
1685 1560 1774 1599 regio
1793 1569 1841 1591 se-

1065 1611 1149 1642 mine
1166 1612 1235 1650 suit,
1256 1615 1285 1643 ct
1307 1616 1412 1644 tamen
1433 1623 1488 1654 per
1509 1614 1669 1645 civitatem
1693 1613 1839 1644 Hierusa-

1064 1665 1126 1696 lem
1142 1666 1248 1696 nudus
1263 1666 1358 1706 pedes
1374 1667 1512 1697 incessit.
1525 1679 1539 1695 »
1555 1668 1684 1705 Quarto,
1697 1668 1735 1697 ad
1751 1676 1840 1698 exer-

1063 1719 1172 1749 citium
1187 1719 1262 1750 vitae
1275 1722 1422 1751 austerae.
1441 1720 1529 1751 Unde
1549 1715 1646 1760 sup'er
1668 1720 1745 1751 illud
1761 1720 1840 1751 Mat-

1064 1772 1139 1803 111εεί
1152 1772 1172 1789 ¹⁰
1184 1782 1191 1803 ε
1203 1773 1308 1813 Neque
1318 1774 1532 1806 calceamenta
1543 1775 1579 1806 tn
1595 1773 1742 1813 pedibus,
1757 1773 1841 1805 Glos-

1062 1834 1098 1855 sa
1116 1835 1122 1856 :
1141 1836 1155 1854 α
1171 1825 1208 1855 Et
1221 1825 1307 1856 Plato
1317 1826 1390 1856 dicit
1401 1826 1630 1866 duascorporis
1640 1826 1840 1857 summitates

1064 1888 1128 1909 nou
1141 1888 1206 1910 esse
1218 1879 1379 1918 1010111105,
1396 1889 1454 1910 nec
1469 1882 1626 1911 assuetam
1642 1880 1710 1911 fieri
1725 1880 1839 1911 debere

1065 1932 1232 1964 mollitiem
1248 1934 1359 1973 capitis
1373 1936 1404 1964 et
1418 1934 1546 1974 pedum.
1564 1934 1641 1965 Cum
1663 1934 1748 1965 enim
1770 1934 1840 1965 haec

1063 1986 1235 2018 habuerint
1270 1988 1453 2019 firmitatem
1467 2011 1475 2026 ‚
1509 1991 1623 2019 caetera
1661 1987 1840 2019 robustiora

1062 2043 1148 2072 sunt.
1165 2053 1179 2070 1)
1199 2042 1327 2080 Quinto,
1350 2043 1381 2072 in
1406 2043 1539 2082 signum
1564 2042 1776 2082 elongationis
1801 2042 1840 2073 01)

1063 2098 1151 2127 0111111
1166 2098 1361 2128 carnalitate.
1378 2097 1464 2128 Unde
1478 2106 1574 2137 super
1589 2097 1664 2128 illud
1681 2096 1782 2127 Exodi
1796 2096 1814 2113 ¹¹
1830 2105 1837 2126 :

1065 2151 1155 2184 Solve
1177 2152 1423 2184 calceamentum
1444 2150 1483 2182 dc
1504 2150 1636 2190 pedibas
1660 2151 1742 2187 tuis,
1766 2152 1838 2188 etc„

1063 2206 1171 2237 Glossa
1184 2217 1190 2236 :
1207 2218 1220 2235 11
1235 2205 1316 2243 Quia
1326 2205 1433 2236 nullus
1445 2205 1504 2235 1)οο
1512 2204 1669 2242 assistere,
1679 2203 1729 2234 vel
1740 2203 1839 2234 Deum

1064 2260 1173 2290 videre
1189 2262 1302 2299 potest,
1319 2259 1378 2290 11151
1401 2261 1513 2289 cuncta
1534 2257 1689 2288 desideria
1703 2257 1841 2288 carnalia

1065 2313 1242 2352 deponat.»
1267 2312 1362 2343 Sexto
1377 2312 1417 2343 ad
1441 2312 1584 2351 perfectae
1609 2311 1737 2341 virtutis
1761 2310 1838 2341 insi-

1065 2376 1141 2406 gne.
1160 2366 1247 2397 Unde
1263 2367 1436 2406 Gregorius
1456 2365 1682 2402 Nazianzenus,
1700 2364 1733 2394 in
1748 2364 1840 2394 laude

1063 2420 1289 2459 religiosorum
1305 2420 1518 2460 quorumdam
1529 2419 1577 2449 sui
1594 2417 1753 2458 temporis,
1770 2419 1839 2456 post

1062 2475 1204 2514 ipsorum
1228 2474 1455 2514 dispersionem
1484 2473 1598 2512 lugens
1621 2474 1652 2502 et
1674 2471 1754 2500 ssens
1781 2472 1804 2488 ¹²
1828 2480 1835 2500 :

1066 2541 1080 2557 «
1096 2529 1330 2567 Desiderabam,
1345 2539 1359 2557 1)
1371 2527 1484 2568 inquit,
1501 2529 1556 2557 «et
1569 2525 1697 2556 intentis
1712 2533 1748 2554 ac
1759 2532 1838 2564 pen-

1062 2627 1095 2651 al.
1113 2633 1191 2658 xxxi,
1211 2628 1234 2650 12.
1250 2640 1275 2644 -
1293 2626 1304 2642 ⁸
1323 2627 1343 2650 u
1359 2627 1424 2657 111-9.,
1441 2631 1482 2656 xv,
1498 2626 1537 2649 30.
1555 2637 1584 2641 —
1600 2624 1610 2640 ⁹
1626 2623 1733 2651 1m.,xx
1746 2639 1752 2651 ,
1767 2623 1789 2646 3.
1806 2635 1835 2640 -—

1062 2664 1082 2680 ¹⁰
1096 2662 1199 2693 Mami„
1215 2669 1240 2694 x,
1258 2664 1294 2687 to.
1308 2676 1338 2680 —
1359 2664 1374 2678 ¹¹
1390 2661 1480 2692 Ezod„
1497 2666 1540 2691 111,
1555 2661 1577 2684 5.
1593 2672 1623 2677 —
1640 2659 1658 2675 ¹²
1673 2660 1747 2689 Grcg.
1763 2659 1835 2689 Naz„

1063 2700 1132 2723 Orat.
1150 2704 1196 2729 111,
1213 2698 1245 2723 al.
1263 2704 1298 2726 11,
1313 2705 1338 2722 n.
1354 2700 1377 2722 2.
