2029 3052
938 157 1067 189 CAPUT
1091 157 1114 189 Ι.

259 224 356 256 Sexto
370 225 410 257 de
424 225 621 265 humilitate,
639 228 670 258 et
687 224 884 264 obedientia,
906 226 937 256 et
960 225 999 256 de

218 279 540 312 condescensionibus
554 278 672 311 divinis
693 279 754 310 sihi
772 278 860 310 sactis
882 277 922 311 ad
938 287 997 310 nu-

218 334 308 372 tum;

259 386 402 427 Septimo
427 387 467 418 de
492 396 603 419 amore
627 386 834 428 paupertatis,
863 388 895 418 et
917 387 1000 418 mira

219 440 419 481 suppletione
433 441 613 472 defectuum
621 449 631 481 3

260 493 378 525 Octavo
404 495 443 526 de
467 494 592 535 pietatis
620 494 753 533 affectu,
781 495 812 525 et
838 493 1000 534 quomodo

218 548 342 580 ratione
372 549 512 581 carentia
544 549 626 580 affici
660 548 852 580 videbantur
883 548 923 579 ad
950 548 998 588 ip-

220 611 292 634 sum
304 614 312 642 ;

260 656 351 688 Nono
374 657 413 689 de
436 657 562 690 fervore
583 657 761 696 charitatis,
787 659 818 689 et
846 657 1001 689 desiderio

220 710 386 751 martyrii;

260 764 387 796 Decimo
401 764 440 796 de
454 764 571 804 studio,
589 766 620 796 et
634 765 753 797 virtute
768 764 938 803 orationis;

1775 162 1834 192 295

1097 225 1270 257 Undecimo
1287 225 1326 257 de
1346 226 1559 267 intelligentia
1583 226 1834 268 Scripturarum,

1054 281 1086 311 et
1100 279 1216 320 spiritu
1235 279 1430 320 prophetiae;

1099 333 1291 364 Duodecimo
1322 333 1362 365 de
1388 334 1529 366 efficacia
1559 334 1775 376 praedicandi,
1805 336 1837 366 et

1057 386 1162 427 gratia
1175 387 1367 427 sanitatum3

1097 440 1328 472 Tertiodecimo
1341 442 1380 473 de
1392 442 1599 482 stigmatibus
1615 442 1729 481 sacris;

1094 493 1336 532 Quartodecimo
1353 495 1391 527 de
1405 496 1556 536 patientia
1570 496 1683 537 ipsius,
1699 497 1730 528 et
1748 497 1838 527 tran-

1057 548 1121 579 situ
1136 548 1263 587 mortis3

1100 601 1341 640 Quintodecimo
1356 603 1394 635 de
1407 603 1657 642 canonizatione,
1678 605 1709 635 et
1732 605 1838 634 trans-

1058 656 1175 687 latione
1190 655 1302 696 ipsius3

1100 709 1266 741 Postremo
1301 710 1339 741 de
1369 710 1533 742 miraculis
1565 713 1635 751 post
1667 704 1839 741 transitum

1060 765 1087 804 ej
1093 773 1130 795 us
1143 764 1266 796 felicem
1281 764 1417 796 ostensis
1431 764 1540 805 aliqua
1554 764 1799 796 subnectuntur.

434 1013 577 1048 CAPUT
602 1014 788 1048 PRIMUM.

290 1110 329 1136 De
347 1109 546 1137 conversatione
565 1109 620 1144 ejus
639 1110 668 1136 z’n
686 1109 781 1136 habitu
800 1110 934 1137 soeculari.

262 1198 317 1230 Vir
332 1200 400 1230 erat
414 1198 447 1229 in
462 1198 590 1230 civitate
604 1197 715 1229 Assisii
734 1197 921 1229 Franciscus
945 1207 1002 1229 no-

222 1252 323 1291 mine,
347 1253 441 1292 cujus
464 1252 622 1283 memoria
644 1253 677 1282 in
701 1252 920 1283 benedictione
944 1254 1002 1291 est,

220 1315 280 1347 pro
294 1315 332 1338 eo
347 1306 433 1347 quod
446 1306 529 1338 Deus
544 1307 650 1347 ipsum
668 1307 702 1337 in
726 1307 1004 1338 benedictionibus

221 1360 397 1392 dulcedinis
410 1360 551 1400 benigne
574 1361 791 1401 praevenienS,
807 1363 839 1392 et
860 1362 898 1392 de
919 1371 1002 1402 prae-

221 1415 318 1445 sentis
342 1414 417 1446 vitae
439 1415 588 1455 periculis
613 1415 788 1446 clementer
814 1415 950 1455 eripuit,
975 1417 1006 1446 et

222 1468 357 1500 coelestis
382 1469 496 1508 gratiae
529 1469 621 1500 donis
649 1469 818 1500 affluenter
847 1469 1003 1510 implevit.

223 1522 349 1554 Etenim
377 1532 451 1554 cum
480 1522 563 1554 inter
589 1532 691 1554 vanos
713 1523 810 1554 fuerit
835 1523 1005 1554 hominum

223 1577 304 1607 tilios
315 1577 454 1616 ι1111811111
469 1578 562 1608 aetate
574 1577 714 1608 nutritus
726 1577 759 1607 in
774 1577 877 1616 vanis,
892 1579 923 1608 et
935 1579 1006 1617 post

224 1629 397 1670 aliqualem
436 1630 615 1661 litterarum
655 1631 801 1661 notitiam
842 1631 1007 1663 lucrativis

224 1684 457 1715 mercationum
481 1685 652 1724 deputatus
675 1684 834 1723 negotiis3
865 1694 1006 1725 superno

224 1739 333 1769 tamen
346 1738 407 1768 sibi
421 1738 587 1769 assistente
597 1738 759 1778 praesidio,
776 1747 835 1769 nec
853 1738 936 1769 inter
947 1739 1007 1770 las-

224 1791 312 1823 civos
328 1792 474 1831 JuveneS,
500 1792 650 1832 quamvis
671 1792 793 1823 effusus
811 1792 851 1823 ad
875 1793 1005 1832 gaudia,

225 1847 295 1885 post
309 1845 413 1876 carnis
427 1845 636 1885 petulantiam
656 1845 744 1883 abiit,
769 1855 827 1876 1188
842 1846 925 1877 inter
947 1856 1006 1877 cu-

224 1899 315 1940 pidos
340 1901 553 1938 mercatores,
581 1909 768 1940 quanquam
797 1900 939 1932 intentus
968 1902 1008 1932 ad

224 1953 369 1992 lucrum,
390 1953 532 1993 speravit
557 1954 591 1984 in
613 1954 749 1994 pecunia
778 1956 808 1985 et
834 1954 1005 1986 thesauris.

225 2006 332 2038 Inerat
346 2017 487 2048 namque
499 2008 630 2048 ,iuvenis
646 2007 804 2039 Francisci
824 2009 1008 2048 praecordiis

224 2061 380 2092 divinitus
394 2061 494 2092 indita
509 2062 659 2101 quaedam
678 2062 718 2092 ad
737 2071 893 2102 pauperes
909 2063 1006 2094 mise-

226 2115 307 2146 ratio
320 2115 460 2146 liberalis
478 2126 485 2146 1
507 2124 579 2155 quae
596 2124 704 2146 secum
723 2116 762 2146 ab
776 2116 909 2147 infantia
923 2126 1008 2148 cres-

227 2177 301 2198 cens
316 2170 405 2199 tanta
419 2178 472 2200 cor
486 2169 585 2209 ipsius
600 2169 801 2208 benignitate
815 2170 1006 2210 repleverat,

227 2223 264 2253 ut
279 2223 348 2262 J'am
363 2222 529 2262 Evangelii
545 2232 608 2253 non
627 2223 744 2254 surdus
759 2224 897 2262 auditor,
920 2225 1009 2256 omni

228 2278 419 2316 proponeret
440 2285 472 2307 se
493 2277 611 2316 petenti
636 2277 789 2316 tribuere,
817 2279 958 2310 maxime
982 2279 1009 2309 si

229 2330 378 2362 divinum
393 2329 547 2369 allegaret
565 2338 719 2361 amorem.
737 2331 816 2362 Cum
836 2334 943 2363 autem
959 2342 1009 2364 se-

229 2383 293 2414 mel
312 2383 539 2423 negotiationis
554 2383 693 2414 intentus
708 2385 912 2425 tumultibus,
928 2396 1007 2426 pau-

230 2446 339 2477 perem
366 2437 539 2476 quemdam
564 2446 622 2477 pro
646 2446 755 2468 amore
775 2438 829 2469 Dei
850 2443 1009 2479 petentem

230 2491 468 2531 eleemosynam
478 2492 591 2530 praeter
602 2499 724 2521 morem
733 2491 862 2523 solitum
871 2503 1010 2525 vacuum

232 2544 416 2584 repulisset,
438 2544 544 2575 statim
565 2543 603 2574 ad
620 2552 674 2574 cor
694 2553 852 2585 reversus,
870 2548 1012 2579 cucurrit

235 2600 304 2637 post
317 2599 436 2638 ipsum,
452 2601 483 2629 et
495 2597 697 2638 eleemosyna
711 2598 755 2628 ilii
769 2599 942 2631 clementer
954 2601 1012 2632 im-

235 2660 343 2692 pensa,
360 2651 505 2693 promisit
517 2651 650 2682 Domino
660 2651 734 2691 Deo,
746 2653 830 2693 quod
842 2663 1011 2695 nunquam

1056 992 1096 1013 ex
1112 983 1201 1019 tunc,
1214 982 1292 1013 dum
1306 982 1430 1013 adesset
1441 982 1645 1022 possibilitas,
1657 983 1842 1023 petentibus

1056 1045 1114 1077 pro
1129 1045 1239 1067 amore
1253 1036 1378 1067 Domini
1395 1045 1428 1067 se
1443 1038 1578 1076 negaret
1595 1047 1601 1067 z
1626 1037 1711 1077 quod
1734 1045 1839 1077 usque

1057 1090 1096 1121 ad
1113 1092 1250 1121 mortem
1266 1090 1423 1121 indefessa
1438 1089 1554 1130 pietate
1578 1090 1763 1129 observans,
1787 1098 1841 1121 co-

1057 1144 1146 1184 piosa
1160 1144 1194 1174 in
1217 1144 1317 1175 Deum
1340 1143 1517 1175 dilectionis
1538 1145 1570 1174 et
1594 1144 1709 1183 gratiae
1735 1143 1842 1174 incre-

1059 1200 1167 1229 menta
1191 1198 1380 1238 promeruit.
1408 1198 1522 1229 Aiebat
1543 1198 1630 1228 enim
1652 1199 1741 1238 post,
1765 1207 1841 1228 cum

1054 1254 1124 1293 ¹jan]
1139 1253 1276 1293 perfecte
1291 1252 1454 1283 Christum
1469 1252 1628 1291 induerat,
1644 1253 1729 1293 quod
1745 1253 1842 1284 etiam

1059 1308 1199 1339 existens
1221 1308 1254 1338 in
1278 1307 1390 1338 habitu
1413 1307 1577 1346 saeculari,
1603 1317 1717 1339 vocem
1739 1308 1843 1339 divini

1059 1362 1279 1402 expressivam
1301 1361 1421 1392 amoris
1435 1361 1546 1392 audire
1561 1361 1618 1392 vix
1634 1371 1782 1402 unquam
1798 1361 1841 1392 si-

1059 1425 1100 1446 118
1113 1415 1217 1447 cordis
1233 1415 1458 1446 immutatione
1476 1414 1612 1445 valebat.
1631 1414 1730 1446 Porro
1750 1425 1843 1446 man-

1060 1470 1240 1501 suetudinis
1263 1469 1376 1500 lenitas
1410 1478 1484 1500 cum
1510 1469 1671 1509 elegantia
1697 1480 1840 1510 morum,

1061 1524 1230 1564 patientia,
1258 1525 1289 1554 et
1314 1522 1521 1554 tractabilitas
1543 1533 1641 1564 supra
1663 1525 1844 1556 humanum

1061 1578 1204 1616 modum,
1224 1577 1453 1608 munificentiae
1473 1577 1608 1616 largitas
1623 1577 1708 1608 ultra
1723 1587 1843 1618 suppe-

1061 1632 1192 1663 tentiam
1219 1631 1428 1669 facultatum,
1454 1631 1572 1671 quibus
1603 1632 1697 1662 bonae
1730 1632 1845 1663 indolis

1061 1686 1243 1717 adolescens
1258 1685 1352 1716 certis
1367 1686 1482 1716 florere
1497 1685 1751 1726 conspiciebatur
1765 1686 1846 1717 indi-

1061 1740 1130 1778 ciis,
1167 1740 1315 1781 quaedam
1351 1739 1545 1770 videbantur
1576 1748 1643 1770 esse
1674 1740 1841 1779 praeludia,

1062 1794 1146 1834 quod
1163 1793 1318 1833 copiosior
1333 1802 1429 1833 super
1444 1801 1518 1823 eum
1534 1793 1614 1823 foret
1628 1793 1661 1823 in
1681 1795 1844 1833 posterum

1062 1848 1180 1879 divinae
1215 1847 1446 1878 benedictionis
1487 1847 1685 1877 abundantia
1724 1847 1845 1878 diffun-

1062 1901 1175 1932 denda.
1194 1900 1329 1938 Quidam
1353 1909 1429 1930 sane
1452 1899 1490 1930 de
1512 1900 1631 1930 Assisio
1651 1900 1743 1931 valde
1770 1901 1847 1932 sim-

1062 1954 1147 1994 plex,
1164 1957 1200 1985 ut
1215 1954 1357 1985 creditur
1378 1953 1522 1984 eruditus
1545 1962 1563 1984 a
1588 1953 1662 1991 Deo,
1689 1963 1764 1984 cum
1785 1955 1844 1985 ali-

1062 2007 1190 2048 quando
1209 2016 1266 2047 per
1286 2007 1446 2038 civitatem
1466 2007 1557 2037 eunti
1579 2007 1723 2038 obviaret
1750 2007 1847 2039 Fran-

1063 2061 1176 2099 8158115,
1195 2061 1374 2101 deponebat
1394 2060 1539 2100 pallium,
1564 2061 1723 2092 sternebat
1746 2061 1846 2101 ipsius

1064 2115 1197 2155 pedibus
1221 2115 1450 2146 vestimentum
1465 2138 1472 2151 ,
1498 2123 1643 2145 asserens
1667 2115 1755 2145 omni
1779 2116 1846 2146 fore

1063 2168 1268 2200 Franciscum
1289 2168 1469 2199 reverentia
1492 2168 1640 2207 dignum,
1666 2171 1775 2209 utpote
1790 2169 1846 2209 qui

1064 2225 1146 2254 esset
1161 2223 1195 2253 in
1211 2223 1359 2263 proximo
1375 2231 1497 2261 magna
1516 2222 1670 2261 facturus,
1687 2226 1717 2253 et
1730 2223 1771 2254 ob
1786 2225 1846 2254 hoc

1065 2278 1104 2308 ab
1130 2277 1339 2308 universitate
1372 2276 1516 2306 fidelium
1545 2277 1718 2316 magnifice
1748 2277 1847 2308 hono-

1064 2331 1195 2362 randus.
1213 2330 1387 2370 ignorabat
1405 2331 1513 2360 autem
1533 2330 1638 2361 adhuc
1658 2330 1846 2361 Franciscus

1065 2385 1147 2416 circa
1158 2394 1189 2415 se
1205 2384 1372 2415 consilium
1390 2383 1456 2421 Dei,
1474 2392 1531 2423 pro
1546 2392 1583 2414 eo
1598 2384 1682 2424 quod
1698 2386 1763 2415 tam
1773 2385 1845 2423 jus-

1066 2439 1152 2469 sione
1172 2438 1271 2478 patris
1294 2438 1333 2468 ad
1358 2436 1517 2467 exteriora
1537 2437 1720 2475 distractus,
1747 2447 1845 2478 quam

1066 2493 1269 2533 corruptione
1288 2492 1443 2523 naturalis
1470 2491 1608 2530 originis
1629 2491 1668 2522 ad
1693 2492 1846 2523 inferiora

1066 2542 1255 2588 depressus,
1282 2547 1426 2578 nondum
1456 2546 1608 2576 didicerat
1637 2547 1846 2587 contemplari

1067 2602 1216 2639 coelestia,
1243 2610 1302 2631 nec
1328 2601 1511 2631 assueverat
1532 2599 1703 2639 degustare
1723 2600 1843 2632 divina.

1070 2656 1108 2686 Et
1123 2656 1198 2696 quia
1209 2654 1365 2696 spirituali
1387 2653 1519 2685 (auditui
1530 2653 1586 2686 (lae
1595 2654 1786 2687 intellectum
1802 2655 1847 2685 in-
