2029 3052
282 177 344 208 624

284 242 380 275 hodie
403 239 514 272 Romae
535 235 698 271 servatur;
723 233 756 264 et
767 231 864 264 etiam
881 230 916 262 in
930 229 1064 272 picturis

283 299 316 329 et
339 295 376 327 in
398 290 558 326 caelaturis
579 287 788 328 antiquarum
815 283 1064 326 apostolicarum

282 348 477 390 imaginum,
493 347 526 378 et
536 350 710 380 novarum,
725 340 759 372 in
773 339 894 381 quihus
913 337 1066 370 omnibus

284 403 336 436 vel
350 411 426 434 cum
441 399 547 438 soleis,
562 396 615 429 vel
627 395 723 428 nudis
733 393 868 436 pedibus
880 391 1066 433 exprimun-

285 460 351 490 tur.
367 455 439 488 Non
452 453 511 486 tibi
523 449 709 489 blandiaris,
723 457 799 480 cum
813 446 904 479 audis
912 446 988 487 quia
997 454 1068 477 san-

284 511 369 544 dalia
391 509 468 541 sunt
487 505 612 546 caligae,
639 503 716 544 quia
737 501 913 534 secundum
935 499 1066 541 Papiam

283 563 430 597 sandalia
443 562 519 593 sunt
535 558 661 598 caligae,
678 555 729 588 vel
743 555 958 588 calceamenta
971 553 1066 585 desu-

286 627 344 660 per
357 616 482 649 corium
497 623 563 646 non
586 610 749 644 habentia.
770 608 990 652 Ridiculosum
1004 606 1068 647 igi-

287 676 341 705 tur
365 674 414 704 est
439 668 532 703 valde
547 692 556 708 ,
578 665 664 708 quod
686 664 844 696 litteratus
867 662 929 694 hoc
948 662 1068 701 neget,

288 725 377 768 quod
400 724 541 756 clamant
560 720 693 762 lapides,
716 720 748 750 et
762 718 930 750 testantur.
948 714 1070 747 Interli-

289 789 387 813 neare
408 780 516 811 autem
533 784 598 817 quo
611 774 729 807 dicitur
747 780 845 813 super
865 770 920 802 illo
943 769 1043 802 verbo
1058 780 1065 800 :

292 846 308 865 α
323 831 517 873 Exemplum
541 831 637 862 datur
661 836 727 859 non
752 826 820 858 sine
848 822 1070 856 calceamentis

289 887 496 925 ambulandi,
526 883 653 925 Angelo
675 881 828 923 jubente,
860 881 891 912 et
918 878 1070 920 Apostolo

290 941 503 983 complente»
525 939 662 971 solvitur
675 945 731 977 per
739 932 1071 976 principiuminterli-

290 996 407 1035 neatis,
430 994 488 1026 ubi
511 992 653 1025 dieitur:
677 1002 692 1020 a
707 989 826 1028 Caligae
849 989 924 1019 sunt
947 986 1070 1018 calcea-

291 1050 392 1083 menti
417 1057 534 1090 genus,
553 1058 568 1077 n
589 1048 621 1078 et
640 1045 679 1076 de
696 1044 757 1076 illis
780 1042 981 1082 intelligitur.
1008 1039 1072 1072 Nec

291 1101 658 1138 videturauthenticum,
670 1098 725 1130 sed
732 1097 862 1138 ponitur
872 1094 1058 1135 magistrale
1061 1103 1071 1134 ;

291 1157 343 1190 vel
358 1154 566 1197 spiritualiter
579 1150 826 1191 intelligendum
842 1151 901 1187 est,
923 1151 959 1179 ut
971 1149 1018 1179 est
1033 1147 1070 1178 il-

291 1211 349 1244 lud
362 1210 403 1242 ad
418 1209 570 1250 Ephesios
584 1208 592 1224 ¹
612 1217 619 1238 :
639 1205 777 1238 calceati
791 1203 897 1244 pedes,
920 1201 1074 1234 etc.Glos-

292 1275 328 1298 sa
342 1265 353 1282 ¹
369 1275 376 1296 ε
397 1275 412 1294 <ι
427 1263 501 1295 Ilaec
515 1261 729 1294 calceamenta
743 1258 901 1289 virtutum
913 1256 1007 1288 debet
1020 1256 1074 1287 ha-

296 1320 372 1351 bere
386 1317 587 1359 praedicator,
603 1324 644 1345 ne
665 1313 729 1351 ille,
744 1311 800 1352 qui
815 1310 978 1352 praedicat,
996 1310 1074 1350 pede

296 1372 416 1405 mentis
433 1373 551 1402 terram
575 1369 699 1407 tangat,
724 1365 756 1397 id
777 1367 835 1403 est,
860 1373 918 1405 pro
942 1364 1076 1395 terrenis

297 1427 400 1459 faciat.
427 1425 492 1457 llac
504 1421 741 1463 significatione
759 1419 834 1450 dicit
850 1418 977 1450 Marcus
992 1418 1076 1458 Apo-

295 1480 393 1512 stolos
407 1478 556 1510 sandaliis
573 1475 704 1507 calceari
719 1473 770 1505 vel
785 1472 888 1510 soleis,
908 1471 1027 1502 scilicvt
1042 1474 1077 1502 ut

296 1544 402 1576 neque
423 1542 478 1574 pes
502 1532 542 1562 sit
566 1532 682 1568 tectus,
698 1537 804 1568 neque
830 1526 935 1557 nudus
958 1525 997 1556 ad
1014 1527 1076 1556 ter-

296 1598 380 1621 ram.
396 1600 410 1617 »
427 1587 494 1625 llic,
510 1588 546 1616 ut
557 1583 673 1621 cernis,
685 1581 850 1613 manifeste
864 1580 938 1612 dicit
955 1578 1076 1616 (nossa,

298 1646 330 1676 et
343 1645 391 1674 est
406 1639 594 1681 Augustini,
611 1637 688 1678 quid
697 1638 772 1667 sunt
783 1634 935 1671 sandalia,
945 1633 1020 1674 quia
1028 1642 1078 1663 so-

298 1698 370 1736 leae,
389 1698 421 1728 et
439 1694 524 1736 quod
542 1694 700 1724 virtutum
719 1688 941 1721 calceamentis
963 1687 1078 1718 debent

300 1751 368 1784 veri
389 1749 525 1791 apostoli
546 1746 692 1778 calceari.
710 1743 868 1784 Amplius,
892 1751 987 1782 super
1002 1740 1078 1771 illud

300 1805 398 1838 Lucae
411 1804 420 1821 ³
441 1814 447 1834 :
467 1800 602 1838 Quando
620 1800 699 1831 misi
725 1806 778 1831 vos
797 1798 868 1829 sine
881 1794 1006 1828 sacculo
1019 1818 1028 1832 ,
1051 1797 1079 1826 et

297 1867 387 1900 pera,
403 1861 432 1891 et
447 1855 680 1892 calceamentis,
696 1855 770 1890 etc„
783 1851 891 1882 Glossa
905 1849 981 1881 dicit
994 1848 1039 1880 sic
1050 1851 1077 1878 ⁶:

305 1926 319 1943 «
332 1913 402 1945 Non
417 1911 529 1944 eadem
551 1907 680 1941 vivendi
702 1905 817 1946 regula
839 1902 1079 1945 persecutionis,

300 1976 374 2008 quae
386 1965 472 2007 pacis
487 1967 640 2004 tempore,
652 1959 823 2001 discipulos
838 1959 999 1989 informat.
1013 1956 1082 1988 Mis-

302 2022 346 2053 sis
367 2019 496 2062 quidem
518 2015 681 2057 discipulis
704 2014 743 2045 ad
766 2011 1018 2054 praedicandum,
1042 2019 1082 2042 ne

302 2074 379 2116 quid
402 2075 435 2105 in
450 2073 503 2105 via
517 2071 675 2107 tollerent,
691 2067 852 2109 praecipit;
870 2067 1009 2097 instante
1024 2074 1083 2096 au-

303 2132 368 2161 tem
381 2127 495 2160 mortis
512 2124 658 2162 articulo,
672 2125 703 2154 et
717 2125 782 2154 tota
797 2121 850 2152 illa
865 2122 961 2161 gente
978 2121 1082 2160 pasto-

303 2192 372 2215 rem
381 2181 479 2214 simul
489 2182 519 2212 et
527 2187 662 2220 gregem
672 2177 893 2218 persequente,
904 2181 1084 2213 congruam

304 2236 440 2278 tempori
455 2233 602 2274 regulam
616 2231 766 2268 decrevit,
784 2229 971 2270 permittens
982 2230 1018 2259 ut
1028 2226 1085 2258 tol-

305 2292 372 2322 lant
386 2288 488 2321 vietui
504 2286 695 2319 necessaria.
706 2296 721 2314 n
738 2284 785 2315 Ex
795 2284 856 2314 hae
864 2282 973 2314 Glossa
986 2284 1084 2322 patet,

306 2343 392 2385 quod
407 2343 447 2374 ad
473 2340 621 2382 regulam
631 2338 836 2380 apostolicam
853 2335 988 2377 pertinet
1006 2334 1086 2366 nihil

308 2399 341 2429 in
356 2397 409 2429 via
426 2396 548 2434 tollere,
564 2397 595 2426 et
609 2393 677 2425 sine
693 2391 914 2424 calceamentis
928 2388 1084 2420 incedere.

308 2452 344 2484 Et
362 2451 435 2482 licet
450 2447 680 2491 persecutionis
693 2449 834 2486 tempore
849 2443 971 2484 aliquid
985 2443 1019 2474 iu
1034 2443 1087 2474 via

309 2506 419 2538 tollere
440 2503 656 2545 permittatur,
676 2501 716 2534 de
739 2498 958 2532 calceamentis
981 2500 1086 2529 tamen

343 2607 348 2623 ¹
367 2605 465 2637 Ephe-s„
487 2609 523 2634 Vl,
544 2605 580 2626 lii.
601 2615 630 2620 -
649 2604 657 2617 ²
678 2602 770 2630 mess„
789 2606 819 2623 ex
838 2599 897 2623 ssml.
914 2599 938 2622 in
954 2598 1021 2621 hunc
1039 2598 1087 2622 loc.

309 2656 340 2661 —
361 2642 371 2658 ³
393 2642 462 2669 Luc.y
486 2645 551 2669 xxii,
578 2640 615 2662 lt.
637 2650 665 2655 -
688 2638 698 2654 ⁸
722 2637 815 2666 ὤθεε,
837 2643 867 2659 ex
890 2634 949 2659 ned.
973 2635 998 2657 in
1022 2634 1088 2663 Luc„

311 2678 353 2703 lib.
377 2677 425 2707 Vl,
449 2684 472 2700 c.
492 2677 530 2700 92.
554 2688 584 2692 —
604 2675 614 2690 ⁶
637 2673 737 2702 Malim,
761 2679 792 2703 x,
813 2674 882 2696 9-10.
907 2683 936 2688 -
961 2671 970 2684 ⁶
998 2670 1088 2699 Alaun,

787 162 840 196 DE
860 160 1071 196 SANDALIIS
1091 159 1395 196 APOSTOLORUM.

1119 229 1358 271 comportandis
1371 230 1468 263 etiam
1489 228 1719 272 persecutionis
1733 230 1898 272 tempore,

1119 291 1178 315 nec
1191 285 1299 316 textus
1310 283 1430 324 innuit,
1445 292 1506 316 nec
1519 283 1638 324 glossa.
1816 278 1825 283 ⁶

1160 336 1210 369 Ex
1225 337 1385 379 praedictis
1391 337 1583 370 testimoniis
1589 337 1707 370 clarius
1719 337 1899 378 innotescit,

1119 390 1198 432 quid
1212 391 1251 423 de
1273 391 1399 424 Domini
1412 392 1516 424 nostri
1535 391 1612 424 Jesu
1635 391 1753 424 Christi
1770 393 1803 424 et
1823 400 1902 424 suo-

1121 453 1197 476 rum
1214 445 1445 486 apostolorum,
1463 447 1561 487 atque
1577 445 1809 487 discipulorum
1833 445 1902 478 cal·

1122 499 1310 538 ceamentis,
1322 500 1421 540 Juxta
1439 499 1609 532 veritatem
1622 498 1856 540 evangelicam,
1869 500 1903 532 et

1122 554 1309 584 sanctorum
1324 553 1551 594 expositiones,
1567 553 1748 586 docendum
1760 553 1802 585 sit
1814 553 1902 594 pari-

1123 608 1173 638 ter
1181 608 1213 638 et
1227 607 1435 639 servandum.
1446 606 1510 639 Sed
1523 607 1576 639 his
1593 607 1746 639 omnibus
1759 607 1903 640 testifica-

1124 660 1268 692 tionibus
1277 661 1473 693 firmissimis
1480 663 1577 702 atque
1583 661 1689 700 claris,
1696 661 1796 693 sancti
1801 660 1905 693 Evan-

1127 714 1205 755 gelii
1214 715 1395 747 sanctiones
1407 718 1483 748 sunt
1495 714 1788 756 incomparabiliter
1793 714 1906 747 clario-

1125 777 1188 800 res.
1197 768 1356 801 Scribitur
1361 770 1448 801 enim
1459 770 1493 801 in
1501 769 1682 801 Matthaeo‘:
1694 768 1907 810 Noliteposst’-

1125 822 1198 855 dere
1212 831 1345 862 aarum,
1363 831 1464 864 neque
1482 825 1671 864 arpentum,
1688 831 1790 864 neque
1809 830 1905 864 pecu·

1125 878 1217 910 niam
1231 877 1268 909 in
1282 877 1374 910 zonis
1390 877 1521 914 vestris,
1538 884 1604 910 non
1610 884 1723 917 peram
1730 878 1768 910 in
1774 877 1907 917 viame-

1125 939 1186 971 que
1193 930 1278 964 duas
1292 932 1433 969 tunicas,
1450 939 1552 972 neque
1565 930 1792 969 calceamenta,
1807 938 1908 972 neque

1126 986 1263 1026 virqam.
1273 984 1369 1016 ltem‘
1379 995 1386 1015 ;
1395 984 1547 1025 Praecepit
1555 985 1603 1017 eis
1613 985 1816 1017 Dominusne
1825 983 1909 1025 quid

1127 1038 1270 1072 tollerent
1283 1039 1321 1071 in
1335 1039 1403 1078 via,
1419 1039 1489 1071 πίει·
1496 1039 1623 1080 υἱνραηι
1637 1040 1775 1078 tantum,
1786 1045 1909 1080 nonpe-

1126 1100 1209 1130 ram,
1225 1100 1290 1126 non
1303 1101 1431 1133 panem,
1439 1100 1537 1133 neque
1548 1093 1585 1125 in
1597 1093 1693 1132 zonis
1707 1100 1762 1132 oes,
1775 1091 1834 1125 sed
1848 1092 1911 1125 cal-

1127 1150 1231 1179 ceatos
1238 1146 1414 1179 sandaliis.
1426 1146 1503 1178 Item
1510 1146 1571 1178 ait⁷
1580 1157 1588 1178 ι
1597 1146 1700 1179 Nolite
1707 1149 1836 1187 portare
1841 1153 1911 1179 sae-

1127 1200 1911 1241 culum,nequeperam,nequeca1oeamenta.Quod

1129 1257 1238 1287 autem
1252 1254 1377 1286 Domini
1391 1255 1462 1287 haec
1475 1255 1585 1295 verba,
1598 1255 1747 1287 mandata
1761 1264 1827 1287 non
1844 1257 1912 1287 tan-

1131 1315 1201 1341 tum
1217 1309 1437 1349 spiritualiter,
1454 1309 1510 1341 sed
1526 1310 1623 1342 etiam
1638 1310 1677 1341 ad
1690 1309 1830 1341 litteram
1844 1309 1912 1342 fue-

1132 1365 1196 1396 rint
1210 1365 1391 1401 observata,
1409 1366 1494 1404 patet
1514 1373 1555 1395 ex
1567 1363 1811 1395 auctoritatibus
1831 1371 1912 1404 prae-

1132 1418 1235 1449 dictis.
1253 1418 1344 1450 Patet
1364 1418 1462 1449 etiam
1483 1427 1525 1449 ex
1547 1418 1680 1459 picturis
1701 1422 1733 1450 et
1753 1417 1913 1449 caelaturis

1133 1471 1364 1512 antiquissimis
1378 1471 1547 1503 laicorum.
1564 1471 1654 1503 Patet
1667 1471 1765 1503 etiam
1782 1480 1824 1503 ex
1838 1470 1914 1512 ipsis

1133 1525 1284 1557 sandaliis
1306 1526 1536 1567 apostolorum,
1557 1528 1588 1557 et
1610 1525 1726 1558 Christi
1745 1525 1913 1566 discipulo-

1135 1590 1220 1619 rum,
1238 1590 1312 1622 quae
1328 1581 1474 1622 usquein
1489 1581 1685 1613 hodiernum
1701 1580 1786 1612 diem
1801 1580 1836 1611 in
1851 1579 1914 1621 ple-

1134 1635 1244 1675 risque
1265 1635 1353 1674 lociS,
1372 1635 1410 1666 ad
1427 1635 1526 1676 liujus
1541 1635 1684 1666 veritatis
1696 1633 1915 1674 adstipulatio-

1136 1699 1229 1728 nem,
1252 1692 1283 1721 et
1304 1690 1507 1722 devotionem
1530 1689 1673 1720 fidelium
1697 1690 1913 1720 reservantur.

1137 1743 1225 1775 Patet
1239 1744 1335 1775 etiam
1358 1754 1398 1776 ex
1421 1744 1531 1776 Glossa
1549 1744 1655 1776 Marci
1675 1742 1823 1784 superius
1838 1741 1917 1774 alle-

1137 1800 1223 1838 gata.
1246 1797 1336 1830 Patet
1358 1798 1454 1830 etiam
1476 1798 1594 1830 ibidem
1615 1807 1656 1829 ex
1681 1797 1743 1829 alia
1757 1797 1914 1830 Glossa⁸:

1142 1864 1156 1882 <i
1171 1852 1342 1884 Matthaeus
1367 1854 1399 1883 et
1422 1852 1523 1884 Lucas
1543 1853 1724 1883 memorant
1744 1850 1917 1883 Dominum

1137 1906 1256 1938 dixisse
1282 1906 1444 1947 discipulis
1458 1930 1467 1944 ,
1494 1908 1531 1938 ut
1551 1915 1611 1937 nec
1631 1906 1760 1946 virgam
1779 1905 1917 1944 ferrent;

1139 1960 1279 1998 Marcus,
1296 1969 1336 1991 ne
1350 1959 1429 2000 quid
1443 1959 1604 1999 tollerent,
1625 1959 1686 1991 nisi
1702 1959 1833 2000 virgam
1848 1961 1918 1991 ten-

1139 2017 1221 2046 tum.
1253 2014 1314 2046 Sed
1344 2014 1390 2045 illi
1417 2013 1578 2054 accipiunt
1610 2013 1738 2045 realiter
1765 2013 1917 2054 virgam3

1142 2068 1279 2107 Marcus,
1303 2077 1359 2109 per
1380 2069 1521 2108 virgam,
1544 2069 1732 2108 potestatem
1746 2067 1920 2109 accipiendi

1142 2122 1320 2154 necessaria
1332 2131 1351 2154 a
1364 2121 1512 2153 subditis.
1522 2132 1537 2150 ι)
1555 2121 1643 2162 Ergo
1655 2121 1737 2153 sicut
1751 2120 1922 2153 Matthaeus

1141 2179 1171 2208 et
1199 2176 1299 2207 Lucas
1321 2176 1451 2216 virgam
1476 2175 1604 2207 realiter
1624 2175 1805 2216 accipiunt,
1825 2175 1870 2206 sic
1889 2176 1922 2206 et

1141 2229 1367 2260 calceamenta.
1390 2228 1478 2260 Plato
1491 2229 1577 2268 dicit,
1599 2240 1614 2259 a
1627 2229 1707 2261 duas
1720 2228 1922 2261 summitates

1142 2283 1285 2323 corporis
1299 2291 1364 2314 non
1381 2292 1449 2314 esse
1465 2282 1630 2322 velandas,
1647 2291 1749 2323 neque
1762 2283 1921 2314 assuetam

1144 2336 1212 2368 fieri
1228 2336 1394 2368 mollitiem
1405 2337 1519 2368 debere
1531 2337 1642 2377 capitis
1651 2339 1683 2368 et
1697 2336 1815 2377 pedum
1828 2347 1836 2367 z
1847 2343 1921 2368 cum

1144 2391 1213 2422 brec
1227 2391 1397 2422 habuerint
1406 2391 1602 2430 firmitatem,
1614 2392 1731 2422 caetera
1742 2389 1922 2422 robustiora

1144 2449 1230 2478 sunt.
1246 2458 1260 2476 υ
1282 2447 1359 2479 ltem
1374 2447 1527 2487 Magister
1546 2447 1578 2478 in
1600 2447 1757 2485 Historia,
1777 2446 1832 2487 qui
1848 2445 1922 2477 dicit

1144 2501 1187 2532 sic
1198 2510 1224 2532 :a
1237 2501 1307 2534 Non
1320 2501 1494 2542 portabilis
1508 2501 1733 2540 calceamenta,
1747 2508 1845 2540 neque
1856 2500 1922 2532 vir-

1145 2564 1228 2595 qam.
1254 2554 1436 2587 Secundum
1467 2554 1609 2586 Marcum
1633 2554 1793 2593 sandaliis,
1816 2553 1849 2585 id
1862 2555 1920 2592 est,

1148 2641 1183 2695 ‘'tl''
1207 2636 1257 2660 8-9.
1278 2648 1308 2653 -
1334 2636 1341 2649 ⁷
1367 2636 1433 2666 Luc„
1458 2642 1487 2666 x,
1515 2637 1538 2660 4.
1559 2648 1590 2653 —
1611 2635 1622 2652 ⁸
1644 2635 1735 2665 61055Ἷ
1758 2641 1789 2659 ex
1815 2633 1875 2659 Bed.
1897 2634 1922 2658 in

1146 2685 1154 2696 Λ
1173 2679 1224 2695 (ΙΙὈ.
