2060 3052
180 2047 274 2067 Libanus

165 2079 228 2105 quid.

281 277 320 308 38

279 344 341 372 tem
354 342 383 371 et
395 342 470 371 flens
482 342 561 379 dico,
576 342 714 372 inimicos
728 341 824 371 crucis
841 341 964 378 Christi3
980 349 1059 378 quo-

279 397 348 418 rum
367 391 444 418 Deus
461 391 564 419 venter
585 391 638 425 est,
659 391 688 418 et
707 388 805 425 gloria
829 388 862 418 in
884 387 1060 418 confusione

279 436 425 474 ipsorum,
441 436 494 473 qui
511 438 628 465 terrena
641 435 768 473 sapiunt.
779 445 794 463 n
817 437 882 465 Non
904 436 948 464 est
959 435 1060 464 bonus

280 484 376 519 cibum,
395 483 447 521 qui
466 485 587 520 generat
607 483 703 512 ventri
723 482 880 512 dolorem:
900 491 956 512 nec
977 482 1060 512 bona

280 531 387 567 gloria,
401 537 469 567 quae
482 530 561 559 cedit
573 529 680 559 animae
695 530 736 559 ad
749 529 967 567 confusionem.

316 577 452 607 Secundo
468 579 511 606 est
523 577 583 606 alia
596 577 703 613 gloria,
719 585 786 614 quoe
800 576 906 606 dicitur
921 576 1061 614 spiritua-

280 624 327 661 lis,
343 633 409 661 quae
422 632 485 652 non
499 625 542 653 est
549 623 680 653 hominis
691 624 861 660 exterioris3
877 626 906 653 et
913 625 977 653 haec
991 633 1061 654 con-

281 671 354 700 sistit
366 671 399 700 in
407 672 537 708 quatuor
546 681 553 700 :
569 672 667 709 primo
679 673 710 701 in
718 672 904 701 conscientiae
911 673 1038 710 puritate
1050 683 1059 709 ;

281 719 413 748 secundo
425 740 433 752 ,
449 719 480 748 in
501 721 582 748 recta
603 719 695 748 animi
716 719 887 755 voluntate3
904 719 988 748 tertio
999 740 1008 753 ‚
1029 720 1061 748 in

281 765 388 795 mentis
397 767 426 794 et
435 766 568 802 corporis
578 766 741 802 integritate
752 776 760 802 3
777 768 895 804 quarto,
909 767 940 794 in
951 774 1062 803 cogno-

281 813 393 842 scendo
407 814 561 850 propriam
575 813 728 842 vilitatem.

318 861 387 889 Dico
409 860 493 897 quod
514 860 611 896 gloria
629 859 789 896 spiritualis
809 860 908 897 primo
932 860 1064 889 consistit

282 909 314 937 in
329 908 515 937 conscientiae
530 909 665 945 puritate.
682 910 755 937 Nam
773 908 933 946 pulchrum
955 911 996 937 est
1010 917 1062 937 au-

282 963 360 991 rum,
376 963 444 984 cum
464 957 506 984 est
521 963 641 992 purum.
662 957 764 984 Nonne
787 955 840 984 lux
863 955 994 991 gloriosa
1009 957 1062 991 est,

283 1010 351 1031 cum
367 1010 385 1031 a
404 1002 533 1031 tenebris
556 1004 692 1039 separata
710 1003 773 1031 est‘?
788 1002 833 1031 Sic
855 1003 883 1030 et
902 1002 1003 1030 anima
1022 1004 1064 1030 cst

284 1049 377 1078 multa
390 1049 488 1078 laetitia
503 1052 530 1078 et
551 1049 648 1085 gloria
662 1049 766 1086 plena,
783 1057 851 1077 cum
871 1051 913 1077 est
927 1049 966 1077 ab
981 1049 1063 1077 omni

284 1096 373 1133 culpa
389 1096 495 1132 divisa,
511 1096 594 1125 nullo
609 1096 690 1125 malo
705 1096 865 1133 permixta,
889 1096 942 1124 sed
958 1098 1000 1125 est
1021 1096 1065 1124 lu-

284 1143 411 1178 minosa,
427 1151 504 1180 pura
518 1146 546 1172 et
560 1143 695 1180 pulchra.
713 1143 793 1171 Unde
810 1143 916 1171 dicitur
929 1144 936 1160 ¹
952 1152 958 1171 ι
973 1153 987 1169 «ι
997 1143 1064 1172 Glo-

284 1190 329 1219 ria
340 1192 442 1219 nostra
455 1190 519 1219 haec
534 1192 586 1225 est,
601 1189 801 1218 testimonium
813 1190 1000 1219 conscientiae
1009 1198 1064 1219 no-

287 1238 383 1265 stne.»

321 1283 457 1321 Secundo
481 1283 577 1319 gloria
601 1283 762 1320 spiritualis
783 1283 911 1312 constitit
930 1284 959 1312 in
987 1287 1065 1314 recta

285 1331 376 1360 animi
399 1331 562 1359 voluntate.
588 1331 661 1358 Cum
684 1331 763 1358 enim
789 1339 840 1359 cor
866 1331 902 1359 sit
930 1332 1065 1360 onmium

286 1378 492 1406 membrorum
515 1377 663 1414 primum,
679 1380 706 1410 et
719 1380 816 1405 motus
832 1381 858 1406 et
874 1379 939 1406 vitae
956 1379 1067 1407 caeteris

286 1425 429 1454 membris
444 1424 667 1461 impressivum3
685 1424 708 1452 si
723 1425 870 1453 coi-fuerit
885 1428 1008 1460 rectum,
1024 1427 1067 1454 ni—

285 1472 327 1501 hil
343 1472 396 1500 crit
416 1472 445 1500 in
467 1480 593 1508 corpore
614 1473 790 1500 tortuosum.
815 1473 843 1500 Si
859 1480 894 1501 ex
909 1475 991 1508 parte
1006 1474 1067 1501 ani-

286 1528 342 1548 mae
358 1519 539 1553 dominatur,
554 1519 576 1546 si
594 1519 658 1555 ipsa
673 1519 758 1546 suerit
776 1521 866 1553 recta,
882 1523 961 1548 recto.
980 1524 1067 1549 crunt

286 1569 314 1595 et
337 1568 441 1594 coetcra
461 1566 606 1600 membra,
623 1568 651 1594 ct
665 1566 733 1594 ideo
749 1567 841 1602 «ligna
855 1567 959 1601 gloria.
986 1569 1066 1596 Psal-

287 1613 373 1641 mista
384 1615 413 1640 ²:
429 1623 442 1638 α
453 1613 600 1641 Loetamini
616 1613 646 1640 in
665 1614 801 1648 Domino,
822 1616 849 1641 ct
864 1615 1008 1649 exultate,
1019 1615 1067 1649 ju-

286 1660 332 1694 sti,
349 1662 376 1688 et
389 1659 559 1695 gloriamini
574 1667 678 1687 omnes
692 1660 762 1687 recti
778 1661 878 1688 corde.
897 1672 909 1687 »

322 1707 428 1741 'rei-tio,
445 1707 540 1742 gloria
553 1706 711 1742 spiritualis
727 1707 857 1735 consistit
872 1708 901 1735 in
920 1708 1026 1736 mentis
1041 1711 1068 1737 et

288 1754 422 1790 corporis
435 1753 598 1785 integritate
610 1763 618 1787 ;
632 1762 772 1787 magnam
789 1753 868 1781 enim
885 1754 1023 1789 glorium,
1040 1758 1067 1783 et

288 1801 452 1829 inauditam
474 1800 601 1828 laetitiam
622 1803 743 1835 generat
765 1801 917 1837 utriusque
938 1802 1067 1830 hominis

289 1848 445 1876 munditia.
463 1850 536 1876 inter
551 1856 655 1876 omnes
670 1849 749 1876 enirn
765 1849 880 1876 colores
896 1850 1068 1885 principalis

288 1898 330 1924 est
352 1895 473 1930 albedo,
497 1898 524 1923 et
546 1896 681 1923 omnium
705 1895 840 1924 colorum
862 1896 1066 1931 pulcliritudo;

288 1942 367 1970 unde
383 1942 482 1969 nullus
497 1942 580 1970 color
591 1942 667 1970 liene
682 1943 786 1979 pingit,
808 1944 863 1971 nisi
880 1944 904 1971 ei
920 1944 1003 1972 albus
1018 1953 1067 1972 co-

290 1990 334 2017 lor
347 1990 561 2017 substernatur.
574 1990 654 2017 Unde
666 1990 772 2018 (licitur
784 1992 794 2006 ³⁸
807 2001 812 2018 :
831 2002 843 2015 u
853 1991 950 2019 Gloria
967 1992 1068 2020 Libani

290 2036 359 2064 data
381 2039 433 2064 est.
449 2047 461 2061 iv
487 2037 614 2064 Libanus
637 2038 815 2064 candidatum
840 2038 1065 2074 iliterpretatur3

289 2086 316 2111 et
330 2083 425 2118 signat
446 2084 551 2111 mentis
575 2086 602 2111 ct
627 2084 722 2111 carnis
746 2085 934 2119 munditiam,
957 2086 986 2113 in
1009 2095 1068 2121 qua

289 2138 399 2166 magna
415 2130 545 2158 consistit
559 2130 688 2158 hominis
704 2131 810 2165 gloria.
982 2132 984 2134 ’

325 2178 433 2210 Quarto
440 2177 536 2211 gloria
544 2177 704 2213 spiritualis
711 2178 841 2206 consistit
852 2179 880 2206 in
889 2187 1067 2214 cognoscen-

289 2224 329 2252 do
340 2224 492 2260 propri-‘nn
501 2224 656 2252 vilitatem:
674 2227 705 2252 ut
720 2225 830 2253 scilicet
844 2226 935 2254 homo
950 2228 1067 2263 cogitet,

289 2271 326 2299 de
343 2277 402 2307 qua
417 2271 539 2298 materia
561 2274 727 2305 generatim,
750 2281 810 2307 quo
827 2273 893 2301 cibo
918 2274 946 2300 iu
967 2277 1067 2303 ventre

289 2318 431 2351 nutritus,
448 2326 515 2345 cum
540 2326 599 2352 qua
626 2321 702 2345 veste
727 2322 821 2351 natus,
849 2320 959 2355 quihus
983 2321 1068 2349 malis

289 2365 440 2400 expositus
451 2385 460 2397 ,
484 2364 522 2391 ad
547 2373 636 2400 quein
662 2366 751 2392 linem
778 2375 813 2393 ex
839 2369 1007 2396 ncvessitate
1032 2369 1067 2396 sit

289 2414 440 2438 venturus.
458 2411 537 2438 Unde
551 2419 587 2438 cx
603 2411 657 2438 liae
674 2412 909 2441 consideratione
922 2416 1066 2451 Propheta

290 2457 442 2485 dstebat‘:
463 2468 476 2483 (ι
492 2457 622 2485 Gloriam
643 2466 738 2485 nicam
756 2459 785 2486 in
802 2460 954 2495 pulverem
971 2463 1066 2490 ‹ledu-

289 2513 364 2532 cain.
381 2516 393 2530 n
422 2505 502 2532 Unde
530 2505 660 2532 secundo
691 2508 826 2540 11051mn23
850 2516 917 2535 cuin
940 2518 987 2537 rex
1013 2512 1065 2537 Da-

289 2551 350 2585 vid,
376 2560 410 2578 ex
432 2552 487 2579 hae
511 2552 614 2579 humili
641 2553 887 2588 consideratione,
917 2556 1011 2589 gloria
1036 2565 1065 2584 se

289 2598 443 2633 spoliasset
461 2607 561 2626 coram
583 2607 651 2626 area
666 2600 791 2633 Domini,
807 2602 834 2627 et
849 2602 996 2637 psalleret,
1014 2603 1064 2630 de-

289 2644 385 2680 spexit
400 2652 468 2672 eum
483 2653 519 2672 cx
539 2645 678 2681 superbia
697 2654 772 2673 uxor
787 2655 851 2681 sua,
872 2648 1004 2685 dixitque
1026 2650 1065 2677 ad

323 2743 364 2766 ιΙΙ
383 2744 450 2771 Cor„
464 2749 479 2774 1,
500 2746 535 2767 12.
553 2757 580 2761 -—
598 2744 828 2775 21's11l.xxx1,11.
843 2759 872 2763 -
888 2748 1064 2779 ⁸!›‹1.,ixxv,

661 273 874 308 SERMONES
892 273 943 305 DE
964 271 1133 306 SANCTIS
1155 272 1198 305 ΙΝ
1219 273 1413 307 COMMUNI.
1435 274 1519 308 Xlll.

1115 348 1185 371 eum
1200 350 1207 370 :
1224 351 1237 368 α
1245 343 1340 378 Quam
1350 342 1501 380 gloriosus
1506 342 1562 372 fuit
1573 342 1665 372 hodie
1678 349 1733 372 rex
1741 343 1841 380 larua,
1851 344 1897 373 ‹li-¹

1114 389 1306 426 scooperiens
1319 398 1350 419 se
1364 392 1433 420 ante
1451 390 1576 419 ancillas
1589 396 1746 419 servorum
1759 398 1896 428 suorum,

1115 438 1144 466 et
1156 437 1286 466 nudatus
1299 439 1350 473 est,
1363 437 1450 475 quasi
1467 445 1546 466 unus
1557 445 1595 466 ex
1608 437 1731 467 scurris!
1748 447 1763 465 n
1780 437 1834 467 Cui
1844 446 1899 468 rex

1114 483 1237 512 humilis
1251 485 1311 514 ait:
1329 495 1344 511 α
1355 484 1432 514 Vivit
1452 485 1605 520 Dominus,
1629 485 1703 522 quia
1721 484 1827 514 ludam
1850 493 1898 514 oo-

1115 538 1181 560 ram
1195 539 1242 567 eo,
1258 531 1311 569 qui
1325 532 1415 568 elegit
1427 540 1476 560 me
1490 531 1652 569 plusquam
1664 533 1781 569 patrem
1793 533 1898 568 tuum;

1116 580 1143 607 et
1155 577 1271 614 ludam,
1286 579 1315 607 et
1327 578 1417 607 vilior
1430 579 1510 615 fiam,
1525 578 1688 616 plusquam
1703 578 1798 608 facms
1810 587 1878 608 sum
1887 593 1898 615 5

1117 627 1146 654 et
1164 633 1215 654 ero
1229 625 1350 654 humilis
1364 625 1396 654 in
1410 625 1505 655 oculis
1525 625 1600 654 meis
1615 633 1623 654 ε
1649 627 1678 654 et
1691 632 1794 655 coram
1808 625 1901 655 ancil-

1116 671 1164 707 lis,
1179 672 1218 701 de
1233 672 1343 709 quibus
1357 673 1457 702 locuta
1469 681 1511 708 es,
1526 671 1688 709 gloriosior
1702 671 1866 709 apparebo.
1881 683 1897 700 n

1153 720 1247 749 Tertio
1262 722 1290 748 et
1304 720 1409 749 ultimo
1425 721 1468 748 est
1481 719 1588 757 gloria,
1607 727 1674 756 quae
1695 719 1803 748 dicitur
1820 721 1902 749 aeter·

1118 767 1194 796 nalis
1211 777 1217 795 :
1235 769 1263 795 et
1276 770 1319 796 est
1333 767 1430 804 gloria
1442 767 1506 802 illa,
1527 775 1593 804 quae
1607 769 1651 796 est
1668 767 1804 796 omnium
1824 766 1902 796 desi-

1119 814 1273 843 deriorum
1287 814 1365 843 finis.
1381 816 1414 843 Et
1427 814 1458 843 in
1471 816 1600 851 quatuor
1614 814 1736 851 proprie
1747 814 1879 844 consistit
1892 823 1900 843 ε

1118 861 1228 898 primo,
1251 861 1282 889 in
1303 861 1369 890 laeta
1390 861 1528 890 societate
1543 863 1736 896 sanctorum;
1751 861 1901 898 secundo,

1118 908 1149 936 in
1164 908 1253 945 plena
1267 909 1403 937 omnium
1418 908 1570 937 honorum
1585 908 1742 944 societate5
1758 908 1855 943 tertio,
1869 908 1902 937 in

1119 957 1222 992 aperta
1233 955 1383 984 bonorum
1393 955 1529 984 omnium
1541 955 1766 992 propalatione3
1782 958 1900 992 quarto,

1120 1003 1151 1030 in
1166 1002 1214 1030 Dei
1229 1002 1405 1031 suavissima
1418 1002 1545 1031 visione.

1156 1049 1254 1078 Primo
1279 1049 1358 1085 dico,
1384 1050 1468 1086 quod
1491 1049 1588 1086 gloria
1610 1049 1680 1084 illa,
1703 1057 1771 1086 quae
1793 1048 1903 1078 dicitur

1119 1096 1276 1131 aeternalis,
1290 1097 1421 1126 consistit
1434 1097 1466 1125 in
1479 1096 1546 1125 loeta
1565 1098 1736 1125 sanctorum
1751 1096 1900 1126 societate.

1121 1146 1153 1172 Et
1167 1143 1242 1180 quid
1255 1143 1373 1172 dulcius
1387 1152 1449 1172 esse
1463 1145 1571 1181 potest,
1595 1151 1688 1180 quam
1703 1151 1766 1172 esso
1779 1151 1902 1173 consor-

1121 1194 1181 1220 tem
1200 1193 1370 1220 sanctorum
1391 1193 1541 1220 tantorum
1555 1199 1625 1220 cum
1645 1190 1758 1219 Christo
1777 1199 1904 1228 regnan-

1121 1238 1214 1267 tium?
1230 1239 1251 1266 Ο
1262 1238 1338 1267 mira
1352 1239 1486 1274 societas,
1502 1241 1531 1267 et
1544 1238 1702 1275 praedulcis
1715 1246 1753 1266 ex
1764 1239 1903 1269 societate

1121 1285 1261 1320 suavitas,
1281 1286 1383 1314 videre
1406 1288 1447 1314 tot
1461 1287 1632 1314 sanctorum
1647 1285 1752 1321 millia,
1769 1286 1820 1322 qui
1835 1294 1902 1314 om-

1122 1341 1172 1361 nes
1193 1334 1261 1360 sunt
1281 1340 1375 1369 reges,
1398 1335 1427 1361 ct
1449 1340 1583 1370 purpura
1602 1332 1710 1367 vestiti,
1733 1332 1903 1363 diademate

1122 1379 1267 1414 coronati,
1282 1387 1371 1416 super
1385 1380 1480 1408 solem
1494 1380 1573 1408 hunc
1587 1379 1740 1414 luminosi,
1761 1380 1903 1409 omnibus

1123 1428 1210 1456 honis
1230 1427 1323 1464 pleni,
1345 1430 1373 1455 et
1391 1429 1450 1456 Deo
1466 1427 1626 1455 simillimi!
1643 1427 1726 1456 Unde
1745 1427 1853 1456 dicitur
1871 1429 1903 1458 in

1122 1475 1238 1502 Psalmo
1255 1475 1286 1502 ⁶:
1306 1473 1512 1502 «exultabunt
1536 1474 1632 1502 Sancti
1656 1474 1686 1501 in
1710 1473 1815 1509 gloria.
1833 1486 1846 1502 u
1873 1477 1905 1505 Et

1123 1522 1196 1558 quid
1222 1522 1353 1549 mirum?
1369 1521 1439 1549 Miro
1460 1521 1553 1549 modo
1572 1520 1703 1556 gaudent
1723 1521 1847 1550 aviculae
1868 1523 1904 1551 si-

1123 1569 1185 1596 mul
1198 1569 1313 1603 junctoe.
1326 1570 1398 1596 Nam
1409 1570 1437 1596 et
1450 1568 1597 1596 columbae
1610 1568 1751 1603 gaudent,
1764 1570 1792 1596 et
1804 1577 1904 1606 grues,

1123 1616 1145 1643 si
1162 1624 1180 1643 a
1194 1615 1330 1643 socictate
1341 1615 1513 1649 erraverint,
1529 1614 1652 1651 quando
1667 1615 1822 1643 consocias
1833 1624 1904 1645 suas

1123 1662 1298 1690 invenerint.
1315 1661 1448 1690 Gaudent
1471 1661 1646 1689 mirabiliter
1667 1661 1815 1697 homines,
1835 1671 1904 1691 cum

1123 1709 1181 1737 sint
1199 1709 1294 1736 securi
1314 1717 1382 1736 cum
1397 1709 1509 1736 amicis.
1527 1710 1603 1744 Ergo
1619 1710 1763 1744 quantum
1779 1710 1822 1737 est
1833 1717 1906 1745 gau-

1124 1755 1219 1790 dium,
1244 1756 1304 1783 imo
1328 1763 1381 1783 nec
1401 1755 1463 1783 ulla
1482 1755 1585 1791 lingua
1615 1755 1818 1788 narrandum.
1840 1759 1905 1784 tan-

1125 1805 1184 1831 tam
1199 1802 1299 1830 videre
1321 1802 1543 1830 multitudinem
1567 1802 1751 1837 amicorum,
1776 1803 1906 1839 perfecta

1125 1850 1264 1878 charitate
1284 1858 1313 1877 sc
1329 1849 1504 1883 amantium,
1521 1851 1548 1877 et
1562 1849 1677 1877 honum
1700 1849 1846 1885 omnium,
1869 1850 1906 1879 si-

1126 1899 1173 1925 cut
1188 1905 1285 1929 suum,
1304 1897 1472 1932 optantium
1484 1897 1497 1923 ‘t

1160 1943 1307 1978 Secundo,
1331 1944 1426 1979 gloria
1449 1943 1594 1971 aeternalis
1617 1943 1747 1971 consistit
1768 1943 1797 1971 in
1818 1943 1907 1980 plena

1126 1991 1261 2019 omnium
1283 1991 1434 2018 bonorum
1458 1991 1597 2018 satietate.
1624 1992 1654 2018 ln
1669 1990 1724 2018 hac
1747 1990 1825 2018 enim
1846 1991 1907 2019 vita

1126 2046 1244 2074 semper
1262 2038 1389 2065 scientiis
1409 2038 1511 2073 pertici
1527 2037 1677 2072 volumus,
1692 2040 1719 2065 et
1739 2044 1906 2073 nunquam,

1127 2085 1210 2121 quod
1226 2085 1373 2120 cupimus,
1390 2084 1573 2118 obtinemus;
1591 2083 1663 2120 quin
1679 2085 1907 2119 quantumcum-

1126 2140 1184 2167 que
1212 2131 1405 2166 intelligendo
1431 2131 1591 2164 discamus,
1620 2130 1668 2158 vel
1696 2130 1906 2166 proficiamus,

1125 2186 1242 2214 semper
1249 2180 1391 2214 superest,
1403 2177 1486 2214 quod
1496 2185 1673 2213 (luseramus.
1687 2176 1767 2205 Unde
1780 2177 1906 2213 quidam

1126 2226 1332 2262 philosophus,
1349 2234 1416 2253 cum
1432 2226 1471 2253 ad
1490 2228 1617 2253 mortem
1633 2225 1770 2260 venisset,
1785 2225 1858 2254 dixit
1876 2234 1906 2254 se

1126 2274 1223 2301 solum
1240 2273 1276 2301 de
1300 2275 1395 2300 morte
1419 2272 1533 2306 dolere,
1553 2272 1623 2307 quia
1646 2280 1725 2300 nune
1747 2272 1907 2309 incipiebat

1126 2321 1248 2348 discere.
1265 2320 1343 2348 Alius
1358 2319 1566 2355 philosophus,
1581 2319 1740 2355 requisitus
1758 2319 1811 2346 ubi
1831 2322 1906 2347 esset

1126 2368 1267 2395 terminus
1284 2366 1410 2393 scientiae
1430 2375 1436 2393 :
1465 2366 1532 2399 rbi,
1556 2366 1660 2402 inquit,
1683 2367 1711 2393 et
1730 2365 1804 2393 vitae.
1835 2367 1905 2394 item

1126 2417 1210 2442 tantm
1237 2413 1406 2449 capacitatis
1431 2413 1568 2441 voluntas
1589 2412 1721 2440 humana
1744 2412 1848 2447 existit,
1874 2415 1905 2441 ut

1125 2460 1264 2489 omnibus
1289 2459 1376 2487 bonis
1395 2460 1493 2487 satiari
1509 2467 1570 2487 non
1590 2458 1682 2494 possit
1706 2467 1712 2485 :
1730 2458 1809 2486 unde
1826 2461 1904 2487 totus

1126 2508 1255 2535 mundus
1269 2507 1437 2535 Alexandro
1450 2514 1510 2534 non
1524 2506 1654 2540 sutl'ecit;
1671 2514 1724 2534 nec
1740 2507 1847 2534 Neroni
1861 2515 1903 2535 re-

1124 2563 1216 2591 gnum
1245 2563 1332 2582 suum
1362 2562 1496 2590 unquam
1522 2553 1617 2588 potuit
1644 2561 1706 2580 esse
1734 2553 1901 2589 sufficiens,

1124 2602 1206 2638 quod
1223 2602 1363 2637 possedit.
1382 2603 1456 2636 Ergo
1471 2602 1581 2636 quanta
1595 2601 1637 2627 est
1647 2601 1742 2635 gloria
1758 2601 1818 2634 illa,
1834 2609 1901 2637 quae

1124 2649 1164 2676 sio
1179 2649 1361 2676 intellectum
1376 2649 1573 2682 consummat,
1599 2649 1627 2674 et
1648 2647 1785 2675 affectum
1805 2648 1900 2682 satiat,

1124 2716 1146 2737 2.
1164 2726 1194 2730 -
1215 2713 1222 2726 ⁴
1245 2712 1312 2737 Psal.
1334 2717 1379 2742 vii,
1399 2713 1422 2735 6.
1438 2723 1468 2729 -
1486 2711 1496 2727 ¹⁵
1519 2710 1538 2734 ll
1560 2710 1628 2741 Κεφ,
1647 2716 1685 2741 vi,
1704 2712 1733 2735 14
1754 2713 1778 2736 et
1798 2718 1852 2744 seq.
1869 2724 1899 2730 —

1123 2752 1127 2762 ¹
1147 2748 1215 2773 Psal.
1231 2754 1318 2778 cxmx,
1334 2749 1356 2771 5.
