2029 3052
698 191 813 225 CIRCA
833 191 1025 225 REGULAM
1048 193 1080 225 S.
1105 192 1323 227 FRANCISCI.

242 260 427 302 Respondeo
439 271 446 292 ε
457 260 594 293 Vitiosos
605 260 638 292 in
646 260 708 292 hoc
719 260 794 292 etin
804 260 874 292 aliis
884 269 979 293 excu-

200 323 271 347 sare
285 324 352 347 non
367 315 480 354 audeo,
503 317 540 347 ut
554 315 641 354 dixi;
667 314 721 347 sed
742 314 901 346 rationem
922 324 979 356 pro

199 368 273 407 illis,
289 369 344 410 qui
360 369 481 401 ratione
495 369 669 408 ducuntur,
685 372 716 401 et
732 369 785 410 pia
803 369 978 401 intentione

199 423 308 454 omnia
323 423 455 463 faciunt,
471 424 637 456 ostendere
653 423 816 456 benevolis
831 433 918 455 nunc
933 424 979 454 in-

198 477 309 509 tendo:
328 477 405 518 quia
416 477 578 517 malevoli,
589 478 644 519 qui
659 478 764 518 magis
774 478 856 509 facta
870 479 979 509 nostra

198 531 389 563 calumniari
402 531 593 571 desiderant,
610 541 707 573 quam
728 541 905 572 agnoscere
919 541 979 564 ve-

197 584 336 625 ritatem,
362 586 469 626 magis
487 586 605 625 dolent,
626 586 665 626 si,
692 589 817 618 ostensa
831 586 975 626 ratione,

197 638 243 670 eis
273 641 408 672 materia
437 640 637 672 subtrahitur
669 640 866 672 detrahendi.
897 640 978 678 Quia

197 692 348 726 inimicus
363 694 433 726 vult
442 695 549 735 potius
563 703 675 726 causas
689 694 892 734 malignandi
903 703 978 725 con-

196 749 247 779 tra
274 757 361 787 eum,
393 758 491 790 quem
520 749 597 789 odit,
628 749 690 780 sibi
716 749 845 788 adesse,
877 757 975 790 quam

196 801 316 842 abesse,
327 804 364 834 ut
376 812 440 834 non
450 812 491 834 ex
500 803 634 843 invidia,
649 803 704 835 sed
714 812 754 834 ex
761 803 886 843 justitia
900 811 975 834 eum

195 856 344 897 persequi
357 856 515 888 videatur.
533 856 624 895 Quod
639 858 746 888 autem
757 866 846 888 nunc
855 857 974 897 potius,

196 919 294 951 quam
310 910 397 951 olim,
414 911 565 943 videmur
580 911 790 942 mendicando
804 911 898 951 plura
911 911 975 942 col-

195 964 307 1005 ligere,
330 965 414 997 inter
432 965 510 997 alias
532 966 722 1007 principales
743 974 866 1005 causas,
894 975 976 1007 quas

195 1020 285 1059 potes
305 1019 473 1052 advertere
495 1029 588 1052 veras
611 1030 691 1059 esse,
716 1029 781 1052 una
804 1022 862 1060 est,
889 1020 975 1061 quod

195 1081 270 1104 cum
292 1073 369 1105 olim
383 1074 478 1115 pauci
501 1075 614 1106 fratres
634 1075 768 1106 fuissent
789 1074 822 1105 in
844 1074 973 1113 ordine,

194 1135 282 1158 nunc
305 1128 406 1160 multo
428 1128 536 1169 plures
559 1130 636 1160 sunt
652 1129 788 1169 ubique,
813 1130 845 1160 et
868 1129 975 1169 plures

193 1180 343 1221 pluribus
357 1182 516 1223 indigent,
542 1185 662 1224 quanto
681 1191 837 1214 numerus
856 1192 975 1215 nume-

193 1243 267 1266 rum
291 1236 425 1276 excedit,
449 1239 480 1268 et
505 1237 673 1276 omnibus,
701 1247 775 1278 quae
803 1238 974 1270 necessitas

194 1290 338 1331 requirit,
363 1293 410 1322 est
425 1292 532 1332 magis
546 1301 638 1333 opus.
655 1292 736 1324 Nam
752 1292 907 1324 Dominus
923 1293 972 1324 in-

193 1344 263 1375 fans
287 1347 392 1384 natus,
419 1346 543 1378 modico
565 1346 741 1378 diversorio
764 1349 795 1378 et
818 1347 973 1388 praesepio

193 1400 361 1430 contentus
375 1400 454 1439 fuit3
473 1401 527 1432 sed
542 1403 726 1441 aggregata
740 1401 972 1446 discipulorum

193 1453 298 1492 turba,
325 1453 363 1484 ad
383 1453 631 1486 celebrationem
656 1455 813 1495 paschalis
833 1455 971 1487 convivii

193 1507 344 1547 quaesivit
359 1508 419 1539 sibi
434 1509 610 1549 praeparari
624 1509 827 1540 coenaculum
850 1510 972 1549 grande

192 1563 340 1593 stratum.
358 1561 505 1594 Secunda
518 1572 614 1594 causa
629 1565 686 1602 est,
703 1563 789 1604 quod
801 1563 885 1594 inter
900 1563 971 1604 plu—

192 1624 243 1647 res
256 1618 331 1647 sunt
345 1617 441 1648 etiam
457 1617 576 1648 debiles
593 1619 625 1649 et
638 1618 772 1656 infirmi,
789 1619 820 1649 et
832 1618 973 1649 maxime

191 1670 259 1710 qui,
277 1670 354 1702 olim
368 1674 508 1702 strenuae
523 1672 690 1712 religionis
709 1674 740 1703 et
761 1672 871 1703 arduae
892 1682 973 1713 pau-

190 1725 321 1764 pertatis
336 1725 463 1765 pondus
475 1735 532 1766 per
547 1734 649 1757 annos
676 1725 831 1766 plurimos
845 1728 972 1766 portan-

191 1779 249 1817 tes,
265 1787 353 1810 nunc
363 1788 404 1810 ex
419 1779 571 1810 humanae
587 1780 786 1811 mortalitatis
798 1780 972 1811 defectibus

190 1829 307 1872 lassati,
334 1835 469 1872 cogente
489 1833 559 1873 ipsa
582 1833 744 1873 charitate,
769 1843 835 1865 non
857 1834 972 1865 debent

191 1886 250 1926 ipsi
280 1888 316 1918 ut
343 1887 473 1918 infirma
504 1896 619 1927 pecora
646 1888 796 1928 relinqui,
828 1889 883 1919 sed
907 1888 970 1928 pie,

191 1941 348 1981 quamdiu
367 1943 517 1981 poterunt
535 1942 589 1982 (a),
610 1942 803 1973 fulcimentis
819 1951 972 1983 corpora-

190 1994 271 2026 lium
293 1996 519 2027 necessitatum
536 2005 593 2036 pro
612 1996 845 2035 misericordia,
869 1999 900 2028 et
913 2007 972 2038 pro

191 2049 330 2081 aliorum
351 2050 571 2086 aedificatione,
592 2052 623 2081 et
644 2060 703 2091 pro
724 2051 894 2091 juniorum
918 2051 970 2082 in-

191 2105 363 2136 structione
376 2105 558 2136 sustentari.
577 2104 614 2136 Et
629 2107 758 2145 propter
770 2105 848 2136 tales
858 2115 972 2146 oppor-

191 2161 235 2190 tet
250 2161 280 2190 et
296 2160 424 2200 expedit
440 2160 531 2200 plura
552 2160 625 2200 peti.
644 2159 750 2190 Tertia
770 2168 876 2199 causa,
895 2160 971 2200 quia

190 2213 299 2254 plures
323 2215 418 2246 modo
443 2214 660 2246 mendicantes
681 2216 755 2245 sunt
775 2214 808 2244 in
834 2214 971 2245 Ecclesia

191 2268 228 2298 de
252 2268 387 2300 diversis
411 2268 586 2307 ordinibus,
610 2270 640 2299 et
654 2268 739 2309 quod
758 2268 851 2299 nobis
865 2269 970 2300 solum

190 2321 326 2353 dabatur
349 2323 526 2362 integrum,
548 2332 635 2354 nunc
656 2322 839 2353 minutatim
854 2322 968 2354 dividi-

190 2377 243 2407 tur
257 2376 342 2408 inter
357 2377 475 2417 plures.
492 2377 581 2409 Unde
595 2377 744 2417 cogimur
764 2386 852 2407 nunc
874 2377 970 2408 latius

190 2431 279 2461 tanto
304 2432 438 2471 vagari,
464 2441 529 2472 qno
551 2432 658 2462 minus
679 2431 713 2461 in
736 2431 813 2462 locis
832 2431 970 2471 singulis

189 2484 285 2516 datur
299 2486 403 2516 nobis.
420 2485 510 2523 Quod
523 2486 609 2516 enim
629 2485 799 2525 aliquando
813 2485 967 2516 offereba-

189 2540 244 2570 tur
268 2540 361 2571 nobis
383 2549 449 2571 non
470 2540 701 2580 quaerentibus,
725 2549 811 2571 nunc
832 2541 888 2572 vix
914 2549 970 2580 per

190 2592 316 2625 diversa
331 2594 514 2625 minutatim
540 2594 725 2634 colligimus
745 2603 820 2626 cum
838 2595 967 2626 rubore.

191 2645 230 2677 Et
249 2650 374 2688 oportet
397 2658 455 2680 nos
477 2650 595 2689 petere,
612 2648 688 2689 quia
708 2657 773 2680 non
790 2649 969 2688 petentibus

221 2710 255 2741 (a)
272 2710 333 2736 Caet.
346 2711 407 2737 edit.
422 2712 543 2743 poterint.

1759 199 1818 230 607

1036 270 1150 302 parum
1161 261 1266 302 datur,
1279 263 1358 295 dum
1369 272 1409 295 ex
1420 263 1628 296 multitudine
1640 265 1818 306 petentium

1035 314 1184 347 homines
1199 319 1273 348 sunt
1286 317 1406 349 lassati.
1422 317 1482 356 Qui
1496 320 1606 350 autem
1620 327 1678 360 per
1690 327 1724 351 se
1737 319 1818 350 nihil

1036 369 1168 409 habent,
1184 379 1312 402 necesse
1334 372 1380 403 est
1402 381 1457 404 eos
1473 372 1582 404 omnia
1597 373 1717 413 quibus
1733 373 1818 405 indi-

1035 425 1114 463 gent
1129 424 1169 455 ab
1184 423 1254 455 aliis
1272 425 1441 465 postulare,
1466 425 1516 457 vel
1535 435 1654 465 carere,
1677 425 1738 457 nisi
1761 435 1816 459 ve·-

1034 477 1095 509 lint
1110 478 1215 511 illicite
1230 481 1405 521 acquirere,
1428 481 1479 514 vel
1499 491 1705 523 quocumque
1723 482 1817 514 modo

1035 532 1120 572 apud
1135 533 1214 564 alios
1232 534 1404 575 deservire,
1428 535 1480 568 vel
1494 536 1555 567 nisi
1572 536 1675 576 gratis
1695 537 1741 568 eis
1760 536 1817 568 do-

1034 588 1140 618 netur.
1171 587 1290 625 Quarta
1318 598 1425 628 causa,
1453 599 1519 622 non
1548 593 1656 622 tamen
1685 591 1816 622 omnino

1034 641 1306 680 commendabilis,
1329 643 1384 675 sed
1406 653 1464 684 pro
1483 644 1591 685 aliqua
1612 647 1702 685 parte
1716 654 1815 677 excu-

1034 694 1142 726 sabilis
1156 695 1288 735 accedit,
1305 697 1382 737 quia
1395 698 1449 738 qui
1465 707 1530 729 non
1550 700 1596 730 est
1614 699 1736 740 patiens
1759 709 1815 740 pe-

1033 748 1150 788 nuriae,
1167 749 1201 780 in
1211 749 1261 781 his
1276 750 1395 791 quibus
1406 751 1540 792 indiget,
1553 753 1645 793 plura
1656 763 1733 785 eum
1743 763 1816 786 con-

1033 803 1160 843 quirere
1176 806 1311 845 oportet,
1329 807 1387 836 etc.

1278 919 1482 960 QUAESTIO
1510 921 1570 955 IX.

1068 999 1133 1033 Quae
1155 1002 1194 1028 sit
1218 1009 1299 1030 causa
1322 1004 1504 1039 impatientiae
1525 1006 1649 1040 penurioe
1673 1007 1703 1033 in
1725 1007 1778 1041 fine

1187 1048 1366 1082 praecedentis
1385 1051 1545 1084 quoescz'om‘s
1565 1049 1656 1079 dictae.

1072 1127 1152 1159 ltem
1166 1138 1278 1169 quaero
1297 1139 1304 1159 ε
1326 1129 1404 1168 Quae
1425 1133 1527 1170 potest
1545 1141 1614 1163 esse
1633 1132 1734 1173 hujus
1748 1133 1813 1164 im-

1030 1182 1192 1222 patientia}
1207 1193 1312 1223 causa,
1337 1184 1396 1216 nisi
1416 1185 1659 1227 voluptuositas,
1677 1197 1751 1229 quae
1765 1188 1813 1219 nil

1030 1237 1102 1269 vult
1124 1238 1184 1268 sibi
1203 1238 1311 1270 deesse
1326 1238 1457 1271 illorum
1485 1250 1559 1281 quae
1580 1242 1720 1282 appetit,
1738 1252 1812 1283 quae

1030 1292 1136 1323 omnis
1151 1291 1371 1332 religiositatis
1385 1295 1433 1324 est
1448 1295 1676 1327 exterminium
1687 1297 1702 1327 ?

1071 1345 1256 1386 Respondeo
1272 1356 1280 1378 ε
1297 1347 1384 1386 Haec,
1401 1348 1458 1378 etsi
1479 1349 1510 1379 in
1535 1349 1727 1389 quibusdam
1751 1351 1810 1382 ha-

1029 1398 1101 1430 beat
1116 1399 1233 1439 locum,
1251 1410 1317 1432 non
1331 1403 1441 1432 tamen
1453 1404 1500 1433 est
1515 1403 1620 1443 potior
1634 1413 1741 1444 causa,
1757 1405 1812 1437 sed

1028 1454 1099 1484 aliae
1119 1455 1278 1494 quaedam.
1302 1454 1381 1494 Una,
1408 1455 1500 1496 quia,
1522 1458 1558 1487 ut
1587 1457 1708 1489 dictum
1737 1461 1809 1498 est,

1028 1507 1135 1547 plures
1163 1508 1320 1540 habemus
1347 1509 1466 1541 debiles
1486 1512 1517 1541 et
1541 1511 1687 1544 infirmos
1713 1523 1810 1554 quam

1027 1561 1116 1600 olim,
1133 1571 1208 1593 cum
1222 1572 1334 1594 omnes
1349 1564 1414 1594 fere
1431 1566 1522 1595 erant
1534 1566 1610 1597 novi
1625 1566 1658 1597 in
1674 1566 1807 1599 Ordine:

1028 1616 1083 1656 qui
1104 1625 1178 1647 cum
1203 1616 1311 1648 lassati
1327 1618 1408 1657 Jam,
1432 1620 1463 1648 et
1484 1619 1630 1650 exhausti
1656 1620 1720 1651 sint
1734 1621 1811 1652 viri-

1027 1669 1099 1709 bus,
1124 1672 1248 1711 oportet
1265 1673 1301 1702 ut
1320 1671 1515 1710 reficiantur,
1532 1682 1572 1704 ne
1587 1674 1714 1713 penitus
1731 1675 1810 1707 defi-

1027 1724 1123 1763 ciant,
1139 1725 1225 1765 quod
1240 1727 1321 1756 esset
1336 1727 1447 1756 contra
1471 1726 1710 1767 misericordiae,
1733 1730 1812 1761 cha·-

1027 1778 1144 1817 ritatis,
1170 1781 1199 1809 et
1227 1779 1426 1810 discretionis
1448 1780 1602 1812 virtutem
1630 1791 1704 1813 cum
1732 1783 1809 1815 tales

1027 1831 1168 1862 maxime
1197 1833 1327 1864 consilio
1353 1842 1422 1871 suo,
1453 1837 1484 1865 et
1512 1835 1596 1873 zelo,
1625 1837 1655 1866 et
1683 1836 1809 1876 pietatis

1027 1885 1175 1926 exemplo
1191 1888 1372 1918 sustentent
1392 1887 1541 1919 Ordinem
1556 1889 1590 1919 in
1606 1898 1664 1921 suo
1679 1889 1806 1930 vigore,

1026 1949 1067 1970 ne
1091 1940 1198 1971 subito
1229 1944 1356 1972 corruat
1377 1951 1394 1973 a
1420 1943 1554 1983 pristina
1574 1944 1724 1984 puritate.
1756 1945 1808 1977 Li-

1026 1995 1075 2025 cet
1103 1994 1221 2026 virtute
1246 1996 1401 2036 corporali
1429 1998 1498 2037 Jam
1525 2007 1590 2029 non
1610 1998 1691 2030 sicut
1708 1999 1806 2038 olim,

1026 2048 1205 2080 eminenter
1226 2049 1424 2081 aestimentur
1443 2050 1559 2090 lucere,
1584 2054 1714 2092 propter
1735 2063 1808 2085 cor-

1025 2103 1112 2143 poris
1125 2103 1384 2143 destructionem,
1401 2107 1457 2136 aut
1480 2108 1615 2146 oportet,
1633 2108 1718 2147 quod
1733 2118 1809 2140 con-

1025 2159 1074 2188 tra
1088 2158 1340 2189 misericordiam
1357 2159 1492 2190 deficere
1506 2160 1613 2192 subito
1624 2162 1807 2201 permittan-

1025 2212 1088 2250 tur,
1099 2214 1130 2242 et
1145 2214 1221 2243 tunc
1236 2212 1344 2243 exboc
1354 2213 1460 2252 magis
1470 2213 1630 2245 fovebitur
1644 2215 1678 2246 111
1690 2215 1806 2249 Ordine

1025 2265 1203 2305 carnalitas,
1229 2266 1306 2307 quia
1327 2266 1460 2307 quilibet
1480 2268 1613 2307 Juvenis
1636 2271 1667 2300 et
1688 2279 1802 2310 sanus,

1025 2321 1198 2352 instructus
1216 2321 1323 2351 carnis
1343 2321 1523 2361 prudentia,
1545 2323 1700 2363 cogitabit
1720 2326 1804 2365 apud

1025 2383 1071 2413 se,
1082 2375 1209 2406 dicens:
1225 2374 1257 2406 Si
1273 2375 1351 2406 tales
1367 2376 1441 2415 viri,
1452 2377 1507 2417 qui
1524 2386 1581 2417 pro
1595 2378 1805 2411 aedificatione

1025 2428 1150 2460 Ordinis
1177 2439 1310 2470 corpora
1336 2440 1396 2461 sua
1432 2431 1631 2463 tradiderunt
1653 2433 1804 2465 omnibus

1024 2483 1208 2523 laboribus,
1233 2484 1326 2515 modo
1344 2484 1498 2515 debilitati
1514 2485 1557 2516 sic
1574 2487 1804 2525 permittuntur

1024 2538 1144 2579 absque
1167 2538 1385 2569 misericordia
1409 2539 1523 2578 perire,
1549 2539 1624 2570 volo
1647 2540 1726 2571 mihi
1750 2550 1801 2572 ca—

1024 2602 1110 2632 vere,
1131 2595 1162 2624 et
1184 2602 1314 2633 parcere
1340 2592 1475 2632 corpori,
1499 2595 1530 2624 et
1559 2593 1638 2625 illud
1667 2595 1803 2627 fovendo
1854 2607 1857 2609 ·

1024 2647 1198 2687 custodire,
1225 2656 1265 2678 ne
1287 2646 1368 2677 1111111
1391 2646 1537 2679 similiter
1561 2647 1739 2688 contingat.
1763 2648 1803 2680 Et

1023 2702 1068 2733 sic
1080 2701 1196 2742 aliquis
1211 2701 1339 2733 audebit
1352 2700 1390 2732 de
1403 2702 1518 2733 caetero
1533 2701 1589 2734 vix
1602 2702 1802 2735 ferventerin
