<?xml version="1.0" encoding="UTF-8"?>
<!DOCTYPE html PUBLIC "-//W3C//DTD XHTML 1.0 Transitional//EN"
    "http://www.w3.org/TR/xhtml1/DTD/xhtml1-transitional.dtd">
<html xmlns="http://www.w3.org/1999/xhtml" xml:lang="en" lang="en">
 <head>
  <title>
</title>
<meta http-equiv="Content-Type" content="text/html;charset=utf-8" />
  <meta name='ocr-system' content='tesseract 3.04.00' />
  <meta name='ocr-capabilities' content='ocr_page ocr_carea ocr_par ocr_line ocrx_word'/>
</head>
<body>
  <div class='ocr_page' id='page_1' title='image "./operaomniasixtiv14bonauoft_0040.png"; bbox 0 0 1955 3021; ppageno 0'>
   <div class='ocr_carea' id='block_1_1' title="bbox 78 2422 157 2478">
    <p class='ocr_par' dir='ltr' id='par_1_1' title="bbox 78 2422 157 2478">
     <span class='ocr_line' id='line_1_1' title="bbox 79 2422 157 2440; baseline -0.013 0"><span class='ocrx_word' id='word_1_1' title='bbox 79 2422 157 2440; x_wconf 69' lang='lat' dir='ltr'><strong>Exom-</strong></span> 
     </span>
     <span class='ocr_line' id='line_1_2' title="bbox 78 2452 146 2478; baseline 0 -7"><span class='ocrx_word' id='word_1_2' title='bbox 78 2452 146 2478; x_wconf 78' lang='lat' dir='ltr'><strong>plum.</strong></span> 
     </span>
    </p>
   </div>
   <div class='ocr_carea' id='block_1_2' title="bbox 995 157 1005 169">
    <p class='ocr_par' dir='ltr' id='par_1_2' title="bbox 995 157 1005 169">
     <span class='ocr_line' id='line_1_3' title="bbox 995 157 1005 169; baseline 0 0"><span class='ocrx_word' id='word_1_3' title='bbox 995 157 1005 169; x_wconf 78' lang='grc'><strong><em>1</em></strong></span> 
     </span>
    </p>
   </div>
   <div class='ocr_carea' id='block_1_3' title="bbox 213 208 1426 255">
    <p class='ocr_par' dir='ltr' id='par_1_3' title="bbox 213 208 1426 255">
     <span class='ocr_line' id='line_1_4' title="bbox 213 208 1426 255; baseline -0.001 -11"><span class='ocrx_word' id='word_1_4' title='bbox 213 214 234 244; x_wconf 73' lang='lat'><strong>2</strong></span> <span class='ocrx_word' id='word_1_5' title='bbox 598 247 602 255; x_wconf 36' lang='lat'><strong>⁴</strong></span> <span class='ocrx_word' id='word_1_6' title='bbox 623 210 834 245; x_wconf 81' lang='lat' dir='ltr'><strong>SERMONES</strong></span> <span class='ocrx_word' id='word_1_7' title='bbox 854 210 907 244; x_wconf 87' lang='lat' dir='ltr'><strong>DE</strong></span> <span class='ocrx_word' id='word_1_8' title='bbox 927 209 1096 244; x_wconf 77' lang='lat' dir='ltr'><strong>SANc&#39;rls</strong></span> <span class='ocrx_word' id='word_1_9' title='bbox 1116 209 1159 243; x_wconf 88' lang='lat' dir='ltr'><strong>IN</strong></span> <span class='ocrx_word' id='word_1_10' title='bbox 1180 208 1376 244; x_wconf 73' lang='lat' dir='ltr'><strong>conmuni.</strong></span> <span class='ocrx_word' id='word_1_11' title='bbox 1400 209 1426 242; x_wconf 89' lang='lat'><strong>1.</strong></span> 
     </span>
    </p>
   </div>
   <div class='ocr_carea' id='block_1_4' title="bbox 197 277 994 2575">
    <p class='ocr_par' dir='ltr' id='par_1_4' title="bbox 197 277 994 2575">
     <span class='ocr_line' id='line_1_5' title="bbox 213 277 993 317; baseline -0.001 -9"><span class='ocrx_word' id='word_1_12' title='bbox 213 279 278 316; x_wconf 85' lang='lat' dir='ltr'><strong>eJ&#39;us</strong></span> <span class='ocrx_word' id='word_1_13' title='bbox 287 279 427 308; x_wconf 82' lang='lat' dir='ltr'><strong>naturam</strong></span> <span class='ocrx_word' id='word_1_14' title='bbox 433 286 544 317; x_wconf 86' lang='lat' dir='ltr'><strong>puram</strong></span> <span class='ocrx_word' id='word_1_15' title='bbox 552 286 616 308; x_wconf 82' lang='lat' dir='ltr'><strong>esse</strong></span> <span class='ocrx_word' id='word_1_16' title='bbox 625 277 812 308; x_wconf 76' lang='lat' dir='ltr'><strong>monstravit.</strong></span> <span class='ocrx_word' id='word_1_17' title='bbox 821 280 902 308; x_wconf 84' lang='lat' dir='ltr'><strong>Tunc</strong></span> <span class='ocrx_word' id='word_1_18' title='bbox 911 277 993 308; x_wconf 85' lang='lat' dir='ltr'><strong>enim</strong></span> 
     </span>
     <span class='ocr_line' id='line_1_6' title="bbox 212 325 993 364; baseline 0 -9"><span class='ocrx_word' id='word_1_19' title='bbox 212 325 323 356; x_wconf 82' lang='lat' dir='ltr'><strong>albedo</strong></span> <span class='ocrx_word' id='word_1_20' title='bbox 338 325 446 356; x_wconf 84' lang='lat' dir='ltr'><strong>dicitur</strong></span> <span class='ocrx_word' id='word_1_21' title='bbox 458 334 522 356; x_wconf 89' lang='lat' dir='ltr'><strong>esse</strong></span> <span class='ocrx_word' id='word_1_22' title='bbox 535 334 623 364; x_wconf 86' lang='lat' dir='ltr'><strong>pura,</strong></span> <span class='ocrx_word' id='word_1_23' title='bbox 641 325 766 363; x_wconf 79' lang='lat' dir='ltr'><strong>quando</strong></span> <span class='ocrx_word' id='word_1_24' title='bbox 780 325 818 355; x_wconf 87' lang='lat' dir='ltr'><strong>de</strong></span> <span class='ocrx_word' id='word_1_25' title='bbox 836 325 993 363; x_wconf 77' lang='lat' dir='ltr'>nigredine</span> 
     </span>
     <span class='ocr_line' id='line_1_7' title="bbox 211 372 994 411; baseline -0.001 -9"><span class='ocrx_word' id='word_1_26' title='bbox 211 373 287 402; x_wconf 86' lang='lat' dir='ltr'>nihil</span> <span class='ocrx_word' id='word_1_27' title='bbox 300 375 344 402; x_wconf 85' lang='lat' dir='ltr'><strong>est</strong></span> <span class='ocrx_word' id='word_1_28' title='bbox 363 373 390 403; x_wconf 89' lang='lat' dir='ltr'><strong>ei</strong></span> <span class='ocrx_word' id='word_1_29' title='bbox 407 373 598 411; x_wconf 79' lang='lat' dir='ltr'><strong>permixtum.</strong></span> <span class='ocrx_word' id='word_1_30' title='bbox 617 375 651 402; x_wconf 83' lang='lat' dir='ltr'><strong>Et</strong></span> <span class='ocrx_word' id='word_1_31' title='bbox 668 374 740 402; x_wconf 82' lang='lat' dir='ltr'><strong>tuno</strong></span> <span class='ocrx_word' id='word_1_32' title='bbox 759 372 865 401; x_wconf 86' lang='lat' dir='ltr'><strong>vinum</strong></span> <span class='ocrx_word' id='word_1_33' title='bbox 884 372 994 402; x_wconf 82' lang='lat' dir='ltr'><strong>dieitur</strong></span> 
     </span>
     <span class='ocr_line' id='line_1_8' title="bbox 211 419 994 458; baseline -0.003 -8"><span class='ocrx_word' id='word_1_34' title='bbox 211 428 275 450; x_wconf 84' lang='lat' dir='ltr'><strong>esse</strong></span> <span class='ocrx_word' id='word_1_35' title='bbox 295 428 418 458; x_wconf 88' lang='lat' dir='ltr'><strong>purum,</strong></span> <span class='ocrx_word' id='word_1_36' title='bbox 437 420 560 458; x_wconf 84' lang='lat' dir='ltr'><strong>quando</strong></span> <span class='ocrx_word' id='word_1_37' title='bbox 583 420 623 449; x_wconf 81' lang='lat' dir='ltr'><strong>ah</strong></span> <span class='ocrx_word' id='word_1_38' title='bbox 651 420 733 449; x_wconf 89' lang='lat' dir='ltr'><strong>omni</strong></span> <span class='ocrx_word' id='word_1_39' title='bbox 761 419 927 457; x_wconf 78' lang='lat' dir='ltr'><strong>aquositate</strong></span> <span class='ocrx_word' id='word_1_40' title='bbox 949 421 994 449; x_wconf 81' lang='lat' dir='ltr'><strong>est</strong></span> 
     </span>
     <span class='ocr_line' id='line_1_9' title="bbox 210 466 993 506; baseline -0.003 -9"><span class='ocrx_word' id='word_1_41' title='bbox 210 471 389 506; x_wconf 82' lang='lat' dir='ltr'><strong>separatum.</strong></span> <span class='ocrx_word' id='word_1_42' title='bbox 419 468 510 505; x_wconf 80' lang='lat' dir='ltr'><strong>igitur</strong></span> <span class='ocrx_word' id='word_1_43' title='bbox 525 467 621 502; x_wconf 78' lang='lat' dir='ltr'><strong>stella,</strong></span> <span class='ocrx_word' id='word_1_44' title='bbox 643 475 712 496; x_wconf 90' lang='lat' dir='ltr'><strong>cum</strong></span> <span class='ocrx_word' id='word_1_45' title='bbox 733 475 769 496; x_wconf 89' lang='lat' dir='ltr'><strong>ex</strong></span> <span class='ocrx_word' id='word_1_46' title='bbox 790 467 860 496; x_wconf 88' lang='lat' dir='ltr'><strong>luce</strong></span> <span class='ocrx_word' id='word_1_47' title='bbox 882 467 919 495; x_wconf 88' lang='lat' dir='ltr'><strong>sit</strong></span> <span class='ocrx_word' id='word_1_48' title='bbox 935 466 993 495; x_wconf 85' lang='lat' dir='ltr'><strong>for-</strong></span> 
     </span>
     <span class='ocr_line' id='line_1_10' title="bbox 209 513 991 551; baseline -0.003 -7"><span class='ocrx_word' id='word_1_49' title='bbox 209 517 302 551; x_wconf 79' lang='lat' dir='ltr'><strong>mata,</strong></span> <span class='ocrx_word' id='word_1_50' title='bbox 320 517 349 544; x_wconf 91' lang='lat' dir='ltr'><strong>et</strong></span> <span class='ocrx_word' id='word_1_51' title='bbox 367 515 442 544; x_wconf 85' lang='lat' dir='ltr'><strong>nihil</strong></span> <span class='ocrx_word' id='word_1_52' title='bbox 459 514 570 543; x_wconf 85' lang='lat' dir='ltr'><strong>habeat</strong></span> <span class='ocrx_word' id='word_1_53' title='bbox 588 513 816 549; x_wconf 77' lang='lat' dir='ltr'><strong>tenebrositatis,</strong></span> <span class='ocrx_word' id='word_1_54' title='bbox 833 513 881 542; x_wconf 90' lang='lat' dir='ltr'><strong>vel</strong></span> <span class='ocrx_word' id='word_1_55' title='bbox 906 513 991 542; x_wconf 86' lang='lat' dir='ltr'><strong>nulla</strong></span> 
     </span>
     <span class='ocr_line' id='line_1_11' title="bbox 209 560 988 598; baseline -0.004 -7"><span class='ocrx_word' id='word_1_56' title='bbox 209 562 246 591; x_wconf 91' lang='lat' dir='ltr'><strong>sit</strong></span> <span class='ocrx_word' id='word_1_57' title='bbox 263 562 290 591; x_wconf 89' lang='lat' dir='ltr'><strong>ei</strong></span> <span class='ocrx_word' id='word_1_58' title='bbox 310 562 454 597; x_wconf 85' lang='lat' dir='ltr'><strong>admixta,</strong></span> <span class='ocrx_word' id='word_1_59' title='bbox 476 564 508 590; x_wconf 89' lang='lat' dir='ltr'><strong>ut</strong></span> <span class='ocrx_word' id='word_1_60' title='bbox 527 561 557 590; x_wconf 90' lang='lat' dir='ltr'><strong>in</strong></span> <span class='ocrx_word' id='word_1_61' title='bbox 580 561 645 589; x_wconf 84' lang='lat' dir='ltr'><strong>visu</strong></span> <span class='ocrx_word' id='word_1_62' title='bbox 663 561 773 598; x_wconf 83' lang='lat' dir='ltr'><strong>probat</strong></span> <span class='ocrx_word' id='word_1_63' title='bbox 797 560 988 598; x_wconf 80' lang='lat' dir='ltr'><strong>experientia,</strong></span> 
     </span>
     <span class='ocr_line' id='line_1_12' title="bbox 208 607 991 645; baseline -0.004 -7"><span class='ocrx_word' id='word_1_64' title='bbox 208 611 252 638; x_wconf 89' lang='lat' dir='ltr'><strong>est</strong></span> <span class='ocrx_word' id='word_1_65' title='bbox 265 609 304 638; x_wconf 88' lang='lat' dir='ltr'><strong>de</strong></span> <span class='ocrx_word' id='word_1_66' title='bbox 317 609 364 638; x_wconf 87' lang='lat' dir='ltr'><strong>sui</strong></span> <span class='ocrx_word' id='word_1_67' title='bbox 378 610 484 637; x_wconf 82' lang='lat' dir='ltr'><strong>natura</strong></span> <span class='ocrx_word' id='word_1_68' title='bbox 498 607 667 645; x_wconf 87' lang='lat' dir='ltr'><strong>purissima,</strong></span> <span class='ocrx_word' id='word_1_69' title='bbox 678 607 828 644; x_wconf 81' lang='lat' dir='ltr'><strong>quamvis,</strong></span> <span class='ocrx_word' id='word_1_70' title='bbox 842 609 900 636; x_wconf 87' lang='lat' dir='ltr'><strong>Deo</strong></span> <span class='ocrx_word' id='word_1_71' title='bbox 911 614 991 635; x_wconf 87' lang='lat' dir='ltr'><strong>com-</strong></span> 
     </span>
     <span class='ocr_line' id='line_1_13' title="bbox 205 654 990 693; baseline -0.004 -8"><span class='ocrx_word' id='word_1_72' title='bbox 205 658 321 693; x_wconf 79' lang='lat' dir='ltr'><strong>parata,</strong></span> <span class='ocrx_word' id='word_1_73' title='bbox 337 655 453 684; x_wconf 87' lang='lat' dir='ltr'><strong>dicatur</strong></span> <span class='ocrx_word' id='word_1_74' title='bbox 468 655 597 692; x_wconf 82' lang='lat' dir='ltr'><strong>impura.</strong></span> <span class='ocrx_word' id='word_1_75' title='bbox 615 657 737 692; x_wconf 81' lang='lat' dir='ltr'><strong>Propter</strong></span> <span class='ocrx_word' id='word_1_76' title='bbox 750 654 835 692; x_wconf 90' lang='lat' dir='ltr'><strong>qnod</strong></span> <span class='ocrx_word' id='word_1_77' title='bbox 847 654 990 691; x_wconf 84' lang='lat' dir='ltr'><strong>scriptum</strong></span> 
     </span>
     <span class='ocr_line' id='line_1_14' title="bbox 207 701 990 739; baseline -0.005 -7"><span class='ocrx_word' id='word_1_78' title='bbox 207 703 268 732; x_wconf 81' lang='lat' dir='ltr'><strong>est·</strong></span> <span class='ocrx_word' id='word_1_79' title='bbox 285 711 292 731; x_wconf 73' lang='grc' dir='ltr'><strong><em>ε</em></strong></span> <span class='ocrx_word' id='word_1_80' title='bbox 309 712 322 729; x_wconf 80' lang='grc' dir='ltr'>α</span> <span class='ocrx_word' id='word_1_81' title='bbox 337 704 410 731; x_wconf 81' lang='lat' dir='ltr'><strong>Ecce</strong></span> <span class='ocrx_word' id='word_1_82' title='bbox 428 701 502 731; x_wconf 84' lang='lat' dir='ltr'><strong>luna</strong></span> <span class='ocrx_word' id='word_1_83' title='bbox 521 710 582 731; x_wconf 86' lang='lat' dir='ltr'><strong>non</strong></span> <span class='ocrx_word' id='word_1_84' title='bbox 601 701 750 739; x_wconf 86' lang='lat' dir='ltr'><strong>splendet,</strong></span> <span class='ocrx_word' id='word_1_85' title='bbox 774 704 803 730; x_wconf 89' lang='lat' dir='ltr'><strong>et</strong></span> <span class='ocrx_word' id='word_1_86' title='bbox 822 701 910 729; x_wconf 79' lang='lat' dir='ltr'><strong>stelloe</strong></span> <span class='ocrx_word' id='word_1_87' title='bbox 927 708 990 728; x_wconf 90' lang='lat' dir='ltr'><strong>non</strong></span> 
     </span>
     <span class='ocr_line' id='line_1_15' title="bbox 205 747 988 786; baseline -0.003 -8"><span class='ocrx_word' id='word_1_88' title='bbox 205 752 275 778; x_wconf 88' lang='lat' dir='ltr'><strong>sunt</strong></span> <span class='ocrx_word' id='word_1_89' title='bbox 288 750 410 778; x_wconf 82' lang='lat' dir='ltr'><strong>mundae</strong></span> <span class='ocrx_word' id='word_1_90' title='bbox 432 750 462 778; x_wconf 90' lang='lat' dir='ltr'><strong>in</strong></span> <span class='ocrx_word' id='word_1_91' title='bbox 481 751 642 786; x_wconf 87' lang='lat' dir='ltr'><strong>conspectu</strong></span> <span class='ocrx_word' id='word_1_92' title='bbox 663 749 738 785; x_wconf 85' lang='lat' dir='ltr'><strong>ejus,</strong></span> <span class='ocrx_word' id='word_1_93' title='bbox 753 760 765 774; x_wconf 74' lang='grc' dir='ltr'><strong><em>ι</em></strong></span> <span class='ocrx_word' id='word_1_94' title='bbox 782 747 868 785; x_wconf 82' lang='lat' dir='ltr'><strong>quasi</strong></span> <span class='ocrx_word' id='word_1_95' title='bbox 885 747 964 776; x_wconf 82' lang='lat' dir='ltr'><strong>dicat</strong></span> <span class='ocrx_word' id='word_1_96' title='bbox 981 757 988 776; x_wconf 92' lang='lat'>:</span> 
     </span>
     <span class='ocr_line' id='line_1_16' title="bbox 205 794 988 831; baseline -0.005 -5"><span class='ocrx_word' id='word_1_97' title='bbox 205 797 298 826; x_wconf 82' lang='lat' dir='ltr'><strong>stellae</strong></span> <span class='ocrx_word' id='word_1_98' title='bbox 312 797 343 826; x_wconf 88' lang='lat' dir='ltr'><strong>in</strong></span> <span class='ocrx_word' id='word_1_99' title='bbox 357 805 388 826; x_wconf 89' lang='lat' dir='ltr'><strong>se</strong></span> <span class='ocrx_word' id='word_1_100' title='bbox 401 798 470 825; x_wconf 88' lang='lat' dir='ltr'><strong>sunt</strong></span> <span class='ocrx_word' id='word_1_101' title='bbox 490 796 630 831; x_wconf 84' lang='lat' dir='ltr'><strong>mundoe;</strong></span> <span class='ocrx_word' id='word_1_102' title='bbox 652 796 706 824; x_wconf 86' lang='lat' dir='ltr'><strong>sed</strong></span> <span class='ocrx_word' id='word_1_103' title='bbox 726 798 794 824; x_wconf 90' lang='lat' dir='ltr'><strong>sunt</strong></span> <span class='ocrx_word' id='word_1_104' title='bbox 813 794 988 830; x_wconf 68' lang='lat' dir='ltr'><strong>immunem,</strong></span> 
     </span>
     <span class='ocr_line' id='line_1_17' title="bbox 205 842 989 880; baseline -0.003 -7"><span class='ocrx_word' id='word_1_105' title='bbox 205 844 314 873; x_wconf 69' lang='lat' dir='ltr'><strong>divinae</strong></span> <span class='ocrx_word' id='word_1_106' title='bbox 332 844 463 873; x_wconf 85' lang='lat' dir='ltr'><strong>essentioe</strong></span> <span class='ocrx_word' id='word_1_107' title='bbox 482 846 670 880; x_wconf 71' lang='lat' dir='ltr'><strong>comparatae.</strong></span> <span class='ocrx_word' id='word_1_108' title='bbox 693 842 791 872; x_wconf 79' lang='lat' dir='ltr'><strong>Sancti</strong></span> <span class='ocrx_word' id='word_1_109' title='bbox 815 849 886 878; x_wconf 85' lang='lat' dir='ltr'><strong>ergo</strong></span> <span class='ocrx_word' id='word_1_110' title='bbox 910 844 989 879; x_wconf 76' lang='lat' dir='ltr'><strong>Apo-</strong></span> 
     </span>
     <span class='ocr_line' id='line_1_18' title="bbox 204 889 989 927; baseline -0.005 -7"><span class='ocrx_word' id='word_1_111' title='bbox 204 891 271 920; x_wconf 80' lang='lat' dir='ltr'><strong>stoli</strong></span> <span class='ocrx_word' id='word_1_112' title='bbox 294 891 413 920; x_wconf 89' lang='lat' dir='ltr'><strong>suerunt</strong></span> <span class='ocrx_word' id='word_1_113' title='bbox 432 890 523 919; x_wconf 83' lang='lat' dir='ltr'><strong>stelloe</strong></span> <span class='ocrx_word' id='word_1_114' title='bbox 541 898 623 927; x_wconf 83' lang='lat' dir='ltr'><strong>purae</strong></span> <span class='ocrx_word' id='word_1_115' title='bbox 646 897 700 926; x_wconf 86' lang='lat' dir='ltr'><strong>per</strong></span> <span class='ocrx_word' id='word_1_116' title='bbox 719 889 944 924; x_wconf 82' lang='lat' dir='ltr'><strong>continentiam,</strong></span> <span class='ocrx_word' id='word_1_117' title='bbox 961 891 989 917; x_wconf 90' lang='lat' dir='ltr'><strong>et</strong></span> 
     </span>
     <span class='ocr_line' id='line_1_19' title="bbox 203 935 989 976; baseline -0.004 -9"><span class='ocrx_word' id='word_1_118' title='bbox 203 939 364 976; x_wconf 79' lang='lat' dir='ltr'><strong>perfectam</strong></span> <span class='ocrx_word' id='word_1_119' title='bbox 379 938 476 967; x_wconf 85' lang='lat' dir='ltr'><strong>carnis</strong></span> <span class='ocrx_word' id='word_1_120' title='bbox 489 939 517 966; x_wconf 87' lang='lat' dir='ltr'><strong>et</strong></span> <span class='ocrx_word' id='word_1_121' title='bbox 529 937 635 966; x_wconf 89' lang='lat' dir='ltr'><strong>mentis</strong></span> <span class='ocrx_word' id='word_1_122' title='bbox 654 936 845 965; x_wconf 81' lang='lat' dir='ltr'><strong>munditiam.</strong></span> <span class='ocrx_word' id='word_1_123' title='bbox 863 935 945 966; x_wconf 89' lang='lat' dir='ltr'><strong>Unde</strong></span> <span class='ocrx_word' id='word_1_124' title='bbox 960 938 989 965; x_wconf 90' lang='lat' dir='ltr'><strong>et</strong></span> 
     </span>
     <span class='ocr_line' id='line_1_20' title="bbox 205 985 986 1020; baseline -0.004 -5"><span class='ocrx_word' id='word_1_125' title='bbox 205 987 346 1016; x_wconf 79' lang='lat' dir='ltr'><strong>Dominus</strong></span> <span class='ocrx_word' id='word_1_126' title='bbox 361 987 480 1015; x_wconf 88' lang='lat' dir='ltr'><strong>dicebat</strong></span> <span class='ocrx_word' id='word_1_127' title='bbox 493 986 535 1014; x_wconf 84' lang='lat' dir='ltr'><strong>eis</strong></span> <span class='ocrx_word' id='word_1_128' title='bbox 546 987 556 1003; x_wconf 82' lang='lat'>²</span> <span class='ocrx_word' id='word_1_129' title='bbox 573 996 580 1014; x_wconf 78' lang='lat' dir='ltr'><em>z</em></span> <span class='ocrx_word' id='word_1_130' title='bbox 600 997 613 1012; x_wconf 74' lang='grc' dir='ltr'>α</span> <span class='ocrx_word' id='word_1_131' title='bbox 628 986 683 1020; x_wconf 79' lang='lat' dir='ltr'><strong>Qui</strong></span> <span class='ocrx_word' id='word_1_132' title='bbox 701 985 778 1013; x_wconf 87' lang='lat' dir='ltr'><strong>lotus</strong></span> <span class='ocrx_word' id='word_1_133' title='bbox 796 986 850 1018; x_wconf 82' lang='lat' dir='ltr'><strong>est,</strong></span> <span class='ocrx_word' id='word_1_134' title='bbox 867 992 929 1013; x_wconf 91' lang='lat' dir='ltr'><strong>non</strong></span> <span class='ocrx_word' id='word_1_135' title='bbox 943 985 986 1013; x_wconf 91' lang='lat' dir='ltr'><strong>in-</strong></span> 
     </span>
     <span class='ocr_line' id='line_1_21' title="bbox 204 1032 986 1070; baseline -0.004 -8"><span class='ocrx_word' id='word_1_136' title='bbox 204 1034 295 1070; x_wconf 83' lang='lat' dir='ltr'><strong>diget,</strong></span> <span class='ocrx_word' id='word_1_137' title='bbox 316 1034 372 1062; x_wconf 89' lang='lat' dir='ltr'><strong>nisi</strong></span> <span class='ocrx_word' id='word_1_138' title='bbox 395 1036 428 1062; x_wconf 92' lang='lat' dir='ltr'><strong>ut</strong></span> <span class='ocrx_word' id='word_1_139' title='bbox 448 1033 541 1070; x_wconf 90' lang='lat' dir='ltr'><strong>pedes</strong></span> <span class='ocrx_word' id='word_1_140' title='bbox 562 1033 651 1067; x_wconf 82' lang='lat' dir='ltr'><strong>lavet,</strong></span> <span class='ocrx_word' id='word_1_141' title='bbox 667 1033 720 1061; x_wconf 86' lang='lat' dir='ltr'><strong>sed</strong></span> <span class='ocrx_word' id='word_1_142' title='bbox 736 1035 779 1061; x_wconf 88' lang='lat' dir='ltr'><strong>est</strong></span> <span class='ocrx_word' id='word_1_143' title='bbox 794 1032 925 1060; x_wconf 85' lang='lat' dir='ltr'><strong>mundus</strong></span> <span class='ocrx_word' id='word_1_144' title='bbox 945 1035 986 1060; x_wconf 92' lang='lat' dir='ltr'><strong>to-</strong></span> 
     </span>
     <span class='ocr_line' id='line_1_22' title="bbox 203 1080 986 1116; baseline -0.003 -7"><span class='ocrx_word' id='word_1_145' title='bbox 203 1084 248 1110; x_wconf 84' lang='lat' dir='ltr'><strong>tus</strong></span> <span class='ocrx_word' id='word_1_146' title='bbox 262 1091 268 1109; x_wconf 93' lang='lat'><strong>:</strong></span> <span class='ocrx_word' id='word_1_147' title='bbox 286 1092 300 1108; x_wconf 74' lang='grc' dir='ltr'><strong>ι)</strong></span> <span class='ocrx_word' id='word_1_148' title='bbox 317 1081 370 1110; x_wconf 88' lang='lat' dir='ltr'><strong>sed</strong></span> <span class='ocrx_word' id='word_1_149' title='bbox 386 1082 397 1099; x_wconf 80' lang='lat'><strong>³</strong></span> <span class='ocrx_word' id='word_1_150' title='bbox 419 1091 433 1107; x_wconf 84' lang='lat'>«</span> <span class='ocrx_word' id='word_1_151' title='bbox 450 1089 503 1109; x_wconf 87' lang='lat' dir='ltr'><strong>vos</strong></span> <span class='ocrx_word' id='word_1_152' title='bbox 523 1080 628 1108; x_wconf 91' lang='lat' dir='ltr'><strong>mundi</strong></span> <span class='ocrx_word' id='word_1_153' title='bbox 644 1080 721 1115; x_wconf 79' lang='lat' dir='ltr'><strong>estis,</strong></span> <span class='ocrx_word' id='word_1_154' title='bbox 737 1081 860 1116; x_wconf 85' lang='lat' dir='ltr'><strong>propter</strong></span> <span class='ocrx_word' id='word_1_155' title='bbox 874 1087 986 1107; x_wconf 83' lang='lat' dir='ltr'><strong>sermo-</strong></span> 
     </span>
     <span class='ocr_line' id='line_1_23' title="bbox 201 1126 984 1166; baseline -0.006 -7"><span class='ocrx_word' id='word_1_156' title='bbox 201 1138 282 1165; x_wconf 85' lang='lat' dir='ltr'><strong>nem,</strong></span> <span class='ocrx_word' id='word_1_157' title='bbox 303 1138 394 1166; x_wconf 85' lang='lat' dir='ltr'><strong>quem</strong></span> <span class='ocrx_word' id='word_1_158' title='bbox 418 1129 534 1157; x_wconf 86' lang='lat' dir='ltr'><strong>locutus</strong></span> <span class='ocrx_word' id='word_1_159' title='bbox 549 1137 615 1156; x_wconf 89' lang='lat' dir='ltr'><strong>sum</strong></span> <span class='ocrx_word' id='word_1_160' title='bbox 631 1127 728 1155; x_wconf 85' lang='lat' dir='ltr'><strong>vobis.</strong></span> <span class='ocrx_word' id='word_1_161' title='bbox 746 1138 759 1152; x_wconf 83' lang='lat'>»</span> <span class='ocrx_word' id='word_1_162' title='bbox 777 1126 833 1155; x_wconf 85' lang='lat' dir='ltr'><strong>Sed</strong></span> <span class='ocrx_word' id='word_1_163' title='bbox 849 1127 918 1163; x_wconf 90' lang='lat' dir='ltr'><strong>quis</strong></span> <span class='ocrx_word' id='word_1_164' title='bbox 930 1126 984 1154; x_wconf 89' lang='lat' dir='ltr'><strong>ho-</strong></span> 
     </span>
     <span class='ocr_line' id='line_1_24' title="bbox 202 1173 985 1206; baseline -0.006 0"><span class='ocrx_word' id='word_1_165' title='bbox 202 1177 250 1206; x_wconf 90' lang='lat' dir='ltr'><strong>die</strong></span> <span class='ocrx_word' id='word_1_166' title='bbox 265 1176 275 1193; x_wconf 74' lang='lat'><strong>⁴</strong></span> <span class='ocrx_word' id='word_1_167' title='bbox 294 1187 306 1202; x_wconf 73' lang='lat' dir='ltr'><strong>a</strong></span> <span class='ocrx_word' id='word_1_168' title='bbox 319 1176 451 1205; x_wconf 90' lang='lat' dir='ltr'><strong>mundus</strong></span> <span class='ocrx_word' id='word_1_169' title='bbox 473 1177 516 1203; x_wconf 85' lang='lat' dir='ltr'><strong>est</strong></span> <span class='ocrx_word' id='word_1_170' title='bbox 537 1183 556 1203; x_wconf 83' lang='lat' dir='ltr'><strong>a</strong></span> <span class='ocrx_word' id='word_1_171' title='bbox 573 1174 661 1204; x_wconf 88' lang='lat' dir='ltr'><strong>sorde</strong></span> <span class='ocrx_word' id='word_1_172' title='bbox 672 1175 686 1202; x_wconf 74' lang='lat'><strong>⁶?</strong></span> <span class='ocrx_word' id='word_1_173' title='bbox 702 1182 756 1202; x_wconf 85' lang='lat' dir='ltr'><strong>nee</strong></span> <span class='ocrx_word' id='word_1_174' title='bbox 778 1173 875 1202; x_wconf 81' lang='lat' dir='ltr'><strong>inians</strong></span> <span class='ocrx_word' id='word_1_175' title='bbox 896 1174 985 1201; x_wconf 89' lang='lat' dir='ltr'><strong>unius</strong></span> 
     </span>
     <span class='ocr_line' id='line_1_25' title="bbox 202 1220 985 1259; baseline -0.004 -7"><span class='ocrx_word' id='word_1_176' title='bbox 202 1224 273 1259; x_wconf 87' lang='lat' dir='ltr'><strong>diei,</strong></span> <span class='ocrx_word' id='word_1_177' title='bbox 283 1223 366 1259; x_wconf 89' lang='lat' dir='ltr'><strong>cujus</strong></span> <span class='ocrx_word' id='word_1_178' title='bbox 378 1223 438 1251; x_wconf 81' lang='lat' dir='ltr'><strong>vita</strong></span> <span class='ocrx_word' id='word_1_179' title='bbox 449 1225 491 1251; x_wconf 89' lang='lat' dir='ltr'><strong>est</strong></span> <span class='ocrx_word' id='word_1_180' title='bbox 505 1229 594 1258; x_wconf 85' lang='lat' dir='ltr'><strong>super</strong></span> <span class='ocrx_word' id='word_1_181' title='bbox 606 1223 725 1249; x_wconf 89' lang='lat' dir='ltr'><strong>terram.</strong></span> <span class='ocrx_word' id='word_1_182' title='bbox 735 1231 749 1247; x_wconf 69' lang='lat' dir='ltr'><strong>i&gt;</strong></span> <span class='ocrx_word' id='word_1_183' title='bbox 759 1221 769 1238; x_wconf 60' lang='grc' dir='ltr'><strong>θ</strong></span> <span class='ocrx_word' id='word_1_184' title='bbox 783 1220 873 1254; x_wconf 83' lang='lat' dir='ltr'><strong>«Quis</strong></span> <span class='ocrx_word' id='word_1_185' title='bbox 889 1223 985 1257; x_wconf 85' lang='lat' dir='ltr'><strong>potest</strong></span> 
     </span>
     <span class='ocr_line' id='line_1_26' title="bbox 200 1270 984 1305; baseline -0.006 -5"><span class='ocrx_word' id='word_1_186' title='bbox 200 1272 298 1300; x_wconf 82' lang='lat' dir='ltr'><strong>dicere</strong></span> <span class='ocrx_word' id='word_1_187' title='bbox 316 1280 323 1299; x_wconf 90' lang='lat'><strong>:</strong></span> <span class='ocrx_word' id='word_1_188' title='bbox 354 1270 496 1300; x_wconf 85' lang='lat' dir='ltr'><strong>Mundum</strong></span> <span class='ocrx_word' id='word_1_189' title='bbox 521 1272 563 1298; x_wconf 85' lang='lat' dir='ltr'><strong>est</strong></span> <span class='ocrx_word' id='word_1_190' title='bbox 590 1278 642 1297; x_wconf 95' lang='lat' dir='ltr'><strong>cor</strong></span> <span class='ocrx_word' id='word_1_191' title='bbox 662 1277 782 1304; x_wconf 89' lang='lat' dir='ltr'><strong>meum,</strong></span> <span class='ocrx_word' id='word_1_192' title='bbox 805 1277 898 1305; x_wconf 87' lang='lat' dir='ltr'><strong>purus</strong></span> <span class='ocrx_word' id='word_1_193' title='bbox 917 1277 984 1296; x_wconf 90' lang='lat' dir='ltr'><strong>sum</strong></span> 
     </span>
     <span class='ocr_line' id='line_1_27' title="bbox 199 1315 983 1355; baseline -0.005 -8"><span class='ocrx_word' id='word_1_194' title='bbox 199 1326 218 1347; x_wconf 84' lang='lat' dir='ltr'><strong>a</strong></span> <span class='ocrx_word' id='word_1_195' title='bbox 232 1320 353 1355; x_wconf 87' lang='lat' dir='ltr'><strong>peccato</strong></span> <span class='ocrx_word' id='word_1_196' title='bbox 364 1319 378 1346; x_wconf 62' lang='grc' dir='ltr'><strong>ἱ)</strong></span> <span class='ocrx_word' id='word_1_197' title='bbox 391 1328 405 1344; x_wconf 75' lang='grc' dir='ltr'><strong>ι)</strong></span> <span class='ocrx_word' id='word_1_198' title='bbox 422 1318 433 1335; x_wconf 78' lang='lat'><strong>⁶</strong></span> <span class='ocrx_word' id='word_1_199' title='bbox 448 1328 461 1343; x_wconf 78' lang='grc' dir='ltr'><strong>(ι</strong></span> <span class='ocrx_word' id='word_1_200' title='bbox 477 1317 546 1351; x_wconf 84' lang='lat' dir='ltr'><strong>Quis</strong></span> <span class='ocrx_word' id='word_1_201' title='bbox 560 1318 657 1353; x_wconf 79' lang='lat' dir='ltr'><strong>potest</strong></span> <span class='ocrx_word' id='word_1_202' title='bbox 671 1316 766 1344; x_wconf 81' lang='lat' dir='ltr'><strong>tacere</strong></span> <span class='ocrx_word' id='word_1_203' title='bbox 782 1315 929 1343; x_wconf 89' lang='lat' dir='ltr'><strong>mundum</strong></span> <span class='ocrx_word' id='word_1_204' title='bbox 945 1315 983 1343; x_wconf 91' lang='lat' dir='ltr'><strong>de</strong></span> 
     </span>
     <span class='ocr_line' id='line_1_28' title="bbox 199 1362 982 1401; baseline -0.005 -7"><span class='ocrx_word' id='word_1_205' title='bbox 199 1365 357 1394; x_wconf 87' lang='lat' dir='ltr'><strong>immundo</strong></span> <span class='ocrx_word' id='word_1_206' title='bbox 379 1366 557 1401; x_wconf 87' lang='lat' dir='ltr'><strong>conceptum</strong></span> <span class='ocrx_word' id='word_1_207' title='bbox 578 1363 718 1391; x_wconf 70' lang='lat' dir='ltr'><strong>semine?</strong></span> <span class='ocrx_word' id='word_1_208' title='bbox 739 1364 841 1391; x_wconf 83' lang='lat' dir='ltr'><strong>Nonne</strong></span> <span class='ocrx_word' id='word_1_209' title='bbox 866 1365 906 1396; x_wconf 91' lang='lat' dir='ltr'><strong>tu,</strong></span> <span class='ocrx_word' id='word_1_210' title='bbox 931 1362 982 1398; x_wconf 87' lang='lat' dir='ltr'><strong>qui</strong></span> 
     </span>
     <span class='ocr_line' id='line_1_29' title="bbox 199 1409 983 1441; baseline -0.008 0"><span class='ocrx_word' id='word_1_211' title='bbox 199 1412 281 1441; x_wconf 78' lang='lat' dir='ltr'><strong>solus</strong></span> <span class='ocrx_word' id='word_1_212' title='bbox 295 1415 349 1440; x_wconf 71' lang='lat' dir='ltr'><strong>es?</strong></span> <span class='ocrx_word' id='word_1_213' title='bbox 364 1423 377 1438; x_wconf 73' lang='lat' dir='ltr'><strong>n</strong></span> <span class='ocrx_word' id='word_1_214' title='bbox 391 1413 463 1440; x_wconf 82' lang='lat' dir='ltr'><strong>Nam</strong></span> <span class='ocrx_word' id='word_1_215' title='bbox 479 1410 518 1439; x_wconf 84' lang='lat' dir='ltr'><strong>ad</strong></span> <span class='ocrx_word' id='word_1_216' title='bbox 532 1418 633 1439; x_wconf 75' lang='lat' dir='ltr'><strong>veram</strong></span> <span class='ocrx_word' id='word_1_217' title='bbox 649 1409 861 1438; x_wconf 88' lang='lat' dir='ltr'><strong>continentiam</strong></span> <span class='ocrx_word' id='word_1_218' title='bbox 877 1409 983 1436; x_wconf 80' lang='lat' dir='ltr'><strong>mentis</strong></span> 
     </span>
     <span class='ocr_line' id='line_1_30' title="bbox 197 1455 983 1497; baseline -0.006 -8"><span class='ocrx_word' id='word_1_219' title='bbox 197 1460 369 1497; x_wconf 83' lang='lat' dir='ltr'><strong>requiritur,</strong></span> <span class='ocrx_word' id='word_1_220' title='bbox 382 1467 442 1487; x_wconf 91' lang='lat' dir='ltr'><strong>non</strong></span> <span class='ocrx_word' id='word_1_221' title='bbox 453 1458 551 1486; x_wconf 88' lang='lat' dir='ltr'><strong>solum</strong></span> <span class='ocrx_word' id='word_1_222' title='bbox 567 1460 598 1484; x_wconf 92' lang='lat' dir='ltr'><strong>ut</strong></span> <span class='ocrx_word' id='word_1_223' title='bbox 612 1456 759 1484; x_wconf 86' lang='lat' dir='ltr'><strong>contineat</strong></span> <span class='ocrx_word' id='word_1_224' title='bbox 773 1456 812 1484; x_wconf 86' lang='lat' dir='ltr'><strong>ab</strong></span> <span class='ocrx_word' id='word_1_225' title='bbox 828 1455 930 1483; x_wconf 86' lang='lat' dir='ltr'><strong>illicito</strong></span> <span class='ocrx_word' id='word_1_226' title='bbox 943 1458 983 1484; x_wconf 85' lang='lat' dir='ltr'><strong>ta-</strong></span> 
     </span>
     <span class='ocr_line' id='line_1_31' title="bbox 199 1502 981 1542; baseline -0.009 -6"><span class='ocrx_word' id='word_1_227' title='bbox 199 1510 264 1542; x_wconf 87' lang='lat' dir='ltr'><strong>ctu,</strong></span> <span class='ocrx_word' id='word_1_228' title='bbox 280 1507 332 1535; x_wconf 87' lang='lat' dir='ltr'><strong>sed</strong></span> <span class='ocrx_word' id='word_1_229' title='bbox 346 1507 434 1535; x_wconf 86' lang='lat' dir='ltr'><strong>ctiam</strong></span> <span class='ocrx_word' id='word_1_230' title='bbox 455 1505 494 1534; x_wconf 93' lang='lat' dir='ltr'><strong>ab</strong></span> <span class='ocrx_word' id='word_1_231' title='bbox 519 1504 621 1532; x_wconf 86' lang='lat' dir='ltr'><strong>illicito</strong></span> <span class='ocrx_word' id='word_1_232' title='bbox 642 1506 739 1539; x_wconf 48' lang='lat' dir='ltr'><strong>gustu,</strong></span> <span class='ocrx_word' id='word_1_233' title='bbox 760 1506 787 1531; x_wconf 91' lang='lat' dir='ltr'><strong>et</strong></span> <span class='ocrx_word' id='word_1_234' title='bbox 815 1502 854 1530; x_wconf 88' lang='lat' dir='ltr'><strong>ab</strong></span> <span class='ocrx_word' id='word_1_235' title='bbox 879 1502 981 1530; x_wconf 82' lang='lat' dir='ltr'><strong>illicito</strong></span> 
     </span>
     <span class='ocr_line' id='line_1_32' title="bbox 197 1550 979 1589; baseline -0.009 -6"><span class='ocrx_word' id='word_1_236' title='bbox 197 1555 274 1589; x_wconf 87' lang='lat' dir='ltr'><strong>visu,</strong></span> <span class='ocrx_word' id='word_1_237' title='bbox 290 1554 403 1588; x_wconf 87' lang='lat' dir='ltr'><strong>auditu,</strong></span> <span class='ocrx_word' id='word_1_238' title='bbox 419 1553 557 1586; x_wconf 85' lang='lat' dir='ltr'><strong>odoratu,</strong></span> <span class='ocrx_word' id='word_1_239' title='bbox 583 1551 682 1584; x_wconf 87' lang='lat' dir='ltr'><strong>ctiam,</strong></span> <span class='ocrx_word' id='word_1_240' title='bbox 704 1550 787 1586; x_wconf 87' lang='lat' dir='ltr'><strong>quod</strong></span> <span class='ocrx_word' id='word_1_241' title='bbox 811 1550 907 1584; x_wconf 84' lang='lat' dir='ltr'><strong>majus</strong></span> <span class='ocrx_word' id='word_1_242' title='bbox 926 1551 979 1583; x_wconf 69' lang='lat' dir='ltr'><strong>est,</strong></span> 
     </span>
     <span class='ocr_line' id='line_1_33' title="bbox 197 1596 980 1636; baseline -0.009 -6"><span class='ocrx_word' id='word_1_243' title='bbox 197 1602 236 1630; x_wconf 85' lang='lat' dir='ltr'><strong>ab</strong></span> <span class='ocrx_word' id='word_1_244' title='bbox 250 1601 351 1630; x_wconf 90' lang='lat' dir='ltr'><strong>illicito</strong></span> <span class='ocrx_word' id='word_1_245' title='bbox 367 1600 508 1636; x_wconf 81' lang='lat' dir='ltr'><strong>cogitatu,</strong></span> <span class='ocrx_word' id='word_1_246' title='bbox 526 1599 599 1626; x_wconf 80' lang='lat' dir='ltr'><strong>sicut</strong></span> <span class='ocrx_word' id='word_1_247' title='bbox 622 1598 709 1625; x_wconf 83' lang='lat' dir='ltr'><strong>docet</strong></span> <span class='ocrx_word' id='word_1_248' title='bbox 730 1596 835 1624; x_wconf 72' lang='lat' dir='ltr'><strong>doctor</strong></span> <span class='ocrx_word' id='word_1_249' title='bbox 855 1596 980 1624; x_wconf 68' lang='lat' dir='ltr'><strong>eximius</strong></span> 
     </span>
     <span class='ocr_line' id='line_1_34' title="bbox 198 1643 980 1685; baseline -0.009 -8"><span class='ocrx_word' id='word_1_250' title='bbox 198 1649 378 1685; x_wconf 74' lang='lat' dir='ltr'><strong>Augustinus</strong></span> <span class='ocrx_word' id='word_1_251' title='bbox 396 1649 416 1675; x_wconf 67' lang='grc' dir='ltr'><strong>Ἴ.</strong></span> <span class='ocrx_word' id='word_1_252' title='bbox 439 1647 494 1675; x_wconf 90' lang='lat' dir='ltr'><strong>Sed</strong></span> <span class='ocrx_word' id='word_1_253' title='bbox 512 1646 587 1683; x_wconf 82' lang='lat' dir='ltr'><strong>proli</strong></span> <span class='ocrx_word' id='word_1_254' title='bbox 611 1645 715 1673; x_wconf 77' lang='lat' dir='ltr'><strong>dolor!</strong></span> <span class='ocrx_word' id='word_1_255' title='bbox 744 1645 814 1680; x_wconf 78' lang='lat' dir='ltr'><strong>quia</strong></span> <span class='ocrx_word' id='word_1_256' title='bbox 834 1644 929 1678; x_wconf 79' lang='lat' dir='ltr'><strong>major</strong></span> <span class='ocrx_word' id='word_1_257' title='bbox 950 1643 980 1671; x_wconf 87' lang='lat' dir='ltr'><strong>in</strong></span> 
     </span>
     <span class='ocr_line' id='line_1_35' title="bbox 198 1690 978 1727; baseline -0.006 -4"><span class='ocrx_word' id='word_1_258' title='bbox 198 1697 286 1724; x_wconf 85' lang='lat' dir='ltr'><strong>nobis</strong></span> <span class='ocrx_word' id='word_1_259' title='bbox 309 1694 521 1723; x_wconf 77' lang='lat' dir='ltr'><strong>incontinentia</strong></span> <span class='ocrx_word' id='word_1_260' title='bbox 537 1693 695 1726; x_wconf 66' lang='lat' dir='ltr'><strong>iuva-uitur,</strong></span> <span class='ocrx_word' id='word_1_261' title='bbox 712 1699 803 1727; x_wconf 83' lang='lat' dir='ltr'><strong>quum</strong></span> <span class='ocrx_word' id='word_1_262' title='bbox 825 1691 853 1717; x_wconf 89' lang='lat' dir='ltr'><strong>in</strong></span> <span class='ocrx_word' id='word_1_263' title='bbox 876 1690 978 1718; x_wconf 76' lang='lat' dir='ltr'><strong>brutis‘.</strong></span> 
     </span>
     <span class='ocr_line' id='line_1_36' title="bbox 198 1737 978 1777; baseline -0.009 -6"><span class='ocrx_word' id='word_1_264' title='bbox 198 1744 269 1771; x_wconf 82' lang='lat' dir='ltr'><strong>Nam</strong></span> <span class='ocrx_word' id='word_1_265' title='bbox 293 1742 440 1776; x_wconf 74' lang='lat' dir='ltr'><strong>videmus,</strong></span> <span class='ocrx_word' id='word_1_266' title='bbox 466 1740 548 1777; x_wconf 83' lang='lat' dir='ltr'><strong>quod</strong></span> <span class='ocrx_word' id='word_1_267' title='bbox 570 1749 640 1767; x_wconf 82' lang='lat' dir='ltr'><strong>aves</strong></span> <span class='ocrx_word' id='word_1_268' title='bbox 661 1740 820 1767; x_wconf 77' lang='lat' dir='ltr'><strong>observant</strong></span> <span class='ocrx_word' id='word_1_269' title='bbox 836 1737 864 1764; x_wconf 92' lang='lat' dir='ltr'><strong>in</strong></span> <span class='ocrx_word' id='word_1_270' title='bbox 886 1745 978 1771; x_wconf 78' lang='lat' dir='ltr'><strong>gene·</strong></span> 
     </span>
     <span class='ocr_line' id='line_1_37' title="bbox 197 1788 978 1826; baseline -0.008 -7"><span class='ocrx_word' id='word_1_271' title='bbox 197 1791 293 1820; x_wconf 85' lang='lat' dir='ltr'><strong>raudo</strong></span> <span class='ocrx_word' id='word_1_272' title='bbox 319 1790 534 1826; x_wconf 78' lang='lat' dir='ltr'><strong>congruitatem</strong></span> <span class='ocrx_word' id='word_1_273' title='bbox 565 1788 717 1824; x_wconf 76' lang='lat' dir='ltr'><strong>temporis,</strong></span> <span class='ocrx_word' id='word_1_274' title='bbox 752 1795 804 1814; x_wconf 87' lang='lat' dir='ltr'><strong>nec</strong></span> <span class='ocrx_word' id='word_1_275' title='bbox 845 1794 978 1821; x_wconf 73' lang='lat' dir='ltr'><strong>uuquam</strong></span> 
     </span>
     <span class='ocr_line' id='line_1_38' title="bbox 198 1833 978 1872; baseline -0.009 -5"><span class='ocrx_word' id='word_1_276' title='bbox 198 1838 388 1870; x_wconf 84' lang='lat' dir='ltr'><strong>conveniunt,</strong></span> <span class='ocrx_word' id='word_1_277' title='bbox 409 1837 462 1864; x_wconf 78' lang='lat' dir='ltr'><strong>nisi</strong></span> <span class='ocrx_word' id='word_1_278' title='bbox 485 1840 617 1872; x_wconf 80' lang='lat' dir='ltr'><strong>tempore</strong></span> <span class='ocrx_word' id='word_1_279' title='bbox 633 1836 710 1862; x_wconf 73' lang='lat' dir='ltr'><strong>veris</strong></span> <span class='ocrx_word' id='word_1_280' title='bbox 726 1844 732 1861; x_wconf 90' lang='lat'><strong>:</strong></span> <span class='ocrx_word' id='word_1_281' title='bbox 755 1837 822 1861; x_wconf 74' lang='lat' dir='ltr'><strong>tune</strong></span> <span class='ocrx_word' id='word_1_282' title='bbox 838 1833 916 1861; x_wconf 78' lang='lat' dir='ltr'><strong>euim</strong></span> <span class='ocrx_word' id='word_1_283' title='bbox 933 1842 978 1860; x_wconf 62' lang='grc' dir='ltr'><strong>α·-</strong></span> 
     </span>
     <span class='ocr_line' id='line_1_39' title="bbox 197 1881 979 1918; baseline -0.01 -4"><span class='ocrx_word' id='word_1_284' title='bbox 197 1886 310 1914; x_wconf 84' lang='lat' dir='ltr'><strong>sociant</strong></span> <span class='ocrx_word' id='word_1_285' title='bbox 332 1894 373 1918; x_wconf 71' lang='lat' dir='ltr'><strong>se,</strong></span> <span class='ocrx_word' id='word_1_286' title='bbox 401 1887 428 1911; x_wconf 86' lang='lat' dir='ltr'><strong>et</strong></span> <span class='ocrx_word' id='word_1_287' title='bbox 451 1883 538 1911; x_wconf 88' lang='lat' dir='ltr'><strong>simul</strong></span> <span class='ocrx_word' id='word_1_288' title='bbox 567 1883 731 1913; x_wconf 82' lang='lat' dir='ltr'><strong>niditicaut,</strong></span> <span class='ocrx_word' id='word_1_289' title='bbox 760 1881 846 1908; x_wconf 67' lang='lat' dir='ltr'><strong>simul</strong></span> <span class='ocrx_word' id='word_1_290' title='bbox 877 1883 979 1914; x_wconf 75' lang='lat' dir='ltr'><strong>ovant,</strong></span> 
     </span>
     <span class='ocr_line' id='line_1_40' title="bbox 197 1928 977 1969; baseline -0.01 -7"><span class='ocrx_word' id='word_1_291' title='bbox 197 1934 345 1969; x_wconf 79' lang='lat' dir='ltr'><strong>simulque</strong></span> <span class='ocrx_word' id='word_1_292' title='bbox 360 1932 535 1968; x_wconf 84' lang='lat' dir='ltr'><strong>pulliticant,</strong></span> <span class='ocrx_word' id='word_1_293' title='bbox 557 1930 703 1958; x_wconf 70' lang='lat' dir='ltr'><strong>consimul</strong></span> <span class='ocrx_word' id='word_1_294' title='bbox 720 1929 818 1965; x_wconf 78' lang='lat' dir='ltr'><strong>pullos</strong></span> <span class='ocrx_word' id='word_1_295' title='bbox 833 1928 977 1961; x_wconf 54' lang='lat' dir='ltr'><strong>edin-auu</strong></span> 
     </span>
     <span class='ocr_line' id='line_1_41' title="bbox 197 1976 979 2015; baseline -0.01 -6"><span class='ocrx_word' id='word_1_296' title='bbox 197 1981 250 2009; x_wconf 83' lang='lat' dir='ltr'><strong>sed</strong></span> <span class='ocrx_word' id='word_1_297' title='bbox 266 1988 346 2013; x_wconf 84' lang='lat' dir='ltr'><strong>mox,</strong></span> <span class='ocrx_word' id='word_1_298' title='bbox 362 1979 510 2015; x_wconf 76' lang='lat' dir='ltr'><strong>completo</strong></span> <span class='ocrx_word' id='word_1_299' title='bbox 529 1977 725 2012; x_wconf 64' lang='lat' dir='ltr'><strong>generationis</strong></span> <span class='ocrx_word' id='word_1_300' title='bbox 745 1976 856 2007; x_wconf 81' lang='lat' dir='ltr'><strong>otiieio,</strong></span> <span class='ocrx_word' id='word_1_301' title='bbox 878 1984 895 2002; x_wconf 86' lang='lat' dir='ltr'><strong>a</strong></span> <span class='ocrx_word' id='word_1_302' title='bbox 916 1983 979 2002; x_wconf 79' lang='lat' dir='ltr'><strong>car-</strong></span> 
     </span>
     <span class='ocr_line' id='line_1_42' title="bbox 198 2022 977 2060; baseline -0.01 -4"><span class='ocrx_word' id='word_1_303' title='bbox 198 2028 317 2056; x_wconf 83' lang='lat' dir='ltr'><strong>nalibus</strong></span> <span class='ocrx_word' id='word_1_304' title='bbox 338 2030 462 2057; x_wconf 57' lang='lat' dir='ltr'><strong>cessant,</strong></span> <span class='ocrx_word' id='word_1_305' title='bbox 483 2034 535 2052; x_wconf 77' lang='lat' dir='ltr'><strong>nee</strong></span> <span class='ocrx_word' id='word_1_306' title='bbox 551 2033 643 2060; x_wconf 68' lang='lat' dir='ltr'><strong>u&gt;11ne</strong></span> <span class='ocrx_word' id='word_1_307' title='bbox 661 2024 698 2051; x_wconf 79' lang='lat' dir='ltr'><strong>ad</strong></span> <span class='ocrx_word' id='word_1_308' title='bbox 716 2024 794 2051; x_wconf 75' lang='lat' dir='ltr'><strong>idem</strong></span> <span class='ocrx_word' id='word_1_309' title='bbox 812 2022 977 2057; x_wconf 68' lang='lat' dir='ltr'><strong>generatio-</strong></span> 
     </span>
     <span class='ocr_line' id='line_1_43' title="bbox 198 2069 978 2110; baseline -0.009 -7"><span class='ocrx_word' id='word_1_310' title='bbox 198 2076 243 2103; x_wconf 87' lang='lat' dir='ltr'><strong>nis</strong></span> <span class='ocrx_word' id='word_1_311' title='bbox 260 2078 375 2110; x_wconf 69' lang='lat' dir='ltr'><strong>tempus</strong></span> <span class='ocrx_word' id='word_1_312' title='bbox 397 2074 433 2101; x_wconf 79' lang='lat' dir='ltr'><strong>ad</strong></span> <span class='ocrx_word' id='word_1_313' title='bbox 456 2082 485 2099; x_wconf 64' lang='lat' dir='ltr'><strong>se.</strong></span> <span class='ocrx_word' id='word_1_314' title='bbox 504 2073 629 2100; x_wconf 62' lang='lat' dir='ltr'><strong>invicem</strong></span> <span class='ocrx_word' id='word_1_315' title='bbox 651 2071 902 2107; x_wconf 73' lang='lat' dir='ltr'><strong>appropinquant.</strong></span> <span class='ocrx_word' id='word_1_316' title='bbox 922 2069 978 2097; x_wconf 77' lang='lat' dir='ltr'><strong>Sed</strong></span> 
     </span>
     <span class='ocr_line' id='line_1_44' title="bbox 198 2117 980 2159; baseline -0.009 -9"><span class='ocrx_word' id='word_1_317' title='bbox 198 2123 265 2159; x_wconf 77' lang='lat' dir='ltr'><strong>quis</strong></span> <span class='ocrx_word' id='word_1_318' title='bbox 279 2121 434 2149; x_wconf 82' lang='lat' dir='ltr'><strong>hominum</strong></span> <span class='ocrx_word' id='word_1_319' title='bbox 451 2120 501 2147; x_wconf 85' lang='lat' dir='ltr'><strong>illa</strong></span> <span class='ocrx_word' id='word_1_320' title='bbox 517 2120 583 2146; x_wconf 84' lang='lat' dir='ltr'><strong>facit</strong></span> <span class='ocrx_word' id='word_1_321' title='bbox 594 2122 607 2146; x_wconf 70' lang='lat'><strong>:³</strong></span> <span class='ocrx_word' id='word_1_322' title='bbox 619 2119 685 2155; x_wconf 66' lang='lat' dir='ltr'><strong>quis</strong></span> <span class='ocrx_word' id='word_1_323' title='bbox 695 2118 819 2146; x_wconf 55' lang='lat' dir='ltr'><strong>abstinet</strong></span> <span class='ocrx_word' id='word_1_324' title='bbox 830 2117 868 2144; x_wconf 87' lang='lat' dir='ltr'><strong>ab</strong></span> <span class='ocrx_word' id='word_1_325' title='bbox 881 2117 980 2144; x_wconf 80' lang='lat' dir='ltr'><strong>uxori-</strong></span> 
     </span>
     <span class='ocr_line' id='line_1_45' title="bbox 198 2163 978 2197; baseline -0.008 -1"><span class='ocrx_word' id='word_1_326' title='bbox 198 2170 254 2197; x_wconf 85' lang='lat' dir='ltr'><strong>bus</strong></span> <span class='ocrx_word' id='word_1_327' title='bbox 283 2169 386 2196; x_wconf 84' lang='lat' dir='ltr'><strong>saltem</strong></span> <span class='ocrx_word' id='word_1_328' title='bbox 415 2167 523 2194; x_wconf 57' lang='lat' dir='ltr'><strong>festivis</strong></span> <span class='ocrx_word' id='word_1_329' title='bbox 548 2166 677 2193; x_wconf 56' lang='lat' dir='ltr'><strong>diebus?</strong></span> <span class='ocrx_word' id='word_1_330' title='bbox 703 2167 764 2193; x_wconf 75' lang='lat' dir='ltr'><strong>luto</strong></span> <span class='ocrx_word' id='word_1_331' title='bbox 790 2167 856 2192; x_wconf 72' lang='lat' dir='ltr'><strong>suut</strong></span> <span class='ocrx_word' id='word_1_332' title='bbox 881 2163 978 2197; x_wconf 81' lang='lat' dir='ltr'><strong>multi,</strong></span> 
     </span>
     <span class='ocr_line' id='line_1_46' title="bbox 197 2212 978 2252; baseline -0.006 -9"><span class='ocrx_word' id='word_1_333' title='bbox 197 2216 307 2252; x_wconf 83' lang='lat' dir='ltr'><strong>quibus</strong></span> <span class='ocrx_word' id='word_1_334' title='bbox 322 2215 360 2243; x_wconf 88' lang='lat' dir='ltr'><strong>ad</strong></span> <span class='ocrx_word' id='word_1_335' title='bbox 376 2215 524 2242; x_wconf 71' lang='lat' dir='ltr'><strong>luxurium</strong></span> <span class='ocrx_word' id='word_1_336' title='bbox 543 2221 601 2240; x_wconf 85' lang='lat' dir='ltr'><strong>uon</strong></span> <span class='ocrx_word' id='word_1_337' title='bbox 618 2212 724 2240; x_wconf 70' lang='lat' dir='ltr'><strong>suttieit</strong></span> <span class='ocrx_word' id='word_1_338' title='bbox 740 2215 857 2247; x_wconf 77' lang='lat' dir='ltr'><strong>teinpus</strong></span> <span class='ocrx_word' id='word_1_339' title='bbox 870 2218 978 2242; x_wconf 86' lang='lat' dir='ltr'><strong>omne:</strong></span> 
     </span>
     <span class='ocr_line' id='line_1_47' title="bbox 197 2258 976 2295; baseline -0.01 -4"><span class='ocrx_word' id='word_1_340' title='bbox 197 2263 249 2291; x_wconf 79' lang='lat' dir='ltr'><strong>sed</strong></span> <span class='ocrx_word' id='word_1_341' title='bbox 264 2265 331 2290; x_wconf 81' lang='lat' dir='ltr'><strong>suut</strong></span> <span class='ocrx_word' id='word_1_342' title='bbox 344 2263 354 2277; x_wconf 70' lang='lat'><strong>⁸</strong></span> <span class='ocrx_word' id='word_1_343' title='bbox 370 2273 381 2286; x_wconf 74' lang='grc' dir='ltr'><strong>ιι</strong></span> <span class='ocrx_word' id='word_1_344' title='bbox 398 2261 472 2288; x_wconf 79' lang='lat' dir='ltr'><strong>sicut</strong></span> <span class='ocrx_word' id='word_1_345' title='bbox 487 2269 581 2295; x_wconf 76' lang='lat' dir='ltr'><strong>equus</strong></span> <span class='ocrx_word' id='word_1_346' title='bbox 604 2262 631 2286; x_wconf 81' lang='lat' dir='ltr'><strong>ct</strong></span> <span class='ocrx_word' id='word_1_347' title='bbox 652 2259 761 2291; x_wconf 80' lang='lat' dir='ltr'><strong>unitus,</strong></span> <span class='ocrx_word' id='word_1_348' title='bbox 787 2258 897 2294; x_wconf 73' lang='lat' dir='ltr'><strong>quibus</strong></span> <span class='ocrx_word' id='word_1_349' title='bbox 918 2265 976 2285; x_wconf 89' lang='lat' dir='ltr'><strong>nou</strong></span> 
     </span>
     <span class='ocr_line' id='line_1_48' title="bbox 198 2305 978 2338; baseline -0.009 0"><span class='ocrx_word' id='word_1_350' title='bbox 198 2313 240 2338; x_wconf 78' lang='lat' dir='ltr'><strong>est</strong></span> <span class='ocrx_word' id='word_1_351' title='bbox 260 2308 433 2336; x_wconf 75' lang='lat' dir='ltr'><strong>intellectus.</strong></span> <span class='ocrx_word' id='word_1_352' title='bbox 452 2318 464 2333; x_wconf 87' lang='lat'>»</span> <span class='ocrx_word' id='word_1_353' title='bbox 482 2311 503 2335; x_wconf 76' lang='grc' dir='ltr'>Ο</span> <span class='ocrx_word' id='word_1_354' title='bbox 519 2307 649 2333; x_wconf 74' lang='lat' dir='ltr'><strong>humanu</strong></span> <span class='ocrx_word' id='word_1_355' title='bbox 669 2305 803 2332; x_wconf 56' lang='lat' dir='ltr'><strong>lascivia!</strong></span> <span class='ocrx_word' id='word_1_356' title='bbox 823 2309 844 2332; x_wconf 72' lang='lat' dir='ltr'><em>O</em></span> <span class='ocrx_word' id='word_1_357' title='bbox 860 2312 936 2331; x_wconf 74' lang='lat' dir='ltr'><strong>vanu</strong></span> <span class='ocrx_word' id='word_1_358' title='bbox 951 2306 978 2331; x_wconf 85' lang='lat' dir='ltr'><strong>et</strong></span> 
     </span>
     <span class='ocr_line' id='line_1_49' title="bbox 199 2351 976 2388; baseline -0.01 -4"><span class='ocrx_word' id='word_1_359' title='bbox 199 2355 370 2384; x_wconf 71' lang='lat' dir='ltr'><strong>detestanda</strong></span> <span class='ocrx_word' id='word_1_360' title='bbox 393 2354 565 2381; x_wconf 68' lang='lat' dir='ltr'><strong>carnalitas!</strong></span> <span class='ocrx_word' id='word_1_361' title='bbox 589 2355 700 2388; x_wconf 72' lang='lat' dir='ltr'><strong>quanio</strong></span> <span class='ocrx_word' id='word_1_362' title='bbox 717 2352 812 2385; x_wconf 66' lang='lat' dir='ltr'><strong>major</strong></span> <span class='ocrx_word' id='word_1_363' title='bbox 828 2352 856 2379; x_wconf 90' lang='lat' dir='ltr'><strong>iu</strong></span> <span class='ocrx_word' id='word_1_364' title='bbox 872 2351 976 2385; x_wconf 64' lang='lat' dir='ltr'><strong>brutis,</strong></span> 
     </span>
     <span class='ocr_line' id='line_1_50' title="bbox 199 2399 978 2439; baseline -0.008 -8"><span class='ocrx_word' id='word_1_365' title='bbox 199 2412 289 2439; x_wconf 83' lang='lat' dir='ltr'><strong>quam</strong></span> <span class='ocrx_word' id='word_1_366' title='bbox 310 2403 339 2430; x_wconf 92' lang='lat' dir='ltr'><strong>in</strong></span> <span class='ocrx_word' id='word_1_367' title='bbox 358 2401 444 2429; x_wconf 66' lang='lat' dir='ltr'><strong>uobis</strong></span> <span class='ocrx_word' id='word_1_368' title='bbox 466 2400 611 2428; x_wconf 78' lang='lat' dir='ltr'><strong>munditia</strong></span> <span class='ocrx_word' id='word_1_369' title='bbox 632 2399 795 2426; x_wconf 60' lang='lat' dir='ltr'><strong>iuvenitur!</strong></span> <span class='ocrx_word' id='word_1_370' title='bbox 815 2400 886 2426; x_wconf 63' lang='lat' dir='ltr'><strong>Natu</strong></span> <span class='ocrx_word' id='word_1_371' title='bbox 904 2399 978 2425; x_wconf 85' lang='lat' dir='ltr'><strong>inter</strong></span> 
     </span>
     <span class='ocr_line' id='line_1_51' title="bbox 198 2445 977 2486; baseline -0.009 -8"><span class='ocrx_word' id='word_1_372' title='bbox 198 2452 292 2486; x_wconf 76' lang='lat' dir='ltr'><strong>pisces</strong></span> <span class='ocrx_word' id='word_1_373' title='bbox 304 2448 484 2477; x_wconf 79' lang='lat' dir='ltr'><strong>continentia</strong></span> <span class='ocrx_word' id='word_1_374' title='bbox 494 2446 657 2482; x_wconf 52' lang='lat' dir='ltr'><strong>conjugalis</strong></span> <span class='ocrx_word' id='word_1_375' title='bbox 669 2449 812 2474; x_wconf 66' lang='lat' dir='ltr'><strong>servatur.</strong></span> <span class='ocrx_word' id='word_1_376' title='bbox 824 2449 850 2472; x_wconf 76' lang='lat' dir='ltr'><strong>et</strong></span> <span class='ocrx_word' id='word_1_377' title='bbox 862 2445 977 2472; x_wconf 85' lang='lat' dir='ltr'><strong>nullum</strong></span> 
     </span>
     <span class='ocr_line' id='line_1_52' title="bbox 199 2492 977 2533; baseline -0.009 -8"><span class='ocrx_word' id='word_1_378' title='bbox 199 2498 273 2525; x_wconf 83' lang='lat' dir='ltr'><strong>inter</strong></span> <span class='ocrx_word' id='word_1_379' title='bbox 292 2497 386 2533; x_wconf 72' lang='lat' dir='ltr'><strong>pisces</strong></span> <span class='ocrx_word' id='word_1_380' title='bbox 408 2495 588 2523; x_wconf 79' lang='lat' dir='ltr'><strong>adulterium</strong></span> <span class='ocrx_word' id='word_1_381' title='bbox 609 2493 810 2526; x_wconf 79' lang='lat' dir='ltr'><strong>committitur,</strong></span> <span class='ocrx_word' id='word_1_382' title='bbox 834 2501 901 2519; x_wconf 79' lang='lat' dir='ltr'><strong>eum</strong></span> <span class='ocrx_word' id='word_1_383' title='bbox 922 2492 977 2519; x_wconf 83' lang='lat' dir='ltr'><strong>hoe</strong></span> 
     </span>
     <span class='ocr_line' id='line_1_53' title="bbox 199 2539 979 2575; baseline -0.008 -3"><span class='ocrx_word' id='word_1_384' title='bbox 199 2545 274 2572; x_wconf 87' lang='lat' dir='ltr'><strong>inter</strong></span> <span class='ocrx_word' id='word_1_385' title='bbox 293 2543 428 2571; x_wconf 79' lang='lat' dir='ltr'><strong>homines</strong></span> <span class='ocrx_word' id='word_1_386' title='bbox 448 2550 507 2569; x_wconf 87' lang='lat' dir='ltr'><strong>uon</strong></span> <span class='ocrx_word' id='word_1_387' title='bbox 526 2543 678 2573; x_wconf 87' lang='lat' dir='ltr'><strong>servetur;</strong></span> <span class='ocrx_word' id='word_1_388' title='bbox 702 2540 762 2567; x_wconf 87' lang='lat' dir='ltr'><strong>imo</strong></span> <span class='ocrx_word' id='word_1_389' title='bbox 788 2539 888 2575; x_wconf 67' lang='lat' dir='ltr'><strong>plures</strong></span> <span class='ocrx_word' id='word_1_390' title='bbox 911 2541 979 2566; x_wconf 85' lang='lat' dir='ltr'><strong>sunt</strong></span> 
     </span>
    </p>
   </div>
   <div class='ocr_carea' id='block_1_5' title="bbox 199 2613 977 2718">
    <p class='ocr_par' dir='ltr' id='par_1_5' title="bbox 199 2613 977 2718">
     <span class='ocr_line' id='line_1_54' title="bbox 231 2613 977 2647; baseline -0.009 -5"><span class='ocrx_word' id='word_1_391' title='bbox 231 2619 237 2634; x_wconf 94' lang='lat'><strong>¹</strong></span> <span class='ocrx_word' id='word_1_392' title='bbox 253 2617 310 2645; x_wconf 76' lang='lat' dir='ltr'><strong>Joh,</strong></span> <span class='ocrx_word' id='word_1_393' title='bbox 327 2623 386 2647; x_wconf 62' lang='lat' dir='ltr'><strong>xxv,</strong></span> <span class='ocrx_word' id='word_1_394' title='bbox 402 2618 424 2640; x_wconf 71' lang='grc' dir='ltr'><strong>ἱ».</strong></span> <span class='ocrx_word' id='word_1_395' title='bbox 440 2629 469 2633; x_wconf 89' lang='grc'>-</span> <span class='ocrx_word' id='word_1_396' title='bbox 486 2618 491 2629; x_wconf 79' lang='grc'><strong>-’</strong></span> <span class='ocrx_word' id='word_1_397' title='bbox 507 2616 589 2643; x_wconf 58' lang='lat' dir='ltr'><strong>joun„</strong></span> <span class='ocrx_word' id='word_1_398' title='bbox 605 2620 662 2644; x_wconf 79' lang='lat' dir='ltr'><strong>xiii,</strong></span> <span class='ocrx_word' id='word_1_399' title='bbox 682 2614 707 2637; x_wconf 87' lang='lat' dir='ltr'><strong>i0</strong></span> <span class='ocrx_word' id='word_1_400' title='bbox 735 2627 762 2630; x_wconf 96' lang='lat'><strong>—</strong></span> <span class='ocrx_word' id='word_1_401' title='bbox 778 2613 788 2628; x_wconf 70' lang='lat'><strong>³</strong></span> <span class='ocrx_word' id='word_1_402' title='bbox 805 2613 856 2636; x_wconf 78' lang='lat' dir='ltr'><strong>ibid</strong></span> <span class='ocrx_word' id='word_1_403' title='bbox 873 2630 879 2641; x_wconf 84' lang='grc'>,</span> <span class='ocrx_word' id='word_1_404' title='bbox 895 2618 938 2643; x_wconf 55' lang='lat' dir='ltr'><strong>xv,</strong></span> <span class='ocrx_word' id='word_1_405' title='bbox 954 2615 977 2636; x_wconf 63' lang='lat' dir='ltr'><strong>zt.</strong></span> 
     </span>
     <span class='ocr_line' id='line_1_55' title="bbox 199 2649 975 2682; baseline -0.009 -5"><span class='ocrx_word' id='word_1_406' title='bbox 199 2667 228 2672; x_wconf 85' lang='lat'>—</span> <span class='ocrx_word' id='word_1_407' title='bbox 250 2654 260 2670; x_wconf 51' lang='grc' dir='ltr'><strong>ὅ</strong></span> <span class='ocrx_word' id='word_1_408' title='bbox 275 2652 334 2681; x_wconf 77' lang='lat' dir='ltr'><strong>Jub,</strong></span> <span class='ocrx_word' id='word_1_409' title='bbox 358 2658 410 2681; x_wconf 62' lang='lat' dir='ltr'><strong>xlx,</strong></span> <span class='ocrx_word' id='word_1_410' title='bbox 432 2654 456 2676; x_wconf 65' lang='grc' dir='ltr'><strong>ἱ.</strong></span> <span class='ocrx_word' id='word_1_411' title='bbox 473 2652 545 2682; x_wconf 60' lang='lat' dir='ltr'><strong>juxta</strong></span> <span class='ocrx_word' id='word_1_412' title='bbox 568 2650 640 2674; x_wconf 74' lang='lat' dir='ltr'>Lxx.</span> <span class='ocrx_word' id='word_1_413' title='bbox 661 2662 689 2666; x_wconf 91' lang='lat'><strong>—-</strong></span> <span class='ocrx_word' id='word_1_414' title='bbox 710 2650 718 2663; x_wconf 71' lang='lat'><strong>⁵</strong></span> <span class='ocrx_word' id='word_1_415' title='bbox 739 2649 801 2671; x_wconf 74' lang='lat' dir='ltr'><strong>Pro·-</strong></span> <span class='ocrx_word' id='word_1_416' title='bbox 816 2667 822 2677; x_wconf 87' lang='lat'><strong>,</strong></span> <span class='ocrx_word' id='word_1_417' title='bbox 846 2655 893 2676; x_wconf 76' lang='lat' dir='ltr'><strong>xx,</strong></span> <span class='ocrx_word' id='word_1_418' title='bbox 908 2651 931 2670; x_wconf 70' lang='grc' dir='ltr'><strong>ε).</strong></span> <span class='ocrx_word' id='word_1_419' title='bbox 951 2662 975 2665; x_wconf 87' lang='grc'><strong>-</strong></span> 
     </span>
     <span class='ocr_line' id='line_1_56' title="bbox 201 2684 977 2718; baseline -0.009 -5"><span class='ocrx_word' id='word_1_420' title='bbox 201 2694 210 2705; x_wconf 65' lang='lat'><em>⁶</em></span> <span class='ocrx_word' id='word_1_421' title='bbox 226 2689 280 2717; x_wconf 70' lang='lat' dir='ltr'><strong>Job,</strong></span> <span class='ocrx_word' id='word_1_422' title='bbox 299 2695 350 2718; x_wconf 66' lang='grc' dir='ltr'><strong>ΧΙΥ,</strong></span> <span class='ocrx_word' id='word_1_423' title='bbox 374 2689 400 2718; x_wconf 75' lang='grc'><strong>4,</strong></span> <span class='ocrx_word' id='word_1_424' title='bbox 415 2688 487 2718; x_wconf 76' lang='lat' dir='ltr'><strong>juxt-i</strong></span> <span class='ocrx_word' id='word_1_425' title='bbox 504 2687 577 2716; x_wconf 54' lang='lat' dir='ltr'><strong>vulg.</strong></span> <span class='ocrx_word' id='word_1_426' title='bbox 594 2699 622 2703; x_wconf 96' lang='lat'><strong>—</strong></span> <span class='ocrx_word' id='word_1_427' title='bbox 643 2686 649 2699; x_wconf 69' lang='lat'><em>⁷</em></span> <span class='ocrx_word' id='word_1_428' title='bbox 668 2686 743 2715; x_wconf 54' lang='lat' dir='ltr'><strong>Aug„</strong></span> <span class='ocrx_word' id='word_1_429' title='bbox 757 2684 786 2707; x_wconf 72' lang='lat' dir='ltr'><strong>alt‘</strong></span> <span class='ocrx_word' id='word_1_430' title='bbox 806 2685 977 2711; x_wconf 49' lang='lat' dir='ltr'><strong>(mutuamina,</strong></span> 
     </span>
    </p>
   </div>
   <div class='ocr_carea' id='block_1_6' title="bbox 1035 256 1834 2525">
    <p class='ocr_par' dir='ltr' id='par_1_6' title="bbox 1143 256 1154 271">
     <span class='ocr_line' id='line_1_57' title="bbox 1143 256 1154 271; baseline 0 0"><span class='ocrx_word' id='word_1_431' title='bbox 1143 256 1154 271; x_wconf 69' lang='grc' dir='ltr'><strong>Δ</strong></span> 
     </span>
    </p>

    <p class='ocr_par' dir='ltr' id='par_1_7' title="bbox 1045 276 1831 362">
     <span class='ocr_line' id='line_1_58' title="bbox 1047 276 1831 315; baseline -0.001 -7"><span class='ocrx_word' id='word_1_432' title='bbox 1047 278 1142 308; x_wconf 86' lang='lat' dir='ltr'><strong>coitus</strong></span> <span class='ocrx_word' id='word_1_433' title='bbox 1155 277 1326 314; x_wconf 78' lang='lat' dir='ltr'><strong>adulterini,</strong></span> <span class='ocrx_word' id='word_1_434' title='bbox 1348 280 1378 308; x_wconf 84' lang='lat' dir='ltr'><strong>et</strong></span> <span class='ocrx_word' id='word_1_435' title='bbox 1393 276 1566 314; x_wconf 75' lang='lat' dir='ltr'><strong>incestuosi,</strong></span> <span class='ocrx_word' id='word_1_436' title='bbox 1580 276 1813 315; x_wconf 63' lang='lat' dir='ltr'><strong>quanlegitimi</strong></span> <span class='ocrx_word' id='word_1_437' title='bbox 1821 287 1831 314; x_wconf 75' lang='grc' dir='ltr'><strong><em>ς</em></strong></span> 
     </span>
     <span class='ocr_line' id='line_1_59' title="bbox 1045 324 1795 362; baseline 0 -8"><span class='ocrx_word' id='word_1_438' title='bbox 1045 325 1148 362; x_wconf 86' lang='lat' dir='ltr'><strong>plures</strong></span> <span class='ocrx_word' id='word_1_439' title='bbox 1159 327 1263 355; x_wconf 83' lang='lat' dir='ltr'><strong>contra</strong></span> <span class='ocrx_word' id='word_1_440' title='bbox 1277 327 1427 360; x_wconf 82' lang='lat' dir='ltr'><strong>naturam,</strong></span> <span class='ocrx_word' id='word_1_441' title='bbox 1441 333 1535 362; x_wconf 84' lang='lat' dir='ltr'><strong>quam</strong></span> <span class='ocrx_word' id='word_1_442' title='bbox 1549 332 1640 362; x_wconf 86' lang='lat' dir='ltr'><strong>opere</strong></span> <span class='ocrx_word' id='word_1_443' title='bbox 1653 324 1795 355; x_wconf 66' lang='lat' dir='ltr'><strong>naturali.</strong></span> 
     </span>
    </p>

    <p class='ocr_par' dir='ltr' id='par_1_8' title="bbox 1035 371 1834 2525">
     <span class='ocr_line' id='line_1_60' title="bbox 1081 371 1831 408; baseline -0.001 -6"><span class='ocrx_word' id='word_1_444' title='bbox 1081 372 1232 408; x_wconf 82' lang='lat' dir='ltr'><strong>Secundo,</strong></span> <span class='ocrx_word' id='word_1_445' title='bbox 1256 372 1348 402; x_wconf 75' lang='lat' dir='ltr'><strong>stellae</strong></span> <span class='ocrx_word' id='word_1_446' title='bbox 1366 374 1437 402; x_wconf 82' lang='lat' dir='ltr'><strong>sunt</strong></span> <span class='ocrx_word' id='word_1_447' title='bbox 1457 372 1515 401; x_wconf 82' lang='lat' dir='ltr'><strong>situ</strong></span> <span class='ocrx_word' id='word_1_448' title='bbox 1534 371 1707 401; x_wconf 64' lang='lat' dir='ltr'><strong>altissimas:</strong></span> <span class='ocrx_word' id='word_1_449' title='bbox 1728 371 1831 403; x_wconf 73' lang='lat' dir='ltr'><strong>ethoc</strong></span> 
     </span>
     <span class='ocr_line' id='line_1_61' title="bbox 1045 417 1832 457; baseline -0.003 -8"><span class='ocrx_word' id='word_1_450' title='bbox 1045 420 1188 457; x_wconf 83' lang='lat' dir='ltr'><strong>competit</strong></span> <span class='ocrx_word' id='word_1_451' title='bbox 1201 420 1244 448; x_wconf 80' lang='lat' dir='ltr'><strong>eis</strong></span> <span class='ocrx_word' id='word_1_452' title='bbox 1257 428 1295 449; x_wconf 89' lang='lat' dir='ltr'><strong>ex</strong></span> <span class='ocrx_word' id='word_1_453' title='bbox 1313 419 1467 456; x_wconf 74' lang='lat' dir='ltr'><strong>dignitate.</strong></span> <span class='ocrx_word' id='word_1_454' title='bbox 1488 421 1562 448; x_wconf 76' lang='lat' dir='ltr'><strong>Nam</strong></span> <span class='ocrx_word' id='word_1_455' title='bbox 1583 418 1733 456; x_wconf 79' lang='lat' dir='ltr'><strong>triplicem</strong></span> <span class='ocrx_word' id='word_1_456' title='bbox 1755 417 1832 456; x_wconf 70' lang='lat' dir='ltr'><strong>legi-</strong></span> 
     </span>
     <span class='ocr_line' id='line_1_62' title="bbox 1045 465 1830 503; baseline 0 -7"><span class='ocrx_word' id='word_1_457' title='bbox 1045 475 1113 496; x_wconf 87' lang='lat' dir='ltr'><strong>mus</strong></span> <span class='ocrx_word' id='word_1_458' title='bbox 1127 469 1266 496; x_wconf 85' lang='lat' dir='ltr'><strong>naturam</strong></span> <span class='ocrx_word' id='word_1_459' title='bbox 1281 474 1356 502; x_wconf 84' lang='lat' dir='ltr'><strong>esse,</strong></span> <span class='ocrx_word' id='word_1_460' title='bbox 1369 466 1446 495; x_wconf 88' lang='lat' dir='ltr'><strong>sicut</strong></span> <span class='ocrx_word' id='word_1_461' title='bbox 1465 465 1634 503; x_wconf 78' lang='lat' dir='ltr'><strong>nobilitate,</strong></span> <span class='ocrx_word' id='word_1_462' title='bbox 1653 467 1696 496; x_wconf 83' lang='lat' dir='ltr'><strong>sic</strong></span> <span class='ocrx_word' id='word_1_463' title='bbox 1714 469 1743 496; x_wconf 89' lang='lat' dir='ltr'><strong>et</strong></span> <span class='ocrx_word' id='word_1_464' title='bbox 1761 466 1830 497; x_wconf 87' lang='lat' dir='ltr'><strong>loeo</strong></span> 
     </span>
     <span class='ocr_line' id='line_1_63' title="bbox 1046 513 1830 551; baseline 0 -9"><span class='ocrx_word' id='word_1_465' title='bbox 1046 514 1223 543; x_wconf 70' lang='lat' dir='ltr'><strong>distinctam.</strong></span> <span class='ocrx_word' id='word_1_466' title='bbox 1241 514 1338 543; x_wconf 79' lang='lat' dir='ltr'><strong>Prima</strong></span> <span class='ocrx_word' id='word_1_467' title='bbox 1351 515 1395 542; x_wconf 78' lang='lat' dir='ltr'><strong>est</strong></span> <span class='ocrx_word' id='word_1_468' title='bbox 1409 514 1515 542; x_wconf 82' lang='lat' dir='ltr'><strong>natura</strong></span> <span class='ocrx_word' id='word_1_469' title='bbox 1530 520 1638 551; x_wconf 56' lang='lat' dir='ltr'><strong>opu,</strong></span> <span class='ocrx_word' id='word_1_470' title='bbox 1648 521 1717 551; x_wconf 82' lang='lat' dir='ltr'><strong>quae</strong></span> <span class='ocrx_word' id='word_1_471' title='bbox 1732 513 1830 543; x_wconf 84' lang='lat' dir='ltr'><strong>maxi·</strong></span> 
     </span>
     <span class='ocr_line' id='line_1_64' title="bbox 1044 559 1830 598; baseline 0.001 -9"><span class='ocrx_word' id='word_1_472' title='bbox 1044 568 1093 589; x_wconf 85' lang='lat' dir='ltr'><strong>me</strong></span> <span class='ocrx_word' id='word_1_473' title='bbox 1107 562 1232 598; x_wconf 86' lang='lat' dir='ltr'><strong>apparet</strong></span> <span class='ocrx_word' id='word_1_474' title='bbox 1249 559 1281 588; x_wconf 92' lang='lat' dir='ltr'><strong>in</strong></span> <span class='ocrx_word' id='word_1_475' title='bbox 1303 562 1390 588; x_wconf 81' lang='lat' dir='ltr'><strong>terra.</strong></span> <span class='ocrx_word' id='word_1_476' title='bbox 1410 559 1548 589; x_wconf 86' lang='lat' dir='ltr'><strong>Secunda</strong></span> <span class='ocrx_word' id='word_1_477' title='bbox 1565 561 1610 589; x_wconf 82' lang='lat' dir='ltr'><strong>est</strong></span> <span class='ocrx_word' id='word_1_478' title='bbox 1631 562 1739 590; x_wconf 83' lang='lat' dir='ltr'><strong>natura</strong></span> <span class='ocrx_word' id='word_1_479' title='bbox 1760 569 1830 598; x_wconf 85' lang='lat' dir='ltr'><strong>per-</strong></span> 
     </span>
     <span class='ocr_line' id='line_1_65' title="bbox 1044 606 1830 645; baseline 0.003 -10"><span class='ocrx_word' id='word_1_480' title='bbox 1044 607 1159 644; x_wconf 83' lang='lat' dir='ltr'><strong>spicua,</strong></span> <span class='ocrx_word' id='word_1_481' title='bbox 1175 616 1242 645; x_wconf 76' lang='lat' dir='ltr'><strong>quie</strong></span> <span class='ocrx_word' id='word_1_482' title='bbox 1255 607 1287 636; x_wconf 90' lang='lat' dir='ltr'><strong>in</strong></span> <span class='ocrx_word' id='word_1_483' title='bbox 1301 615 1359 636; x_wconf 79' lang='lat' dir='ltr'><strong>aere</strong></span> <span class='ocrx_word' id='word_1_484' title='bbox 1373 615 1405 636; x_wconf 83' lang='lat' dir='ltr'><strong>se</strong></span> <span class='ocrx_word' id='word_1_485' title='bbox 1417 606 1558 642; x_wconf 87' lang='lat' dir='ltr'><strong>ostendit,</strong></span> <span class='ocrx_word' id='word_1_486' title='bbox 1571 609 1601 636; x_wconf 87' lang='lat' dir='ltr'><strong>et</strong></span> <span class='ocrx_word' id='word_1_487' title='bbox 1614 606 1646 636; x_wconf 89' lang='lat' dir='ltr'><strong>in</strong></span> <span class='ocrx_word' id='word_1_488' title='bbox 1659 615 1750 645; x_wconf 80' lang='lat' dir='ltr'><strong>aqua.</strong></span> <span class='ocrx_word' id='word_1_489' title='bbox 1760 609 1830 637; x_wconf 80' lang='lat' dir='ltr'><strong>Ter·</strong></span> 
     </span>
     <span class='ocr_line' id='line_1_66' title="bbox 1044 653 1829 691; baseline 0 -8"><span class='ocrx_word' id='word_1_490' title='bbox 1044 655 1085 683; x_wconf 88' lang='lat' dir='ltr'><strong>tia</strong></span> <span class='ocrx_word' id='word_1_491' title='bbox 1103 657 1147 683; x_wconf 87' lang='lat' dir='ltr'><strong>est</strong></span> <span class='ocrx_word' id='word_1_492' title='bbox 1166 657 1272 683; x_wconf 81' lang='lat' dir='ltr'><strong>natura</strong></span> <span class='ocrx_word' id='word_1_493' title='bbox 1292 654 1454 690; x_wconf 82' lang='lat' dir='ltr'><strong>luminosa,</strong></span> <span class='ocrx_word' id='word_1_494' title='bbox 1479 661 1572 691; x_wconf 83' lang='lat' dir='ltr'><strong>quam</strong></span> <span class='ocrx_word' id='word_1_495' title='bbox 1592 653 1706 683; x_wconf 86' lang='lat' dir='ltr'><strong>habent</strong></span> <span class='ocrx_word' id='word_1_496' title='bbox 1719 653 1829 691; x_wconf 81' lang='lat' dir='ltr'><strong>sidera,</strong></span> 
     </span>
     <span class='ocr_line' id='line_1_67' title="bbox 1043 701 1828 738; baseline 0.001 -9"><span class='ocrx_word' id='word_1_497' title='bbox 1043 709 1229 738; x_wconf 86' lang='lat' dir='ltr'><strong>corporaque</strong></span> <span class='ocrx_word' id='word_1_498' title='bbox 1244 701 1384 730; x_wconf 79' lang='lat' dir='ltr'><strong>coelestia.</strong></span> <span class='ocrx_word' id='word_1_499' title='bbox 1400 701 1497 730; x_wconf 84' lang='lat' dir='ltr'><strong>Prima</strong></span> <span class='ocrx_word' id='word_1_500' title='bbox 1511 703 1555 729; x_wconf 86' lang='lat' dir='ltr'><strong>est</strong></span> <span class='ocrx_word' id='word_1_501' title='bbox 1564 703 1672 730; x_wconf 82' lang='lat' dir='ltr'><strong>natura</strong></span> <span class='ocrx_word' id='word_1_502' title='bbox 1681 701 1828 738; x_wconf 83' lang='lat' dir='ltr'><strong>obscura;</strong></span> 
     </span>
     <span class='ocr_line' id='line_1_68' title="bbox 1043 747 1832 785; baseline 0 -9"><span class='ocrx_word' id='word_1_503' title='bbox 1043 748 1176 777; x_wconf 81' lang='lat' dir='ltr'><strong>secunda</strong></span> <span class='ocrx_word' id='word_1_504' title='bbox 1191 751 1234 777; x_wconf 88' lang='lat' dir='ltr'><strong>est</strong></span> <span class='ocrx_word' id='word_1_505' title='bbox 1247 751 1354 777; x_wconf 83' lang='lat' dir='ltr'><strong>natura</strong></span> <span class='ocrx_word' id='word_1_506' title='bbox 1368 747 1491 776; x_wconf 91' lang='lat' dir='ltr'><strong>luminis</strong></span> <span class='ocrx_word' id='word_1_507' title='bbox 1504 748 1653 785; x_wconf 79' lang='lat' dir='ltr'><strong>receptiva</strong></span> <span class='ocrx_word' id='word_1_508' title='bbox 1665 757 1672 783; x_wconf 90' lang='lat'>;</span> <span class='ocrx_word' id='word_1_509' title='bbox 1688 748 1774 777; x_wconf 87' lang='lat' dir='ltr'><strong>tertia</strong></span> <span class='ocrx_word' id='word_1_510' title='bbox 1786 749 1832 777; x_wconf 73' lang='lat' dir='ltr'><strong>est</strong></span> 
     </span>
     <span class='ocr_line' id='line_1_69' title="bbox 1043 787 1834 831; baseline 0.001 -8"><span class='ocrx_word' id='word_1_511' title='bbox 1043 795 1165 824; x_wconf 89' lang='lat' dir='ltr'><strong>luminis</strong></span> <span class='ocrx_word' id='word_1_512' title='bbox 1180 795 1291 824; x_wconf 82' lang='lat' dir='ltr'><strong>dativa.</strong></span> <span class='ocrx_word' id='word_1_513' title='bbox 1308 795 1406 824; x_wconf 78' lang='lat' dir='ltr'><strong>Prima</strong></span> <span class='ocrx_word' id='word_1_514' title='bbox 1420 796 1458 824; x_wconf 87' lang='lat' dir='ltr'><strong>de</strong></span> <span class='ocrx_word' id='word_1_515' title='bbox 1472 796 1518 824; x_wconf 92' lang='lat' dir='ltr'><strong>sui</strong></span> <span class='ocrx_word' id='word_1_516' title='bbox 1534 798 1641 825; x_wconf 84' lang='lat' dir='ltr'><strong>natura</strong></span> <span class='ocrx_word' id='word_1_517' title='bbox 1652 798 1696 825; x_wconf 86' lang='lat' dir='ltr'><strong>est</strong></span> <span class='ocrx_word' id='word_1_518' title='bbox 1706 795 1808 824; x_wconf 81' lang='lat' dir='ltr'><strong>intima</strong></span> <span class='ocrx_word' id='word_1_519' title='bbox 1819 787 1834 831; x_wconf 61' lang='lat'><strong>3&gt;</strong></span> 
     </span>
     <span class='ocr_line' id='line_1_70' title="bbox 1042 842 1830 879; baseline 0.001 -8"><span class='ocrx_word' id='word_1_520' title='bbox 1042 843 1175 872; x_wconf 86' lang='lat' dir='ltr'><strong>secunda</strong></span> <span class='ocrx_word' id='word_1_521' title='bbox 1196 843 1227 871; x_wconf 88' lang='lat' dir='ltr'><strong>in</strong></span> <span class='ocrx_word' id='word_1_522' title='bbox 1250 842 1352 872; x_wconf 88' lang='lat' dir='ltr'><strong>medio</strong></span> <span class='ocrx_word' id='word_1_523' title='bbox 1373 845 1417 872; x_wconf 82' lang='lat' dir='ltr'><strong>est</strong></span> <span class='ocrx_word' id='word_1_524' title='bbox 1437 843 1603 879; x_wconf 73' lang='lat' dir='ltr'><strong>collocata5</strong></span> <span class='ocrx_word' id='word_1_525' title='bbox 1628 844 1713 872; x_wconf 81' lang='lat' dir='ltr'><strong>tertia</strong></span> <span class='ocrx_word' id='word_1_526' title='bbox 1735 846 1778 872; x_wconf 88' lang='lat' dir='ltr'><strong>est</strong></span> <span class='ocrx_word' id='word_1_527' title='bbox 1798 843 1830 872; x_wconf 91' lang='lat' dir='ltr'><strong>in</strong></span> 
     </span>
     <span class='ocr_line' id='line_1_71' title="bbox 1042 891 1830 927; baseline 0.001 -9"><span class='ocrx_word' id='word_1_528' title='bbox 1042 898 1161 919; x_wconf 88' lang='lat' dir='ltr'><strong>summo</strong></span> <span class='ocrx_word' id='word_1_529' title='bbox 1176 891 1343 919; x_wconf 85' lang='lat' dir='ltr'><strong>constituta.</strong></span> <span class='ocrx_word' id='word_1_530' title='bbox 1360 892 1433 919; x_wconf 89' lang='lat' dir='ltr'><strong>Cum</strong></span> <span class='ocrx_word' id='word_1_531' title='bbox 1454 891 1542 927; x_wconf 83' lang='lat' dir='ltr'><strong>igitur</strong></span> <span class='ocrx_word' id='word_1_532' title='bbox 1560 891 1647 920; x_wconf 80' lang='lat' dir='ltr'><strong>stella</strong></span> <span class='ocrx_word' id='word_1_533' title='bbox 1664 891 1701 920; x_wconf 82' lang='lat' dir='ltr'><strong>sit</strong></span> <span class='ocrx_word' id='word_1_534' title='bbox 1718 891 1783 926; x_wconf 86' lang='lat' dir='ltr'><strong>lux,</strong></span> <span class='ocrx_word' id='word_1_535' title='bbox 1798 893 1830 919; x_wconf 91' lang='lat' dir='ltr'><strong>ut</strong></span> 
     </span>
     <span class='ocr_line' id='line_1_72' title="bbox 1043 937 1828 974; baseline 0 -8"><span class='ocrx_word' id='word_1_536' title='bbox 1043 937 1156 966; x_wconf 89' lang='lat' dir='ltr'><strong>dictum</strong></span> <span class='ocrx_word' id='word_1_537' title='bbox 1173 939 1227 972; x_wconf 83' lang='lat' dir='ltr'><strong>est,</strong></span> <span class='ocrx_word' id='word_1_538' title='bbox 1250 941 1421 974; x_wconf 77' lang='lat' dir='ltr'><strong>aggregata,</strong></span> <span class='ocrx_word' id='word_1_539' title='bbox 1445 938 1535 966; x_wconf 84' lang='lat' dir='ltr'><strong>debet</strong></span> <span class='ocrx_word' id='word_1_540' title='bbox 1557 946 1620 967; x_wconf 91' lang='lat' dir='ltr'><strong>esse</strong></span> <span class='ocrx_word' id='word_1_541' title='bbox 1649 938 1678 966; x_wconf 94' lang='lat' dir='ltr'><strong>in</strong></span> <span class='ocrx_word' id='word_1_542' title='bbox 1708 946 1828 966; x_wconf 88' lang='lat' dir='ltr'><strong>summo</strong></span> 
     </span>
     <span class='ocr_line' id='line_1_73' title="bbox 1042 984 1829 1014; baseline 0 -2"><span class='ocrx_word' id='word_1_543' title='bbox 1042 984 1110 1013; x_wconf 87' lang='lat' dir='ltr'><strong>loeo</strong></span> <span class='ocrx_word' id='word_1_544' title='bbox 1125 985 1232 1013; x_wconf 87' lang='lat' dir='ltr'><strong>locata.</strong></span> <span class='ocrx_word' id='word_1_545' title='bbox 1250 987 1321 1014; x_wconf 90' lang='lat' dir='ltr'><strong>item</strong></span> <span class='ocrx_word' id='word_1_546' title='bbox 1337 987 1452 1014; x_wconf 83' lang='lat' dir='ltr'><strong>constat</strong></span> <span class='ocrx_word' id='word_1_547' title='bbox 1472 985 1582 1013; x_wconf 85' lang='lat' dir='ltr'><strong>coelum</strong></span> <span class='ocrx_word' id='word_1_548' title='bbox 1598 985 1653 1013; x_wconf 87' lang='lat' dir='ltr'><strong>situ</strong></span> <span class='ocrx_word' id='word_1_549' title='bbox 1669 992 1733 1014; x_wconf 85' lang='lat' dir='ltr'><strong>esse</strong></span> <span class='ocrx_word' id='word_1_550' title='bbox 1748 984 1829 1014; x_wconf 87' lang='lat' dir='ltr'><strong>altis-</strong></span> 
     </span>
     <span class='ocr_line' id='line_1_74' title="bbox 1040 1031 1830 1069; baseline 0.001 -10"><span class='ocrx_word' id='word_1_551' title='bbox 1040 1031 1150 1060; x_wconf 88' lang='lat' dir='ltr'><strong>simum</strong></span> <span class='ocrx_word' id='word_1_552' title='bbox 1171 1033 1183 1049; x_wconf 81' lang='grc'><em>·</em></span> <span class='ocrx_word' id='word_1_553' title='bbox 1203 1041 1210 1060; x_wconf 88' lang='lat'>:</span> <span class='ocrx_word' id='word_1_554' title='bbox 1235 1042 1249 1058; x_wconf 72' lang='grc' dir='ltr'><strong>(ι</strong></span> <span class='ocrx_word' id='word_1_555' title='bbox 1264 1031 1456 1060; x_wconf 77' lang='lat' dir='ltr'><strong>Altitudinem</strong></span> <span class='ocrx_word' id='word_1_556' title='bbox 1483 1031 1549 1060; x_wconf 87' lang='lat' dir='ltr'><strong>eoeli</strong></span> <span class='ocrx_word' id='word_1_557' title='bbox 1579 1032 1648 1069; x_wconf 92' lang='lat' dir='ltr'><strong>quis</strong></span> <span class='ocrx_word' id='word_1_558' title='bbox 1675 1031 1830 1060; x_wconf 83' lang='lat' dir='ltr'><strong>dimensus</strong></span> 
     </span>
     <span class='ocr_line' id='line_1_75' title="bbox 1042 1078 1829 1116; baseline 0.001 -10"><span class='ocrx_word' id='word_1_559' title='bbox 1042 1081 1084 1106; x_wconf 87' lang='lat' dir='ltr'><strong>est</strong></span> <span class='ocrx_word' id='word_1_560' title='bbox 1096 1080 1111 1107; x_wconf 70' lang='grc' dir='ltr'>ἵ</span> <span class='ocrx_word' id='word_1_561' title='bbox 1125 1090 1139 1106; x_wconf 79' lang='lat'><strong>»</strong></span> <span class='ocrx_word' id='word_1_562' title='bbox 1156 1079 1213 1107; x_wconf 86' lang='lat' dir='ltr'><strong>Sed</strong></span> <span class='ocrx_word' id='word_1_563' title='bbox 1227 1079 1318 1108; x_wconf 83' lang='lat' dir='ltr'><strong>stelloe</strong></span> <span class='ocrx_word' id='word_1_564' title='bbox 1333 1079 1363 1107; x_wconf 93' lang='lat' dir='ltr'><strong>in</strong></span> <span class='ocrx_word' id='word_1_565' title='bbox 1385 1079 1462 1108; x_wconf 85' lang='lat' dir='ltr'><strong>coelo</strong></span> <span class='ocrx_word' id='word_1_566' title='bbox 1486 1081 1555 1108; x_wconf 88' lang='lat' dir='ltr'><strong>sunt</strong></span> <span class='ocrx_word' id='word_1_567' title='bbox 1570 1080 1672 1116; x_wconf 78' lang='lat' dir='ltr'><strong>positoe</strong></span> <span class='ocrx_word' id='word_1_568' title='bbox 1688 1088 1695 1107; x_wconf 91' lang='lat'>:</span> <span class='ocrx_word' id='word_1_569' title='bbox 1710 1086 1783 1115; x_wconf 83' lang='lat' dir='ltr'><strong>ergo</strong></span> <span class='ocrx_word' id='word_1_570' title='bbox 1799 1078 1829 1108; x_wconf 88' lang='lat' dir='ltr'><strong>in</strong></span> 
     </span>
     <span class='ocr_line' id='line_1_76' title="bbox 1040 1125 1828 1163; baseline 0.001 -10"><span class='ocrx_word' id='word_1_571' title='bbox 1040 1126 1096 1154; x_wconf 88' lang='lat' dir='ltr'><strong>situ</strong></span> <span class='ocrx_word' id='word_1_572' title='bbox 1112 1129 1180 1154; x_wconf 88' lang='lat' dir='ltr'><strong>sunt</strong></span> <span class='ocrx_word' id='word_1_573' title='bbox 1194 1126 1353 1161; x_wconf 73' lang='lat' dir='ltr'><strong>altissimte,</strong></span> <span class='ocrx_word' id='word_1_574' title='bbox 1365 1126 1438 1163; x_wconf 86' lang='lat' dir='ltr'><strong>quia</strong></span> <span class='ocrx_word' id='word_1_575' title='bbox 1452 1126 1483 1154; x_wconf 89' lang='lat' dir='ltr'><strong>in</strong></span> <span class='ocrx_word' id='word_1_576' title='bbox 1493 1126 1580 1155; x_wconf 85' lang='lat' dir='ltr'><strong>coelo.</strong></span> <span class='ocrx_word' id='word_1_577' title='bbox 1593 1126 1686 1155; x_wconf 77' lang='lat' dir='ltr'><strong>Minor</strong></span> <span class='ocrx_word' id='word_1_578' title='bbox 1696 1129 1775 1163; x_wconf 86' lang='lat' dir='ltr'><strong>patet</strong></span> <span class='ocrx_word' id='word_1_579' title='bbox 1788 1125 1828 1155; x_wconf 82' lang='lat'><strong>¹⁰:</strong></span> 
     </span>
     <span class='ocr_line' id='line_1_77' title="bbox 1044 1173 1830 1209; baseline -0.001 -8"><span class='ocrx_word' id='word_1_580' title='bbox 1044 1183 1057 1196; x_wconf 74' lang='grc' dir='ltr'><strong>«ι</strong></span> <span class='ocrx_word' id='word_1_581' title='bbox 1068 1173 1144 1201; x_wconf 79' lang='lat' dir='ltr'><strong>Fecit</strong></span> <span class='ocrx_word' id='word_1_582' title='bbox 1163 1174 1237 1202; x_wconf 87' lang='lat' dir='ltr'><strong>Deus</strong></span> <span class='ocrx_word' id='word_1_583' title='bbox 1251 1173 1314 1202; x_wconf 92' lang='lat' dir='ltr'><strong>duo</strong></span> <span class='ocrx_word' id='word_1_584' title='bbox 1330 1173 1502 1207; x_wconf 81' lang='lat' dir='ltr'><strong>luminaria,</strong></span> <span class='ocrx_word' id='word_1_585' title='bbox 1517 1176 1544 1202; x_wconf 91' lang='lat' dir='ltr'><strong>et</strong></span> <span class='ocrx_word' id='word_1_586' title='bbox 1559 1173 1668 1208; x_wconf 56' lang='lat' dir='ltr'><strong>stellam,</strong></span> <span class='ocrx_word' id='word_1_587' title='bbox 1685 1176 1713 1201; x_wconf 87' lang='lat' dir='ltr'><strong>et</strong></span> <span class='ocrx_word' id='word_1_588' title='bbox 1730 1173 1830 1209; x_wconf 87' lang='lat' dir='ltr'><strong>posuit</strong></span> 
     </span>
     <span class='ocr_line' id='line_1_78' title="bbox 1040 1219 1828 1256; baseline 0.001 -9"><span class='ocrx_word' id='word_1_589' title='bbox 1040 1227 1090 1247; x_wconf 87' lang='lat' dir='ltr'><strong>eas</strong></span> <span class='ocrx_word' id='word_1_590' title='bbox 1106 1220 1134 1247; x_wconf 90' lang='lat' dir='ltr'><strong>iu</strong></span> <span class='ocrx_word' id='word_1_591' title='bbox 1150 1220 1338 1248; x_wconf 79' lang='lat' dir='ltr'><strong>firmamento</strong></span> <span class='ocrx_word' id='word_1_592' title='bbox 1354 1220 1429 1249; x_wconf 84' lang='lat' dir='ltr'><strong>coeli.</strong></span> <span class='ocrx_word' id='word_1_593' title='bbox 1447 1231 1461 1247; x_wconf 69' lang='lat' dir='ltr'><strong>n</strong></span> <span class='ocrx_word' id='word_1_594' title='bbox 1479 1220 1525 1248; x_wconf 87' lang='lat' dir='ltr'><strong>Sic</strong></span> <span class='ocrx_word' id='word_1_595' title='bbox 1540 1220 1629 1248; x_wconf 77' lang='lat' dir='ltr'><strong>etIam</strong></span> <span class='ocrx_word' id='word_1_596' title='bbox 1642 1219 1735 1248; x_wconf 84' lang='lat' dir='ltr'><strong>sancti</strong></span> <span class='ocrx_word' id='word_1_597' title='bbox 1748 1222 1828 1256; x_wconf 78' lang='lat' dir='ltr'><strong>Apo-</strong></span> 
     </span>
     <span class='ocr_line' id='line_1_79' title="bbox 1039 1266 1829 1304; baseline 0.001 -11"><span class='ocrx_word' id='word_1_598' title='bbox 1039 1267 1107 1294; x_wconf 58' lang='lat' dir='ltr'><strong>stoli</strong></span> <span class='ocrx_word' id='word_1_599' title='bbox 1133 1267 1253 1295; x_wconf 84' lang='lat' dir='ltr'><strong>suerunt</strong></span> <span class='ocrx_word' id='word_1_600' title='bbox 1273 1267 1419 1301; x_wconf 81' lang='lat' dir='ltr'><strong>altissimi,</strong></span> <span class='ocrx_word' id='word_1_601' title='bbox 1437 1267 1467 1295; x_wconf 91' lang='lat' dir='ltr'><strong>in</strong></span> <span class='ocrx_word' id='word_1_602' title='bbox 1483 1267 1558 1297; x_wconf 74' lang='lat' dir='ltr'><strong>ooelo</strong></span> <span class='ocrx_word' id='word_1_603' title='bbox 1580 1275 1633 1304; x_wconf 88' lang='lat' dir='ltr'><strong>per</strong></span> <span class='ocrx_word' id='word_1_604' title='bbox 1654 1266 1829 1295; x_wconf 80' lang='lat' dir='ltr'><strong>altissimam</strong></span> 
     </span>
     <span class='ocr_line' id='line_1_80' title="bbox 1039 1313 1829 1351; baseline 0 -9"><span class='ocrx_word' id='word_1_605' title='bbox 1039 1316 1246 1350; x_wconf 82' lang='lat' dir='ltr'><strong>paupertatem</strong></span> <span class='ocrx_word' id='word_1_606' title='bbox 1262 1317 1290 1342; x_wconf 90' lang='lat' dir='ltr'><strong>et</strong></span> <span class='ocrx_word' id='word_1_607' title='bbox 1305 1322 1358 1350; x_wconf 85' lang='lat' dir='ltr'><strong>per</strong></span> <span class='ocrx_word' id='word_1_608' title='bbox 1373 1314 1513 1343; x_wconf 78' lang='lat' dir='ltr'><strong>affectum</strong></span> <span class='ocrx_word' id='word_1_609' title='bbox 1528 1313 1664 1351; x_wconf 81' lang='lat' dir='ltr'><strong>plantati,</strong></span> <span class='ocrx_word' id='word_1_610' title='bbox 1675 1316 1704 1342; x_wconf 87' lang='lat' dir='ltr'><strong>et</strong></span> <span class='ocrx_word' id='word_1_611' title='bbox 1719 1321 1737 1342; x_wconf 84' lang='lat' dir='ltr'><strong>a</strong></span> <span class='ocrx_word' id='word_1_612' title='bbox 1753 1317 1829 1342; x_wconf 82' lang='lat' dir='ltr'><strong>terra</strong></span> 
     </span>
     <span class='ocr_line' id='line_1_81' title="bbox 1039 1361 1829 1397; baseline 0.001 -9"><span class='ocrx_word' id='word_1_613' title='bbox 1039 1361 1156 1397; x_wconf 88' lang='lat' dir='ltr'><strong>penitus</strong></span> <span class='ocrx_word' id='word_1_614' title='bbox 1170 1361 1288 1397; x_wconf 79' lang='lat' dir='ltr'><strong>elevati,</strong></span> <span class='ocrx_word' id='word_1_615' title='bbox 1304 1370 1366 1390; x_wconf 92' lang='lat' dir='ltr'><strong>non</strong></span> <span class='ocrx_word' id='word_1_616' title='bbox 1378 1364 1504 1397; x_wconf 86' lang='lat' dir='ltr'><strong>terrena,</strong></span> <span class='ocrx_word' id='word_1_617' title='bbox 1515 1361 1569 1390; x_wconf 87' lang='lat' dir='ltr'><strong>sed</strong></span> <span class='ocrx_word' id='word_1_618' title='bbox 1581 1361 1681 1390; x_wconf 80' lang='lat' dir='ltr'><strong>sotum</strong></span> <span class='ocrx_word' id='word_1_619' title='bbox 1693 1363 1829 1390; x_wconf 86' lang='lat' dir='ltr'><strong>amantes</strong></span> 
     </span>
     <span class='ocr_line' id='line_1_82' title="bbox 1038 1407 1828 1445; baseline 0.001 -10"><span class='ocrx_word' id='word_1_620' title='bbox 1038 1407 1178 1436; x_wconf 78' lang='lat' dir='ltr'><strong>coetestia.</strong></span> <span class='ocrx_word' id='word_1_621' title='bbox 1193 1409 1274 1437; x_wconf 85' lang='lat' dir='ltr'><strong>Unde</strong></span> <span class='ocrx_word' id='word_1_622' title='bbox 1289 1409 1379 1437; x_wconf 86' lang='lat' dir='ltr'><strong>etium</strong></span> <span class='ocrx_word' id='word_1_623' title='bbox 1390 1408 1510 1437; x_wconf 81' lang='lat' dir='ltr'><strong>dicebat</strong></span> <span class='ocrx_word' id='word_1_624' title='bbox 1522 1407 1682 1445; x_wconf 76' lang='lat' dir='ltr'><strong>Apostolus</strong></span> <span class='ocrx_word' id='word_1_625' title='bbox 1694 1408 1714 1426; x_wconf 84' lang='lat'><strong>¹¹</strong></span> <span class='ocrx_word' id='word_1_626' title='bbox 1731 1417 1762 1436; x_wconf 76' lang='lat' dir='ltr'><strong>:n</strong></span> <span class='ocrx_word' id='word_1_627' title='bbox 1773 1409 1828 1436; x_wconf 85' lang='lat' dir='ltr'><strong>No—</strong></span> 
     </span>
     <span class='ocr_line' id='line_1_83' title="bbox 1037 1455 1827 1492; baseline 0 -9"><span class='ocrx_word' id='word_1_628' title='bbox 1037 1457 1097 1483; x_wconf 87' lang='lat' dir='ltr'><strong>stra</strong></span> <span class='ocrx_word' id='word_1_629' title='bbox 1124 1455 1308 1483; x_wconf 76' lang='lat' dir='ltr'><strong>conversatio</strong></span> <span class='ocrx_word' id='word_1_630' title='bbox 1330 1455 1360 1483; x_wconf 89' lang='lat' dir='ltr'><strong>in</strong></span> <span class='ocrx_word' id='word_1_631' title='bbox 1386 1455 1468 1484; x_wconf 78' lang='lat' dir='ltr'><strong>eoelis</strong></span> <span class='ocrx_word' id='word_1_632' title='bbox 1491 1457 1544 1483; x_wconf 88' lang='lat' dir='ltr'><strong>est.</strong></span> <span class='ocrx_word' id='word_1_633' title='bbox 1565 1465 1579 1481; x_wconf 71' lang='grc' dir='ltr'><strong>ο</strong></span> <span class='ocrx_word' id='word_1_634' title='bbox 1605 1456 1726 1492; x_wconf 81' lang='lat' dir='ltr'><strong>Propter</strong></span> <span class='ocrx_word' id='word_1_635' title='bbox 1743 1455 1827 1492; x_wconf 87' lang='lat' dir='ltr'><strong>quod</strong></span> 
     </span>
     <span class='ocr_line' id='line_1_84' title="bbox 1038 1502 1828 1536; baseline 0 -6"><span class='ocrx_word' id='word_1_636' title='bbox 1038 1502 1126 1530; x_wconf 85' lang='lat' dir='ltr'><strong>etiam</strong></span> <span class='ocrx_word' id='word_1_637' title='bbox 1142 1502 1171 1530; x_wconf 91' lang='lat' dir='ltr'><strong>in</strong></span> <span class='ocrx_word' id='word_1_638' title='bbox 1189 1505 1302 1530; x_wconf 84' lang='lat' dir='ltr'><strong>tantum</strong></span> <span class='ocrx_word' id='word_1_639' title='bbox 1318 1502 1539 1531; x_wconf 82' lang='lat' dir='ltr'><strong>detestabantur</strong></span> <span class='ocrx_word' id='word_1_640' title='bbox 1554 1503 1681 1536; x_wconf 80' lang='lat' dir='ltr'><strong>terrena,</strong></span> <span class='ocrx_word' id='word_1_641' title='bbox 1695 1504 1727 1531; x_wconf 90' lang='lat' dir='ltr'><strong>ut</strong></span> <span class='ocrx_word' id='word_1_642' title='bbox 1739 1510 1828 1531; x_wconf 83' lang='lat' dir='ltr'><strong>excu-</strong></span> 
     </span>
     <span class='ocr_line' id='line_1_85' title="bbox 1038 1548 1828 1585; baseline 0.001 -9"><span class='ocrx_word' id='word_1_643' title='bbox 1038 1551 1130 1577; x_wconf 80' lang='lat' dir='ltr'><strong>terent</strong></span> <span class='ocrx_word' id='word_1_644' title='bbox 1151 1549 1307 1585; x_wconf 85' lang='lat' dir='ltr'><strong>pulverem</strong></span> <span class='ocrx_word' id='word_1_645' title='bbox 1333 1549 1370 1577; x_wconf 89' lang='lat' dir='ltr'><strong>de</strong></span> <span class='ocrx_word' id='word_1_646' title='bbox 1393 1549 1522 1585; x_wconf 83' lang='lat' dir='ltr'><strong>pedibus</strong></span> <span class='ocrx_word' id='word_1_647' title='bbox 1537 1549 1609 1578; x_wconf 86' lang='lat' dir='ltr'><strong>suis.</strong></span> <span class='ocrx_word' id='word_1_648' title='bbox 1631 1549 1687 1585; x_wconf 86' lang='lat' dir='ltr'><strong>ipsi</strong></span> <span class='ocrx_word' id='word_1_649' title='bbox 1706 1548 1828 1577; x_wconf 78' lang='lat' dir='ltr'><strong>fuerunt</strong></span> 
     </span>
     <span class='ocr_line' id='line_1_86' title="bbox 1037 1595 1826 1632; baseline 0.001 -9"><span class='ocrx_word' id='word_1_650' title='bbox 1037 1596 1141 1632; x_wconf 90' lang='lat' dir='ltr'><strong>primi,</strong></span> <span class='ocrx_word' id='word_1_651' title='bbox 1156 1596 1207 1632; x_wconf 87' lang='lat' dir='ltr'><strong>qni</strong></span> <span class='ocrx_word' id='word_1_652' title='bbox 1223 1595 1332 1624; x_wconf 84' lang='lat' dir='ltr'><strong>relictis</strong></span> <span class='ocrx_word' id='word_1_653' title='bbox 1354 1596 1509 1631; x_wconf 87' lang='lat' dir='ltr'><strong>omnibus,</strong></span> <span class='ocrx_word' id='word_1_654' title='bbox 1531 1596 1622 1624; x_wconf 85' lang='lat' dir='ltr'><strong>secuti</strong></span> <span class='ocrx_word' id='word_1_655' title='bbox 1637 1599 1705 1624; x_wconf 86' lang='lat' dir='ltr'><strong>sunt</strong></span> <span class='ocrx_word' id='word_1_656' title='bbox 1729 1596 1826 1624; x_wconf 81' lang='lat' dir='ltr'><strong>Domi—</strong></span> 
     </span>
     <span class='ocr_line' id='line_1_87' title="bbox 1037 1643 1825 1678; baseline 0.001 -8"><span class='ocrx_word' id='word_1_657' title='bbox 1037 1651 1119 1671; x_wconf 92' lang='lat' dir='ltr'><strong>num.</strong></span> <span class='ocrx_word' id='word_1_658' title='bbox 1139 1655 1152 1668; x_wconf 72' lang='grc' dir='ltr'><strong>«ι</strong></span> <span class='ocrx_word' id='word_1_659' title='bbox 1168 1645 1231 1671; x_wconf 79' lang='lat' dir='ltr'><strong>Non</strong></span> <span class='ocrx_word' id='word_1_660' title='bbox 1245 1643 1336 1678; x_wconf 81' lang='lat' dir='ltr'><strong>enim,</strong></span> <span class='ocrx_word' id='word_1_661' title='bbox 1353 1653 1366 1668; x_wconf 76' lang='lat' dir='ltr'><strong>n</strong></span> <span class='ocrx_word' id='word_1_662' title='bbox 1384 1645 1415 1671; x_wconf 90' lang='lat' dir='ltr'><strong>ut</strong></span> <span class='ocrx_word' id='word_1_663' title='bbox 1431 1643 1503 1671; x_wconf 87' lang='lat' dir='ltr'><strong>dicit</strong></span> <span class='ocrx_word' id='word_1_664' title='bbox 1518 1643 1685 1671; x_wconf 78' lang='lat' dir='ltr'><strong>Bet-nardus</strong></span> <span class='ocrx_word' id='word_1_665' title='bbox 1700 1643 1731 1678; x_wconf 83' lang='lat'><strong>¹¹,</strong></span> <span class='ocrx_word' id='word_1_666' title='bbox 1744 1653 1758 1669; x_wconf 70' lang='grc' dir='ltr'><strong>α</strong></span> <span class='ocrx_word' id='word_1_667' title='bbox 1772 1651 1825 1671; x_wconf 84' lang='lat' dir='ltr'><strong>ex-</strong></span> 
     </span>
     <span class='ocr_line' id='line_1_88' title="bbox 1036 1690 1827 1727; baseline 0 -9"><span class='ocrx_word' id='word_1_668' title='bbox 1036 1690 1170 1725; x_wconf 83' lang='lat' dir='ltr'><strong>peditum</strong></span> <span class='ocrx_word' id='word_1_669' title='bbox 1186 1693 1213 1718; x_wconf 87' lang='lat' dir='ltr'><strong>et</strong></span> <span class='ocrx_word' id='word_1_670' title='bbox 1228 1698 1391 1727; x_wconf 86' lang='lat' dir='ltr'><strong>pauperem</strong></span> <span class='ocrx_word' id='word_1_671' title='bbox 1415 1691 1572 1718; x_wconf 84' lang='lat' dir='ltr'><strong>Dominum</strong></span> <span class='ocrx_word' id='word_1_672' title='bbox 1588 1690 1673 1726; x_wconf 87' lang='lat' dir='ltr'><strong>sequi</strong></span> <span class='ocrx_word' id='word_1_673' title='bbox 1689 1692 1827 1726; x_wconf 81' lang='lat' dir='ltr'><strong>poterant</strong></span> 
     </span>
     <span class='ocr_line' id='line_1_89' title="bbox 1037 1737 1824 1774; baseline 0.001 -9"><span class='ocrx_word' id='word_1_674' title='bbox 1037 1738 1161 1766; x_wconf 85' lang='lat' dir='ltr'><strong>onerati.</strong></span> <span class='ocrx_word' id='word_1_675' title='bbox 1174 1748 1187 1763; x_wconf 69' lang='grc' dir='ltr'><strong>υ</strong></span> <span class='ocrx_word' id='word_1_676' title='bbox 1206 1737 1262 1765; x_wconf 85' lang='lat' dir='ltr'><strong>Sed</strong></span> <span class='ocrx_word' id='word_1_677' title='bbox 1278 1737 1346 1773; x_wconf 84' lang='lat' dir='ltr'><strong>quis</strong></span> <span class='ocrx_word' id='word_1_678' title='bbox 1366 1737 1457 1765; x_wconf 84' lang='lat' dir='ltr'><strong>hodie</strong></span> <span class='ocrx_word' id='word_1_679' title='bbox 1476 1737 1611 1774; x_wconf 86' lang='lat' dir='ltr'><strong>sequitur</strong></span> <span class='ocrx_word' id='word_1_680' title='bbox 1631 1737 1662 1765; x_wconf 92' lang='lat' dir='ltr'><strong>in</strong></span> <span class='ocrx_word' id='word_1_681' title='bbox 1684 1737 1824 1766; x_wconf 78' lang='lat' dir='ltr'><strong>voluuta-</strong></span> 
     </span>
     <span class='ocr_line' id='line_1_90' title="bbox 1036 1784 1824 1821; baseline 0.001 -9"><span class='ocrx_word' id='word_1_682' title='bbox 1036 1785 1079 1812; x_wconf 84' lang='lat' dir='ltr'><strong>ria</strong></span> <span class='ocrx_word' id='word_1_683' title='bbox 1094 1787 1267 1821; x_wconf 65' lang='lat' dir='ltr'><strong>paup-riute</strong></span> <span class='ocrx_word' id='word_1_684' title='bbox 1282 1785 1464 1820; x_wconf 72' lang='lat' dir='ltr'><strong>Apostolos?</strong></span> <span class='ocrx_word' id='word_1_685' title='bbox 1484 1785 1626 1812; x_wconf 71' lang='lat' dir='ltr'><strong>ieremias</strong></span> <span class='ocrx_word' id='word_1_686' title='bbox 1641 1784 1682 1812; x_wconf 81' lang='lat'><strong>¹³:</strong></span> <span class='ocrx_word' id='word_1_687' title='bbox 1700 1795 1713 1810; x_wconf 80' lang='lat' dir='ltr'><strong>u</strong></span> <span class='ocrx_word' id='word_1_688' title='bbox 1730 1788 1750 1812; x_wconf 92' lang='grc' dir='ltr'><strong>Λ</strong></span> <span class='ocrx_word' id='word_1_689' title='bbox 1768 1785 1824 1813; x_wconf 92' lang='lat' dir='ltr'><strong>mi-</strong></span> 
     </span>
     <span class='ocr_line' id='line_1_91' title="bbox 1035 1831 1824 1867; baseline 0 -8"><span class='ocrx_word' id='word_1_690' title='bbox 1035 1832 1118 1859; x_wconf 91' lang='lat' dir='ltr'><strong>nimo</strong></span> <span class='ocrx_word' id='word_1_691' title='bbox 1134 1840 1228 1867; x_wconf 78' lang='lat' dir='ltr'><strong>nsque</strong></span> <span class='ocrx_word' id='word_1_692' title='bbox 1245 1831 1284 1859; x_wconf 92' lang='lat' dir='ltr'><strong>ad</strong></span> <span class='ocrx_word' id='word_1_693' title='bbox 1301 1832 1477 1866; x_wconf 81' lang='lat' dir='ltr'><strong>maximum,</strong></span> <span class='ocrx_word' id='word_1_694' title='bbox 1491 1839 1596 1860; x_wconf 87' lang='lat' dir='ltr'><strong>omnes</strong></span> <span class='ocrx_word' id='word_1_695' title='bbox 1611 1831 1742 1859; x_wconf 82' lang='lat' dir='ltr'><strong>avaritioe</strong></span> <span class='ocrx_word' id='word_1_696' title='bbox 1761 1834 1824 1859; x_wconf 80' lang='lat' dir='ltr'><strong>stu-</strong></span> 
     </span>
     <span class='ocr_line' id='line_1_92' title="bbox 1037 1878 1824 1915; baseline 0.001 -10"><span class='ocrx_word' id='word_1_697' title='bbox 1037 1879 1116 1906; x_wconf 83' lang='lat' dir='ltr'><strong>dent.</strong></span> <span class='ocrx_word' id='word_1_698' title='bbox 1130 1889 1142 1904; x_wconf 72' lang='lat'>»</span> <span class='ocrx_word' id='word_1_699' title='bbox 1156 1882 1244 1906; x_wconf 74' lang='lat' dir='ltr'><strong>Amos</strong></span> <span class='ocrx_word' id='word_1_700' title='bbox 1254 1879 1290 1906; x_wconf 67' lang='lat'><strong>¹⁸:</strong></span> <span class='ocrx_word' id='word_1_701' title='bbox 1305 1889 1317 1903; x_wconf 78' lang='grc' dir='ltr'><strong>ιι</strong></span> <span class='ocrx_word' id='word_1_702' title='bbox 1327 1878 1455 1907; x_wconf 78' lang='lat' dir='ltr'><strong>Avaritia</strong></span> <span class='ocrx_word' id='word_1_703' title='bbox 1467 1879 1504 1914; x_wconf 82' lang='lat' dir='ltr'><strong>(u)</strong></span> <span class='ocrx_word' id='word_1_704' title='bbox 1514 1886 1604 1915; x_wconf 76' lang='lat' dir='ltr'><strong>super</strong></span> <span class='ocrx_word' id='word_1_705' title='bbox 1619 1879 1752 1915; x_wconf 65' lang='lat' dir='ltr'><strong>capum»)</strong></span> <span class='ocrx_word' id='word_1_706' title='bbox 1760 1887 1824 1906; x_wconf 90' lang='lat' dir='ltr'><strong>om-</strong></span> 
     </span>
     <span class='ocr_line' id='line_1_93' title="bbox 1036 1926 1826 1961; baseline 0.001 -8"><span class='ocrx_word' id='word_1_707' title='bbox 1036 1926 1128 1953; x_wconf 82' lang='lat' dir='ltr'><strong>nium.</strong></span> <span class='ocrx_word' id='word_1_708' title='bbox 1146 1936 1159 1951; x_wconf 71' lang='grc' dir='ltr'><strong>ο</strong></span> <span class='ocrx_word' id='word_1_709' title='bbox 1178 1927 1200 1954; x_wconf 92' lang='lat' dir='ltr'>O</span> <span class='ocrx_word' id='word_1_710' title='bbox 1217 1926 1331 1953; x_wconf 81' lang='lat' dir='ltr'><strong>vanitas</strong></span> <span class='ocrx_word' id='word_1_711' title='bbox 1353 1926 1533 1953; x_wconf 81' lang='lat' dir='ltr'><strong>vanitatum!</strong></span> <span class='ocrx_word' id='word_1_712' title='bbox 1560 1933 1578 1953; x_wconf 95' lang='lat' dir='ltr'><strong>o</strong></span> <span class='ocrx_word' id='word_1_713' title='bbox 1602 1926 1755 1961; x_wconf 80' lang='lat' dir='ltr'><strong>perversio</strong></span> <span class='ocrx_word' id='word_1_714' title='bbox 1773 1933 1826 1954; x_wconf 81' lang='lat' dir='ltr'><strong>na-</strong></span> 
     </span>
     <span class='ocr_line' id='line_1_94' title="bbox 1036 1972 1825 2009; baseline 0 -9"><span class='ocrx_word' id='word_1_715' title='bbox 1036 1975 1188 2000; x_wconf 75' lang='lat' dir='ltr'><strong>turarum!</strong></span> <span class='ocrx_word' id='word_1_716' title='bbox 1215 1973 1300 2009; x_wconf 83' lang='lat' dir='ltr'><strong>qnod</strong></span> <span class='ocrx_word' id='word_1_717' title='bbox 1322 1972 1373 2000; x_wconf 87' lang='lat' dir='ltr'><strong>tibi</strong></span> <span class='ocrx_word' id='word_1_718' title='bbox 1394 1972 1482 2000; x_wconf 85' lang='lat' dir='ltr'><strong>datur</strong></span> <span class='ocrx_word' id='word_1_719' title='bbox 1501 1972 1630 2007; x_wconf 84' lang='lat' dir='ltr'><strong>pedibus</strong></span> <span class='ocrx_word' id='word_1_720' title='bbox 1649 1972 1688 2000; x_wconf 90' lang='lat' dir='ltr'><strong>ad</strong></span> <span class='ocrx_word' id='word_1_721' title='bbox 1710 1972 1825 2000; x_wconf 83' lang='lat' dir='ltr'><strong>calcan-</strong></span> 
     </span>
     <span class='ocr_line' id='line_1_95' title="bbox 1037 2019 1823 2055; baseline 0 -8"><span class='ocrx_word' id='word_1_722' title='bbox 1037 2019 1120 2053; x_wconf 86' lang='lat' dir='ltr'><strong>dum,</strong></span> <span class='ocrx_word' id='word_1_723' title='bbox 1138 2022 1167 2046; x_wconf 91' lang='lat' dir='ltr'><strong>tu</strong></span> <span class='ocrx_word' id='word_1_724' title='bbox 1179 2020 1203 2047; x_wconf 89' lang='lat' dir='ltr'><strong>ei</strong></span> <span class='ocrx_word' id='word_1_725' title='bbox 1218 2028 1278 2047; x_wconf 89' lang='lat' dir='ltr'><strong>uon</strong></span> <span class='ocrx_word' id='word_1_726' title='bbox 1289 2019 1387 2047; x_wconf 71' lang='lat' dir='ltr'><strong>solum</strong></span> <span class='ocrx_word' id='word_1_727' title='bbox 1400 2019 1522 2054; x_wconf 85' lang='lat' dir='ltr'><strong>subjicis</strong></span> <span class='ocrx_word' id='word_1_728' title='bbox 1533 2021 1621 2054; x_wconf 87' lang='lat' dir='ltr'><strong>caput</strong></span> <span class='ocrx_word' id='word_1_729' title='bbox 1632 2027 1823 2055; x_wconf 86' lang='lat' dir='ltr'><strong>corporeum,</strong></span> 
     </span>
     <span class='ocr_line' id='line_1_96' title="bbox 1035 2066 1824 2102; baseline 0.001 -9"><span class='ocrx_word' id='word_1_730' title='bbox 1035 2067 1087 2095; x_wconf 81' lang='lat' dir='ltr'><strong>sed</strong></span> <span class='ocrx_word' id='word_1_731' title='bbox 1103 2068 1202 2099; x_wconf 83' lang='lat' dir='ltr'><strong>etiam,</strong></span> <span class='ocrx_word' id='word_1_732' title='bbox 1219 2066 1302 2102; x_wconf 84' lang='lat' dir='ltr'><strong>quod</strong></span> <span class='ocrx_word' id='word_1_733' title='bbox 1318 2069 1359 2093; x_wconf 68' lang='lat' dir='ltr'><strong>est</strong></span> <span class='ocrx_word' id='word_1_734' title='bbox 1374 2066 1595 2100; x_wconf 77' lang='lat' dir='ltr'><strong>gravissimum,</strong></span> <span class='ocrx_word' id='word_1_735' title='bbox 1617 2066 1740 2101; x_wconf 79' lang='lat' dir='ltr'><strong>subjicis</strong></span> <span class='ocrx_word' id='word_1_736' title='bbox 1761 2066 1824 2094; x_wconf 89' lang='lat' dir='ltr'><strong>ani·</strong></span> 
     </span>
     <span class='ocr_line' id='line_1_97' title="bbox 1036 2114 1822 2151; baseline 0 -9"><span class='ocrx_word' id='word_1_737' title='bbox 1036 2123 1130 2147; x_wconf 89' lang='lat' dir='ltr'><strong>mum,</strong></span> <span class='ocrx_word' id='word_1_738' title='bbox 1146 2114 1236 2142; x_wconf 84' lang='lat' dir='ltr'><strong>rebus</strong></span> <span class='ocrx_word' id='word_1_739' title='bbox 1259 2114 1401 2142; x_wconf 75' lang='lat' dir='ltr'><strong>omnibus</strong></span> <span class='ocrx_word' id='word_1_740' title='bbox 1423 2114 1653 2149; x_wconf 80' lang='lat' dir='ltr'><strong>praeserendum.</strong></span> <span class='ocrx_word' id='word_1_741' title='bbox 1672 2115 1822 2151; x_wconf 74' lang='lat' dir='ltr'><strong>Numquid</strong></span> 
     </span>
     <span class='ocr_line' id='line_1_98' title="bbox 1036 2160 1823 2196; baseline 0.001 -7"><span class='ocrx_word' id='word_1_742' title='bbox 1036 2169 1096 2189; x_wconf 89' lang='lat' dir='ltr'><strong>non</strong></span> <span class='ocrx_word' id='word_1_743' title='bbox 1112 2163 1214 2189; x_wconf 82' lang='lat' dir='ltr'><strong>contra</strong></span> <span class='ocrx_word' id='word_1_744' title='bbox 1230 2163 1366 2188; x_wconf 88' lang='lat' dir='ltr'><strong>naturam</strong></span> <span class='ocrx_word' id='word_1_745' title='bbox 1386 2162 1471 2192; x_wconf 77' lang='lat' dir='ltr'><strong>esset.</strong></span> <span class='ocrx_word' id='word_1_746' title='bbox 1490 2161 1513 2188; x_wconf 78' lang='lat' dir='ltr'><strong>si</strong></span> <span class='ocrx_word' id='word_1_747' title='bbox 1533 2160 1601 2196; x_wconf 85' lang='lat' dir='ltr'><strong>quis</strong></span> <span class='ocrx_word' id='word_1_748' title='bbox 1616 2160 1723 2189; x_wconf 66' lang='lat' dir='ltr'><strong>cssflun)</strong></span> <span class='ocrx_word' id='word_1_749' title='bbox 1741 2163 1823 2190; x_wconf 83' lang='lat' dir='ltr'><strong>terroe</strong></span> 
     </span>
     <span class='ocr_line' id='line_1_99' title="bbox 1035 2207 1822 2240; baseline 0 -5"><span class='ocrx_word' id='word_1_750' title='bbox 1035 2208 1240 2235; x_wconf 66' lang='lat' dir='ltr'><strong>submitteret?</strong></span> <span class='ocrx_word' id='word_1_751' title='bbox 1261 2208 1320 2235; x_wconf 84' lang='lat' dir='ltr'><strong>tiuc</strong></span> <span class='ocrx_word' id='word_1_752' title='bbox 1346 2207 1425 2234; x_wconf 88' lang='lat' dir='ltr'><strong>enim</strong></span> <span class='ocrx_word' id='word_1_753' title='bbox 1453 2207 1560 2240; x_wconf 80' lang='lat' dir='ltr'><strong>facere,</strong></span> <span class='ocrx_word' id='word_1_754' title='bbox 1587 2209 1663 2235; x_wconf 78' lang='lat' dir='ltr'><strong>esset</strong></span> <span class='ocrx_word' id='word_1_755' title='bbox 1683 2207 1822 2236; x_wconf 88' lang='lat' dir='ltr'><strong>ordinem</strong></span> 
     </span>
     <span class='ocr_line' id='line_1_100' title="bbox 1036 2254 1820 2291; baseline 0 -9"><span class='ocrx_word' id='word_1_756' title='bbox 1036 2259 1146 2283; x_wconf 73' lang='lat' dir='ltr'><strong>naturte</strong></span> <span class='ocrx_word' id='word_1_757' title='bbox 1162 2257 1339 2291; x_wconf 73' lang='lat' dir='ltr'><strong>pervertere,</strong></span> <span class='ocrx_word' id='word_1_758' title='bbox 1355 2254 1378 2281; x_wconf 82' lang='lat' dir='ltr'><strong>si</strong></span> <span class='ocrx_word' id='word_1_759' title='bbox 1395 2254 1420 2281; x_wconf 91' lang='lat' dir='ltr'><strong>ei</strong></span> <span class='ocrx_word' id='word_1_760' title='bbox 1437 2254 1537 2282; x_wconf 84' lang='lat' dir='ltr'><strong>locum</strong></span> <span class='ocrx_word' id='word_1_761' title='bbox 1553 2262 1704 2282; x_wconf 89' lang='lat' dir='ltr'><strong>summum</strong></span> <span class='ocrx_word' id='word_1_762' title='bbox 1723 2255 1820 2289; x_wconf 78' lang='lat' dir='ltr'><strong>dares,</strong></span> 
     </span>
     <span class='ocr_line' id='line_1_101' title="bbox 1035 2301 1822 2339; baseline 0 -9"><span class='ocrx_word' id='word_1_763' title='bbox 1035 2303 1119 2339; x_wconf 86' lang='lat' dir='ltr'><strong>quod</strong></span> <span class='ocrx_word' id='word_1_764' title='bbox 1139 2311 1172 2330; x_wconf 78' lang='lat' dir='ltr'><strong>ex</strong></span> <span class='ocrx_word' id='word_1_765' title='bbox 1195 2304 1300 2330; x_wconf 86' lang='lat' dir='ltr'><strong>natura</strong></span> <span class='ocrx_word' id='word_1_766' title='bbox 1319 2301 1455 2329; x_wconf 86' lang='lat' dir='ltr'><strong>intimum</strong></span> <span class='ocrx_word' id='word_1_767' title='bbox 1474 2302 1575 2336; x_wconf 81' lang='lat' dir='ltr'><strong>habet,</strong></span> <span class='ocrx_word' id='word_1_768' title='bbox 1593 2310 1644 2330; x_wconf 81' lang='lat' dir='ltr'><strong>seu</strong></span> <span class='ocrx_word' id='word_1_769' title='bbox 1659 2304 1747 2330; x_wconf 87' lang='lat' dir='ltr'><strong>tenet.</strong></span> <span class='ocrx_word' id='word_1_770' title='bbox 1764 2302 1822 2330; x_wconf 88' lang='lat' dir='ltr'><strong>Sed</strong></span> 
     </span>
     <span class='ocr_line' id='line_1_102' title="bbox 1035 2349 1822 2385; baseline -0.001 -8"><span class='ocrx_word' id='word_1_771' title='bbox 1035 2350 1122 2384; x_wconf 80' lang='lat' dir='ltr'><strong>longe</strong></span> <span class='ocrx_word' id='word_1_772' title='bbox 1136 2352 1178 2376; x_wconf 76' lang='lat' dir='ltr'><strong>est</strong></span> <span class='ocrx_word' id='word_1_773' title='bbox 1191 2349 1321 2376; x_wconf 84' lang='lat' dir='ltr'><strong>nobilior</strong></span> <span class='ocrx_word' id='word_1_774' title='bbox 1337 2351 1470 2377; x_wconf 84' lang='lat' dir='ltr'><strong>creatura</strong></span> <span class='ocrx_word' id='word_1_775' title='bbox 1486 2352 1535 2376; x_wconf 87' lang='lat' dir='ltr'><strong>tua</strong></span> <span class='ocrx_word' id='word_1_776' title='bbox 1551 2349 1663 2383; x_wconf 85' lang='lat' dir='ltr'><strong>anima,</strong></span> <span class='ocrx_word' id='word_1_777' title='bbox 1679 2357 1771 2385; x_wconf 81' lang='lat' dir='ltr'><strong>quam</strong></span> <span class='ocrx_word' id='word_1_778' title='bbox 1786 2349 1822 2376; x_wconf 89' lang='lat' dir='ltr'><strong>sit</strong></span> 
     </span>
     <span class='ocr_line' id='line_1_103' title="bbox 1035 2395 1820 2431; baseline 0.001 -9"><span class='ocrx_word' id='word_1_779' title='bbox 1035 2397 1197 2424; x_wconf 66' lang='lat' dir='ltr'><strong>substantia</strong></span> <span class='ocrx_word' id='word_1_780' title='bbox 1211 2395 1346 2423; x_wconf 66' lang='lat' dir='ltr'><strong>coetestis.</strong></span> <span class='ocrx_word' id='word_1_781' title='bbox 1368 2397 1442 2431; x_wconf 78' lang='lat' dir='ltr'><strong>Ergo</strong></span> <span class='ocrx_word' id='word_1_782' title='bbox 1467 2398 1571 2424; x_wconf 89' lang='lat' dir='ltr'><strong>eontra</strong></span> <span class='ocrx_word' id='word_1_783' title='bbox 1594 2398 1730 2423; x_wconf 87' lang='lat' dir='ltr'><strong>naturam</strong></span> <span class='ocrx_word' id='word_1_784' title='bbox 1751 2403 1820 2431; x_wconf 83' lang='lat' dir='ltr'><strong>pcc-</strong></span> 
     </span>
     <span class='ocr_line' id='line_1_104' title="bbox 1035 2442 1821 2478; baseline -0.001 -7"><span class='ocrx_word' id='word_1_785' title='bbox 1035 2452 1093 2477; x_wconf 63' lang='lat' dir='ltr'><strong>cas‘,</strong></span> <span class='ocrx_word' id='word_1_786' title='bbox 1110 2443 1132 2470; x_wconf 86' lang='lat' dir='ltr'><strong>si</strong></span> <span class='ocrx_word' id='word_1_787' title='bbox 1149 2451 1215 2470; x_wconf 80' lang='lat' dir='ltr'><strong>eam</strong></span> <span class='ocrx_word' id='word_1_788' title='bbox 1231 2451 1283 2478; x_wconf 77' lang='lat' dir='ltr'><strong>per</strong></span> <span class='ocrx_word' id='word_1_789' title='bbox 1296 2443 1451 2470; x_wconf 83' lang='lat' dir='ltr'><strong>avaritiam</strong></span> <span class='ocrx_word' id='word_1_790' title='bbox 1467 2445 1550 2470; x_wconf 81' lang='lat' dir='ltr'><strong>terrae</strong></span> <span class='ocrx_word' id='word_1_791' title='bbox 1567 2442 1733 2469; x_wconf 84' lang='lat' dir='ltr'><strong>submittas.</strong></span> <span class='ocrx_word' id='word_1_792' title='bbox 1751 2443 1821 2475; x_wconf 74' lang='lat' dir='ltr'><strong>Qum</strong></span> 
     </span>
     <span class='ocr_line' id='line_1_105' title="bbox 1035 2489 1821 2525; baseline -0.003 -7"><span class='ocrx_word' id='word_1_793' title='bbox 1035 2498 1114 2518; x_wconf 83' lang='lat' dir='ltr'><strong>enim</strong></span> <span class='ocrx_word' id='word_1_794' title='bbox 1129 2490 1272 2517; x_wconf 87' lang='lat' dir='ltr'><strong>animalia</strong></span> <span class='ocrx_word' id='word_1_795' title='bbox 1289 2489 1418 2517; x_wconf 79' lang='lat' dir='ltr'><strong>viventia</strong></span> <span class='ocrx_word' id='word_1_796' title='bbox 1440 2489 1477 2516; x_wconf 88' lang='lat' dir='ltr'><strong>de</strong></span> <span class='ocrx_word' id='word_1_797' title='bbox 1501 2489 1606 2525; x_wconf 82' lang='lat' dir='ltr'><strong>rapina</strong></span> <span class='ocrx_word' id='word_1_798' title='bbox 1621 2489 1662 2516; x_wconf 79' lang='lat' dir='ltr'><strong>sir.</strong></span> <span class='ocrx_word' id='word_1_799' title='bbox 1678 2489 1821 2516; x_wconf 83' lang='lat' dir='ltr'><strong>insudant</strong></span> 
     </span>
    </p>
   </div>
   <div class='ocr_carea' id='block_1_7' title="bbox 1036 2564 1819 2667">
    <p class='ocr_par' dir='ltr' id='par_1_9' title="bbox 1036 2564 1819 2667">
     <span class='ocr_line' id='line_1_106' title="bbox 1037 2564 1819 2596; baseline -0.001 -7"><span class='ocrx_word' id='word_1_800' title='bbox 1037 2573 1053 2591; x_wconf 88' lang='grc' dir='ltr'><strong>ιι</strong></span> <span class='ocrx_word' id='word_1_801' title='bbox 1065 2585 1071 2596; x_wconf 85' lang='grc'><em>,</em></span> <span class='ocrx_word' id='word_1_802' title='bbox 1088 2568 1111 2596; x_wconf 73' lang='grc' dir='ltr'><strong>ῖζι,</strong></span> <span class='ocrx_word' id='word_1_803' title='bbox 1127 2565 1212 2596; x_wconf 70' lang='lat' dir='ltr'><strong>quoad</strong></span> <span class='ocrx_word' id='word_1_804' title='bbox 1230 2572 1346 2589; x_wconf 74' lang='lat' dir='ltr'><strong>sensum.</strong></span> <span class='ocrx_word' id='word_1_805' title='bbox 1363 2579 1392 2582; x_wconf 98' lang='lat'><strong>—</strong></span> <span class='ocrx_word' id='word_1_806' title='bbox 1409 2568 1417 2578; x_wconf 72' lang='lat'><em>*</em></span> <span class='ocrx_word' id='word_1_807' title='bbox 1433 2565 1500 2589; x_wconf 77' lang='lat' dir='ltr'><strong>Psnl.</strong></span> <span class='ocrx_word' id='word_1_808' title='bbox 1518 2570 1596 2595; x_wconf 77' lang='lat' dir='ltr'><strong>xxxi,</strong></span> <span class='ocrx_word' id='word_1_809' title='bbox 1617 2566 1639 2587; x_wconf 67' lang='lat'><strong>⁸.</strong></span> <span class='ocrx_word' id='word_1_810' title='bbox 1655 2579 1684 2582; x_wconf 95' lang='lat'><strong>—</strong></span> <span class='ocrx_word' id='word_1_811' title='bbox 1705 2567 1713 2578; x_wconf 72' lang='lat'><strong>²·</strong></span> <span class='ocrx_word' id='word_1_812' title='bbox 1732 2564 1819 2595; x_wconf 49' lang='lat' dir='ltr'><strong>Eccht,</strong></span> 
     </span>
     <span class='ocr_line' id='line_1_107' title="bbox 1036 2601 1817 2633; baseline -0.003 -7"><span class='ocrx_word' id='word_1_813' title='bbox 1036 2609 1054 2633; x_wconf 86' lang='lat'><strong>1,</strong></span> <span class='ocrx_word' id='word_1_814' title='bbox 1067 2606 1090 2627; x_wconf 79' lang='grc'><strong>2.</strong></span> <span class='ocrx_word' id='word_1_815' title='bbox 1102 2616 1130 2620; x_wconf 84' lang='lat'><em>—</em></span> <span class='ocrx_word' id='word_1_816' title='bbox 1143 2603 1162 2618; x_wconf 81' lang='lat'><strong>¹⁰</strong></span> <span class='ocrx_word' id='word_1_817' title='bbox 1175 2603 1331 2630; x_wconf 75' lang='lat' dir='ltr'><strong>Gen.‚1,iti.</strong></span> <span class='ocrx_word' id='word_1_818' title='bbox 1349 2616 1374 2619; x_wconf 97' lang='lat'>—</span> <span class='ocrx_word' id='word_1_819' title='bbox 1395 2604 1410 2617; x_wconf 78' lang='lat'><strong>&#39;¹</strong></span> <span class='ocrx_word' id='word_1_820' title='bbox 1423 2601 1531 2633; x_wconf 62' lang='lat' dir='ltr'><strong>Pln&#39;la&#39;p„</strong></span> <span class='ocrx_word' id='word_1_821' title='bbox 1550 2608 1592 2631; x_wconf 81' lang='lat' dir='ltr'><strong>itt,</strong></span> <span class='ocrx_word' id='word_1_822' title='bbox 1611 2603 1650 2626; x_wconf 75' lang='lat'><strong>20.</strong></span> <span class='ocrx_word' id='word_1_823' title='bbox 1665 2615 1688 2619; x_wconf 82' lang='lat'>—</span> <span class='ocrx_word' id='word_1_824' title='bbox 1707 2602 1725 2618; x_wconf 84' lang='lat'><strong>¹²</strong></span> <span class='ocrx_word' id='word_1_825' title='bbox 1741 2602 1817 2626; x_wconf 80' lang='lat' dir='ltr'><strong>Beru.</strong></span> 
     </span>
     <span class='ocr_line' id='line_1_108' title="bbox 1036 2637 1608 2667; baseline -0.002 -6"><span class='ocrx_word' id='word_1_826' title='bbox 1036 2651 1064 2657; x_wconf 98' lang='lat'>—</span> <span class='ocrx_word' id='word_1_827' title='bbox 1083 2639 1099 2654; x_wconf 74' lang='lat'><strong>¹³</strong></span> <span class='ocrx_word' id='word_1_828' title='bbox 1114 2638 1218 2667; x_wconf 56' lang='lat' dir='ltr'><strong>laem..</strong></span> <span class='ocrx_word' id='word_1_829' title='bbox 1237 2644 1270 2666; x_wconf 68' lang='lat' dir='ltr'><strong>vt,</strong></span> <span class='ocrx_word' id='word_1_830' title='bbox 1290 2640 1326 2661; x_wconf 78' lang='grc'><strong>13.</strong></span> <span class='ocrx_word' id='word_1_831' title='bbox 1340 2651 1369 2655; x_wconf 96' lang='grc'><strong>-</strong></span> <span class='ocrx_word' id='word_1_832' title='bbox 1386 2638 1405 2654; x_wconf 76' lang='lat'><strong>¹⁸</strong></span> <span class='ocrx_word' id='word_1_833' title='bbox 1420 2637 1514 2667; x_wconf 59' lang='lat' dir='ltr'><strong>Amo-r„</strong></span> <span class='ocrx_word' id='word_1_834' title='bbox 1532 2643 1568 2666; x_wconf 79' lang='lat' dir='ltr'><strong>ix,</strong></span> <span class='ocrx_word' id='word_1_835' title='bbox 1587 2640 1608 2661; x_wconf 92' lang='lat' dir='ltr'><strong>t.</strong></span> 
     </span>
    </p>
   </div>
   <div class='ocr_carea' id='block_1_8' title="bbox 1069 2682 1738 2714">
    <p class='ocr_par' dir='ltr' id='par_1_10' title="bbox 1069 2682 1738 2714">
     <span class='ocr_line' id='line_1_109' title="bbox 1069 2682 1738 2714; baseline -0.001 -7"><span class='ocrx_word' id='word_1_836' title='bbox 1069 2685 1099 2713; x_wconf 82' lang='grc' dir='ltr'><strong>(α)</strong></span> <span class='ocrx_word' id='word_1_837' title='bbox 1118 2684 1179 2707; x_wconf 71' lang='grc' dir='ltr'><strong>θαί-</strong></span> <span class='ocrx_word' id='word_1_838' title='bbox 1194 2683 1254 2708; x_wconf 66' lang='lat' dir='ltr'><strong>edit.</strong></span> <span class='ocrx_word' id='word_1_839' title='bbox 1274 2683 1404 2708; x_wconf 65' lang='lat' dir='ltr'><strong>Avaritiae.</strong></span> <span class='ocrx_word' id='word_1_840' title='bbox 1417 2696 1446 2700; x_wconf 97' lang='lat'><strong>—</strong></span> <span class='ocrx_word' id='word_1_841' title='bbox 1464 2683 1497 2713; x_wconf 75' lang='lat' dir='ltr'><strong>(b)</strong></span> <span class='ocrx_word' id='word_1_842' title='bbox 1518 2682 1590 2714; x_wconf 75' lang='lat' dir='ltr'><strong>Vuly.</strong></span> <span class='ocrx_word' id='word_1_843' title='bbox 1607 2683 1632 2707; x_wconf 87' lang='lat' dir='ltr'><strong>iu</strong></span> <span class='ocrx_word' id='word_1_844' title='bbox 1646 2682 1738 2714; x_wconf 77' lang='lat' dir='ltr'><strong>eapite.</strong></span> 
     </span>
    </p>
   </div>
   <div class='ocr_carea' id='block_1_9' title="bbox 1861 901 1931 960">
    <p class='ocr_par' dir='ltr' id='par_1_11' title="bbox 1861 901 1931 960">
     <span class='ocr_line' id='line_1_110' title="bbox 1861 901 1931 923; baseline 0 -1"><span class='ocrx_word' id='word_1_845' title='bbox 1861 901 1931 923; x_wconf 66' lang='lat' dir='ltr'><strong>siau·</strong></span> 
     </span>
     <span class='ocr_line' id='line_1_111' title="bbox 1865 931 1928 960; baseline 0.016 -8"><span class='ocrx_word' id='word_1_846' title='bbox 1865 931 1928 960; x_wconf 75' lang='lat' dir='ltr'><strong>quid.</strong></span> 
     </span>
    </p>
   </div>
  </div>
 </body>
</html>
