2029 3052
80 1660 113 1681 Ad
127 1666 160 1681 ar-

54 1692 160 1726 gumenta

53 1753 160 1779 negativae

67 1785 102 1806 Ad
128 1787 145 1806 1.

71 2417 103 2438 Ad
118 2419 146 2438 ΙΙ.

644 188 802 222 CONTRA
823 187 1058 221 MAGISTRUM
1080 190 1326 223 GUILELMUM.

175 257 294 297 petere.
322 255 382 288 Sed
402 256 464 288 hoc
483 255 604 288 mirum
628 256 777 296 videtur,
794 256 880 296 quod
899 255 953 287 ali-

175 310 247 350 quis
266 310 363 350 possit
383 309 417 341 in
438 310 517 342 illud
533 310 618 351 quod
637 311 741 351 majus
761 311 823 349 est,
841 311 872 341 et
887 319 953 341 non

178 364 278 405 possit
291 364 325 395 in
339 363 416 396 illud
427 363 513 404 quod
523 363 629 395 minus
640 365 687 395 est
699 375 706 402 ;
723 363 809 404 quod
823 363 952 404 aliquod

177 417 407 449 monasterium
422 418 520 458 possit
534 418 675 458 recipere
689 419 819 449 centum
830 426 952 449 marcas

178 471 248 502 auri
259 471 292 502 in
300 471 455 502 reditibus
466 471 505 503 ab
516 471 624 512 aliquo
638 470 780 512 principe
790 495 798 509 ‚
814 472 845 502 et
866 479 953 502 unus

177 524 388 564 pauperculus
412 534 477 556 non
492 525 589 566 possit
608 525 649 565 (a)
675 534 743 556 suae
763 524 952 564 indigentiae

175 577 403 610 relevationem
426 578 610 619 suppliciter
638 578 811 619 implorare
826 589 834 617 ;
867 577 953 618 quod

174 630 290 671 aliquis
305 632 403 672 possit
412 641 453 664 ex
467 632 607 664 amicitia
617 633 723 673 petere
737 632 777 662 ab
791 631 906 670 amico,
922 632 954 662 et

174 684 373 717 Christianus
393 695 458 718 non
475 686 573 726 possit
587 686 774 717 charitatem
792 685 828 726 (b)
845 687 953 726 petere

174 747 194 770 a
209 738 406 778 Christian0;
428 741 460 770 et
476 739 563 779 quod
586 739 700 779 aliquis
724 739 823 779 possit
844 741 952 778 petere

174 792 282 833 aliqua
296 793 498 833 expedientia
512 793 551 824 ad
561 792 697 833 alicujus
708 793 814 824 divitis
828 802 952 824 monas-

173 845 246 877 terii
262 845 464 877 securitatem
480 848 511 877 et
524 846 769 885 abundantiam,
787 847 818 877 et
832 855 953 886 pauper

173 899 376 932 voluntarius
395 909 461 931 non
484 900 582 940 possit
604 902 709 941 petere
730 900 808 931 vitae
823 901 949 931 susten-

173 954 372 992 tamentum3
390 955 421 985 et
443 954 529 994 quod
551 954 665 994 aliquis
688 953 841 985 scholaris
855 953 953 993 possit

173 1006 258 1038 licite
277 1008 458 1040 mendicare
482 1018 540 1049 pro
567 1017 676 1040 amore
704 1008 892 1049 proficiendi
919 1007 952 1038 in

174 1060 360 1100 cognitione
383 1061 541 1100 scientiae,
557 1070 630 1102 quae
652 1062 755 1101 inflat,
773 1063 809 1093 ut
822 1061 951 1092 tandem

174 1114 341 1154 perveniat
357 1115 396 1146 ad
416 1115 605 1156 temporales
629 1116 768 1155 divitias,
785 1118 816 1147 et
830 1125 952 1156 pauper

174 1169 346 1209 religiosus
359 1179 424 1201 non
439 1170 536 1210 possit
550 1172 656 1211 petere
672 1180 730 1210 pro
752 1179 861 1201 amore
878 1179 953 1210 pro-

174 1223 302 1254 ficiendi
316 1224 350 1254 in
366 1223 519 1255 charitate
535 1226 566 1255 et
579 1224 773 1262 humilitate,
791 1233 862 1264 quae
877 1224 952 1255 aedi-

173 1277 266 1316 ficat,
281 1279 318 1308 ut
340 1277 468 1308 tandem
495 1277 659 1317 perveniat
676 1277 715 1308 ad
737 1278 837 1309 vitam
859 1280 952 1308 aeter-

174 1339 267 1369 nam;
285 1333 315 1361 et
330 1332 445 1362 caetera
459 1331 637 1362 consimilia
652 1340 724 1371 quse
742 1331 831 1363 valde
839 1331 953 1363 viden-

174 1385 228 1415 tur
242 1385 389 1416 absurda.
407 1384 441 1416 Si
456 1395 534 1425 ergo
552 1386 622 1417 haec
639 1386 746 1417 omnia
761 1395 823 1417 non
840 1396 950 1426 parva,

175 1437 227 1468 sed
245 1447 366 1477 magna
379 1439 638 1471 inconvenientia
658 1442 749 1479 sunt,
779 1440 952 1471 tenendum

175 1494 232 1530 est,
245 1493 330 1532 quod
342 1493 635 1534 liceatpauperihus
648 1494 818 1524 sustentari
827 1493 865 1524 de
873 1494 952 1525 elee-

175 1546 318 1585 mosynis
333 1540 481 1585 aliorum,
500 1547 612 1578 saltem
631 1547 808 1579 secundum
821 1548 952 1578 tertium

175 1599 376 1631 mendicandi
407 1601 538 1631 modum
567 1600 715 1641 superius
744 1601 948 1640 explicatum.

215 1652 263 1683 Ad
283 1653 360 1684 illud
380 1654 465 1694 quod
486 1655 590 1694 primo
610 1654 761 1695 objicitur
780 1655 814 1685 in
831 1657 953 1686 contra-

123 1729 142 1742 m
174 1705 272 1744 rium,
289 1707 374 1747 quod
386 1716 450 1740 ηοη
461 1711 505 1740 est
517 1709 630 1748 inopia
642 1708 829 1741 timentibus
841 1709 950 1747 Deum,

174 1760 344 1791 dicendum
361 1762 446 1802 quod
474 1762 596 1802 duplex
619 1765 665 1793 est
690 1763 807 1802 inopia,
838 1763 954 1794 scilicet

175 1815 347 1854 corporalis
358 1818 388 1845 et
403 1815 587 1855 spiritualis.
601 1815 742 1847 Verbum
755 1819 862 1847 autem
874 1816 953 1847 illud

174 1867 365 1907 intelligitur
387 1869 425 1899 de
446 1869 552 1909 inopia
573 1878 638 1900 non
660 1879 872 1910 quacumque,
898 1870 954 1901 sed

174 1921 344 1961 spirituali.
361 1921 399 1953 Et
421 1923 506 1963 quod
521 1923 599 1954 illud
614 1923 653 1954 sit
672 1932 806 1962 verum,
823 1926 954 1964 apparet

174 1984 232 2014 per
244 1975 322 2006 illud
340 1977 424 2016 quod
439 1977 621 2008 immediate
634 1978 779 2018 sequitur
796 1988 802 2009 :
826 1979 954 2010 Divices·

175 2032 343 2069 equarum,
370 2033 399 2062 el
423 2032 616 2070 esurierunt,
634 2033 755 2062 constat
775 2032 860 2072 quod
874 2032 953 2063 illud

174 2091 240 2113 non
253 2084 444 2124 intelligitur
458 2085 497 2115 de
518 2087 660 2124 egestate
680 2085 865 2116 divitiarum
881 2095 953 2116 nia-

175 2136 335 2167 terialium
354 2148 361 2168 :
377 2140 474 2169 restat
488 2139 600 2178 igitur,
618 2139 703 2179 quod
719 2139 757 2170 de
772 2139 879 2179 inopia
893 2140 954 2180 spi-

175 2189 351 2228 ritualium,
369 2201 442 2231 quae
462 2192 534 2223 licet
548 2192 587 2223 sit
602 2193 635 2223 in
650 2193 812 2231 divitibus,
830 2203 895 2224 non
911 2196 954 2225 ta-

176 2252 251 2274 men
265 2247 311 2275 est
326 2245 360 2275 in
374 2245 559 2277 timentibus
574 2247 686 2286 Deum,
706 2247 781 2287 quia
794 2247 890 2277 timor
905 2249 953 2278 est

176 2298 306 2328 initium
327 2299 501 2338 sapientiae,
527 2300 566 2330 de
585 2310 650 2340 qua
670 2300 804 2331 dicitur¹
822 2310 830 2331 ι
849 2301 952 2333 Vene-

176 2355 253 2383 rum
267 2352 350 2384 mihi
365 2353 474 2384 omnia
488 2353 568 2384 bona
580 2355 705 2393 pariter
717 2362 788 2386 cum
804 2355 872 2386 illa.

216 2405 264 2436 Ad
288 2406 365 2437 illud
390 2407 474 2446 q'uod
496 2407 645 2446 objicitur
666 2408 704 2438 de
719 2408 840 2448 psalmo
857 2420 863 2439 :
880 2408 951 2441 Νοη

174 2460 248 2492 vidi
257 2460 383 2499 Justum
393 2460 587 2499 derelictam,
601 2462 782 2497 dicendum,
794 2463 878 2502 quod
893 2463 951 2494 du-

173 2513 246 2552 plex
261 2516 307 2544 est
321 2514 422 2554 panis,
438 2515 554 2546 scilicet
564 2515 741 2556 corporalis
752 2518 783 2547 et
802 2517 951 2556 spiritua-

172 2566 220 2597 lis.
238 2566 380 2599 Verbum
394 2571 501 2600 autem
516 2569 594 2601 illud
610 2579 675 2601 non
696 2570 891 2610 intelligitur
911 2571 951 2602 de

208 2648 214 2661 ¹
229 2647 300 2679 Sap„
314 2655 361 2681 vn,
378 2652 415 2675 11.
428 2665 455 2668 —
472 2651 480 2665 2
493 2652 585 2681 Gemi.²
598 2650 628 2675 de
639 2651 706 2675 Eccl.
724 2651 823 2683 Doqm„
838 2658 951 2683 xxxvm,

177 2683 218 2714 71,
232 2683 298 2707 iuter
311 2685 387 2715 oper.
404 2688 480 2717 Aug,
495 2689 558 2717 App.
578 2689 639 2711 tom.
656 2687 723 2711 Vllt.

1733 193 1791 225 383

1009 266 1091 297 pane
1111 258 1288 299 corporali,
1313 257 1367 290 sed
1386 257 1425 289 de
1449 266 1531 298 pane
1556 259 1726 299 spirituali.
1753 259 1793 291 Et

1008 311 1094 350 quod
1109 311 1187 343 illud
1203 312 1243 342 sit
1267 321 1394 350 verum,
1417 313 1548 351 apparet
1565 321 1621 352 per
1647 312 1791 343 Glossam

1009 363 1127 395 ibidem
1146 376 1152 396 :
1183 364 1273 396 «Nec
1287 374 1397 396 semen
1417 365 1487 405 ejus
1509 374 1657 406 quaerens
1673 375 1790 406 panem

1008 418 1219 458 spiritualem,
1245 418 1276 450 id
1293 421 1340 450 est
1356 419 1501 458 indigere
1520 428 1602 459 pane
1619 419 1708 450 verbi
1724 419 1790 458 Dei,

1008 471 1084 511 quia
1097 471 1233 503 verbum
1249 472 1302 503 Dei
1326 482 1453 513 semper
1473 481 1548 504 cum
1563 482 1600 504 eo
1613 474 1671 503 est.
1689 483 1703 501 υ
1731 472 1792 504 Po-

1008 526 1068 555 test
1077 525 1173 555 etiam
1184 525 1287 556 littera
1301 526 1346 557 sic
1355 526 1509 565 construi,
1524 528 1561 558 ut
1572 526 1670 557 intelli
1676 527 1789 566 gatur:

1009 577 1079 610 Non
1094 579 1160 610 vidi
1171 580 1299 619 justum
1315 579 1514 618 derelictum,
1529 589 1587 611 nec
1602 589 1710 611 semen
1723 581 1791 620 ejus

1008 642 1157 673 quaerens
1181 642 1297 673 panem
1320 633 1387 665 vidi
1409 633 1613 672 derelictum;
1632 634 1718 674 quia,
1736 643 1785 665 se-

1008 686 1150 718 cundum
1167 686 1252 727 quod
1269 686 1388 718 dicitur
1402 696 1497 727 super
1512 687 1591 718 illud
1607 687 1696 719 Pauli
1706 688 1788 728 Apo-

1008 739 1083 771 stoli
1101 751 1108 771 ε
1126 740 1198 773 Non
1213 743 1240 772 te
1255 740 1409 778 deseram,
1431 749 1529 781 neque
1545 741 1787 781 derelinquam

1009 794 1118 826 Glossa
1133 806 1139 825 :
1162 794 1463 836 «Derelinqueretur
1479 795 1543 833 ille,
1561 795 1616 835 qui
1632 796 1715 827 fame
1736 805 1789 836 pe-

1008 848 1096 879 riret.
1113 859 1127 877 n
1147 848 1223 880 Vult
1238 858 1316 888 ergo
1331 849 1434 880 dicere
1450 849 1618 890 Propheta,
1633 849 1721 889 quod
1733 858 1791 880 nec

1005 903 1141 942 justum,
1162 912 1221 934 nec
1246 912 1355 934 semen
1380 904 1461 944 ejus,
1491 903 1572 935 vidit
1595 903 1680 934 fame
1704 912 1790 934 mor-

1008 957 1101 987 tuum
1115 967 1122 987 t
1140 958 1172 987 et
1185 956 1247 988 hoc
1261 966 1280 988 a
1294 959 1480 998 paupertate
1494 966 1559 988 non
1575 959 1715 997 revocat,
1733 957 1787 988 sed

1009 1009 1114 1050 potius
1129 1010 1253 1041 invitat.

1049 1063 1096 1095 Ad
1112 1064 1190 1095 illud
1206 1064 1293 1104 qnod
1308 1064 1469 1104 objicitur,
1487 1064 1572 1104 quod
1595 1064 1788 1095 mendicatio

1009 1119 1056 1148 est
1080 1117 1215 1156 malum,
1239 1118 1324 1158 quod
1347 1118 1542 1158 imprecatur
1569 1117 1737 1149 Psalmista
1758 1118 1791 1148 in

1010 1171 1125 1211 spirltu
1146 1171 1200 1202 Dei
1226 1171 1380 1212 loquens3
1411 1172 1601 1209 dicendum,
1631 1171 1717 1212 quod
1746 1173 1792 1202 est

1009 1225 1199 1256 mendicatio
1210 1225 1403 1264 voluntaria,
1418 1228 1448 1256 et
1464 1225 1657 1256 mendicatio
1672 1227 1789 1263 coacta,

1009 1288 1082 1319 quae
1099 1281 1145 1309 est
1159 1288 1233 1310 cum
1254 1288 1422 1310 murmure
1437 1281 1468 1310 et
1490 1279 1700 1319 impatientia.
1725 1278 1793 1309 Pri-

1008 1342 1063 1363 ma
1077 1335 1123 1364 est
1138 1333 1300 1364 meritoria
1308 1344 1315 1371 ;
1340 1333 1479 1364 secunda
1499 1335 1546 1364 est
1575 1333 1790 1371 demeritoria,

1009 1389 1040 1418 et
1054 1387 1216 1418 asssictiva.
1235 1387 1273 1418 Et
1295 1386 1441 1418 Psalmus
1463 1386 1656 1426 intelligitur
1681 1386 1719 1417 de
1742 1395 1792 1417 se-

1010 1441 1125 1479 cunda,
1134 1440 1247 1472 nonde
1256 1441 1370 1480 prima.
1379 1441 1417 1472 Et
1426 1441 1511 1481 quod
1520 1441 1597 1471 illud
1608 1441 1647 1471 sit
1661 1450 1790 1479 verum,

1009 1497 1139 1535 apparet
1157 1504 1212 1535 per
1229 1497 1365 1533 textum,
1381 1496 1458 1535 quia
1478 1495 1612 1526 dicitur:
1632 1495 1791 1527 Nutantes

1009 1550 1261 1588 transferantur,
1282 1552 1311 1582 ec
1326 1549 1500 1588 ejiciantur
1513 1558 1524 1580 .·
1539 1551 1570 1579 et
1593 1549 1660 1580 haec
1682 1548 1791 1580 omnia

1010 1603 1044 1632 in
1056 1603 1251 1634 coactionem
1263 1603 1487 1634 etviolentiam
1501 1612 1615 1633 sonare
1625 1603 1786 1634 videntur.

1050 1656 1098 1687 Ad
1117 1656 1194 1687 illud
1211 1656 1296 1696 quod
1320 1656 1468 1696 objicitur
1487 1656 1525 1687 de
1550 1656 1763 1687 Ecclesiastico
1781 1679 1789 1694 ‚

1010 1710 1097 1749 Fili,
1126 1710 1163 1741 in
1187 1710 1256 1742 vita
1278 1713 1333 1742 ιιια
1355 1718 1394 1741 ne
1418 1710 1588 1750 indiqeccs;
1618 1710 1789 1741 dicendum

1011 1767 1067 1803 est,
1084 1764 1180 1804 quod,
1194 1766 1289 1804 juxta
1304 1764 1537 1795 distinctionem
1558 1764 1768 1804 praehabitam
1779 1788 1788 1803 ,

1012 1818 1148 1850 verbnm
1161 1818 1239 1848 illud
1256 1817 1502 1857 intelligendum
1519 1820 1566 1848 est
1588 1817 1626 1848 de
1645 1817 1790 1856 indigen-

1011 1872 1054 1902 tia
1068 1872 1225 1912 spirituali
1238 1873 1383 1911 respectu
1398 1871 1521 1910 gratiae,
1537 1880 1603 1901 non
1619 1871 1656 1902 de
1671 1874 1790 1911 tempo-

1010 1925 1068 1956 rali
1085 1927 1228 1965 respectu
1243 1924 1480 1956 sustentationis
1494 1927 1632 1956 naturae.
1651 1925 1688 1956 Et
1703 1925 1790 1964 quod

1011 1979 1051 2009 sit
1063 1988 1189 2017 verum,
1206 1980 1336 2018 apparet
1352 1987 1408 2018 per
1424 1978 1564 2009 Glossam
1583 1990 1589 2009 z
1609 1990 1623 2008 «
1641 1977 1686 2009 Ne
1702 1978 1788 2009 indi—

1011 2041 1098 2072 geas,
1116 2032 1221 2073 inquit
1234 2032 1353 2070 Glossa,
1370 2032 1545 2063 virtutibus
1557 2032 1607 2064 vel
1622 2031 1712 2063 bonis
1725 2041 1789 2062 mo-

1011 2087 1111 2117 ribus.
1131 2098 1144 2114 »

1050 2141 1098 2171 Ad
1114 2140 1193 2171 illud
1207 2140 1294 2180 quod
1313 2140 1477 2179 objicitur,
1504 2139 1588 2179 quod
1604 2138 1727 2170 beatius
1743 2141 1789 2171 est

1010 2195 1113 2234 maglz's
1128 2194 1215 2231 clare,
1232 2202 1328 2234 quam
1343 2194 1496 2233 accipere,
1519 2193 1687 2223 dicendum
1703 2193 1787 2233 quod

1010 2247 1088 2278 illud
1103 2251 1150 2277 est
1166 2257 1291 2286 verum,
1310 2247 1438 2287 quando
1453 2246 1592 2286 acceptio
1617 2246 1789 2286 eleemosy-

1010 2311 1060 2332 nae
1076 2301 1162 2332 venit
1178 2311 1218 2332 ex
1233 2302 1416 2332 necessitate
1439 2303 1573 2339 naturae,
1592 2310 1657 2331 non
1680 2302 1788 2331 autem

1010 2356 1139 2395 quando
1162 2355 1247 2386 venit
1269 2365 1309 2386 ex
1331 2355 1616 2395 supererogatione
1634 2354 1785 2393 justitiae,

1006 2410 1101 2448 juxta
1117 2409 1351 2440 distinctionem
1367 2410 1481 2440 factam
1497 2409 1531 2439 in
1552 2408 1719 2448 principali
1735 2417 1787 2439 so-

1009 2463 1141 2493 lutione.
1163 2462 1201 2493 Et
1225 2463 1307 2502 quod
1331 2463 1410 2494 illud
1432 2463 1472 2493 sit
1496 2471 1632 2500 verum,
1656 2464 1788 2501 apparet

1009 2525 1065 2556 per
1080 2516 1158 2547 illud
1182 2516 1267 2556 quod
1290 2517 1405 2547 dicitur
1426 2517 1459 2546 in
1481 2516 1561 2546 libro
1576 2515 1614 2547 de
1629 2515 1787 2548 Ecclesia-

1008 2570 1101 2602 sacis
1122 2569 1325 2610 dogmatibus
1340 2571 1374 2601 2:
1397 2581 1410 2599 α
1426 2569 1554 2600 Bonum
1581 2571 1627 2600 est
1654 2569 1785 2601 faculta-
1809 2577 1812 2579 ·

1041 2651 1076 2681 (a)
1096 2651 1158 2675 Coet.
1181 2651 1242 2675 edit.
1266 2658 1344 2676 unum
1367 2650 1552 2683 pauperculum
1573 2658 1625 2675 non
1646 2658 1732 2682 posse.
1757 2665 1786 2670 -—-

1009 2687 1042 2719 (b)
1061 2688 1122 2712 Item
1135 2688 1267 2713 charitate.

1819 1072 1898 1093 Adm.

1819 1663 1851 1684 Ad
1860 1664 1897 1684 IV.

1817 2149 1848 2169 Ad
1867 2148 1894 2168 V.
