2029 3052
224 208 285 238 500

221 281 422 312 succensum,
445 273 501 305 sed
523 273 629 314 potius
651 271 868 304 stimulatione
892 268 1000 306 illius,

221 328 315 368 quus
331 327 464 360 invidia
480 334 564 360 mors
577 326 731 360 introivit
749 327 788 358 in
809 325 913 358 orbem
939 325 1002 356 ter-

220 389 334 414 rarum
355 381 377 412 ¹.
400 381 558 413 Caeterum
579 380 778 412 confusionis
802 377 1001 419 babylonicae

219 435 317 474 filius,
335 436 371 466 ut
389 434 560 466 universos
578 434 750 465 confundat
769 432 917 464 Ecclesiae
937 432 1001 461 sta-

218 491 285 528 tus,
302 498 361 530 pro
376 488 499 520 viribus
513 489 647 519 conatur
661 490 817 526 astruere,
832 485 918 527 quod
933 484 1003 516 nul-

217 542 270 575 lus
285 543 327 574 sit
345 542 479 583 gradus,
503 542 656 582 nullaque
671 541 851 574 differentia
873 541 906 571 in
922 548 1001 580 pau-

220 596 352 638 pertatis
359 596 564 637 professione,
574 595 667 635 Nam,
677 595 870 637 quibusdam
878 592 1001 624 frivolis

217 650 425 692 interpositis,
445 649 678 690 subsequenter
698 648 871 689 subjungit
897 658 903 677 :
933 658 946 676 tx
964 645 1001 677 In

216 713 281 745 quo
296 713 377 744 ergo
394 703 579 744 gloriamini
593 706 704 735 contra
716 702 879 734 ministros
890 699 1002 732 Eccle-

215 759 285 798 siae,
301 759 378 800 quia
392 758 474 789 sicut
482 767 541 789 nec
554 766 623 796 vos,
635 757 679 788 ita
691 765 751 788 nec
761 755 823 796 ipsi
837 756 914 786 sunt
927 762 1000 794 pos-

216 822 368 851 sessores,
384 813 501 854 quibus
511 811 748 843 dominicarum
763 809 1001 850 possessionum

215 869 342 898 tantum
357 875 437 898 usus
452 865 646 903 conceditur,
662 873 727 895 non
747 863 942 901 dominium,
966 861 1000 892 in

215 925 341 954 tantum
351 922 509 954 beatiores
519 931 555 952 ac
563 919 764 962 praeferendi,
773 919 858 960 quod
871 928 921 950 res
932 918 1001 958 qui-

216 977 279 1009 bus
301 979 439 1008 utuntur
462 978 622 1007 aeternum
650 975 772 1006 habent
799 973 997 1011 dominium,

216 1031 270 1062 sed
280 1033 397 1062 vestrae
410 1039 461 1061 res
472 1030 532 1061 sub
546 1030 700 1070 potestate
713 1030 790 1059 sunt
801 1026 1000 1058 terrestrium

216 1084 445 1116 dominorum?
461 1094 476 1112 n
496 1083 571 1114 llaec
590 1082 688 1113 verba
704 1081 814 1122 ipsius.
837 1080 872 1111 ln
884 1080 1002 1120 quibus

216 1139 327 1170 omnia
340 1137 518 1176 confundit,
534 1139 632 1176 atque
645 1136 679 1166 in
692 1137 819 1166 tantum
835 1133 998 1174 pervertit,

215 1193 299 1224 utin
315 1193 502 1233 paupertate
518 1190 640 1230 gradus
659 1198 724 1220 non
738 1189 789 1227 sit,
813 1190 869 1219 aut.
891 1187 918 1217 si
940 1189 998 1219 est.

215 1246 435 1288 praeferendus
455 1245 496 1276 sit
517 1246 617 1276 status
632 1243 819 1274 clericorum
830 1266 839 1280 ‚
854 1241 999 1272 ecclesia-

215 1301 303 1332 sticis
313 1300 467 1332 reditibus
482 1298 697 1335 affluentium,
711 1297 806 1328 statui
828 1297 999 1337 quantum-

216 1354 292 1386 libet
312 1363 503 1395 pauperum,
528 1356 560 1384 et
582 1362 641 1393 pro
666 1351 782 1383 Christi
797 1359 905 1381 amore
921 1350 1001 1380 nihil

217 1409 337 1440 habere
356 1408 546 1445 volentium,
571 1407 647 1447 quia
672 1406 717 1436 illi
741 1407 881 1436 utuntur
904 1403 1002 1433 rebus

218 1460 353 1491 coelestis
376 1463 408 1491 et
423 1458 610 1499 sempiterni
633 1457 765 1489 dominii
779 1480 789 1494 ,
814 1455 846 1486 lii
864 1454 999 1492 terreni,

217 1514 311 1555 quasi
335 1513 479 1544 Christus
503 1512 654 1543 exclusus
679 1511 718 1542 sit
740 1520 759 1541 a
782 1509 925 1541 dominio
951 1518 1002 1539 re-

219 1577 313 1606 rum,
334 1577 413 1608 quas
432 1567 502 1598 laici
528 1565 704 1607 possident,
731 1573 805 1595 cum
829 1566 936 1594 tamen
961 1562 1001 1592 sit

218 1621 372 1653 Dominus
383 1622 619 1657 universorum,
637 1621 668 1650 et
681 1618 771 1659 quasi
784 1617 921 1648 Ecclesia
936 1625 1002 1647 non

219 1676 336 1707 habeat
361 1684 470 1706 reruni
498 1673 723 1714 temporalium
751 1681 865 1702 verum
895 1671 1001 1701 domi-

218 1730 323 1768 nium,
339 1731 433 1769 cujus
444 1728 642 1759 contrarium
658 1726 822 1757 evidenter
846 1727 1002 1755 monstra-

218 1787 288 1816 tum
306 1786 353 1815 est
367 1792 480 1823 supra3
497 1784 576 1813 etin
594 1782 653 1812 hoc
675 1780 774 1820 ipsius
794 1780 905 1810 matris
921 1788 999 1819 pau-

218 1840 374 1879 pertatem
406 1837 557 1868 fallaciter
584 1835 742 1871 insinuat,
760 1836 795 1864 ut
815 1835 1001 1873 potestatem

218 1892 374 1925 veraciter
395 1891 574 1931 impugnet.
599 1889 748 1928 Denique,
774 1887 798 1917 si
821 1897 933 1918 verum
956 1889 1002 1917 est

219 1946 307 1987 quod
323 1945 461 1977 Ecclesia
476 1953 540 1974 non
556 1943 653 1973 habet
669 1951 743 1972 cum
759 1941 826 1971 suis
847 1941 1002 1971 ministris

219 2009 329 2031 rerum
344 1998 536 2034 dominium,
549 1997 602 2027 sed
620 1998 745 2026 tantum
759 2004 867 2032 nsum,
880 1997 911 2025 ut
925 1995 999 2034 quid

219 2055 452 2093 consequenter
463 2050 688 2091 professionem
700 2048 915 2079 calumniatur
926 2058 1002 2088 pau-

220 2116 346 2148 perum,
356 2106 532 2138 dicentium
546 2114 578 2135 se
589 2103 750 2134 nullarum
762 2112 871 2133 rerum
884 2103 1001 2133 lialiere

220 2161 413 2199 dominium,
431 2158 580 2200 quamvis
595 2158 735 2188 habeant
751 2166 858 2195 usum,
881 2157 999 2195 dicens,

221 2215 306 2255 quod
321 2214 471 2245 omnibus
486 2212 632 2243 videatur
647 2212 706 2241 hoc
725 2220 793 2242 esse
815 2210 1000 2248 ridiculmn,

220 2278 295 2300 cum
311 2277 435 2305 eorum,
453 2276 525 2307 qua}
552 2275 608 2305 per
628 2265 733 2304 ipsum
758 2274 853 2295 usum
876 2265 1002 2304 penitus

221 2324 466 2359 consumuntur,
490 2321 530 2350 ab
551 2329 612 2350 usu
637 2319 816 2349 dominium
839 2319 920 2348 inter
943 2317 1002 2348 ho-

221 2378 324 2408 mines
349 2375 532 2406 nullatenus
555 2373 793 2411 distinguatur?
821 2371 858 2402 tit
886 2371 1002 2401 deliine

221 2431 382 2462 irridendo
404 2427 573 2468 subjungit
597 2437 602 2456 :
635 2438 648 2454 «
671 2426 840 2463 caeterum,
861 2434 1002 2464 quorum

221 2487 296 2516 sunt
312 2483 455 2525 pecunia¹
475 2490 555 2521 quas
575 2489 630 2520 per
652 2480 831 2519 provincias
853 2488 916 2509 non
933 2488 1000 2509 ces-

221 2538 296 2568 satis
311 2547 330 2567 a
343 2535 496 2567 divitibus
513 2536 631 2573 petere,
649 2535 678 2562 ct
694 2532 727 2561 in
743 2541 845 2561 unum
862 2541 999 2569 congre-

222 2600 312 2630 gare,
330 2590 392 2620 nisi
407 2587 527 2628 aliquid
549 2586 693 2617 habeatis
717 2587 911 2616 commune?
927 2597 941 2613 »
964 2585 1002 2615 Ut

221 2645 322 2684 igitur
344 2642 492 2684 prmfatis,
514 2643 543 2670 et
569 2640 617 2670 his
638 2639 809 2677 similibus,
831 2639 1001 2670 cavillatio-

253 2708 261 2723 ¹
273 2708 341 2737 Sap..
358 2713 393 2736 lt,
407 2708 446 2728 22.
463 2717 491 2722 —
510 2705 542 2734 (ιι)
559 2703 616 2733 Ley.
635 2702 832 2732 disponendum.

804 199 1017 236 APOLOGIAE
1041 198 1258 232 PAUPERUM

1058 267 1157 298 nibus
1170 267 1325 308 malignis
1339 268 1372 298 et
1385 266 1528 298 subdolis
1543 267 1729 308 imponatur
1741 269 1838 302 silen-

1059 320 1153 360 tium,
1168 321 1418 361 intelligendum
1430 322 1490 359 est,
1505 321 1593 362 quod
1603 330 1678 353 cum
1691 321 1776 354 circa
1786 331 1839 354 res

1058 374 1250 415 temporales
1265 377 1404 416 quatuor
1425 375 1465 405 sit:
1485 374 1699 415 considerare,
1720 375 1840 408 seilicet

1058 428 1296 469 proprietatem,
1320 428 1565 468 possessionem,
1587 429 1837 469 usumfructum,

1057 484 1088 512 et
1102 481 1280 522 simplicem
1295 491 1404 520 usum,
1418 485 1448 513 et
1458 482 1571 522 primis
1586 483 1717 523 quidem
1734 483 1838 515 tribus

1057 524 1123 567 vita
1145 535 1332 567 mortalium
1357 535 1456 576 possit
1481 544 1601 575 carere,
1624 536 1738 568 ultimo
1760 546 1838 568 vero

1056 590 1212 629 tanquam
1237 589 1412 620 necessario
1435 590 1531 629 egeat
1556 598 1565 620 z
1591 589 1682 620 nulla
1707 599 1838 630 prorsus

1056 642 1210 682 professio
1239 644 1342 683 potest
1364 651 1432 674 esse
1457 642 1590 674 omnino
1611 643 1838 684 temporalium

1055 704 1166 727 rerum
1180 696 1331 728 abdicans
1342 705 1451 728 usum.
1463 695 1583 728 Verum
1594 697 1623 728 ei
1635 697 1836 738 professioni,

1056 760 1129 791 quae
1153 756 1264 792 sponte
1291 750 1422 782 devovit
1445 750 1606 782 Christum
1634 751 1667 782 in
1693 753 1838 784 extrema

1055 807 1241 844 paupertate
1255 805 1381 844 sectari,
1399 805 1574 836 condecens
1590 805 1651 836 fuit
1667 805 1838 837 universa-

1054 858 1126 889 liter
1136 868 1246 890 rerum
1261 859 1407 890 abdicare
1422 859 1613 898 dominium,
1627 861 1778 900 arctoque
1790 869 1838 891 re-

1055 921 1093 944 ru
1099 921 1128 943 m
1138 912 1329 951 alienarum,
1339 916 1369 944 et
1378 913 1434 944 sibi
1449 922 1686 950 concessarum,
1696 922 1760 944 usu
1769 922 1837 945 esse

1055 968 1252 997 contentam.
1270 966 1358 998 Unde
1373 969 1404 998 et
1424 967 1457 997 in
1473 967 1617 1007 ipsorum
1632 966 1746 1006 regula
1759 975 1836 998 con-

1056 1020 1195 1050 tinetur:
1211 1019 1362 1051 «Fratres
1377 1020 1458 1051 nihil
1473 1020 1532 1050 sibi
1546 1020 1764 1061 approprieut,
1775 1029 1835 1051 uec

1055 1074 1210 1113 domum,
1228 1083 1285 1105 nec
1312 1074 1438 1113 locum,
1463 1083 1522 1105 nec
1549 1073 1692 1114 aliquam
1719 1083 1801 1104 rem.
1816 1084 1832 1103 n

1057 1129 1156 1161 Porro
1165 1139 1204 1161 ne
1219 1130 1291 1170 quis
1300 1130 1379 1161 forte
1393 1131 1621 1170 proprietatem
1636 1129 1837 1160 interdictam

1058 1183 1152 1214 iuliis
1170 1184 1275 1214 verbis
1283 1184 1390 1215 credat
1401 1183 1683 1223 noucollegio,sed
1699 1183 1834 1224 privatis

1057 1237 1211 1276 personis,
1221 1237 1328 1268 audiat
1340 1237 1417 1278 quid
1427 1247 1523 1277 super
1534 1237 1594 1268 hoc
1601 1237 1776 1277 Gregorius
1785 1236 1836 1276 IX,

1057 1291 1194 1321 fratrum
1203 1291 1426 1322 consultationi
1438 1291 1621 1332 respondet:
1638 1302 1652 1320 (t
1664 1291 1833 1330 Dicimus‚n

1057 1345 1171 1385 inquit,
1190 1345 1300 1385 «quod
1317 1355 1374 1376 nec
1391 1345 1423 1376 in
1437 1345 1614 1382 communi,
1637 1354 1697 1376 nec
1712 1345 1746 1376 in
1760 1354 1835 1385 spe-

1056 1399 1137 1437 ciali,
1148 1399 1263 1429 debent
1271 1399 1495 1439 proprietatem
1507 1391 1696 1437 liabere‚sed
1706 1399 1839 1430 ustensi-

1058 1453 1148 1492 lmm,
1157 1457 1184 1484 et
1197 1453 1366 1491 librorum,
1380 1455 1530 1483 eteorum
1541 1462 1613 1492 quae
1628 1452 1699 1483 licet
1710 1453 1837 1492 habere,

1056 1507 1134 1537 ordo
1145 1516 1240 1537 usum
1253 1506 1378 1544 habeat,
1389 1509 1419 1536 et
1429 1506 1553 1544 fratres,
1565 1506 1744 1537 secundum
1753 1506 1838 1547 quod

1057 1560 1229 1599 Generalis,
1252 1560 1303 1591 vel
1331 1559 1542 1590 l'rovinciales
1568 1560 1705 1591 ministri
1732 1561 1839 1600 dispo-

1058 1615 1162 1645 nemlo
1180 1615 1218 1654 (a)
1236 1614 1405 1650 «luxerint,
1422 1613 1471 1644 liis
1487 1616 1629 1645 utantur.
1646 1613 1708 1645 Nec
1724 1614 1839 1645 debent

1058 1668 1150 1699 vendi
1165 1668 1303 1705 mobilia,
1315 1668 1365 1698 vel
1377 1669 1467 1697 extra
1479 1667 1623 1698 ordinem
1635 1668 1836 1707 commutari,

1057 1725 1113 1752 aut
1128 1722 1258 1752 alienari
1275 1730 1404 1761 quoquo
1419 1721 1525 1757 modo,
1543 1721 1603 1751 nisi
1620 1720 1766 1752 Ecclesiae
1779 1721 1838 1753 lto-

1058 1785 1162 1806 manae
1186 1774 1370 1813 tlardinalis,
1393 1775 1447 1814 qui
1467 1774 1562 1805 fuerit
1579 1774 1701 1805 ordinis
1717 1775 1838 1814 guber-

1057 1833 1160 1868 uator,
1172 1828 1328 1866 tiericmli,
1341 1828 1392 1859 vel
1406 1827 1658 1859 l'rovincialibus
1673 1829 1836 1869 ministris,

1057 1885 1279 1914 auctoritatem
1291 1892 1387 1923 super
1398 1882 1458 1913 hoc
1470 1882 1654 1923 praebuerit,
1669 1884 1719 1915 vel
1734 1894 1838 1916 asseu-

1057 1947 1165 1968 sum.»
1188 1937 1260 1967 llaec
1276 1937 1374 1967 verba
1388 1937 1532 1976 rescripti
1556 1937 1688 1977 papalis,
1710 1938 1743 1968 in
1763 1939 1838 1978 qui-

1058 1992 1117 2022 bus
1137 1992 1262 2032 sapiens
1283 1994 1314 2021 et
1345 1991 1417 2031 pius
1445 1991 1577 2021 antistes
1610 1992 1837 2031 proprietatem

1057 2046 1216 2086 separavit
1230 2045 1269 2075 ab
1285 2054 1358 2082 usu,
1375 2044 1463 2075 illam
1479 2044 1538 2074 sibi
1554 2044 1604 2075 vel
1621 2043 1767 2076 Ecclesiae
1785 2054 1835 2076 re-

1059 2101 1173 2137 tinens,
1190 2099 1277 2130 liunc
1291 2102 1399 2129 autem
1415 2098 1552 2128 fratrum
1568 2099 1747 2129 necessitati
1759 2108 1835 2130 con-

1057 2154 1181 2190 cedens,
1203 2154 1310 2183 saucte
1332 2152 1479 2192 quidem,
1497 2152 1654 2192 sapienter
1675 2155 1705 2183 et
1720 2153 1780 2193 pie.
1804 2153 1838 2185 Si

1057 2208 1142 2238 enim
1159 2206 1344 2246 temporalia
1359 2206 1441 2236 bona
1463 2215 1520 2246 pro
1541 2205 1611 2236 aliis
1627 2207 1787 2246 possidere
1801 2216 1838 2238 ac

1057 2261 1254 2300 dispensare,
1285 2260 1339 2290 ubi
1368 2260 1464 2290 etiam
1490 2260 1664 2300 temporale
1687 2261 1838 2301 recipitur

1057 2315 1311 2345 emolumentum
1329 2315 1426 2353 atque
1442 2312 1603 2351 solatium,
1622 2314 1702 2344 nihil
1725 2314 1764 2345 de
1785 2324 1836 2346 ra-

1059 2370 1142 2399 tione
1161 2368 1362 2408 perfeetionis
1379 2367 1409 2396 in
1426 2366 1564 2407 praelatis
1579 2367 1739 2405 diminuit,
1756 2369 1837 2399 sicut

1058 2432 1097 2453 ex
1114 2422 1204 2452 tertia
1224 2421 1429 2460 responsione
1449 2420 1606 2459 clarcscit3
1629 2425 1748 2461 quanto
1767 2430 1836 2452 ma-

1058 2476 1119 2515 gis,
1137 2485 1210 2506 cuni
1231 2476 1334 2505 solum
1357 2474 1543 2514 pi·aesidium
1565 2474 1778 2514 impenditur,
1805 2477 1836 2505 et

1058 2531 1182 2561 nullum
1206 2529 1380 2569 temporale
1405 2529 1610 2560 commodum
1625 2532 1831 2568 expectatur,

1057 2585 1159 2625 ipsius
1179 2584 1296 2614 summi
1320 2583 1481 2614 l’ontiticis
1507 2582 1649 2614 salvatur
1662 2583 1832 2622 perfectio,

1057 2640 1088 2668 et
1106 2638 1134 2669 ei
1158 2637 1308 2668 accrescit
1328 2637 1478 2667 meritum
1503 2638 1576 2666 aute
1598 2636 1696 2667 Deum
1706 2638 1721 2667 ⁴?
1744 2636 1834 2674 Quod

1058 2693 1082 2721 si
1100 2692 1178 2721 forte
1203 2691 1252 2721 liis
1274 2691 1443 2730 quisquam
1465 2691 1597 2720 conetur
1611 2691 1776 2729 obsistere,
1793 2700 1833 2722 ex
