2029 3052
221 215 283 247 606

221 281 387 314 votionem
401 281 442 314 ad
457 290 516 314 nos
528 281 619 324 prius
633 281 788 323 habitam,
800 283 888 325 quod
898 293 957 315 nec
965 284 1005 315 de

220 335 458 376 praedicatione,
481 345 540 368 nec
562 336 730 378 exemplis,
751 345 810 369 nec
835 337 908 369 aliis
930 347 1004 379 quae

219 387 366 428 facimus,
383 389 595 422 aedificantur.
617 389 707 422 Unde
726 399 801 422 cum
815 391 926 423 vident
945 400 1004 423 nos

219 443 380 482 accedere,
396 445 569 484 terrentur,
586 446 617 476 et
636 443 762 484 timent,
778 445 864 486 quod
884 445 1004 486 aliquid

219 496 358 529 velimus
369 498 410 529 ab
423 498 470 529 eis
491 500 651 539 expetere,
670 498 758 539 quod
772 507 874 539 grave
895 499 936 531 sit
957 499 1004 531 eis

219 549 306 590 dare,
331 553 363 583 et
383 552 577 584 erubescunt
597 561 729 593 negare,
754 554 786 584 et
806 553 835 584 si
858 553 1004 585 dederint

217 613 284 636 non
299 605 446 646 libenter,
470 605 578 638 minus
597 609 772 646 merentur,
793 608 824 639 et
844 607 890 639 sic
906 607 1004 640 rebus

218 660 250 690 et
263 659 442 692 devotionis
453 661 568 693 merito
580 661 764 702 privantur,
777 664 838 694 etc.

455 775 659 816 QUAESTIO
683 777 758 812 VII.

216 858 271 887 Gur
289 859 389 892 fratres
408 859 530 888 Minores
548 861 631 896 plura
649 861 799 896 colliqant,
817 862 859 890 vel
877 865 1000 898 servent,

306 911 388 939 quam
406 905 547 939 sufficiant
566 905 604 932 ad
624 907 705 934 unius
724 906 781 934 diei
799 908 909 935 victum.

257 983 337 1016 Item
351 994 463 1026 quaero
482 997 488 1017 :
508 985 587 1017 Cum
607 986 761 1019 Dominus
776 988 807 1019 in
825 987 1001 1029 Evangelio

215 1038 299 1070 dicat
314 1042 322 1059 ¹
338 1049 345 1071 ε
362 1039 471 1073 Nolite
485 1040 618 1074 solliciti
632 1049 695 1074 esse
709 1043 746 1075 in
760 1044 954 1083 crastinum,
970 1046 1002 1075 et

215 1101 274 1124 vos
288 1093 359 1124 sitis
372 1094 568 1134 paupertatis
581 1095 778 1135 evangelicae
794 1097 998 1136 professores,

217 1155 284 1178 non
310 1147 431 1179 debetis
456 1148 551 1189 plura
575 1149 740 1189 colligere,
768 1149 820 1182 vel
849 1159 997 1190 servare,

215 1210 314 1241 quam
343 1203 428 1242 quod
459 1203 557 1243 possit
578 1203 720 1243 quotidie
748 1203 788 1235 ad
817 1204 914 1236 unius
936 1204 999 1236 diei

217 1254 339 1286 victum
355 1256 513 1289 sufficere.
535 1256 596 1288 Sed
611 1257 738 1289 videtur
752 1258 837 1298 quod
853 1267 916 1290 non
931 1268 999 1290 ser-

214 1309 306 1340 vetis.

258 1362 444 1404 Respondeo
464 1373 471 1395 :
495 1364 529 1395 Si
545 1363 718 1403 diligenter
731 1364 898 1405 Evangelii
915 1366 999 1398 dicta

215 1425 401 1457 pensamus,
427 1418 674 1450 sollicitudinem
698 1419 737 1450 de
761 1420 916 1459 crastino,
943 1420 998 1452 sed

214 1480 279 1502 non
308 1473 524 1512 provisionem
550 1473 718 1513 prohibere
747 1473 883 1505 videtur.
911 1473 998 1505 Unde

214 1526 313 1557 sancti
338 1527 488 1567 apostoli,
512 1527 681 1567 Evangelii
704 1528 819 1560 Christi
837 1530 996 1569 perfectis-

213 1579 285 1611 simi
316 1581 552 1621 observatores,
574 1584 639 1613 tam
661 1592 718 1623 pro
742 1593 774 1614 se
788 1607 795 1620 ,
821 1593 918 1623 quam
940 1593 998 1624 pro

214 1632 283 1664 aliis
297 1634 413 1666 Christi
429 1636 636 1676 pauperibuS,
650 1637 706 1677 qui
719 1637 825 1668 omnia
839 1646 895 1677 pro
911 1636 998 1668 Chri-

214 1690 264 1719 sto
283 1688 493 1729 reliquerunt,
521 1700 538 1720 a
563 1690 710 1721 fidelibus
729 1691 912 1722 subsidium
940 1700 997 1731 pro

214 1750 384 1782 corporum
398 1744 582 1775 necessitate
598 1745 694 1775 eliam
709 1744 742 1775 in
757 1745 901 1775 futurum
915 1747 998 1785 pete·

214 1794 300 1835 bant,
325 1799 355 1828 ct
377 1797 573 1838 recipiebant
593 1807 599 1827 r
617 1798 700 1829 sicut
719 1797 837 1829 Paulus
860 1800 998 1838 rogatus

213 1858 232 1880 a
257 1849 362 1889 Petro,
375 1850 497 1882 Joanne
522 1851 685 1883 etJacobo
708 1852 729 1890 ²,
758 1851 904 1883 collectas
927 1853 995 1884 fieri

214 1913 270 1945 per
285 1906 433 1937 ecclesias
456 1915 514 1947 pro
529 1906 643 1937 Christi
661 1906 856 1947 pauperibus
869 1909 993 1939 susten-

213 1959 317 1990 tandis
338 1960 503 1991 mandavit
521 1962 544 1990 ³.
563 1960 600 1991 Et
616 1961 649 1991 in
670 1960 741 1991 aliis
757 1960 833 1991 locis
849 1960 996 2001 pluribus

212 2014 371 2053 reperitur
386 2014 417 2045 id
432 2014 551 2045 secisse.
570 2014 629 2052 Qui
641 2014 737 2045 etiam
751 2023 807 2054 pro
822 2015 991 2055 acquiren-

211 2067 261 2098 dis
283 2068 467 2099 necessariis
488 2068 548 2099 sibi
564 2070 595 2099 et
606 2068 712 2107 sociis,
728 2068 794 2099 suis
813 2068 969 2099 laboravit
984 2069 994 2085 ⁴

211 2122 373 2154 manibus.
391 2122 576 2154 Sollicitudo
591 2123 676 2154 enim
687 2125 773 2154 notat
785 2132 871 2154 curm
884 2124 992 2155 anxie-

211 2177 307 2208 tatem
323 2201 331 2214 ,
365 2176 509 2207 illicitam
539 2177 805 2217 conquisitionem
818 2202 826 2215 ,
860 2187 993 2210 avaram

209 2230 450 2271 superfluorum
475 2231 703 2271 provisionem,
730 2231 817 2263 Sicut
845 2233 931 2263 enim
961 2234 993 2264 in

210 2285 392 2325 operatione
408 2285 519 2316 salutis
535 2288 652 2317 nosti-ce
669 2286 885 2326 principaliter
900 2297 991 2327 spem

210 2339 242 2369 in
265 2338 366 2370 Deum
386 2340 509 2379 ,iactare
530 2339 694 2378 debemus,
723 2340 765 2371 ita
780 2343 810 2371 ct
827 2341 859 2371 in
874 2350 992 2381 corpo-

209 2393 268 2423 rali
279 2393 420 2424 subsidio
437 2393 685 2424 sollicitudinem
700 2394 854 2426 debemus
866 2396 894 2426 ci
907 2405 992 2427 com-

210 2447 351 2486 mittere;
381 2453 412 2479 ct
438 2450 556 2486 tamon,
580 2448 636 2479 ubi
661 2458 803 2487 congruo
820 2459 991 2489 possumus

209 2502 278 2533 sine
302 2504 429 2542 ,iactura
451 2502 625 2542 spiritualis
652 2503 813 2542 profectus
837 2504 936 2535 nostri
960 2507 990 2536 et

209 2555 360 2595 aliorum,
378 2557 470 2587 nobis
486 2556 663 2588 neccssaria
679 2557 858 2597 providere,
875 2568 915 2589 ne
930 2558 989 2589 ali-

210 2611 257 2640 ter
280 2610 371 2650 quasi
394 2610 494 2641 Deum
525 2612 646 2641 tentare
669 2610 856 2650 videamur,
876 2614 911 2643 ut
927 2613 988 2643 mi-

209 2663 365 2702 raculose,
384 2663 466 2694 sicut
488 2663 565 2695 olim
581 2663 654 2695 liliis
670 2664 775 2704 Israel,
796 2665 887 2696 nobis
907 2676 986 2707 quo-

242 2727 364 2758 ſtrllatth„
381 2732 420 2757 Vl,
437 2728 475 2751 34.
492 2740 519 2744 -
536 2727 546 2743 ¹
561 2727 631 2757 Gal„
651 2733 679 2758 u,
698 2730 735 2753 io.
749 2741 780 2746 -—
793 2729 826 2752 ³1
847 2729 915 2759 Cora,
934 2735 989 2759 xvi,

699 213 1077 249 DETERMINATIONES
1098 213 1372 255 QUAESTIONUM

1061 271 1151 316 tidie'
1165 284 1351 318 alimoniam
1379 285 1612 319 subministret.
1639 286 1726 321 Licet
1755 288 1843 323 enim

1060 338 1208 379 priorum
1220 339 1358 371 fratrum
1378 339 1512 380 puritas,
1537 349 1597 381 pro
1615 342 1748 383 maj0ris
1768 352 1842 384 per-

1059 391 1205 424 fectionis
1219 393 1344 432 ardore,
1362 394 1524 434 pauciora,
1541 404 1640 436 quam
1654 405 1753 436 nune,
1770 405 1844 430 con-

1060 446 1224 478 sueverint
1238 447 1279 478 ad
1293 447 1415 480 victum
1435 447 1587 489 colligere-
1599 450 1796 490 ,necessaria
1811 453 1844 484 et

1060 499 1200 540 populus
1220 503 1349 542 propter
1366 501 1429 534 hoc
1448 502 1545 534 talem
1564 502 1749 544 opinionem
1764 513 1840 537 con-

1059 553 1153 594 cepit,
1169 554 1255 595 quod
1269 555 1316 587 nil
1329 556 1424 588 nobis
1445 556 1521 588 licet
1535 566 1705 590 reservare
1723 559 1760 590 in
1772 568 1841 591 cra-

1059 607 1196 648 stinum;
1225 611 1333 642 tamen
1352 619 1411 642 nee
1432 612 1519 650 tunc,
1540 621 1599 644 nec
1625 621 1713 645 nunc
1735 613 1843 655 aliquo

1058 661 1152 694 nobis
1165 663 1367 704 prohibitum
1379 667 1428 697 est
1441 666 1571 705 statuto,
1587 666 1668 707 quin
1681 667 1843 708 possimus

1058 715 1099 747 ad
1113 716 1235 749 vietum
1257 717 1367 760 aliqua
1387 719 1484 751 etiam
1506 720 1686 752 necessaria
1699 720 1735 752 in
1751 720 1840 754 futu-

1058 779 1133 802 rum
1149 780 1207 812 pro
1221 771 1330 813 aliquo
1344 776 1489 814 tempore
1503 774 1683 815 providere,
1700 775 1843 808 maxime

1057 824 1097 856 de
1112 825 1174 865 his,
1191 835 1265 867 quae
1279 827 1312 858 in
1329 830 1492 869 promptu,
1513 838 1588 860 cum
1607 829 1840 870 indigeremus,

1057 888 1123 912 non
1146 889 1315 921 possemus
1336 883 1503 924 acquirere
1517 884 1738 916 mendicando.
1756 884 1839 917 Sunt

1056 934 1144 966 enim
1163 944 1249 976 quae,
1271 936 1331 968 nisi
1355 937 1547 977 colligamus
1573 939 1659 969 certo
1681 940 1837 979 tempore,

1056 989 1187 1029 quando
1202 992 1250 1022 est
1264 990 1367 1031 copia,
1381 991 1512 1031 quando
1526 991 1611 1022 inter
1624 999 1741 1023 manus
1754 1000 1840 1023 com-

1057 1043 1200 1074 muniter
1214 1043 1376 1075 habentur
1388 1053 1407 1075 a
1423 1044 1552 1085 popule,
1564 1044 1768 1085 postmodum
1779 1054 1840 1078 nec

1058 1106 1115 1138 pro
1139 1098 1288 1137 infirmis,
1315 1107 1373 1130 nec
1397 1108 1456 1140 pro
1478 1099 1668 1140 hospitibus,
1694 1109 1753 1132 nec
1779 1109 1838 1141 pro

1056 1151 1139 1190 aliis,
1154 1152 1223 1184 sine
1234 1161 1356 1193 magna
1373 1153 1558 1184 difficultate
1571 1153 1623 1185 vel
1638 1162 1758 1194 magno
1770 1163 1840 1196 pre-

1056 1205 1100 1238 tio
1115 1209 1266 1247 poterunt
1285 1207 1407 1238 haberi.
1430 1207 1565 1239 Mendici
1585 1207 1672 1240 enim
1698 1209 1839 1242 maxime

1056 1259 1110 1291 illo
1135 1262 1278 1301 tempore
1301 1260 1404 1292 solent
1427 1261 1604 1292 necessaria
1625 1263 1750 1302 petere,
1773 1271 1839 1304 quo

1055 1314 1160 1345 sciunt
1174 1323 1211 1345 ea
1227 1315 1407 1355 promptius
1419 1324 1438 1346 a
1453 1315 1602 1347 dantibus
1617 1315 1700 1348 inter
1721 1325 1837 1349 manus

1055 1368 1178 1406 haberi,
1204 1371 1240 1400 ut
1264 1369 1347 1400 circa
1370 1369 1485 1401 horam
1509 1369 1706 1401 comedendi.
1731 1370 1784 1402 Sic
1805 1368 1837 1402 et

1055 1422 1208 1454 Dominus
1239 1422 1356 1463 populo
1381 1425 1467 1454 certo
1493 1425 1639 1464 tempore
1665 1425 1838 1465 praecepit⁸

1055 1485 1184 1508 mannae
1197 1477 1382 1508 alimoniam
1396 1477 1558 1517 colligere,
1575 1477 1652 1518 quia
1667 1487 1734 1510 nou
1746 1479 1836 1511 omni

1054 1533 1196 1571 tempore
1209 1531 1240 1562 in
1255 1540 1348 1571 agro,
1362 1532 1488 1563 etiamsi
1502 1535 1698 1572 quaererent,
1713 1533 1836 1565 iuveni-

1054 1587 1134 1616 rent.
1163 1584 1251 1617 Unde
1266 1586 1277 1601 ⁶
1299 1597 1306 1617 z
1331 1586 1377 1618 Τιι
1397 1586 1458 1619 das
1481 1594 1586 1618 escam
1611 1586 1680 1619 illis
1701 1590 1838 1628 tempore

1053 1643 1242 1679 opportuno.
1271 1639 1307 1671 In
1333 1640 1393 1671 hoc
1424 1641 1510 1671 enim
1537 1649 1603 1672 non
1631 1643 1698 1672 tam
1725 1641 1834 1681 nohis,

1052 1703 1151 1734 quam
1175 1694 1236 1725 illis
1263 1704 1281 1725 a
1308 1695 1427 1735 quibus
1452 1696 1581 1735 petitur,
1608 1695 1833 1736 providemus,

1053 1749 1180 1788 quaudo
1198 1748 1252 1779 tali
1268 1751 1411 1789 tempore
1434 1749 1584 1789 petimus,
1607 1758 1673 1790 quo
1688 1749 1747 1790 ipsi
1760 1750 1834 1782 faci-

1052 1802 1114 1833 lius
1135 1802 1209 1834 dare
1232 1805 1376 1843 possunt,
1395 1805 1426 1834 et
1444 1803 1548 1843 magis
1564 1806 1640 1835 suut
1654 1803 1833 1836 voluntarii

1052 1856 1091 1888 ad
1107 1855 1346 1897 eleemosynam
1363 1856 1576 1897 largiendam.

1281 1970 1483 2011 QUAESTIO
1510 1971 1600 2005 VIII.

1109 2055 1196 2088 Quare
1213 2055 1295 2090 plura
1315 2063 1384 2082 ›iuuc
1401 2057 1499 2090 petunt
1517 2055 1618 2088 fratres
1638 2055 1773 2088 Minores,

1351 2108 1433 2135 quam
1452 2099 1527 2127 olim.

1092 2180 1168 2212 item
1192 2190 1304 2221 quaero
1327 2191 1334 2212 2
1358 2181 1439 2218 Quid
1465 2183 1512 2212 est
1531 2180 1603 2219 hoc,
1629 2180 1715 2222 quod
1735 2181 1831 2213 modo

1049 2233 1140 2273 plura
1162 2233 1278 2274 petitis,
1299 2242 1398 2274 quam
1415 2233 1504 2271 olim,
1526 2236 1561 2264 ut
1583 2242 1657 2265 cum
1673 2235 1751 2265 tune
1772 2233 1830 2265 vix

1048 2287 1081 2318 in
1096 2297 1171 2326 una,
1190 2287 1240 2319 vel
1257 2288 1367 2328 paucis
1387 2287 1487 2326 villis,
1509 2290 1539 2318 et
1563 2296 1664 2328 pauca
1685 2287 1826 2328 postula-

1047 2344 1169 2382 veritis,
1188 2344 1281 2375 modo
1296 2343 1357 2374 late
1377 2353 1433 2384 per
1449 2346 1578 2381 terram,
1599 2345 1630 2374 et
1656 2342 1783 2383 oppida,
1798 2344 1829 2373 et

1047 2400 1149 2429 castra
1178 2399 1399 2439 pervagando,
1431 2397 1570 2438 plurima
1597 2397 1825 2438 congregatis?

1046 2451 1178 2484 Videtur
1193 2452 1279 2483 enim
1302 2452 1437 2483 avaritia
1452 2452 1534 2482 inter
1556 2461 1613 2483 vos
1632 2451 1778 2489 crevisse,
1794 2453 1825 2482 et

1045 2515 1122 2538 cura
1146 2506 1267 2538 ventris
1289 2505 1373 2536 hanc
1394 2505 1484 2536 vobis
1505 2505 1740 2545 providentiam
1755 2513 1823 2544 per—

1045 2560 1181 2591 suasisse
1195 2571 1202 2591 :
1223 2559 1350 2591 videtur
1372 2559 1468 2590 etiam
1484 2559 1570 2599 quod
1582 2558 1711 2599 spiritus
1724 2557 1823 2588 extin-

1044 2614 1107 2645 ctio
1121 2623 1179 2646 vos
1194 2614 1226 2645 in
1242 2613 1320 2646 cella
1334 2613 1497 2653 quiescere
1512 2621 1575 2644 non
1591 2611 1755 2652 permittit.

1048 2697 1071 2726 1;
1091 2695 1429 2727 11c01·.‚1x*,1etseq.—
1445 2694 1454 2710 ⁴
1468 2695 1536 2724 Act„
1551 2698 1594 2723 xx,
1611 2693 1650 2716 35.
1665 2705 1692 2708 —
1708 2692 1716 2705 ⁵
1729 2691 1819 2722 End,

1044 2737 1097 2762 xvi,
1112 2733 1151 2756 21.
1167 2745 1197 2749 -—
1211 2732 1221 2748 ⁰
1236 2730 1305 2755 Psal.
1320 2736 1407 2760 erm,
1422 2732 1458 2754 15.
