2029 3052
79 1095 104 1116 B.
117 1093 188 1115 Maris

79 1125 186 1147 benedic-

77 1158 101 1178 ιο
121 1162 188 1183 prop-

78 1189 112 1209 ter
134 1193 187 1215 pro-

77 1218 132 1240 lem.

196 259 258 290 274
632 251 843 287 SPECULUM
862 248 1010 283 BEATAE
1029 248 1171 282 MARIAE
1191 247 1381 282 ViRGINlS.

195 326 243 355 ria
255 325 372 361 gestum
385 324 442 357 est,
460 324 556 352 totum
568 321 681 359 puritas
695 322 723 350 et
736 319 920 356 simplicitas,
935 319 982 346 to-

196 375 261 402 tum
275 370 371 408 gratia
387 372 415 399 et
433 370 541 398 veritas
559 368 633 404 fuit,
656 369 753 396 totum
775 365 981 395 misericordia

197 422 227 449 et
237 418 359 456 justitia,
375 425 442 455 quae
457 416 495 445 de
508 415 584 445 coelo
598 415 761 452 prospexit.
773 413 835 442 Tali
848 412 981 450 pulchri-

197 465 294 495 tudini
317 464 413 494 Marioe
437 463 578 492 Dominus
602 462 710 490 merito
734 460 897 490 benedixit.
907 461 980 495 Heu,

199 522 291 551 quam
314 513 406 548 longe
426 513 470 540 est
492 510 531 539 ab
555 510 609 539 ista
632 509 843 538 benedictione
870 507 981 542 Mariae,

200 560 383 598 quicumque
394 558 462 586 talis
476 558 520 586 est
533 557 564 586 in
578 564 687 594 opere,
704 555 787 593 quod
798 576 809 591 ,
830 555 906 583 sicut
925 556 983 582 Ma-

198 608 250 637 rioe
265 606 372 636 dicitur
385 615 392 634 :
414 605 560 634 Benedicat
575 604 628 632 tibi
651 604 792 638 Dominus,
808 601 982 638 pulchritudo

195 655 318 691 justitioe
326 663 334 689 ς
350 653 392 681 sic
403 652 430 681 ei
445 651 504 680 dici
517 652 615 688 potest
629 659 637 678 ε
653 649 808 679 Maledicat
819 648 873 678 tibi
888 647 984 676 Domi-

199 710 271 734 nus,
297 699 453 737 turpitudo
477 697 641 734 injustitioe!
665 705 684 726 ο
706 698 819 734 quanta
842 694 983 724 maledic-

199 748 240 777 tio
255 747 326 783 erit,
343 754 437 784 quum
452 745 567 774 dicetur
587 747 595 763 ¹
613 754 620 773 :
644 744 782 772 Discedite
804 751 822 771 a
836 750 889 777 me,
902 742 985 769 vnale-

199 795 282 830 dicti,
295 796 325 822 in
336 795 427 830 iqnem
441 795 582 821 oeternum.
599 793 671 820 Ecce
685 790 828 824 vidimus,
843 797 862 818 ο
877 787 985 816 charis-

199 843 276 871 sima
289 841 394 875 Maria,
414 839 498 877 quod
520 841 551 868 tu
563 847 594 867 es
607 846 676 867 vere
690 836 848 866 benedicta
863 837 985 872 propter

199 888 417 927 plenitudinem
433 887 542 923 gratiae.
559 885 727 920 Benedicta,
743 884 880 921 inquam,
895 890 986 919 prop-

200 939 243 965 ter
258 935 385 972 gratiam
401 933 586 962 conscientiae
599 934 627 961 et
643 932 810 966 donorum,
826 929 986 958 benedicta

200 984 322 1020 propter
337 981 463 1018 gratiam
478 980 587 1016 linguae
601 982 630 1008 et
643 979 812 1014 labiorum,
828 976 986 1006 benedicta

201 1032 323 1067 propter
337 1029 462 1065 gratiam
477 1029 543 1056 vitoe
556 1031 584 1056 et
598 1035 726 1055 morum.

237 1077 375 1107 Secundo
390 1077 521 1113 pensate,
537 1073 720 1109 charissimi,
735 1071 892 1110 quomodo
915 1078 985 1098 vere

203 1124 361 1153 benedicta
385 1124 422 1151 sit
443 1123 533 1151 Maria
554 1123 675 1159 propter
695 1119 901 1148 celsitudinem
927 1125 987 1145 suae

203 1171 366 1200 benedietoe
381 1170 493 1207 prolis,
515 1171 637 1206 propter
654 1166 845 1196 benedictum
858 1165 986 1192 fructum

203 1219 247 1247 sui
263 1217 383 1247 ventris.
399 1217 498 1245 Merito
513 1216 594 1244 enim
607 1217 684 1243 terra
694 1214 746 1242 illa
761 1212 919 1241 benedicta
933 1212 988 1245 est,

203 1275 270 1303 qum
290 1268 350 1293 tam
379 1263 570 1293 benedictum
596 1262 724 1290 fructum
751 1260 874 1297 profert.
906 1257 987 1286 Unde

203 1313 336 1341 psalmus
358 1313 368 1328 ²
394 1321 400 1339 :
426 1311 598 1339 Renedioeistz·
609 1331 617 1344 ,
641 1310 762 1343 Domine,
779 1311 876 1335 terram
901 1309 986 1333 tuam.

203 1362 290 1388 Terra
304 1359 356 1387 illa
371 1361 413 1387 est
428 1358 516 1386 Maria
527 1379 536 1392 ‚
558 1358 595 1385 de
620 1365 681 1392 qua
701 1356 731 1383 in
745 1355 854 1383 codem
869 1353 988 1380 Psalmo

205 1408 312 1436 dicitur
327 1408 337 1424 ³
355 1416 361 1434 :
381 1408 490 1434 Veritas
505 1406 538 1433 de
559 1407 632 1432 terra
655 1406 716 1432 orta
737 1406 786 1430 est.
814 1401 924 1429 veritas
947 1402 991 1427 est

205 1455 345 1488 Christus,
361 1454 432 1490 quia
446 1455 485 1482 ait
496 1455 505 1470 ⁸
519 1463 524 1481 :
543 1455 597 1487 13310
607 1460 666 1480 sum
676 1454 733 1486 via,
750 1452 864 1482 veritas,
881 1452 906 1477 et
921 1450 989 1476 rita.

207 1502 363 1530 Benedicta
379 1503 421 1529 cst
436 1509 508 1536 ergo
523 1500 585 1528 lure
608 1501 684 1527 terra
707 1499 831 1535 propter
849 1495 990 1546 benedic-

206 1551 268 1577 tum
281 1548 422 1583 sructum;
439 1547 597 1575 benedicta
615 1549 657 1574 est
673 1545 759 1574 Maria
772 1546 893 1581 propter
904 1543 993 1570 bene-

206 1597 319 1625 dictum
335 1597 449 1624 Filium.
478 1595 559 1623 Unde
573 1595 677 1623 beatus
692 1592 860 1621 Bernartius
872 1591 942 1619 dicit
956 1591 966 1605 ⁵
982 1599 989 1618 z

209 1656 222 1671 (ι
235 1648 296 1673 Non
313 1645 384 1681 quia
400 1646 430 1672 tu
451 1643 620 1677 benedicta,
638 1642 706 1670 ideo
723 1640 898 1669 benedictus
912 1639 991 1666 sruc-

208 1695 253 1720 tus
268 1691 378 1720 ventris
393 1691 451 1726 tui;
469 1690 521 1717 sed
539 1690 609 1726 quia
628 1690 677 1717 ille
699 1691 725 1716 te
742 1687 883 1724 praevenit
896 1687 925 1714 in
943 1686 993 1713 be-

208 1738 428 1767 nedictionibus
448 1737 630 1771 dulcedinis,
652 1736 721 1763 ideo
745 1738 774 1762 tu
798 1733 964 1762 benedicta.
977 1743 989 1758 u

209 1786 298 1822 igitur
326 1785 414 1813 Maria
436 1786 557 1820 propter
581 1783 698 1820 prolem
719 1782 800 1818 piam
825 1780 992 1809 benedicta.

209 1833 380 1866 Benedicta,
398 1832 537 1868 inquam,
558 1839 576 1858 a
594 1830 737 1863 Domino,
756 1829 794 1857 ab
810 1827 937 1863 Angelo,
954 1827 993 1855 ab

209 1880 340 1909 homine.
359 1881 479 1915 Propter
498 1878 614 1914 prolem
631 1877 732 1913 ntique
749 1876 907 1904 benedicta
922 1876 965 1902 est
977 1882 995 1901 a

211 1928 352 1961 Domino,
370 1926 612 1954 benedictionem
633 1925 696 1960 ejus
721 1926 880 1960 operante3
905 1922 995 1950 bene-

211 1976 288 2003 dicta
301 1975 340 2002 ab
354 1974 477 2009 Angelo,
497 1972 737 2000 benedictionem
749 1972 811 2006 ejus
824 1970 992 2003 nuntiante3

211 2022 370 2051 benedicta
384 2021 422 2048 ab
436 2020 572 2053 bomine,
590 2019 828 2047 benedictionem
845 2018 908 2052 ejus
924 2025 994 2052 pro-

212 2070 360 2106 phetante.
390 2069 462 2095 N'ere
487 2066 644 2094 benedicta
665 2068 787 2101 propter
811 2064 927 2101 prolem
954 2068 998 2091 est

214 2117 301 2145 Maria
315 2126 332 2145 a
347 2116 471 2144 Domino
484 2137 491 2150 ‚
517 2114 758 2142 benedictionem
775 2113 838 2147 ejus
854 2113 996 2147 operante

213 2165 275 2192 sive
291 2165 430 2191 donante.
449 2164 508 2190 tloc
519 2162 595 2189 bene
607 2161 754 2196 signatum
767 2163 808 2187 est
819 2159 849 2186 in
863 2158 996 2186 secundo

214 2214 324 2247 Regum,
340 2212 390 2239 ubi
417 2211 524 2246 legitur
544 2211 571 2244 ⁶,
599 2209 682 2245 quod
703 2208 841 2235 Irenediaeit
869 2208 998 2234 Dominus

217 2259 365 2287 obededom
380 2262 489 2293 propter
506 2259 612 2284 Λνεαηι.
631 2254 806 2283 obededom
828 2254 998 2289 interpreta-

216 2309 262 2334 tur
275 2314 366 2334 servus
382 2306 556 2339 sanqua‘ncus.
584 2305 615 2330 m
630 2303 706 2330 bene
723 2302 819 2337 signat
833 2300 997 2333 Christum,

216 2354 267 2390 qui
284 2361 386 2381 servus
401 2353 500 2379 noster
515 2351 607 2378 sactus
623 2352 681 2382 est,
703 2348 834 2376 serviens
847 2347 933 2375 nobis
946 2347 999 2374 mi-

217 2401 288 2428 seris
303 2407 396 2435 usque
421 2398 459 2426 acl
483 2397 669 2431 sanguinem.
697 2396 816 2430 Propter
840 2402 895 2422 nos
920 2393 998 2421 enim

217 2455 331 2481 servm,
346 2447 467 2482 propter
482 2452 537 2472 nos
554 2442 736 2478 sanguineus
752 2442 845 2469 sactus
861 2444 903 2468 est
917 2440 1000 2468 Chri-

218 2496 278 2521 stus
294 2503 300 2521 :
317 2492 499 2526 sanguineus
514 2491 542 2518 in
560 2490 650 2518 dorso
664 2497 716 2525 per
732 2488 861 2523 flagella,
881 2487 999 2522 sangui-

219 2549 292 2568 neus
308 2541 337 2567 iu
353 2539 448 2575 eapite
463 2546 516 2574 per
531 2537 642 2574 spinas,
663 2535 843 2571 sanguineus
862 2535 893 2562 in
909 2534 1000 2562 latere

253 2628 257 2640 ¹
275 2625 376 2653 Mntm..
394 2630 454 2654 xxv,
471 2625 508 2648 41.
525 2637 555 2641 -
571 2623 581 2638 ²
599 2621 668 2646 psal.
686 2626 791 2649 mxxiv,
808 2622 829 2643 2.
847 2633 877 2637 —
895 2619 904 2635 ³
926 2619 1000 2649 thid„

222 2664 258 2687 12.
274 2675 304 2679 —
321 2667 324 2674 ·
343 2662 425 2689 Jounq
441 2665 493 2689 xivv⁴
509 2662 533 2682 ti.
549 2672 579 2676 —
595 2659 605 2674 ⁶
622 2656 756 2686 Herum-d„
772 2663 827 2686 sup.
846 2656 938 2679 stsm
954 2658 1002 2684 est,

221 2698 290 2722 bom.
314 2703 356 2727 ιιι,
380 2704 406 2720 n.
423 2699 446 2720 ῖῑ.
461 2709 491 2714 -
511 2696 519 2709 ‘¹
541 2696 560 2719 u
581 2695 652 2725 Ray„
668 2700 703 2723 vi,
722 2695 757 2716 tt.
778 2705 806 2710 —
821 2693 828 2705 ⁷
845 2692 911 2715 psal.
929 2698 1000 2722 ιΛιν7

222 2736 244 2758 5.
261 2747 289 2751 -
312 2736 319 2745 “
342 2734 395 2757 inm
415 2735 513 2762 auctor,
529 2731 643 2762 quisquis
657 2729 696 2753 illc
708 2728 736 2752 sit
747 2746 753 2758 ,
769 2734 846 2751 serm.
860 2727 889 2749 tl«-
910 2727 999 2757 Yemp..

1035 325 1090 354 per
1104 317 1252 352 lanceam,
1266 315 1448 353 sanguineus
1472 315 1505 344 in
1523 314 1664 344 manibus
1683 316 1714 344 et
1729 315 1816 352 pedi-

1034 364 1093 393 bus
1106 372 1160 402 per
1173 364 1285 394 clavos.
1305 363 1398 400 nujus
1419 362 1499 392 servi
1523 362 1634 392 domus
1653 361 1754 398 Μαι-ια,
1777 361 1818 392 de

1036 419 1098 448 qua.
1109 411 1142 440 in
1154 411 1272 440 Psalmo
1287 410 1396 440 dicitur
1407 411 1418 428 '¹
1434 419 1441 438 :
1457 410 1629 445 Replebimm·
1642 410 1674 438 in
1688 409 1764 438 bonis
1772 409 1820 438 do-

1035 467 1094 487 mus
1108 462 1172 487 tuoe.
1189 460 1263 487 Arca
1275 457 1307 486 in
1321 457 1378 486 hac
1391 456 1485 486 domo
1503 456 1601 485 locata
1614 455 1762 485 Christum
1779 455 1820 484 si-

1037 507 1108 542 gnat
1131 515 1139 534 z
1167 505 1298 534 Christus
1323 504 1404 532 enim
1425 511 1530 532 servus
1552 505 1663 538 noster,
1689 502 1820 531 Christus

1036 553 1098 581 vita
1116 553 1219 580 nostra
1240 553 1292 580 est.
1313 552 1346 580 ln
1363 558 1434 579 arca.
1451 558 1530 579 urna
1549 558 1642 579 aurea
1655 551 1685 579 et
1698 556 1818 578 manna.

1038 602 1112 628 Arca
1126 600 1229 628 sancta
1241 605 1362 627 carnem
1380 599 1533 633 sanctam3
1554 604 1632 626 urna
1651 604 1742 625 aurea
1754 596 1820 625 ani-

1038 654 1120 675 mam
1134 645 1238 675 Christi
1254 645 1513 682 pretiosissimam
1528 652 1641 674 manna
1655 651 1728 672 vero
1743 643 1821 672 divi-

1038 694 1162 722 nitatem
1177 692 1381 722 dulcissimam
1399 692 1507 729 signat.
1532 693 1654 728 Propter
1674 691 1752 720 hanc
1773 697 1822 719 ar-

1039 749 1119 776 cam,
1139 742 1262 778 propter
1287 741 1384 769 lesum
1411 739 1559 768 Christum
1583 738 1691 767 Filium
1713 737 1821 772 uaria,

1039 788 1181 817 Dominus
1196 787 1350 816 benedixit
1363 787 1468 816 domui
1482 787 1586 815 Mariae.
1599 787 1621 815 Ο
1630 793 1700 814 vere
1713 785 1822 814 domus

1039 835 1208 871 benedicta,
1233 843 1269 863 ex
1290 842 1352 872 qua
1372 835 1508 863 omnium
1522 833 1666 870 processit
1678 832 1754 861 vita!
1776 831 1823 860 Ait

1041 883 1121 911 enim
1141 882 1320 918 Augustinus
1332 882 1343 900 ⁸
1359 890 1367 910 ε
1387 893 1400 907 ιι
1415 881 1572 910 Benedicta
1590 882 1623 909 tu
1640 881 1672 908 in
1690 879 1822 908 mulieri-

1040 930 1108 966 bus,
1123 938 1190 966 quoe
1204 929 1296 958 vitam
1310 928 1380 957 viris
1401 931 1430 957 et
1449 927 1624 957 mulieribus
1638 927 1788 964 peperisti.
1805 936 1816 953 ι

1076 978 1158 1011 Item,
1181 975 1356 1015 charissimi,
1379 977 1502 1012 propter
1523 974 1643 1011 prolem
1664 973 1823 1002 benedicta

1041 1025 1085 1052 est
1098 1023 1188 1052 Maria
1201 1031 1263 1051 non
1279 1022 1378 1052 solum
1400 1030 1418 1050 a
1441 1021 1567 1050 Domino
1582 1020 1823 1049 benedictionem

1042 1071 1105 1106 ejus
1119 1073 1272 1107 operante,
1287 1069 1341 1098 sed
1356 1069 1445 1097 etiam
1459 1068 1498 1097 ab
1513 1068 1626 1104 Angelo
1639 1067 1823 1096 benedictio-

1043 1126 1111 1147 nem
1126 1118 1190 1154 ejus
1205 1117 1368 1152 nuntiante,
1385 1116 1461 1145 sicut
1478 1117 1560 1153 patet
1577 1115 1607 1143 in
1626 1115 1761 1144 Gabriele
1783 1114 1827 1142 di-

1043 1167 1126 1194 cente
1144 1175 1150 1193 :
1169 1166 1297 1193 Dominus
1313 1167 1410 1198 tecum,
1426 1163 1565 1191 benedicta
1577 1165 1607 1191 tu
1617 1164 1647 1190 in
1658 1162 1826 1191 mulieribus.

1043 1212 1203 1247 Quomodo
1221 1214 1303 1240 tecum
1313 1214 1327 1238 ?
1343 1210 1521 1246 Augustinus
1540 1209 1581 1238 ait
1594 1210 1606 1227 ⁹
1621 1219 1628 1237 :
1648 1219 1662 1236 α
1675 1210 1783 1238 Tecum
1795 1208 1829 1237 in

1045 1260 1146 1293 eorde,
1167 1262 1263 1287 tecum
1286 1259 1315 1286 in
1339 1260 1450 1287 ventre.
1472 1268 1485 1283 n
1511 1257 1580 1286 ideo
1609 1255 1767 1285 benedicta
1797 1257 1829 1284 tu

1045 1315 1156 1342 secum,
1173 1307 1244 1343 quia
1259 1306 1300 1334 sic
1325 1307 1368 1334 est
1389 1307 1496 1333 tecum.
1520 1306 1628 1332 Tecum
1652 1304 1766 1341 utique,
1787 1305 1828 1331 te-

1046 1363 1126 1389 cum,
1141 1362 1203 1382 non
1224 1355 1337 1382 tantum
1357 1353 1431 1381 sicut
1452 1354 1572 1381 Creator
1593 1359 1662 1380 cum
1683 1353 1828 1385 ereatura,

1046 1402 1098 1430 scd
1121 1401 1209 1429 etiam
1231 1401 1307 1428 sicut
1327 1402 1430 1437 partus
1452 1407 1521 1428 eum
1543 1399 1684 1436 paritura.
1708 1399 1831 1434 Propter

1047 1451 1165 1485 partum
1173 1447 1252 1476 enim
1262 1447 1421 1476 benedicta
1433 1455 1465 1475 es
1479 1448 1547 1474 ante
1559 1448 1693 1482 partum;
1709 1446 1832 1482 propter

1047 1498 1166 1532 partum
1181 1495 1339 1523 benedicta
1355 1503 1386 1522 es
1401 1494 1430 1522 in
1451 1495 1537 1530 partu
1546 1503 1554 1528 ;
1575 1494 1696 1530 propter
1711 1493 1831 1528 partum

1048 1543 1206 1571 benedicta
1221 1551 1252 1570 es
1267 1544 1335 1579 post
1348 1544 1478 1578 partum.
1494 1543 1565 1570 Vere
1581 1540 1748 1575 benedicta,
1764 1547 1832 1575 quae

1049 1590 1090 1618 sic
1105 1593 1223 1626 partum
1244 1589 1384 1622 effudisti,
1407 1589 1491 1626 quod
1514 1590 1582 1617 ante
1602 1589 1730 1624 partum,
1754 1587 1781 1614 et
1800 1586 1832 1614 in

1049 1640 1146 1674 partu,
1159 1640 1186 1665 et
1198 1640 1263 1673 post
1274 1639 1391 1673 partum
1403 1637 1489 1672 virgo
1504 1635 1690 1672 permansisti
1704 1643 1711 1662 z
1725 1636 1752 1662 et
1762 1633 1832 1662 ideo

1051 1685 1197 1721 przeespue
1214 1684 1370 1712 benedicta
1385 1683 1443 1711 dici
1459 1682 1602 1716 meruisti,
1615 1682 1687 1718 quia
1698 1689 1759 1709 non
1773 1680 1830 1708 ho-

1051 1732 1163 1759 minem
1183 1739 1305 1767 purum,
1327 1739 1387 1758 non
1412 1730 1552 1765 angelum
1572 1737 1688 1763 verum,
1708 1728 1760 1756 sed
1780 1728 1835 1756 ho-

1052 1779 1167 1806 minum
1195 1778 1232 1813 (a)
1254 1780 1282 1805 et
1304 1778 1482 1813 angelorum
1504 1777 1662 1805 Dominum
1682 1774 1832 1812 peperisti.

1051 1828 1173 1862 Propter
1187 1825 1270 1862 quod
1285 1825 1361 1853 bene
1377 1826 1415 1853 ait
1431 1825 1509 1853 Beda
1523 1825 1565 1853 sie
1577 1824 1597 1842 ¹⁰
1611 1833 1618 1852 ε
1633 1826 1729 1852 «Vere
1744 1823 1835 1852 bene-

1052 1873 1131 1901 dicta
1142 1873 1171 1900 iu
1184 1873 1372 1906 mulieribus,
1382 1880 1448 1908 qum
1458 1872 1519 1899 sine
1533 1871 1671 1907 exemplo
1682 1869 1836 1899 muliebris

1053 1920 1242 1954 conditioni&
1267 1928 1334 1947 cum
1357 1919 1465 1947 decore
1487 1918 1664 1954 virginitatis
1679 1917 1781 1954 gavisa
1795 1918 1838 1945 est

1051 1968 1166 1996 honore
1195 1967 1338 2003 parentis,
1365 1967 1509 2003 quodque
1540 1966 1691 2001 Virginem
1717 1967 1836 1993 Matrem

1054 2015 1190 2049 decebat,
1205 2017 1297 2043 Deum
1313 2014 1417 2042 Filium
1434 2014 1611 2050 procreavit.
1625 2023 1638 2039 ι)

1090 2064 1171 2096 item,
1181 2061 1356 2095 charissimi,
1371 2061 1528 2089 benedicta
1539 2063 1660 2096 propter
1670 2059 1787 2096 prolem
1797 2060 1840 2086 est

1055 2109 1153 2143 Maria,
1169 2117 1230 2136 non
1246 2109 1370 2136 soluma
1382 2108 1506 2136 Domino
1521 2107 1760 2135 benedictionem
1775 2106 1839 2141 ejus

1055 2159 1208 2193 operante,
1226 2164 1285 2184 non
1300 2156 1397 2183 solum
1413 2155 1452 2183 ab
1468 2154 1580 2189 Angelo
1600 2153 1839 2182 benedictionem

1055 2205 1118 2239 ejus
1140 2203 1304 2237 nuntiante,
1329 2203 1381 2230 sed
1406 2202 1493 2230 etiam
1516 2202 1554 2230 ab
1571 2201 1692 2230 homine
1712 2199 1839 2228 benedi-

1056 2251 1183 2279 ctionem
1199 2251 1262 2286 ejus
1277 2250 1485 2286 prophetante,
1507 2249 1581 2277 sicut
1600 2250 1680 2285 patet
1699 2248 1729 2276 in
1749 2247 1839 2276 Elisa—

1056 2298 1137 2333 beth,
1153 2306 1229 2333 qmr,
1246 2297 1394 2325 exultante
1411 2297 1439 2324 in
1461 2298 1545 2324 utero
1567 2296 1631 2331 eJus
1650 2295 1772 2330 infante,
1795 2302 1840 2322 re-

1057 2345 1135 2381 pleta
1157 2345 1266 2380 Spiritu
1290 2347 1403 2379 sancto,
1423 2343 1631 2380 prophetando
1651 2340 1837 2375 exclamavit,

1058 2393 1159 2420 dicens
1175 2394 1194 2410 ¹¹
1221 2402 1226 2419 :
1250 2391 1393 2419 Benedicta
1416 2394 1444 2418 tu
1467 2393 1495 2418 in
1516 2390 1688 2423 mulieribus,
1712 2391 1736 2416 et
1761 2389 1838 2415 bene-

1058 2440 1145 2467 dictus
1169 2441 1276 2473 fructus
1294 2440 1398 2466 ventris
1419 2440 1469 2465 tui.
1493 2438 1562 2465 ldeo
1590 2437 1690 2472 utique
1713 2433 1839 2463 benedi-

1058 2489 1113 2521 cta,
1137 2487 1208 2522 quia
1228 2485 1403 2514 benedictus
1422 2485 1533 2512 tructus
1552 2482 1662 2512 ventris
1684 2481 1743 2517 tui;
1766 2481 1840 2509 sicut

1060 2581 1119 2603 xxi,
1143 2574 1175 2597 nl.
1201 2579 1268 2602 cxx,
1293 2580 1318 2597 n.
1340 2574 1401 2603 Δμοι
1425 2572 1454 2595 de
1476 2572 1583 2600 Sanctis,
1605 2576 1681 2594 serm.
1704 2575 1779 2599 xviii,
1807 2569 1839 2593 ul.

1059 2616 1149 2639 cxciv,
1170 2616 1195 2633 n.
1213 2611 1240 2638 2,
1264 2609 1289 2632 in
1312 2608 1430 2639 Apprnd.
1456 2610 1517 2631 tom.
1539 2607 1570 2636 V,
1591 2606 1663 2637 Oper.
1685 2607 1711 2629 S.
1733 2606 1796 2636 Aug.
1812 2618 1840 2623 —

1060 2647 1067 2655 ⁴
1083 2646 1156 2676 lbid.‚
1171 2653 1196 2669 u.
1213 2647 1233 2669 t.
1244 2658 1274 2662 —
1288 2645 1306 2661 ¹⁶
1320 2644 1390 2672 ued.‚
1403 2644 1429 2667 in
1443 2643 1513 2667 bom.
1525 2642 1628 2666 hiemat.
1643 2641 1673 2665 de
1686 2641 1794 2672 Sanctis,
1816 2640 1842 2664 in

1058 2681 1114 2705 sest.
1132 2683 1246 2705 Auuuut.
1263 2681 1290 2704 n.
1307 2681 1340 2704 M.
1359 2680 1428 2710 Virg.
1444 2691 1475 2696 ——
1489 2679 1506 2695 ¹¹
1521 2678 1589 2708 Luc„
1606 2683 1627 2708 ι,
1643 2678 1682 2701 42.

1092 2728 1124 2756 (a)
1141 2727 1208 2750 Edit.
1231 2727 1284 2750 Vnt.
1300 2729 1323 2749 e!
1346 2726 1402 2749 Γυιι.
1420 2724 1563 2748 homiuem.
