2029 3052
78 1411 103 1432 B.
115 1411 185 1432 Maria

77 1442 176 1469 ingredi-

77 1474 113 1494 tur
138 1479 183 1494 coe-

76 1504 132 1531 lum,
141 1511 185 1526 mo—

90 1537 138 1557 rius
150 1539 172 1557 et

83 1568 180 1594 praemiis

75 1604 184 1625 superans

88 1636 166 1651 onlsstlS

76 1662 173 1682 sanctus.

207 255 268 285 272

206 321 296 357 atque
322 319 466 350 laudibus
491 320 642 350 detulisse.
671 331 686 348 »
720 323 754 350 Et
765 323 835 359 post
861 328 960 358 pauca
979 329 988 348 :

208 367 348 401 «Quanto
366 368 464 405 magis
479 367 662 397 credendum
682 370 726 397 est
739 367 877 396 militiam
897 367 989 397 coelo-

204 421 284 449 rum,
299 422 368 443 cum
390 415 452 444 suis
473 414 653 451 agminibus,
676 414 780 444 festive
803 414 925 443 obviam
939 422 990 444 ve-

204 461 282 489 nisse
294 461 432 490 Genitrici
445 462 504 497 Dei,
520 469 647 498 eamque
662 461 774 498 ingenti
794 461 908 490 lumine
931 461 988 490 cir-

205 507 402 544 cumrulsisse,
413 510 442 537 et
453 516 547 544 usque
561 508 600 537 ad
611 508 752 537 thronum
763 508 837 537 olim
852 509 909 537 sibi
921 511 989 537 ante

203 554 310 583 mundi
325 555 564 584 constitutionem
585 557 735 592 paratum,
756 564 825 584 cum
846 555 990 584 laudibus

204 603 234 629 et
247 601 367 630 canticis
381 602 585 638 spiritualibus
598 602 781 639 perduxisse.
798 613 812 630 u
828 603 900 631 Item
918 610 989 631 con-

203 647 302 676 sidera
315 647 346 676 in
358 648 449 677 Maria
463 649 648 686 opulentiam
659 650 845 686 meritorum,
856 650 887 678 in
896 657 989 686 appa-

203 695 269 722 ratu
292 702 452 724 munerum
480 696 680 733 pretiosorum
701 706 708 724 z
733 696 830 726 attulit
857 703 988 733 namque

202 749 305 770 secum
319 750 427 771 aurum
446 742 594 772 infinitum
604 743 772 772 dilectionis
784 743 833 772 Dei
849 745 878 772 et
888 743 988 780 proxi-

202 788 254 824 mi,
278 797 411 825 gemmas
431 790 574 827 pretiosas
599 791 742 819 virtutum
769 793 798 819 et
825 790 987 826 donorum,

202 839 338 866 aromata
351 838 504 867 bonorum
519 847 646 876 operum
661 841 689 867 et
703 839 921 876 exemplorum.
938 841 989 868 Pa-

201 891 270 912 rum
291 887 335 913 est
355 885 435 913 enim
462 885 546 922 quod
565 885 603 914 de
625 885 769 914 thesauris
789 886 884 914 Mariae
901 885 986 921 dico,

201 935 337 969 respectu
357 934 432 969 eJus,
448 934 532 971 quod
547 937 577 964 Β.
594 935 760 964 Bernardus
775 936 894 964 Mariam
909 935 986 964 allo-

201 987 307 1016 quens,
329 980 404 1009 dixit
425 991 431 1009 :
451 992 464 1008 α
479 982 509 1010 in
524 982 683 1017 manibus,
705 982 819 1019 inquit,
840 982 897 1010 tuis
919 984 988 1010 sunt

202 1034 307 1055 omnes
322 1027 450 1057 thesauri
466 1029 692 1058 miserationum
710 1029 836 1058 Domini.
853 1029 935 1058 Absit
955 1031 988 1058 ut

201 1076 292 1102 cesset
307 1083 414 1103 manus
428 1077 498 1109 tua‚·
521 1084 618 1113 neque
639 1077 719 1105 enim
738 1076 835 1112 gloria
857 1078 908 1104 tua
929 1077 985 1104 mi-

199 1123 311 1157 nuitur,
325 1122 377 1150 sed
387 1125 522 1159 augetur,
535 1131 603 1152 cum
615 1123 789 1160 poenitentes
797 1123 837 1152 ad
852 1123 984 1158 veniam,

196 1167 346 1203 justificati
369 1169 406 1197 ad
436 1169 566 1205 gloriam
591 1172 791 1199 assumuntur.
805 1180 818 1196 n
850 1171 985 1206 Ingressa

198 1214 288 1250 igitur
303 1217 346 1243 est
364 1217 452 1244 Mater
473 1217 588 1245 Domini
613 1217 651 1245 ad
667 1217 805 1253 gloriam,
831 1219 980 1254 tanquam

199 1261 312 1297 Regina
327 1262 481 1298 coelorum,
497 1264 628 1299 ingressa
643 1267 684 1292 cst
700 1273 767 1292 cum
784 1264 879 1293 multo
893 1265 984 1293 comi-

199 1310 260 1336 tatu
276 1309 464 1345 angelorum,
481 1310 614 1346 ingressa
629 1314 670 1339 est
685 1319 754 1339 cum
770 1311 879 1339 divitiis
895 1312 982 1339 innu-

200 1356 390 1384 merabilium
406 1357 591 1385 meritorum.

235 1406 343 1437 Quarto
367 1404 534 1439 considera,
560 1405 742 1440 charissime,
763 1406 845 1442 quod
870 1406 984 1434 inveni-

198 1459 265 1478 mus
284 1451 559 1487 snpergrcdientem
574 1460 678 1480 omnes
693 1455 809 1480 sanctos
831 1454 860 1481 in
882 1462 983 1490 super-

199 1497 384 1526 abundantia
405 1499 580 1527 meritorum
595 1502 621 1527 ct
637 1500 828 1536 proemiorum
852 1500 914 1528 sinc
931 1504 983 1528 ter-

199 1544 292 1580 mino,
314 1545 394 1580 juxta
418 1545 508 1573 illud·
526 1555 531 1574 z
556 1547 650 1573 Multa·
672 1548 737 1581 ΙίΙιίι·
756 1552 982 1582 (amyra-flateram!

198 1593 327 1625 άίυίιίαες
346 1596 375 1621 tu
389 1602 560 1629 superqressa
575 1603 601 1622 es
621 1597 770 1622 um'ccrsus.
788 1597 982 1631 supergressa

198 1639 299 1676 utique
315 1649 360 1675 ez,
381 1648 573 1676 supergressa
589 1643 665 1669 certe
686 1650 716 1669 es
736 1642 765 1669 in
789 1645 912 1676 natura,
935 1651 982 1670 su-

198 1694 351 1722 pergressa
369 1696 399 1715 cs
415 1687 443 1715 in
457 1688 562 1723 gratia,
577 1697 767 1724 supergressa
783 1698 814 1716 es
828 1689 858 1716 in
874 1689 980 1724 gloria,

197 1733 350 1762 universas
365 1735 453 1768 filias,
469 1736 620 1764 universas
631 1737 756 1769 animas,
770 1737 922 1764 universas
939 1737 981 1764 in-

198 1780 371 1816 telligentias
386 1782 545 1817 angelieas,
562 1791 580 1810 o
595 1783 693 1810 Maria.
707 1783 785 1818 Dico,
797 1783 879 1819 quod
892 1784 981 1811 Maria

197 1827 227 1854 in
242 1830 347 1855 natura
362 1836 552 1864 supergressa
567 1832 609 1857 est
624 1829 778 1857 universas
793 1830 869 1858 filias
885 1830 978 1858 homi—

194 1881 286 1908 num,
312 1874 384 1902 dum
406 1876 488 1911 quod
513 1878 619 1904 natura
643 1884 702 1903 non
727 1876 870 1910 admittit,
895 1877 979 1912 virgo

194 1921 339 1957 concepit,
364 1924 390 1949 et
410 1922 494 1957 virgo
519 1922 643 1958 peperit,
663 1923 747 1958 juxta
772 1923 868 1951 illud’
891 1926 979 1952 :Ecce

192 1969 270 2002 υίιῃο
293 1970 443 2004 concipiet,
467 1972 490 1997 ct
510 1972 600 2004 pariet
621 1971 717 2004 filium.
742 1972 773 1998 Et
798 1979 859 1999 non
878 1971 978 1999 solum

191 2014 259 2050 hoc,
277 2016 359 2052 quod
377 2017 460 2052 virgo
479 2017 584 2051 tilium,
601 2017 652 2045 sed
678 2018 765 2046 etiam
786 2018 869 2054 quod
887 2020 978 2046 Deum

192 2062 317 2097 peperit,
332 2071 421 2099 super
441 2072 561 2091 omnem
577 2067 714 2092 naturam
730 2068 782 2093 est.
800 2065 930 2102 Ideoque
947 2068 975 2093 B.

192 2109 388 2145 Hieronymus
399 2111 439 2137 sic
450 2110 490 2138 ait
502 2112 512 2127 ³
530 2120 536 2138 ι
551 2111 664 2144 «Quod
675 2114 779 2140 natura
791 2121 851 2140 non
860 2113 975 2148 habuit,

192 2163 262 2183 usus
276 2157 410 2192 nescivit,
430 2157 579 2190 ignoravit
600 2158 686 2193 ratio,
710 2167 793 2187 mens
814 2168 874 2187 nou
897 2161 976 2196 capit

191 2202 333 2238 humana,
360 2206 447 2239 pavet
473 2204 591 2238 eoelum,
610 2207 706 2241 stupet
731 2209 817 2239 terra,
841 2209 975 2235 creatura

192 2249 279 2277 ctiam
302 2250 398 2277 omnis
420 2251 543 2279 miratur
567 2252 700 2287 etrlestis,
728 2253 785 2280 hoc
809 2256 902 2281 totum
933 2257 974 2282 est

191 2296 274 2332 quod
290 2304 342 2332 per
356 2297 522 2325 Gabrielem
538 2299 632 2326 Mariae
654 2299 795 2328 divinitus
811 2301 973 2335 nuntiatur,

192 2345 219 2370 ct
234 2351 286 2378 per
297 2343 442 2371 Christum
453 2344 641 2380 adimpletur.
661 2356 673 2371 ι)
698 2347 767 2374 item
782 2356 973 2383 supergressa

192 2392 234 2417 est
248 2390 336 2418 Maria
351 2391 380 2418 in
391 2391 485 2426 gratia
495 2391 645 2419 universas
662 2393 776 2421 animas
791 2398 971 2429 sauctorum,

193 2437 265 2464 dum
280 2446 341 2465 non
356 2438 454 2465 solum
472 2438 565 2473 gratia
579 2439 678 2474 plena,
700 2441 752 2467 sed
768 2442 854 2468 etiam
869 2450 973 2477 super-

192 2484 280 2519 plena
301 2485 364 2518 fuit,
380 2486 450 2513 teste
465 2485 599 2513 Gabriele
622 2487 672 2522 qui
689 2488 770 2522 prius
793 2488 882 2516 dixit:
901 2491 971 2524 Are,

191 2533 393 2567 9νιι1ιῖαρ1ωκις
410 2534 437 2560 et
451 2535 553 2569 postea
569 2533 738 2568 subjunxit:
756 2535 877 2569 Spu-itus
894 2544 970 2563 sanc-

192 2581 235 2605 tus
248 2581 417 2613 superveniet
432 2582 460 2607 ιἰι
482 2583 516 2607 te.
533 2580 560 2607 Si
575 2582 673 2608 autem
690 2582 783 2615 gratia
802 2582 890 2618 plena
905 2583 970 2618 suit,

191 2633 261 2661 ergo
276 2626 422 2662 quidquid
437 2627 493 2654 sibi
506 2627 717 2663 superveniens
729 2631 833 2663 postea
848 2630 971 2665 Spiritus

223 2688 327 2719 ιΙί·οι’.,
344 2695 416 2719 xxxi,
433 2691 471 2714 29.
483 2703 513 2707 —
529 2690 536 2703 ²
548 2690 606 2717 Iso..
622 2696 667 2719 vu,
684 2692 718 2713 14.
732 2703 762 2708 —
774 2691 783 2707 ³
797 2692 913 2717 llis-ron..
927 2692 970 2715 ubi

191 2731 268 2754 supra
283 2725 408 2755 proxime,
424 2727 482 2749 ante
498 2725 565 2749 med.
583 2739 607 2742 -
624 2726 633 2742 ⁴
650 2726 783 2757 bernard„
802 2728 826 2750 ιιι
842 2729 969 2758 Assmnpt.

644 252 854 286 SPECULUM
875 251 1022 286 BEATAE
1043 251 1184 287 MARIAE
1206 253 1394 288 VlRGlNlS.

1043 322 1180 358 eontulit,
1193 323 1226 351 in
1237 322 1296 352 hoe
1313 323 1417 360 utique
1430 323 1593 361 plusquam
1609 321 1711 360 plena,
1722 322 1757 353 in
1766 323 1827 354 hoe

1043 371 1121 398 certe
1133 369 1316 407 superplena
1330 369 1393 398 fuit.
1410 369 1492 399 Unde
1506 371 1538 399 B.
1553 369 1721 400 Bernartius
1737 369 1825 403 siv:

1046 416 1208 445 «Veniente
1218 417 1281 453 jam
1290 417 1399 454 Spiritu
1408 419 1522 452 sancto,
1530 417 1620 454 plena
1631 416 1704 451 sibu
1719 416 1828 449 eodem

1044 471 1166 500 quoque
1185 463 1424 500 superveniente,
1438 464 1528 494 nohis
1541 463 1722 502 superplena
1735 465 1766 498 et
1777 472 1827 492 su-

1043 509 1224 546 pereffluens
1237 509 1271 538 fit
1284 511 1384 540 Maria.
1399 521 1414 538 n
1426 512 1498 540 ltem
1512 519 1706 548 supergressa
1717 512 1761 540 est
1771 512 1829 540 Ma-

1043 555 1089 584 ria
1101 555 1134 584 in
1148 555 1246 592 gloria
1259 557 1416 586 universas
1428 557 1638 594 intelligentias
1655 557 1825 594 angelicas:

1043 602 1108 640 ipsa
1121 603 1202 632 enim
1215 606 1259 632 est
1271 603 1396 633 thronus
1410 604 1461 633 ille
1473 605 1658 642 sapphireus,
1674 604 1737 642 qui,
1751 605 1828 633 sicut

1043 649 1075 678 in
1088 651 1225 678 Ezechiele
1241 650 1349 687 legitur
1366 652 1388 687 ⁸,
1403 660 1484 688 super
1499 653 1696 687 firmamentum
1714 651 1827 688 angeli-

1043 705 1111 725 cum
1132 697 1278 726 exaltatus
1302 700 1354 727 est.
1380 700 1503 736 Propter
1522 699 1581 728 hoe
1602 700 1633 728 B.
1660 698 1828 728 Ber-nardus

1043 743 1120 772 bene
1146 745 1187 772 ait
1209 745 1291 774 sic⁶z
1320 755 1334 772 (ι
1353 745 1492 774 Ascendit
1511 745 1602 782 plane
1625 745 1715 774 Maria
1737 753 1827 782 super

1043 798 1133 820 omne
1146 791 1315 820 humanum
1331 800 1441 829 genus5
1460 792 1594 821 ascendit
1606 800 1702 829 usque
1716 791 1756 820 ad
1769 799 1823 820 an-

1043 838 1141 874 gelos;
1156 839 1210 868 sed
1225 842 1253 868 et
1274 839 1355 876 ipsos
1369 848 1492 877 quoque
1507 840 1698 876 transcendit,
1722 841 1750 868 et
1764 848 1824 868 οω-

1042 885 1146 914 lestem
1167 894 1289 915 omnem
1310 887 1534 924 supergreditur
1556 890 1732 917 creaturam.
1747 898 1762 914 ι)
1778 887 1825 916 Sic

1042 940 1124 968 ergo,
1141 933 1316 969 charissimi,
1332 934 1422 963 Maria
1434 942 1564 970 egressa,
1579 937 1608 964 et
1618 943 1785 972 progressa,
1797 936 1827 963 et

1041 979 1184 1015 ingressa,
1204 982 1232 1008 et
1250 987 1443 1017 supergressa
1461 982 1514 1010 est.
1532 983 1664 1018 Egi-essa,
1686 981 1824 1018 inquam,

1042 1027 1085 1054 est
1098 1026 1250 1055 nascendo
1273 1027 1313 1055 ad
1335 1027 1427 1056 vitam
1449 1027 1626 1056 miserorum
1634 1038 1643 1065 3
1666 1035 1826 1065 progressa.

1041 1074 1279 1111 estproficicndo
1289 1075 1319 1102 in
1330 1075 1425 1111 gratia
1433 1075 1660 1112 privilegiorum
1670 1085 1678 1111 ;
1691 1075 1825 1112 ingressa

1041 1124 1084 1150 est
1103 1122 1307 1159 perveniendo
1327 1123 1368 1151 ad
1382 1131 1509 1160 regnum
1532 1123 1694 1159 coelorum3
1722 1131 1825 1160 super-

1041 1177 1142 1205 gressa
1165 1172 1207 1198 est
1228 1170 1402 1198 excedendo
1423 1170 1551 1206 gloriam
1570 1170 1705 1199 omnium
1720 1169 1824 1207 beato—

1040 1225 1117 1245 rum.
1135 1219 1206 1245 Ecce
1224 1216 1323 1253 igitur,
1337 1217 1510 1246 dulcissima
1527 1217 1614 1254 virgo
1636 1217 1735 1252 Maria,
1756 1225 1823 1247 ecce

1040 1271 1108 1291 vere
1126 1263 1267 1291 Dominus
1280 1266 1386 1299 tecum,
1402 1264 1476 1292 sicut
1490 1264 1539 1293 Sol
1555 1272 1623 1292 cum
1634 1272 1742 1293 aurora
1754 1272 1823 1301 pro·

1040 1310 1202 1345 grediente,
1223 1311 1297 1338 sicut
1319 1311 1374 1339 llos
1399 1319 1467 1339 cum
1489 1311 1573 1347 virga
1588 1312 1722 1346 florente,
1746 1311 1822 1340 sicut

1040 1359 1099 1386 ilex
1115 1366 1183 1385 cum
1208 1358 1320 1393 Regina
1341 1358 1536 1393 ingrediente.
1557 1359 1579 1387 0
1603 1358 1693 1394 igitur
1713 1366 1822 1386 aurora

1039 1405 1229 1439 suavissima,
1254 1405 1300 1433 sac
1315 1407 1348 1433 ut
1361 1405 1451 1433 etiam
1472 1405 1630 1433 nobiscum
1651 1405 1687 1432 sit
1705 1405 1755 1434 Sol
1776 1413 1822 1433 sa·

1038 1451 1164 1487 pientiae.
1178 1455 1200 1481 0
1219 1452 1303 1487 virga
1312 1451 1535 1487 sublimissima,
1545 1452 1590 1480 fac
1605 1451 1705 1486 etiam,
1719 1454 1752 1480 ut
1766 1459 1821 1480 no-

1038 1498 1155 1526 biscum
1176 1499 1212 1527 sit
1227 1499 1282 1527 ssos
1303 1499 1413 1535 gratim.
1431 1500 1453 1528 O
1476 1499 1587 1535 Regina
1600 1499 1819 1535 potentissima,

1038 1545 1083 1573 sac
1099 1549 1131 1574 ut
1147 1546 1235 1573 etiam
1253 1546 1410 1574 nobiscum
1425 1546 1461 1574 sit
1474 1547 1535 1574 Rex
1551 1545 1653 1582 gloriae
1678 1545 1821 1574 Dominus

1039 1594 1136 1620 noster
1149 1594 1231 1621 lesus
1246 1593 1386 1621 Christus.

1311 1695 1446 1725 LECTIO
1470 1695 1547 1724 xlv.

1038 1764 1115 1798 Quod
1128 1765 1158 1790 Il.
1177 1764 1268 1791 Maria
1284 1765 1320 1791 sit
1334 1765 1473 1792 benedicta
1489 1764 1520 1791 ob
1541 1764 1739 1800 plenitudinem
1752 1773 1817 1800 qra-

1073 1811 1128 1843 (ια’,
1144 1809 1174 1836 ob
1189 1809 1376 1836 celsitudinem
1390 1810 1492 1844 prolis,
1504 1810 1534 1837 ob
1550 1810 1752 1838 multitudinem
1767 1811 1818 1837 mi—

1071 1854 1224 1881 seriem-alim
1238 1861 1304 1888 sum,
1321 1857 1344 1881 ct
1361 1855 1391 1881 ob
1408 1854 1622 1889 maqnitudinem
1637 1855 1732 1889 910rioe
1752 1862 1815 1882 suoe.

1071 1925 1215 1953 Benedicta
1232 1929 1261 1952 ιιι
1276 1927 1303 1952 in
1316 1926 1482 1952 niulierssrus.
1495 1926 1650 1953 Ostensum
1661 1927 1703 1953 est
1716 1933 1816 1961 supra,

1034 1972 1190 2008 quomodo
1212 1972 1299 2000 Maria
1323 1974 1445 2008 propter
1473 1972 1661 2008 purissimam
1686 1972 1751 2000 vitae
1774 1972 1818 2000 in-

1033 2020 1202 2047 nocentiam
1219 2019 1324 2047 merito
1340 2027 1393 2055 per
1409 2020 1465 2046 Ave
1480 2019 1622 2046 salutatur
1639 2028 1645 2046 :
1663 2020 1814 2047 ostensum

1033 2074 1155 2102 quoque
1171 2069 1223 2100 cst,
1240 2065 1396 2102 quomodo
1413 2065 1499 2093 Maria
1514 2068 1634 2101 propter
1647 2065 1815 2102 copiosissi-

1032 2121 1113 2140 mam
1139 2113 1238 2147 gratim
1267 2112 1447 2140 affluentiam
1478 2112 1581 2140 merito
1612 2114 1704 2146 qratia
1734 2113 1816 2147 plena

1032 2162 1282 2187 commemoratur
1306 2169 1312 2187 :
1335 2161 1486 2187 ostensum
1508 2159 1628 2195 insuper
1651 2161 1711 2193 est,
1736 2167 1814 2196 quo-

1031 2206 1123 2234 modo
1138 2207 1227 2234 Maria
1240 2207 1274 2242 (a)
1291 2208 1414 2242 propter
1422 2205 1666 2242 specialissimam
1680 2206 1727 2234 Dei
1737 2214 1814 2242 pree·

1030 2254 1155 2282 sentiam
1172 2253 1276 2281 merito
1295 2254 1423 2280 Dominus
1445 2261 1531 2280 secum
1551 2252 1613 2281 fore
1636 2253 1812 2281 insinuatur.

1030 2300 1251 2330 ostendendum
1266 2303 1365 2328 autem
1381 2308 1459 2327 nunc
1475 2302 1534 2335 cst,
1551 2300 1706 2336 quomodo
1721 2308 1813 2337 prop-

1030 2351 1072 2376 ter
1087 2347 1284 2383 gratissimam
1307 2356 1440 2383 personae
1459 2355 1520 2374 suoe
1538 2348 1752 2382 reverentiam,
1773 2349 1812 2375 be-

1029 2395 1138 2422 nedicta
1155 2396 1182 2421 ιἰι
1199 2395 1357 2421 mulieribus
1374 2393 1534 2421 nuntiatur.
1555 2396 1625 2422 Ecce
1640 2394 1730 2429 igitur
1745 2393 1810 2429 glo—

1028 2442 1124 2469 riosus
1138 2441 1186 2468 ille
1202 2441 1398 2475 archangelus
1411 2440 1546 2475 Gabriel,
1567 2440 1729 2475 gloriosam
1749 2440 1810 2468 vir—

1029 2489 1129 2524 ginem
1156 2488 1274 2516 Mariam
1301 2487 1430 2515 salutans
1457 2487 1588 2523 gloriosa
1611 2487 1788 2514 salutatione
1800 2509 1808 2522 ,

1028 2536 1123 2572 ipsam
1145 2536 1351 2563 decentissime
1372 2535 1590 2563 consummavit
1612 2535 1642 2562 in
1665 2534 1809 2563 benedic-

1028 2583 1118 2617 tione,
1134 2582 1235 2611 dicens
1253 2592 1259 2610 :
1275 2582 1421 2610 Benedicta
1434 2586 1463 2610 tu
1477 2584 1505 2609 in
1520 2582 1692 2617 mulieribus,
1710 2581 1741 2610 id
1756 2585 1809 2618 est,

1028 2649 1055 2671 B.
1071 2649 1115 2675 AL,
1131 2655 1208 2672 serm.
1226 2653 1254 2677 u,
1270 2654 1296 2671 u.
1313 2649 1366 2671 2.-
1380 2648 1389 2661 ⁵·
1404 2646 1502 2675 Ezech„
1519 2651 1537 2676 ι,
1552 2647 1591 2670 26.
1603 2659 1632 2664 —
1646 2647 1656 2661 ¹³
1674 2647 1808 2678 Bernard,

1027 2684 1052 2706 ιἰι
1070 2683 1158 2707 Nutrix
1179 2684 1210 2707 Β.
1229 2684 1275 2714 M„
1295 2683 1325 2707 de
1341 2682 1501 2714 aquoeductu.
1516 2689 1542 2705 u.
1559 2684 1581 2706 9.

1059 2730 1093 2758 (ιι)
1108 2729 1164 2759 Ley.
1179 2728 1275 2752 ›lai-ize,
