2029 3052
531 257 597 297 QUI
619 255 754 290 ORDINI
780 255 973 289 FRATRUM
995 255 1078 288 MlN.
1102 253 1408 288 ADVERSANTUR.

166 329 286 362 trinam
304 327 422 360 subditi
439 336 553 360 eorum
573 326 702 369 plenius
721 325 851 358 solvunt
869 325 944 366 Jura

166 392 238 422 sua,
253 384 285 414 et
303 382 457 414 obediunt
472 381 529 421 eis,
544 383 576 413 et
595 382 786 412 reverentur
801 388 855 412 eos
878 387 945 410 am-

166 436 263 477 plius,
279 436 352 468 licet
367 436 428 476 ipsi
441 435 548 468 clerici
562 434 624 466 hoc
637 443 701 466 non
716 433 856 472 crcdant;
872 432 946 463 dici-

167 499 240 522 mus
259 489 347 521 enim
374 489 438 520 illis
466 489 587 521 dictum
606 487 772 529 Apostoli¹
792 498 799 518 :
818 486 946 519 obedite

165 543 313 584 proelalis
330 543 369 584 (α)
385 544 512 576 vestris.
531 543 654 574 Altera:
678 542 764 583 quod
791 541 946 573 beneficia

167 597 392 634 ecclesiastica,
416 606 488 638 quae
517 605 576 628 nos
598 598 791 635 teneremus,
808 595 834 626 si
858 603 945 626 esse-

167 660 242 683 mus
258 660 331 682 cum
354 651 399 682 eis
426 650 460 682 in
481 650 610 689 saeculo,
627 649 793 682 venientes
814 649 854 680 ad
878 648 948 680 reli-

169 705 301 745 gionem
323 704 401 745 ipsis
422 703 636 744 relinquimus
655 703 827 735 obtinenda
842 727 850 741 ‚
872 711 946 744 quae

168 761 328 801 quantum
344 758 486 798 diligunt
510 766 544 789 se
564 757 695 796 habere,
712 758 838 788 tantum
854 756 947 788 debe-

168 815 242 845 rent
264 813 399 853 diligere
422 811 511 849 illos,
537 811 594 852 qui
619 810 663 842 eis
686 819 724 842 ea
745 811 945 851 relinquunt,

167 867 228 898 nisi
245 866 352 907 potius
374 865 493 898 vellent
516 873 576 896 nos
594 863 688 903 mori,
705 865 742 895 ut
756 873 794 895 ea
807 864 852 895 sic
865 873 948 905 gau-

168 921 295 953 dentius
327 919 534 961 possiderent.
557 918 683 950 Tertia:
713 917 800 958 quod
835 927 948 950 sumus

168 977 262 1007 testes
285 983 398 1006 eorum
431 974 466 1005 in
489 972 632 1005 doctrina
653 972 748 1012 fidei,
773 974 809 1004 ut
832 972 949 1004 melius

169 1030 316 1063 credatur
330 1029 388 1068 eis,
405 1029 491 1070 quod
511 1028 634 1067 docent,
652 1028 866 1059 obediendum
889 1028 949 1059 sibi

169 1093 247 1124 esse,
259 1086 413 1125 tanquam
424 1083 539 1115 Christi
547 1082 685 1115 vicariis.
699 1081 787 1114 Sicut
801 1083 812 1099 ²
829 1082 865 1122 (b)
880 1082 949 1113 hae-

169 1138 270 1178 retici,
289 1137 477 1179 quidicunt‚
494 1137 579 1177 quod
594 1137 699 1168 clerici
715 1145 773 1177 pro
790 1146 849 1168 suo
864 1145 951 1177 quae-

170 1192 223 1222 stu
243 1190 395 1222 seducant
418 1189 635 1230 populuni,ut
656 1189 717 1220 sibi
741 1189 903 1228 obedient,
920 1190 951 1220 et

169 1244 245 1276 dent
259 1244 336 1285 ipsis
349 1243 524 1275 oblationes
539 1245 570 1274 et
587 1243 738 1281 decimas,
749 1245 787 1274 ut
803 1243 876 1275 inde
891 1253 950 1274 su-

169 1300 372 1338 stententur,
397 1300 428 1329 et
456 1298 614 1335 ditentur,
637 1299 669 1328 et
694 1297 900 1336 delicientur,
920 1299 951 1329 et

171 1353 239 1384 sine
254 1353 362 1384 labore
377 1352 551 1391 abundent,
573 1352 629 1392 qui
649 1351 719 1382 haec
740 1351 869 1383 aliunde
884 1355 951 1382 tam

170 1407 338 1439 commode
353 1416 417 1437 non
430 1406 599 1444 haberent,
613 1407 643 1437 et
657 1405 727 1437 ideo
737 1406 952 1437 confinxerint

171 1462 261 1500 festa,
278 1463 310 1492 et
333 1461 437 1492 officia
453 1461 573 1499 divina,
591 1460 774 1491 animarum
796 1459 950 1498 remedia,

171 1518 376 1557 peccatorum
399 1515 609 1556 poenitentias,
630 1514 827 1555 ⁸judiciorum
851 1515 952 1545 eccle-

172 1570 377 1602 siasticorum
397 1569 581 1607 sententias,
599 1570 873 1600 sacramentorum
895 1568 951 1599 ad-

173 1624 434 1662 ministrationes,
447 1625 478 1654 et
492 1623 568 1654 alias
581 1623 805 1662 solemnitates,
821 1625 852 1654 et
866 1623 954 1653 insti-

172 1679 312 1710 tutiones
325 1677 358 1709 S.
375 1677 534 1716 Ecclesiae,
550 1679 580 1708 et
599 1677 823 1717 praelationum
842 1676 953 1716 digni-

174 1735 262 1772 tates,
278 1734 315 1764 ut
338 1732 456 1763 horum
479 1731 626 1762 omnium
650 1730 813 1762 occasione
829 1729 952 1761 exhau-

172 1787 257 1818 riant
280 1786 443 1826 marsupia
465 1785 633 1816 laicorum.
660 1784 722 1816 Sed
745 1784 854 1815 fideles
879 1793 954 1815 cum

173 1842 283 1873 vident
311 1841 480 1880 religiosos
510 1840 692 1880 relinquere
717 1840 896 1876 mundum,
924 1841 956 1871 et

173 1895 302 1927 divitias
326 1894 451 1933 mundi,
469 1894 680 1925 ecclesiastica
702 1893 857 1924 beneficia
877 1893 956 1924 resi-

175 1959 296 1989 gnare,
320 1951 351 1980 et
372 1949 594 1989 paupertatem
617 1947 834 1979 voluntariam
854 1947 955 1986 proti-

174 2004 246 2042 teri,
259 2006 290 2035 et
304 2005 412 2034 tamen
425 2003 496 2033 haec
507 2002 618 2033 eadem
634 2001 757 2040 docere,
770 2003 800 2031 et
814 2000 955 2039 credere,

175 2067 248 2098 quae
262 2057 375 2089 docent
392 2056 508 2096 clerici,
527 2056 670 2087 aufertur
684 2055 729 2086 eis
749 2054 802 2085 illa
823 2053 956 2085 haereti-

176 2121 287 2143 corum
309 2111 459 2152 suspicio,
476 2120 539 2151 qua
561 2119 619 2150 pro
639 2109 707 2141 sola
724 2108 859 2140 avaritia
882 2117 955 2148 pos-

176 2168 245 2198 sent
267 2165 392 2206 opinari
420 2165 573 2206 praedieta
595 2164 704 2196 omnia
719 2173 738 2194 a
752 2163 874 2194 clericis
899 2162 957 2193 ad-

176 2221 320 2259 inventa,
343 2230 417 2252 cum
437 2220 546 2252 vident
560 2219 631 2250 illos
652 2228 719 2250 esse
734 2220 828 2250 testes
844 2226 957 2249 eorum

177 2275 341 2314 doctrinae,
358 2275 414 2314 qui
438 2274 509 2305 haec
532 2274 720 2314 temporalia
741 2282 799 2313 pro
813 2273 958 2303 doctrIna

176 2329 250 2360 fidei
276 2329 486 2369 reliquerunt.
511 2328 648 2366 Quarta:
668 2337 742 2359 011111
762 2327 902 2358 habeant
923 2327 958 2357 in

176 2383 269 2414 nobis
296 2383 436 2423 aliquem
469 2382 635 2413 stimulum
671 2381 877 2413 correctionis
893 2405 900 2414 ,
922 2383 959 2411 ut

177 2438 285 2469 minus
309 2437 446 2468 audeant
472 2445 617 2476 peccare,
644 2438 675 2467 et
700 2435 873 2466 studiosius
886 2435 959 2465 ossi-

178 2491 265 2522 cium
294 2490 355 2521 sibi
391 2490 601 2521 commissum
637 2491 819 2527 exerceant,
842 2490 872 2519 et
907 2488 957 2518 in-

180 2546 345 2576 struantur
360 2545 394 2575 in
408 2543 581 2584 aliquibus,
594 2552 667 2583 quae
690 2543 854 2583 ignorant,
872 2544 903 2573 et
919 2542 959 2573 ad

180 2598 398 2638 poenitentiam
419 2599 650 2638 provocentur,
677 2599 707 2627 et
728 2597 760 2627 111
785 2597 870 2628 bono
894 2606 961 2627 am-

214 2696 320 2727 ¹Hebr.,
341 2703 406 2728 5111,
426 2698 464 2720 17.
486 2710 516 2714 —
537 2696 545 2710 ²
565 2696 672 2720 Videtur
694 2695 788 2727 aliquid
817 2696 915 2720 deesse.
931 2709 961 2713 —

180 2732 190 2749 ³
203 2733 272 2765 Luc„
288 2739 322 2763 lv,
336 2735 374 2757 20.
389 2747 416 2750 —
432 2733 442 2749 ἢ
456 2732 558 2763 Mami„
575 2739 618 2763 xv,
633 2733 673 2756 14.
684 2745 715 2750 —
733 2734 740 2747 ⁵
757 2732 826 2763 Sala,
843 2738 878 2762 w,
894 2733 918 2757 6.
930 2744 960 2750 —

182 2770 190 2784 ⁶
201 2769 388 2800 Jos.,1,14-18.

1720 254 1775 284 541

1000 323 1085 365 plius
1099 323 1305 356 roborentur.
1321 322 1401 361 Quis
1411 321 1492 354 alius
1502 322 1654 361 argueret
1665 329 1780 352 eorum

1000 378 1091 418 vitia,
1116 388 1188 410 cum
1215 378 1247 409 in
1269 377 1367 409 simili
1392 376 1504 409 morbo
1526 375 1677 407 laborans
1697 374 1781 406 alius

1001 441 1066 463 non
1082 431 1496 472 p1·aesumatcurare,Juxta
1508 429 1587 461 illud
1598 432 1609 448 ³
1622 439 1629 460 ε
1646 428 1779 467 Medice,

1000 494 1080 518 cura
1097 487 1246 527 teipsum.
1266 486 1345 518 Item
1357 485 1367 502 ⁴
1382 497 1389 516 :
1406 485 1448 518 Si
1464 491 1565 517 coecus
1580 490 1660 516 coeco
1677 482 1782 514 duca-

1002 543 1070 573 tum
1089 543 1231 581 prcescec,
1247 542 1307 572 etc.
1330 539 1465 578 Quinta:
1481 538 1567 580 quod
1592 546 1704 570 sumus
1727 539 1784 574 005

1002 604 1077 627 rum
1103 595 1305 636 coadjmores
1325 595 1360 626 in
1383 593 1580 626 sublevando
1606 601 1703 624 onere
1723 590 1784 622 sibi

1003 649 1162 690 imposito,
1178 651 1214 681 ut
1228 649 1268 680 sit
1282 649 1328 680 eis
1343 649 1403 680 hoc
1419 647 1618 688 portabiliuS,
1636 648 1668 677 et
1686 644 1783 686 judi-

1002 703 1088 735 cium
1097 703 1324 742 durissimum,
1342 702 1426 743 quod
1445 702 1499 741 fiet
1515 701 1548 732 in
1564 701 1615 732 his
1629 700 1687 740 qui
1700 707 1785 740 φνας-

1003 760 1081 791 sunt
1107 758 1138 797 ⁵,
1165 757 1273 798 aliquo
1304 755 1400 787 modo
1428 754 1626 787 tolerabilius
1645 753 1786 786 sentiant

1003 811 1037 842 in
1059 811 1180 849 futuro,
1203 810 1381 852 supplendo
1402 818 1517 841 eorum
1542 808 1638 848 vices,
1664 807 1785 848 praedi-

1003 865 1115 903 cando,
1137 864 1344 904 consulendo,
1367 864 1578 896 confessiones
1600 861 1759 893 audiendo
1773 885 1783 900 ,

1003 919 1059 951 ubi
1094 920 1194 960 aliqui
1233 929 1346 951 eorum
1386 919 1495 950 minus
1527 917 1692 950 sufficiunt
1727 925 1786 957 pro

1004 973 1212 1005 multitudine
1239 973 1348 1014 populi
1366 998 1373 1012 ,
1402 972 1454 1004 vel
1489 981 1545 1013 pro
1578 970 1787 1012 perplexitate

1005 1037 1138 1059 casuum
1166 1027 1274 1058 minus
1303 1027 1343 1058 ab
1366 1026 1474 1067 aliquo
1496 1025 1644 1066 imperito
1671 1023 1787 1056 instrui

1005 1084 1138 1123 possunt
1156 1106 1165 1121 ,
1205 1081 1255 1113 vel
1295 1080 1483 1122 parochiani
1521 1080 1630 1110 minus
1666 1078 1788 1110 faciunt

1005 1146 1104 1177 quam
1135 1136 1307 1174 deberent,
1336 1137 1373 1166 ut
1403 1134 1532 1175 quando
1565 1142 1678 1165 eorum
1708 1132 1786 1163 sub-

1006 1190 1062 1221 diti
1096 1190 1209 1221 timent
1243 1189 1288 1220 eis
1315 1189 1459 1220 confiteri
1487 1198 1528 1220 ex
1557 1197 1652 1219 causa
1678 1187 1788 1227 aliqua

1007 1244 1145 1285 speciali.
1159 1244 1256 1276 Sexta
1271 1256 1277 1275 :
1293 1244 1319 1274 si
1333 1245 1405 1284 quis
1420 1244 1503 1274 inter
1522 1252 1586 1281 eos,
1603 1243 1718 1273 timore
1730 1250 1786 1282 pe-

1006 1299 1099 1330 riculi
1114 1299 1148 1329 in
1163 1307 1226 1339 quo
1241 1301 1328 1336 sunt,
1344 1297 1462 1338 quaerit
1475 1298 1649 1337 confugere
1666 1296 1706 1327 ad
1723 1297 1786 1326 sta-

1007 1355 1077 1384 tum
1101 1353 1254 1384 tutiorem
1281 1353 1396 1383 salutis
1414 1376 1422 1390 ,
1454 1351 1505 1383 vel
1527 1351 1684 1382 desiderio
1711 1350 1788 1382 vitae

1007 1407 1159 1445 melioris,
1172 1406 1243 1438 vult
1258 1416 1306 1445 ea,
1323 1415 1396 1446 quae
1412 1406 1445 1436 111
1460 1405 1581 1436 mundo
1595 1406 1680 1443 sunt,
1692 1403 1788 1435 relin-

1008 1471 1118 1502 quere,
1131 1463 1162 1492 et
1178 1462 1295 1492 statum
1307 1460 1509 1500 perfectionis
1522 1458 1720 1496 evangelicae
1735 1467 1789 1498 ap-

1008 1516 1226 1556 prehendere,
1252 1515 1338 1555 apud
1372 1514 1460 1546 viros
1487 1513 1654 1553 religiosos
1687 1513 1790 1552 potest

1008 1571 1095 1611 quod
1110 1569 1269 1601 desiderat
1281 1569 1438 1608 invenire,
1455 1568 1511 1609 qui
1526 1568 1590 1598 sint
1604 1566 1725 1598 ordinis
1740 1566 1790 1597 sui

1008 1624 1117 1655 fideles
1141 1624 1374 1662 observatores,
1391 1623 1473 1653 sicut
1494 1621 1576 1652 Loth
1596 1621 1726 1660 fugiens
1750 1620 1790 1651 ab

1009 1678 1132 1710 excidio
1152 1678 1377 1716 Sodomorum,
1394 1676 1542 1716 confugit
1558 1676 1598 1707 ad
1619 1675 1788 1716 parvulam

1009 1732 1126 1772 Segor,
1142 1732 1173 1763 id
1194 1734 1252 1770 est,
1268 1731 1425 1762 humilem
1446 1730 1638 1770 religionem
1660 1728 1791 1760 salvan-

1009 1787 1079 1818 (1115.
1096 1786 1256 1826 Septima:
1274 1785 1361 1826 quod
1378 1785 1404 1815 si
1422 1784 1604 1815 immineret
1619 1783 1791 1824 aliquando

1010 1840 1158 1871 Ecclesiae
1170 1840 1352 1877 necessitas,
1369 1839 1421 1870 vel
1434 1847 1547 1878 pugna
1561 1840 1671 1868 contra
1685 1837 1788 1868 110010-

1009 1895 1100 1933 ticos,
1116 1893 1168 1925 vel
1179 1893 1256 1924 alios
1271 1901 1475 1933 oppressores
1489 1891 1644 1930 fidelium,
1663 1890 1725 1922 viri
1740 1899 1792 1921 re-

1010 1949 1117 1989 ligiosi
1139 1948 1291 1979 deberent
1309 1957 1342 1978 se
1364 1946 1544 1987 promptius
1567 1954 1738 1986 exponere,
1761 1947 1793 1975 et

1011 2003 1102 2044 quasi
1118 2002 1215 2043 primi
1233 2002 1267 2032 111
1282 2001 1348 2032 acie
1361 2010 1394 2032 se
1407 2009 1566 2041 opponere
1586 1999 1734 2037 inimicis,
1747 1998 1789 2029 si-

1011 2059 1065 2088 cut
1085 2056 1144 2087 filii
1170 2055 1294 2093 Ruben,
1311 2057 1342 2086 et
1358 2054 1434 2092 Gad,
1449 2056 1480 2084 et
1501 2053 1645 2084 Manasse
1660 2053 1793 2084 fuerunt

1010 2112 1147 2142 fratrum
1177 2119 1311 2141 suorum
1343 2109 1623 2149 propugnatores,
1649 2107 1688 2138 ad
1714 2107 1792 2138 obti-

1011 2165 1151 2196 nendam
1182 2167 1301 2195 terram
1332 2172 1406 2194 cum
1434 2171 1521 2202 pace.
1539 2161 1679 2192 Octava:
1707 2160 1792 2200 quod

1012 2221 1087 2251 sunt
1102 2218 1188 2259 apud
1204 2217 1304 2248 Deum
1327 2217 1551 2247 intercessores
1567 2224 1623 2255 per
1638 2213 1792 2245 orationis

1014 2273 1168 2311 studium,
1182 2273 1213 2302 et
1227 2272 1302 2303 vitae
1317 2270 1480 2308 meritum,
1494 2271 1525 2300 et
1544 2268 1716 2299 Dominum
1732 2267 1792 2297 sibi

1012 2329 1043 2358 et
1062 2326 1131 2357 aliis
1151 2325 1340 2366 placabilem
1361 2324 1511 2355 facientes
1533 2332 1590 2363 pro
1607 2322 1702 2353 venia
1721 2330 1792 2361 pec-

1014 2383 1173 2419 catorum,
1191 2389 1249 2420 pro
1275 2379 1380 2420 gratia
1401 2378 1609 2414 meritorum,
1627 2385 1685 2416 pro
1707 2384 1792 2406 amo-

1013 2437 1099 2467 tione
1123 2443 1401 2476 quorumcumque
1428 2432 1608 2470 malorum,
1635 2440 1694 2471 pro
1717 2430 1791 2470 glo-

1014 2491 1062 2521 ria
1097 2490 1274 2521 coelestium
1307 2488 1518 2529 praemiorum
1554 2484 1676 2515 facilius
1706 2484 1792 2515 obti-

1014 2543 1128 2575 nenda.
1146 2543 1224 2581 Quae
1240 2543 1332 2574 nobis
1352 2544 1504 2582 praestare
1524 2540 1678 2579 dignetur
1702 2537 1793 2569 Jesus

1015 2598 1170 2629 Christus.
1188 2598 1304 2629 Amen.
1326 2596 1364 2627 Et
1385 2595 1455 2626 haec
1475 2594 1515 2625 ad
1538 2601 1679 2634 praesens
1702 2592 1794 2624 suffi-

1016 2652 1100 2683 ciant
1123 2661 1182 2693 pro
1206 2650 1410 2683 excusatione
1434 2650 1552 2687 nostra,
1577 2648 1688 2678 contra
1705 2645 1792 2676 calu-

1050 2773 1081 2803 (ιι)
1101 2771 1176 2803 Vulg.
1191 2770 1342 2802 prcepositz's,
1355 2782 1384 2786 --
1396 2768 1428 2799 (b)
1440 2768 1516 2792 Forte
1531 2766 1580 2797 leq.
1595 2766 1653 2791 Non
1667 2764 1741 2790 sieut.
