2029 3052
871 202 1009 236 LECTIO
1032 203 1084 235 Vl.

167 279 243 306 Booz
261 278 267 295 ¹
285 285 291 304 ι
307 275 403 304 Inveni
417 274 537 310 qratiam
549 273 580 300 in
594 273 677 300 oculis
699 272 803 300 domini
817 273 880 307 mei,
891 272 945 300 etc.

168 324 244 352 Ruth
259 322 467 359 interpretatur
477 320 572 349 videns
586 318 635 348 vel
648 319 798 353 testinans;
813 320 841 347 et
852 318 949 355 signat

166 371 286 399 beatam
300 368 462 405 Virginem,
479 375 544 404 quae
562 373 631 394 vere
645 365 751 394 videns
767 365 796 394 in
812 366 946 394 contem-

166 417 310 454 platione,
325 417 353 444 et
368 415 446 444 bene
467 413 607 442 festinans
629 412 683 441 fuit
702 413 734 441 in
749 413 875 441 actione.
900 412 947 440 Vi-

168 465 242 493 dens
255 463 345 492 etiam
362 463 494 490 nostram
513 459 665 488 miseriam
686 461 738 495 est,
759 461 787 488 et
806 459 948 488 festinans

168 511 206 540 ad
230 508 465 546 impendendam
489 515 574 536 suam
593 506 841 535 misericordiam.
871 508 948 535 Booz

167 558 374 594 interpretatur
396 557 497 590 virtus,
514 556 542 583 et
563 554 659 590 signat
674 554 770 588 illum,
788 553 825 582 de
842 561 903 590 quo
919 553 949 581 in

169 604 284 634 Psalmo
300 603 407 632 dicitur
429 604 439 620 ²³
465 611 471 629 :
500 602 616 636 Magnus
644 601 785 635 Dominus,
806 603 830 628 et
850 608 949 635 magma

168 654 256 680 virtus
271 651 339 686 ejtaes.
355 649 433 678 Ruth
447 656 519 684 ergo
534 648 565 676 in
586 647 680 676 oculis
703 649 790 682 Booz,
815 647 904 676 Maria
918 647 950 674 in

169 698 263 728 oculis
286 696 402 726 Domini
425 696 503 724 hanc
528 694 653 731 gratiam
674 694 798 730 invenit,
828 696 860 722 ut
885 694 950 730 ipsa

168 745 275 782 spicas,
290 743 322 772 id
344 744 387 771 est
407 742 522 771 animas
546 749 563 770 a
586 741 768 770 messoribus
784 740 948 777 derelictas,

170 791 308 827 colligere
323 790 363 818 ad
377 789 497 818 veniam
511 788 613 825 possit.
634 788 689 822 Qui
708 789 775 815 sunt
793 795 949 822 messores,

169 839 226 868 nisi
241 838 377 866 doctores
393 837 421 865 et
438 837 586 864 rectores?
608 837 629 864 Ο
646 843 714 863 vere
730 843 841 871 magna
854 834 950 863 Marioe

169 886 273 922 gratia,
291 892 352 921 qua
366 883 452 912 multi
467 891 504 911 ex
519 883 560 912 eis
579 882 618 910 ad
638 881 875 910 misericordiam
889 881 951 909 col-

169 933 315 969 liguntur,
340 931 392 968 qui
414 939 431 959 a
454 929 628 959 doctoribus
650 931 678 957 et
699 929 863 957 rectoribus
887 930 951 956 tan-

171 987 262 1016 quam
272 978 490 1014 incorrigibiles
502 977 727 1014 relinquuntur!
745 978 777 1004 Et
791 976 859 1004 ideo
874 976 950 1004 benc

171 1027 275 1055 beatus
287 1026 453 1054 Bernardus
468 1025 508 1054 ait
520 1027 549 1053 ³:
570 1035 584 1051 «
599 1025 698 1060 Maria,
717 1025 748 1052 tu
763 1026 951 1061 peccatorem

171 1074 224 1102 toti
246 1073 361 1101 mundo
395 1073 566 1109 despectum
592 1074 726 1100 materno
754 1072 860 1100 affectu
888 1080 952 1099 am-

170 1120 318 1157 plecteris,
341 1120 441 1154 foves,
465 1127 520 1147 nec
544 1118 671 1154 deseris,
701 1127 858 1155 quousque
879 1119 950 1146 hor-

171 1167 266 1196 rendo
279 1167 374 1203 judici
390 1166 531 1194 miserum
547 1165 730 1194 reconcilies.
746 1176 759 1193 >³
774 1167 844 1193 Item
858 1166 953 1201 grafia

172 1214 266 1243 Mariae
275 1214 373 1242 bonos
383 1213 549 1249 impinguat
559 1213 742 1249 pinguedine
752 1213 861 1248 gratiae.
872 1213 952 1240 Unde

171 1262 202 1289 in
215 1262 403 1289 Ecclesiastico
420 1260 528 1287 dicitur
542 1260 552 1276 ⁴
569 1269 575 1287 ι
599 1259 695 1287 Gratia
714 1261 838 1287 mulieris
853 1261 953 1287 sedula:

172 1309 315 1336 delectabit
328 1309 418 1335 virum
438 1315 525 1342 suum,
546 1309 572 1334 et
591 1314 650 1334 ossa
664 1307 742 1334 illius
755 1308 951 1342 impinguabit.

172 1355 274 1384 Mulier
295 1354 400 1382 sedula
423 1355 513 1382 Maria
539 1353 603 1388 fuit,
629 1353 666 1381 de
691 1354 774 1389 qu'us
797 1354 953 1382 sedulitate

172 1403 251 1430 Beda
266 1402 306 1430 ait
320 1402 329 1418 ⁵
344 1411 351 1429 :
371 1411 385 1427 «
400 1401 489 1429 MarIa
503 1402 613 1429 secreta
627 1400 676 1428 Dei
693 1408 744 1428 ore
759 1401 857 1433 tacito,
870 1401 953 1436 vigili

174 1451 273 1477 tamen
283 1449 319 1485 (a)
336 1449 426 1477 corde
442 1447 545 1475 sedula
559 1447 857 1482 scrutabatur.»'‚Quis
865 1447 953 1482 hujus

174 1496 307 1524 mulieris
321 1497 364 1524 est
379 1495 435 1530 vir,
451 1495 507 1522 nisi
527 1495 578 1522 ille
594 1502 684 1530 quem
700 1494 765 1531 ipsa
788 1495 953 1522 circumde-

175 1543 218 1571 dit
231 1543 262 1570 in
276 1543 380 1571 utero?
396 1544 434 1570 De
456 1550 517 1579 quo
533 1541 604 1569 dicit
623 1541 781 1570 Hieremias
796 1543 806 1558 ‘³
821 1551 828 1569 ε
847 1542 955 1569 Creavit

174 1591 303 1617 Dominus
318 1598 415 1617 novum
435 1597 516 1625 super
534 1591 634 1617 terram
640 1599 649 1622 ,·
664 1590 762 1616 mulier
777 1590 955 1616 circumdabit

172 1645 272 1664 virum.
287 1637 377 1672 Hujus
392 1636 448 1663 viri
465 1643 533 1663 ossa
555 1637 623 1663 sunt
643 1635 826 1671 quicumque
846 1635 876 1662 in
892 1644 955 1663 cor-

171 1691 245 1720 pore
259 1683 331 1718 eJ'us,
351 1683 383 1710 id
405 1684 456 1717 est,
479 1682 510 1710 in
534 1682 663 1710 Ecclesia
684 1682 774 1710 fortes
799 1683 875 1709 sunt.
899 1683 954 1710 Ista

172 1738 255 1765 ossa,
279 1729 459 1765 suffragante
483 1729 577 1765 gratia
600 1729 706 1763 Mariae,
728 1729 954 1765 impinguantur

172 1777 361 1805 unctionibus
371 1776 481 1812 gratiae.
493 1776 729 1812 Impinguautur,
742 1776 877 1812 inquam,
887 1776 953 1812 piu-

172 1824 301 1859 guedine
327 1823 449 1859 Spiritus
480 1823 588 1858 saneti,
619 1831 679 1859 qua
709 1825 736 1850 et
764 1823 811 1850 ille
841 1823 952 1859 impin-

173 1872 259 1908 guari
274 1871 427 1908 cupiebat,
449 1871 501 1907 qui
521 1870 639 1898 dicebat
658 1872 667 1887 Ἴ
693 1880 699 1898 ;
722 1871 799 1898 Sicut
822 1871 904 1906 adipe
928 1874 953 1898 et

172 1919 334 1955 pinguedine
355 1919 491 1954 repleatur
514 1919 608 1945 anima
628 1925 695 1945 mea.
721 1918 757 1945 O!
786 1918 852 1953 quis
876 1918 952 1945 aesti-

172 1974 254 1994 mare
268 1965 380 2000 valeat,
405 1972 496 2001 quam
519 1964 618 1992 multae
640 1963 761 1999 animae,
787 1964 952 2000 opitulante

172 2013 265 2048 gratia
296 2012 408 2047 Mariae,
432 2011 488 2039 sint
511 2019 565 2047 per
594 2011 720 2046 gratiam
742 2010 953 2046 impinguatae?

172 2062 233 2088 lmo
249 2061 336 2094 certe,
354 2059 421 2095 quis
435 2058 578 2086 aestimare
593 2057 700 2092 valeat,
716 2059 827 2093 quanta
838 2057 869 2085 in
888 2058 953 2093 ipsa

173 2107 260 2134 Maria
275 2106 330 2134 fuit
343 2105 541 2142 impinguatio
563 2105 735 2140 gratiarum,
752 2105 835 2141 cujus
859 2105 953 2141 gratia

173 2153 359 2189 impinguata
382 2154 449 2180 sunt
471 2154 514 2180 tot
535 2152 629 2179 millia
653 2152 841 2180 animarum?
865 2153 953 2187 Cujus

174 2200 254 2227 enim
268 2199 382 2227 virtutis
396 2199 578 2235 pinguedine
593 2199 658 2235 ipsa
682 2199 785 2233 caruit,
803 2207 868 2235 quse
889 2207 953 2226 om-

174 2247 258 2274 nium
270 2246 410 2274 virtutum
420 2245 648 2281 pinguissimum
663 2246 868 2274 habitaculum
881 2245 953 2273 fuit?

175 2294 219 2322 Ait
245 2293 325 2320 enim
353 2290 480 2320 loannes
504 2294 699 2320 Damasecnus
716 2293 726 2308 ⁸
754 2301 759 2319 :
781 2302 794 2319 «
815 2292 902 2320 Maria
923 2293 954 2320 in

175 2340 267 2368 domo
292 2339 407 2367 Domini
435 2339 567 2374 plantata
586 2341 612 2366 et
634 2339 819 2375 impinguata
838 2339 952 2375 spiritu,

176 2389 207 2415 ut
228 2387 306 2415 oliva
321 2386 479 2420 fructifera,
494 2386 591 2413 omnis
612 2385 726 2413 virtutis
749 2386 954 2413 habitaculum

175 2433 251 2461 facta
265 2435 317 2461 est.
341 2442 354 2458 n
372 2434 442 2460 Item
462 2432 553 2468 gratia
576 2432 670 2460 Marica
694 2432 802 2460 liberat
820 2441 836 2460 a
858 2434 953 2460 morte

176 2481 283 2508 aeterna
296 2480 451 2508 universos
476 2479 527 2515 qui
548 2478 722 2507 liberantur.
741 2480 799 2506 Hoc
819 2479 894 2507 bene
920 2479 955 2506 si-

210 2565 312 2595 ιΒιΛΙι,
330 2571 363 2595 11,
384 2566 421 2588 12.
437 2577 468 2582 -·
486 2565 493 2578 ²
511 2564 580 2587 Psal.
605 2569 694 2591 (ΠΜ,
718 2565 740 2587 5.
766 2577 791 2580 —
809 2564 818 2580 ³
838 2564 882 2588 Vel
906 2565 951 2588 Ec-

178 2601 254 2630 bert„
269 2601 348 2625 Sernz.
364 2608 465 2632 paneq„
480 2608 525 2625 seu
542 2602 642 2631 Deprec.
658 2601 683 2623 ct
698 2599 766 2623 laud.
786 2600 819 2623 ml
833 2600 860 2623 B.
877 2601 953 2630 Maru,

179 2643 205 2659 n.
219 2638 242 2666 2,
254 2637 321 2662 inter
332 2637 417 2668 spuria
430 2638 505 2661 Beru.
517 2650 547 2654 -—
558 2637 568 2653 ¹·
583 2635 671 2665 Ereti„
687 2641 756 2663 xxm,-
774 2637 808 2659 16.
818 2637 866 2653 -5
883 2637 953 2666 Bcd.‚

180 2672 208 2695 rle
223 2673 317 2702 SaucL,
332 2673 357 2696 iu
375 2680 428 2697 aur.
446 2673 528 2697 Naliv.
548 2673 630 2701 Doni..
651 2673 724 2695 iloni.
747 2672 827 2695 Πήρη).
844 2686 873 2689 -
892 2673 902 2688 ⁶
918 2673 955 2695 Je-

1731 206 1789 234 247

1004 272 1128 308 gnatum
1138 273 1180 300 est
1195 271 1225 299 in
1241 271 1349 306 Esther,
1367 270 1406 299 de
1417 278 1478 307 qua
1491 269 1600 306 legitur
1615 270 1676 298 sic·
1691 279 1698 298 :
1712 270 1789 298 Ada-

1003 319 1089 346 mavit
1101 326 1158 346 eam
1166 326 1215 346 reae
1230 319 1375 354 plusquam
1389 324 1479 346 omnes
1499 317 1635 350 mulieres,
1651 319 1676 345 et
1697 319 1789 353 posuit

1003 365 1131 393 diadema
1145 367 1224 401 regni
1244 367 1273 393 in
1293 366 1384 401 capite
1399 364 1464 400 ejus.
1493 363 1583 399 Hujus
1599 365 1697 392 autem
1721 372 1790 400 gra-

1004 411 1062 446 tiae,
1079 419 1171 447 quam
1195 412 1295 440 Esther
1320 419 1421 440 coram
1443 418 1513 447 rege
1534 410 1650 445 habuit,
1678 410 1790 447 duplex

1004 458 1111 494 legitur
1125 458 1215 486 fuisse
1230 459 1339 487 utilitas
1356 467 1362 486 :
1381 466 1451 493 una,
1468 457 1552 494 quod
1567 457 1632 494 ipsa
1650 457 1792 486 diadema

1004 505 1088 541 regni
1103 505 1246 540 obtinuit;
1275 505 1345 540 alia,
1369 505 1453 542 quod
1475 505 1541 542 ipsa
1564 506 1682 540 gentem
1706 512 1791 532 suam

1005 551 1093 580 morti
1109 551 1260 580 addictam
1271 559 1287 580 a
1298 553 1393 580 morte
1408 551 1525 588 eripuit.
1541 551 1586 579 Sic
1602 553 1679 579 certe
1692 551 1792 580 Esther

1005 600 1107 626 nostra
1120 598 1207 627 beata
1226 598 1315 626 Maria
1333 601 1445 627 tantam
1465 598 1589 634 gratiam
1606 605 1708 626 coram
1721 606 1792 634 rege

1005 648 1114 674 aeterno
1132 645 1312 681 impetravit,
1328 646 1412 682 quod
1434 653 1488 682 per
1510 646 1587 673 hanc
1609 653 1670 673 non
1693 645 1792 674 solum

1005 692 1070 729 ipsa
1082 692 1121 721 ad
1137 700 1281 720 coronam
1291 692 1438 728 pervenit,
1452 692 1504 720 sed
1520 692 1609 720 etiam
1623 693 1725 728 generi
1739 693 1793 720 hu-

1006 748 1108 776 mano,
1124 741 1211 769 morti
1227 740 1359 775 addicto,
1375 740 1523 768 subvenit.
1541 740 1622 768 Unde
1637 740 1793 768 Anselmus

1006 788 1046 816 ait
1062 797 1067 816 :
1088 797 1101 814 «
1116 787 1204 823 Quid,
1221 787 1327 824 inquit,
1347 787 1436 822 digne
1453 787 1581 815 referam
1596 787 1730 822 genitrici
1743 787 1793 816 Dei

1008 836 1036 863 et
1051 834 1166 862 Domini
1189 833 1258 869 mei,
1280 842 1334 870 per
1353 834 1437 869 cujus
1462 833 1685 862 foecunditatem
1700 834 1793 870 capti-

1006 890 1062 909 vus
1074 889 1141 909 sum
1155 881 1339 918 redemptus,
1355 889 1408 917 per
1417 881 1501 917 cujus
1510 882 1629 917 partum
1646 881 1683 909 de
1698 883 1793 909 morte

1006 930 1116 957 {eterna
1131 937 1197 956 sum
1212 930 1377 965 exemptus,
1400 936 1455 964 per
1474 929 1557 964 cujus
1575 928 1702 964 prolem,
1725 937 1795 965 per-

1008 976 1101 1010 ditus,
1123 983 1189 1003 sum
1210 975 1369 1011 restitutus,
1385 978 1413 1003 ct
1436 975 1473 1003 de
1497 975 1586 1003 exilio
1607 975 1731 1003 miseriae
1754 975 1793 1003 ad

1007 1023 1133 1059 patriam
1146 1024 1260 1050 aetcrnae
1279 1022 1471 1050 beatitudinis
1496 1030 1562 1050 sum
1588 1022 1750 1050 reductus?
1772 1023 1794 1051 Ο

1008 1078 1079 1105 ergo
1092 1071 1187 1097 mater
1201 1069 1312 1104 gratim,
1328 1068 1374 1097 fac
1387 1077 1443 1097 nos
1458 1069 1535 1097 filios
1551 1069 1652 1104 gratiae
1667 1078 1674 1097 ε
1690 1069 1747 1104 fac,
1763 1070 1796 1097 ut

1009 1125 1061 1153 per
1079 1116 1204 1151 gratiam
1227 1118 1307 1144 tuam
1331 1116 1527 1150 verissimam,
1553 1116 1730 1151 colligemur
1756 1116 1795 1144 ad

1007 1163 1127 1191 veniam
1144 1162 1336 1196 remissionis,
1357 1162 1580 1198 impinguemur
1595 1170 1648 1198 per
1668 1163 1794 1198 gratiam

1009 1209 1186 1244 devotionis,
1199 1209 1362 1237 liberemur
1372 1217 1389 1237 a
1404 1211 1499 1237 morte
1515 1209 1726 1238 damnationis
1742 1211 1795 1237 Per

1009 1256 1168 1284 Dominum
1183 1258 1330 1291 nostrum,
1347 1258 1403 1284 etc.

1296 1332 1435 1363 LECTIO
1460 1333 1510 1361 VI.

1011 1395 1088 1428 Quod
1101 1395 1272 1429 quadruplae
1287 1395 1381 1428 qratia
1396 1395 1425 1421 in
1445 1395 1476 1420 B.
1500 1394 1594 1421 Maria
1617 1396 1656 1421 est
1674 1394 1796 1422 conside-

1045 1438 1146 1471 randa,
1158 1438 1259 1464 scilicet
1269 1437 1410 1469 donorum,
1423 1437 1565 1471 labiorum,
1576 1437 1794 1472 privileqiorum,

1047 1483 1070 1507 ct
1084 1481 1276 1514 praemiorum,
1293 1481 1318 1505 et
1334 1479 1366 1505 de
1381 1486 1474 1505 earum
1486 1480 1613 1512 sirzqulis.

1046 1544 1113 1577 Ave,
1133 1543 1236 1576 Maria,
1253 1542 1344 1576 qratia
1362 1542 1452 1576 plena.
1470 1541 1589 1576 Adbuc,
1616 1541 1795 1577 charissimi,

1010 1590 1111 1626 aliqua
1125 1589 1161 1616 de
1174 1587 1267 1623 gratia
1283 1588 1461 1615 dulcissimae
1472 1588 1567 1616 Mariae
1577 1590 1644 1615 sunt
1656 1588 1794 1616 dicenda.

1010 1635 1232 1665 Consideranda
1257 1636 1299 1662 est
1324 1643 1395 1670 ergo
1413 1634 1603 1670 quadruplex
1618 1635 1713 1662 Mariae
1729 1643 1794 1671 gra-

1009 1684 1059 1718 tia,
1076 1683 1214 1710 videlicet
1229 1682 1324 1717 gratia
1339 1682 1504 1714 donorum,
1522 1681 1614 1716 gratia
1629 1681 1791 1715 labiorum,

1009 1730 1100 1766 gratia
1117 1729 1353 1765 privilegiorum,
1371 1730 1397 1756 et
1413 1728 1506 1763 gratia
1520 1728 1722 1764 praemiorum.

1046 1777 1143 1805 Primo
1157 1775 1357 1810 considerate,
1371 1775 1552 1809 charissimi,
1572 1775 1602 1802 in
1621 1775 1708 1803 Maria
1724 1783 1791 1810 gra—

1009 1824 1081 1852 tiam
1106 1824 1257 1850 donorum
1281 1822 1403 1858 Spiritus
1427 1822 1528 1849 sancti.
1553 1823 1591 1849 De
1614 1822 1670 1849 hac
1696 1822 1791 1857 gratia

1009 1870 1099 1898 Maria
1121 1869 1341 1904 gratulabunda
1367 1869 1464 1896 dicere
1487 1870 1584 1904 potest
1604 1868 1678 1896 illud
1702 1869 1791 1896 Eccle-

1009 1918 1117 1944 siastici
1134 1917 1154 1932 ¹⁰
1171 1926 1176 1943 ;
1198 1918 1230 1943 In
1245 1924 1285 1943 mc
1308 1917 1394 1943 omnis
1417 1917 1510 1950 qratia
1526 1917 1590 1942 vttae
1612 1918 1636 1942 et
1655 1917 1790 1943 veritatis.

1010 1964 1086 1997 Quid
1113 1963 1242 1997 mirum,
1268 1963 1290 1989 si
1315 1962 1379 1998 ipsa
1401 1964 1443 1990 est
1467 1962 1561 1998 gratia
1579 1962 1669 1998 plena
1684 1963 1750 1990 vitae
1766 1965 1793 1990 et

1009 2010 1147 2043 veritatis,
1163 2018 1229 2045 quse
1251 2011 1344 2036 mater
1364 2011 1406 2036 est
1428 2010 1508 2044 ejus,
1523 2017 1613 2045 quem
1628 2009 1756 2044 legimus
1771 2010 1791 2027 ¹¹

1007 2059 1114 2093 plenum
1131 2058 1228 2091 qraliae
1244 2059 1269 2083 ct
1283 2057 1430 2083 veritatis?
1451 2057 1481 2083 Et
1496 2056 1570 2091 quid
1586 2056 1706 2089 mirum,
1724 2056 1747 2083 si
1762 2056 1793 2083 in

1009 2105 1058 2132 illa
1073 2104 1158 2138 virga
1172 2104 1214 2130 est
1229 2104 1308 2130 tanta
1325 2103 1474 2130 donorum
1492 2102 1615 2137 Spiritus
1636 2103 1727 2130 sancti
1749 2103 1793 2130 at'-

1009 2150 1141 2185 fluentia,
1158 2150 1187 2177 in
1203 2150 1286 2185 cujus
1301 2150 1373 2177 flore
1385 2149 1507 2184 Spiritus
1517 2150 1637 2176 sanctus
1647 2149 1794 2185 requievit

1010 2206 1078 2225 cum
1093 2199 1173 2224 tanta
1188 2197 1338 2224 donorum
1363 2204 1487 2223 suorum
1511 2196 1681 2223 effluentia?
1705 2197 1794 2224 Maria

1010 2252 1140 2280 namque
1167 2245 1208 2270 est
1231 2243 1283 2270 illa
1307 2242 1407 2277 virga,
1432 2244 1459 2270 et
1481 2242 1561 2270 filius
1577 2243 1672 2270 Mariae
1687 2245 1729 2270 est
1743 2243 1792 2270 ille

1012 2292 1064 2319 dos
1088 2291 1123 2318 de
1140 2298 1200 2326 quo
1217 2289 1323 2316 dicitur
1338 2289 1368 2316 in
1384 2288 1458 2316 lsaia
1473 2290 1492 2304 ¹²
1512 2298 1517 2316 :
1534 2290 1698 2324 Eyredictur
1712 2291 1793 2324 virya

1011 2338 1146 2366 deradice
1160 2338 1247 2369 Jesse,
1264 2339 1289 2363 et
1310 2337 1357 2369 flos
1379 2336 1411 2363 dc
1429 2336 1523 2363 radice
1538 2337 1592 2369 ejus
1609 2337 1750 2370 ascendet,
1768 2339 1792 2363 ct

1009 2387 1151 2420 requiescet
1168 2391 1248 2418 saper
1264 2391 1321 2410 eum
1336 2384 1451 2418 spiritus
1465 2385 1609 2417 sapientia:
1625 2386 1650 2410 et
1672 2384 1793 2410 intellec-

1010 2435 1062 2466 tus,
1077 2432 1194 2466 spiritus
1209 2430 1317 2457 consilii
1330 2432 1355 2457 et
1368 2429 1558 2462 fortitudinis,
1576 2431 1693 2464 spiritus
1709 2431 1792 2456 scien-

1011 2481 1056 2507 tiae
1079 2482 1103 2506 et
1128 2478 1256 2513 pietatis,
1279 2479 1303 2503 et
1327 2477 1442 2511 replebit
1464 2484 1523 2503 cum
1543 2477 1661 2511 spiritus
1687 2478 1792 2504 timoris

1011 2573 1082 2594 reni,
1107 2570 1184 2593 xxm,
1205 2564 1242 2586 32.
1258 2576 1288 2580 —
1304 2561 1312 2577 ⁷
1337 2561 1402 2585 Psal.
1420 2567 1482 2592 an,
1497 2563 1519 2586 6.
1536 2575 1566 2579 —
1586 2562 1594 2576 ‘³
1620 2562 1747 2591 Damasc.‚
1764 2562 1793 2585 cle

1013 2601 1069 2625 Fid.
1095 2599 1208 2630 Orthod„
1223 2598 1266 2622 lib.
1282 2599 1325 2627 lv,
1350 2604 1371 2621 c.
1386 2604 1444 2621 xm.
1460 2611 1490 2614 —
1505 2599 1513 2611 '¹
1537 2597 1618 2627 Estlz„
1648 2604 1680 2627 11,
1701 2599 1737 2621 17.
1764 2611 1799 2615 -ι

1012 2639 1030 2653 ¹⁸
1047 2636 1137 2666 lii-cli„
1158 2641 1229 2664 xxm,
1245 2636 1284 2659 95.
1300 2647 1329 2650 -
1351 2634 1366 2649 '¹
1382 2634 1462 2662 lomi,
1475 2640 1492 2663 1,
1511 2635 1548 2657 ¹4.
1566 2647 1591 2650 —-
1612 2634 1627 2647 ¹²
1643 2635 1702 2663 Isa„
1718 2639 1753 2661 xi,
1770 2635 1793 2662 1,

1012 2675 1036 2697 2.
1053 2673 1127 2702 —(u.
1141 2670 1261 2695 Cre!.c‹l1t
1287 2676 1354 2693 curu.

1830 1792 1855 1811 B.
1868 1791 1913 1810 Ma-

1807 1822 1838 1842 ria
1872 1822 1912 1841 ha-

1806 1853 1853 1873 buit
1862 1859 1915 1879 gra-

1807 1885 1861 1906 tiam
1878 1885 1916 1905 do-

1821 1922 1902 1936 norum

1817 1947 1911 1974 Spiritus

1809 1978 1885 1998 saneti.
