2029 3052
102 1629 173 1650 Maria

84 1662 117 1681 est
125 1660 191 1686 plena

97 1697 182 1718 posses-

92 1722 192 1742 sionibus

85 1753 148 1773 hunae
158 1753 190 1773 vi-

887 225 1025 259 LECTIO
1047 225 1101 259 Vll
1108 250 1115 257 .

185 301 260 328 trani
269 301 299 328 in
314 307 396 328 mare.
413 298 517 328 Omnia
530 297 656 326 flumina
669 297 737 325 sunt
748 295 849 325 omnia
863 295 967 331 glatia-

185 355 254 375 rum
269 347 363 382 dona,
389 354 456 383 quae
481 345 665 374 intraverunt
687 344 718 372 in
733 343 870 376 Mariam,
883 342 967 377 juxta

186 393 262 422 illud
275 393 419 430 Sapientis
433 395 442 411 ¹
461 402 467 421 :
484 394 517 421 ln
529 400 571 420 me
585 393 671 420 omnis
683 393 777 427 qratia
789 391 842 418 viae
857 391 882 417 et
898 390 968 416 veri-

187 443 271 476 tatis,
288 443 341 470 etc.
369 442 463 475 Quam
482 439 607 476 plenum
627 438 663 467 sit
684 438 741 466 hoo
755 445 854 472 mare,
877 444 969 473 quam

187 488 277 524 plena
291 487 386 524 gratia
400 487 437 515 sit
450 487 555 522 Maria,
572 486 677 515 beatus
692 485 888 520 Hieronymus
900 490 969 519 ape-

188 534 236 570 rit,
250 533 370 562 dieens²
383 543 389 562 ε
404 536 500 562 «Bene
510 533 611 570 plena,
627 532 699 568 quia
712 531 823 560 cmteris
838 538 891 566 per
901 537 969 566 par-

189 582 232 609 tes
245 582 414 618 praestatur;
430 581 526 609 Mariae
546 588 618 608 vero
641 579 730 608 simul
743 587 773 607 se
789 579 850 607 tota
863 575 972 605 infudit

189 629 345 665 plenitudo
360 629 469 664 gratiae.
479 638 493 656 »
507 629 567 657 Hoc
582 635 653 664 ergo
668 627 791 663 plenum
806 633 888 653 mare
898 646 906 659 ,
922 631 972 652 au-

192 675 309 704 diamus
323 677 426 704 contra
439 675 511 703 vitia
522 677 633 703 tonare.
651 675 743 702 Tonet
757 681 829 709 ergo
845 679 927 700 mare
946 672 974 699 et

191 722 346 759 plenitudo
361 723 434 758 ejuS,
450 723 531 750 tonet
544 721 669 758 plenum
684 729 777 755 mare,
789 720 870 748 tonet
883 718 974 755 plena

192 769 290 798 Maria.
303 771 394 797 Tonet
414 770 517 797 contra
536 767 702 802 luxuriam,
725 767 886 795 castitatem
905 773 975 801 pro-

192 815 347 852 ponendo,
362 817 389 843 et
404 815 482 843 dicat
495 816 505 832 ³
518 824 524 842 :
539 815 675 848 Quomodo
689 815 735 848 fiet
747 813 834 847 istud,
846 814 975 848 quoniam

193 864 283 890 virum
295 871 348 890 non
365 864 512 898 coqnosco?
532 863 624 890 Tonet
644 861 733 889 etiam
757 861 860 888 contra
874 866 976 895 super-

193 909 288 944 biam,
302 909 497 937 humilitatem
510 908 665 937 sentiendo
678 929 686 943 ‚
715 908 742 935 et
766 907 845 935 dicat
859 907 885 934 ¹⁹:
911 907 976 933 Ecce

195 957 296 984 ancilla
309 957 429 991 Domini,
442 958 496 984 etc.
511 957 602 984 Tonet
617 963 739 992 quoque
756 955 859 982 contra
874 953 976 988 ingra-

195 1003 347 1038 tudinem,
365 1003 473 1039 gratias
492 1003 629 1038 agendo,
643 1003 671 1030 et
684 1001 763 1029 dicat
777 1001 801 1028 5:
818 1001 977 1035 Maynificat

196 1052 298 1085 anima,
315 1051 369 1078 etc.
386 1052 425 1078 De
438 1050 624 1086 plenitudine
637 1049 725 1084 hujus
739 1047 831 1076 maris
845 1046 979 1074 similiter

197 1097 228 1124 in
243 1097 358 1125 Psalmo
375 1097 482 1125 dicitur
493 1097 503 1113 ³
520 1106 526 1124 ;
539 1098 681 1124 Moveatur
696 1103 781 1129 mare,
796 1097 822 1122 et
837 1093 978 1130 plenitudo

198 1144 265 1178 eius.
279 1145 430 1172 Moveatur
440 1152 534 1179 mare,
545 1145 702 1171 moveatur
712 1142 812 1176 Maria,
824 1143 980 1169 moveatur

199 1192 276 1219 certe
290 1190 423 1227 suspiriis
438 1192 466 1218 et
486 1190 746 1226 castigationibuS,
767 1189 921 1217 moveatur
939 1187 981 1215 la-

200 1237 309 1274 crymis
328 1239 356 1266 et
377 1237 582 1272 orationibus,
604 1239 761 1265 moveatur
783 1234 981 1270 eleemosynis

201 1286 228 1312 et
241 1284 306 1312 aliis
321 1284 574 1313 venerationibus.
591 1285 754 1317 Moveatur,
766 1283 901 1318 inquam,
918 1281 981 1317 ple-

201 1339 249 1366 ne,
263 1333 296 1359 ut
315 1331 402 1359 nobis
418 1331 552 1360 effundat
577 1331 614 1359 de
639 1339 692 1358 sua
715 1329 911 1366 plenitudine.
937 1330 982 1356 At-

202 1380 359 1408 tendamus
369 1401 379 1414 ,
403 1379 477 1416 quid
491 1379 578 1407 nobis
593 1379 698 1407 beatus
714 1377 879 1406 Bernardus
895 1376 932 1404 de
949 1384 984 1404 ea

202 1426 353 1462 loquatur.
378 1427 424 1454 Ait
446 1427 527 1454 enim
549 1426 590 1453 sic
607 1435 613 1453 ε
634 1427 713 1453 «Vas
727 1425 844 1460 liquore
859 1423 984 1459 plenum

203 1473 228 1500 si
242 1475 415 1508 moveatur,
441 1473 478 1501 de
492 1473 571 1501 facili
584 1472 763 1500 subvertitur
775 1493 783 1506 ,
808 1472 835 1498 et
860 1469 985 1498 effundit

204 1520 363 1556 liquorem.
382 1520 426 1548 Sic
440 1520 528 1548 beata
542 1519 628 1555 virgo
648 1518 755 1553 Maria,
781 1518 805 1545 si
828 1517 986 1545 moveatur

204 1567 353 1603 precibus,
369 1567 494 1595 effundit
507 1567 656 1603 liquorem
672 1566 702 1593 in
714 1565 812 1593 nobis.
824 1575 838 1591 »

239 1613 334 1641 Tertio
348 1614 587 1648 consideremus,
613 1613 696 1649 quod
720 1612 810 1648 plena
833 1613 876 1639 est
895 1610 985 1638 Maria

205 1660 442 1696 possessionibus
467 1661 554 1688 bonae
575 1660 642 1688 vitae
665 1660 695 1687 in
718 1658 833 1687 effectu.
859 1660 897 1685 De
930 1658 987 1685 hac

206 1707 389 1743 plenitudine
402 1715 471 1735 vere
485 1715 646 1744 possumus
661 1706 758 1734 dicere
773 1705 782 1720 ⁷
800 1715 806 1733 :
825 1706 933 1732 Domini
948 1707 986 1731 est

207 1757 289 1789 terra,
305 1756 358 1782 etc.
382 1756 435 1782 Per
454 1757 564 1782 terram
586 1754 662 1781 bene
682 1753 865 1788 significatur
880 1751 986 1786 Maria,

207 1802 244 1829 de
259 1810 319 1838 qua
333 1802 373 1829 sic
388 1801 495 1837 legitur
510 1801 540 1828 in
555 1802 631 1828 [saia
645 1799 654 1815 ⁸
669 1810 677 1828 .·
695 1800 847 1835 Aperiatur
863 1801 947 1832 terra,
962 1801 987 1825 et

209 1850 339 1883 (Jerminet
352 1849 526 1876 Salvatorem.
550 1847 626 1881 Quid
642 1849 719 1874 terra
734 1846 897 1874 humilius?
913 1845 987 1881 quid

208 1897 284 1923 terra
298 1895 417 1922 utilius?
432 1897 549 1923 Terram
565 1902 669 1922 omnes
684 1894 739 1921 sub
754 1893 883 1929 pedibus
898 1892 989 1920 habe—

210 1950 285 1976 mus„
302 1944 329 1970 et
353 1942 390 1969 de
413 1944 490 1969 terra
510 1949 613 1969 omnes
634 1941 725 1968 vitam
744 1935 890 1968 fovemus.
908 1938 989 1966 Unde

210 1989 290 2016 enim
304 1989 416 2016 victum
429 1990 456 2017 et
468 1989 606 2016 vestitum
618 2010 625 2023 ,
642 1996 753 2024 panem
769 1989 796 2015 et
810 1987 912 2014 vinum
923 2007 930 2021 ,
949 1986 990 2013 la-

210 2044 280 2064 nam
295 2038 323 2063 et
335 2035 441 2069 linum,
457 2037 484 2063 et
498 2036 585 2071 hujus
599 2035 663 2063 vitae
678 2034 861 2068 necessaria,
880 2033 937 2060 nisi
952 2033 989 2060 de

210 2085 297 2117 terra,
314 2084 342 2110 et
357 2083 394 2110 de
414 2083 598 2119 plenitudine
622 2084 705 2110 terrae
728 2081 892 2109 habemus?
914 2079 990 2113 Quid

212 2137 283 2165 ergo
309 2130 472 2157 humilius?
501 2130 574 2166 quid
602 2129 703 2157 utilius
732 2129 828 2157 terra?
853 2127 991 2156 Similiter

212 2176 285 2211 quid
300 2176 459 2211 humilius,
482 2177 555 2213 quid
571 2177 670 2204 utilius
691 2176 800 2204 Maria?
822 2176 887 2211 Ipsa
909 2174 991 2202 deni-

212 2231 270 2258 que
293 2222 457 2251 humilitate
483 2232 537 2251 sua
562 2223 696 2251 omnium
721 2224 763 2250 cst
786 2222 902 2256 infima5
928 2221 992 2256 ipsa

212 2269 397 2305 plenitudine
424 2278 478 2297 sua
503 2271 639 2297 omnium
665 2271 707 2297 est
736 2269 899 2297 utilissima.
923 2268 992 2295 Vitae

213 2324 342 2352 namque
358 2316 517 2352 spiritualis
532 2317 696 2344 nccessaria
711 2317 856 2344 habemus
872 2316 908 2343 de
930 2315 992 2351 ple-

213 2363 334 2390 nissima
349 2366 425 2391 terra
436 2363 532 2391 Maria.
546 2365 577 2390 Et
590 2364 657 2391 ideo
669 2364 744 2391 bene
757 2364 861 2391 beatus
875 2365 994 2390 Bernar-

215 2410 271 2437 dus
286 2411 326 2438 ait
340 2411 349 2426 ‘³
366 2419 371 2437 :
390 2410 505 2438 «Altius
521 2410 675 2438 intuemini
695 2412 807 2446 quanto
828 2409 994 2438 devotionis

216 2457 321 2485 affectu
334 2465 351 2485 a
365 2457 453 2485 nobis
468 2457 562 2485 voluit
576 2457 717 2485 honorari
732 2457 869 2490 Mariam,
883 2457 934 2492 qui
950 2458 995 2483 to-

249 2556 254 2569 ¹
268 2554 357 2584 Eccli„
371 2560 441 2583 ΧΧιν,
455 2555 493 2577 25.
503 2567 533 2571 —-
546 2553 722 2582 211101’011.,(Ιε.>
735 2553 861 2584 Assumpt.
874 2553 900 2577 B.
916 2553 992 2581 Minu,

218 2597 305 2620 serm„
320 2590 388 2614 idem
404 2597 461 2614 cum
476 2590 549 2620 epist.
567 2595 592 2619 x,
608 2590 666 2613 aute
683 2589 751 2612 med.
767 2602 798 2606 —
812 2589 822 2604 3
838 2589 904 2618 Luc„
922 2594 939 2617 Ι,
955 2589 994 2612 34.

219 2638 248 2642 —
268 2625 470 2656 ἱἸ11ἰ11.,.“]8.-
491 2625 590 2653 5111111,
612 2626 647 2648 16,
667 2637 696 2641 -
714 2625 722 2639 ⁰
740 2624 807 2647 lnwil.
829 2629 888 2653 ην,
907 2624 945 2646 ll.
966 2636 997 2639 —

221 2660 310 2685 7Ρεαῖ.
332 2667 412 2691 1111111,
435 2664 455 2685 l.
477 2674 508 2678 —-
525 2663 533 2675 ὅ
548 2662 606 2691 Im„
627 2667 687 2690 ην,
706 2664 728 2683 ὃ.
749 2673 776 2677 —-
794 2662 802 2673 ⁹
821 2660 955 2688 Bernard„
972 2660 997 2681 m

222 2696 305 2720 Natio.
339 2698 369 2721 B.
395 2698 475 2727 Maia,
503 2697 532 2721 cle
553 2697 713 2728 aqucezluctu,
737 2703 762 2720 11.
787 2697 810 2719 6,
832 2709 857 2712 -
883 2696 901 2711 ¹⁰
928 2695 995 2718 Psal.

1752 228 1811 259 253

1024 294 1080 322 tius
1108 293 1180 322 honi
1205 292 1424 329 plenitudinem
1449 292 1549 328 posuit
1573 292 1604 320 in
1626 293 1716 321 Maria
1745 303 1752 320 :
1780 296 1812 322 ut

1024 340 1151 377 proinde
1167 340 1191 368 si
1206 340 1280 376 quid
1295 339 1359 376 spei
1374 339 1405 367 in
1419 339 1506 368 nobis
1522 340 1581 375 est,
1597 339 1621 368 si
1638 340 1713 376 quid
1730 340 1811 369 salu-

1024 388 1077 422 tis,
1094 387 1132 416 ab
1150 395 1185 416 ea
1199 387 1372 416 noverimus
1391 386 1598 415 redundare.»
1623 387 1681 415 Sed
1696 396 1713 416 a
1733 395 1812 424 quo,

1026 436 1054 462 et
1068 434 1151 469 cujus
1168 437 1210 462 est
1231 436 1312 462 tanta
1331 433 1420 468 hujus
1440 435 1523 462 terrae
1541 433 1721 470 plenitudo?
1739 435 1816 462 Audi

1026 480 1211 509 Psalmistam
1226 480 1264 509 ¹⁰:
1283 482 1394 508 Domini
1410 484 1448 509 est
1461 483 1538 509 terra
1550 484 1575 509 et
1589 482 1733 516 plenitudo
1748 482 1815 517 ejus.

1026 529 1059 556 Et
1080 528 1188 556 iterum
1203 527 1221 545 ²¹
1240 537 1246 555 :
1263 529 1341 556 Meus
1363 530 1402 556 est
1431 528 1503 556 orbis
1526 530 1603 556 terrae
1623 531 1646 556 et
1672 529 1817 564 plenitudo

1028 575 1095 610 ejus.
1113 574 1268 603 Plenitudo
1283 576 1366 602 terrae
1382 575 1516 603 consistit
1530 575 1561 602 in
1574 574 1719 603 fructibus
1734 576 1762 603 et
1776 575 1819 602 di-

1027 621 1120 650 versis
1130 621 1371 657 possessionibus
1386 623 1482 657 terrae,
1494 623 1580 657 juxta
1592 621 1668 650 illud
1680 621 1818 650 Psalmis-

1028 670 1064 697 tae
1080 668 1101 685 ¹²
1117 677 1124 696 :
1141 669 1259 704 Impleta
1282 671 1320 696 est
1346 671 1418 696 terra
1430 671 1597 704 possessione
1623 672 1680 697 tua.
1700 670 1819 697 Fructus

1029 717 1129 744 autem
1144 717 1172 743 et
1191 715 1395 752 possessiones
1416 715 1595 751 plenissimae
1618 717 1705 744 terrae
1723 716 1819 744 Mariae

1030 765 1098 791 sunt
1112 770 1219 799 opera,
1235 770 1350 796 moreS,
1366 762 1504 798 exempla
1515 783 1524 797 ,
1539 764 1567 790 et
1583 762 1703 790 diversa
1715 763 1820 790 merita

1030 811 1220 839 sanctissimae
1244 811 1311 839 vitae
1337 811 1443 839 Mariae.
1468 811 1588 839 Talibus
1608 811 1688 839 enim
1702 819 1819 848 posses-

1031 858 1165 886 sionibus
1181 866 1246 886 eam
1262 858 1403 886 Dominus
1416 857 1552 894 replevit,
1566 858 1674 886 talibus
1687 866 1753 886 eam
1764 858 1820 886 bo-

1031 905 1077 933 nis
1092 905 1241 941 implevit,
1260 907 1293 933 ut
1307 905 1414 932 dicitur
1426 904 1457 932 in
1472 906 1659 933 Ecclesiastico
1676 906 1697 923 ¹³
1711 914 1717 932 z
1730 906 1821 932 Domi·

1031 960 1082 980 nus
1097 953 1127 979 in
1144 954 1244 979 terrain
1262 953 1399 987 respecti,
1413 954 1438 979 et
1452 953 1577 987 implevit
1592 960 1650 979 eam
1661 953 1735 979 bonis
1749 953 1818 979 suis.

1033 1000 1073 1026 Dc
1088 998 1144 1026 hac
1158 998 1221 1033 ejus
1231 998 1417 1034 plenitudine
1430 998 1627 1034 Eleronymus
1638 999 1821 1027 mentionem

1033 1045 1156 1080 faciens,
1168 1045 1264 1081 inquit
1276 1046 1314 1072 ¹¹⁶:
1331 1045 1471 1073 «Talibus
1480 1045 1605 1074 decebat
1615 1046 1764 1081 Virginem
1772 1054 1822 1082 op-

1034 1093 1191 1128 pignerare
1217 1092 1409 1127 muneribus,
1435 1094 1467 1120 ut
1495 1095 1570 1121 esset
1593 1093 1687 1128 gratia
1712 1093 1819 1129 plena,

1036 1150 1102 1178 quae
1114 1142 1196 1169 dedit
1209 1141 1289 1169 coelis
1303 1141 1442 1177 gloriam,
1454 1141 1538 1170 terris
1549 1143 1641 1170 Deum
1656 1150 1822 1178 pacemque

1035 1188 1145 1216 refudit
1155 1209 1164 1222 ,
1180 1188 1273 1216 fidem
1289 1189 1426 1224 gentibus
1436 1210 1444 1223 ,
1460 1189 1552 1216 finem
1566 1189 1662 1224 vitiis,
1684 1188 1823 1217 ordinem

1037 1235 1103 1263 vitae
1119 1242 1146 1263 et
1161 1235 1295 1263 moribus
1311 1235 1509 1272 disciplinam.
1523 1246 1536 1262 »

1074 1284 1183 1316 Quarto
1200 1282 1433 1318 consideremus,
1446 1282 1619 1317 charissimi,
1637 1282 1720 1318 quod
1735 1282 1824 1310 Maria

1038 1331 1128 1366 plena
1153 1332 1195 1358 est
1220 1330 1358 1358 unctione
1380 1330 1609 1365 misericordiae,
1635 1330 1726 1366 plena
1756 1330 1824 1358 oleo

1038 1377 1163 1414 pietatis.
1181 1378 1262 1405 Unde
1276 1378 1341 1413 ipsa
1357 1377 1472 1413 signata
1483 1385 1545 1405 esse
1561 1378 1659 1413 potest
1672 1385 1726 1413 per
1740 1377 1824 1405 illam

1040 1425 1215 1460 mulierem,
1236 1424 1283 1452 cui
1300 1424 1400 1452 clauso
1414 1424 1489 1453 ostio
1507 1424 1616 1452 domus
1631 1433 1707 1459 suae,
1723 1424 1825 1452 omnia

1040 1480 1113 1499 vasa
1134 1471 1211 1499 intus
1236 1473 1436 1507 congregata,
1462 1471 1539 1499 sacta
1560 1472 1628 1498 sunt
1647 1471 1824 1499 miraculose

1042 1518 1109 1546 oleo
1133 1518 1233 1554 plena,
1260 1518 1426 1546 secundum
1447 1518 1531 1554 quod
1559 1518 1678 1546 Elisaeus
1702 1518 1728 1546 ei
1752 1526 1825 1554 prae-

1043 1564 1169 1599 dixerat,
1184 1565 1286 1592 dicens
1297 1565 1334 1592 ¹²³:
1352 1565 1418 1592 Cum
1430 1566 1513 1600 plena
1528 1567 1647 1599 fuerint,
1664 1566 1749 1592 tolles.
1766 1566 1826 1592 Mu-

1043 1611 1097 1639 lier
1112 1612 1166 1639 ista
1181 1613 1224 1639 est
1237 1612 1337 1646 Maria,
1351 1620 1417 1648 quae
1433 1612 1521 1640 etiam
1535 1621 1551 1640 a
1564 1611 1636 1640 Filio
1651 1620 1705 1640 suo
1720 1611 1828 1639 mulier

1043 1658 1190 1694 appellata
1209 1659 1295 1686 estin
1316 1660 1428 1691 Joanne,
1452 1658 1503 1686 ubi
1527 1659 1633 1686 dicitur
1648 1660 1667 1676 ¹⁶
1685 1668 1691 1686 :
1709 1660 1827 1693 Mulier,

1043 1714 1099 1733 ecce
1109 1707 1183 1740 filius
1200 1709 1272 1733 tuus.
1291 1706 1381 1741 Hujus
1393 1706 1526 1734 mulieris
1539 1714 1611 1734 vasa
1625 1708 1693 1734 sunt
1706 1706 1827 1734 affectus

1045 1756 1072 1781 et
1087 1753 1207 1781 effectus
1219 1774 1228 1788 ,
1251 1754 1400 1782 desideria
1416 1756 1443 1782 et
1457 1754 1603 1782 beneficia
1614 1777 1622 1788 ,
1644 1763 1711 1790 quae
1726 1754 1829 1782 omnia

1045 1800 1112 1828 oleo
1127 1800 1338 1828 misericordiis
1352 1801 1441 1836 plena
1457 1803 1525 1829 sunt
1538 1802 1567 1828 in
1582 1802 1680 1829 Maria.
1698 1801 1779 1829 Unde
1791 1801 1828 1828 de

1044 1847 1102 1874 1100
1126 1847 1192 1875 0100
1216 1847 1320 1875 beatus
1344 1848 1510 1875 Bernardus
1535 1848 1612 1875 bene
1626 1848 1666 1875 ait
1681 1849 1723 1875 ¹⁷:
1749 1850 1829 1875 «Nec

1045 1893 1166 1927 mirum,
1183 1902 1200 1920 0
1214 1894 1339 1921 Domina
1351 1916 1358 1928 ,
1375 1894 1398 1921 si
1415 1896 1475 1922 tam
1495 1894 1617 1930 copioso
1634 1895 1701 1922 oleo
1717 1894 1829 1922 miseri-

1047 1939 1156 1967 cordiae
1179 1940 1277 1968 cordis
1302 1940 1343 1968 tui
1362 1940 1517 1976 perfusum
1543 1944 1584 1968 est
1611 1941 1829 1975 sanctuarium,

1047 1994 1115 2014 cum
1126 1986 1201 2014 illud
1212 1987 1416 2015 in÷1>stimabile
1428 1996 1503 2024 opus
1514 1987 1734 2022 misericordiae,
1747 1989 1830 2024 quod

1047 2034 1266 2069 praedestinavlt
1290 2035 1365 2061 Deus
1387 2036 1454 2062 ante
1477 2035 1584 2062 saecula
1603 2035 1633 2062 in
1653 2035 1831 2071 redemptio-

1047 2088 1117 2109 nem
1131 2083 1274 2115 nostram,
1289 2081 1420 2117 primum
1435 2081 1471 2109 sit
1484 2082 1515 2109 in
1533 2084 1557 2109 te
1569 2091 1586 2109 a
1600 2082 1706 2110 mundi
1721 2082 1831 2110 artifice

1047 2127 1233 2156 fabricatum.
1249 2128 1383 2155 Dicamus
1400 2136 1487 2163 ergo,
1506 2129 1681 2164 charissimi,
1698 2129 1831 2157 dicamus

1048 2175 1143 2202 Mariae
1156 2175 1174 2191 ’Β
1187 2184 1192 2202 ;
1207 2177 1274 2202 Date
1284 2177 1357 2202 nobis
1369 2175 1400 2202 de
1411 2177 1465 2202 oleo
1475 2178 1570 2203 vestro.
1584 2177 1719 2204 Petamus
1731 2176 1831 2204 oleum

1049 2221 1259 2249 misericordiae
1286 2222 1349 2257 ejus
1367 2222 1397 2249 in
1412 2223 1545 2256 mundo,
1571 2231 1607 2250 ne
1629 2223 1736 2251 frustra
1750 2224 1831 2258 peta-

1050 2277 1116 2295 mus
1133 2269 1163 2296 in
1182 2268 1306 2303 judicio.
1330 2269 1416 2302 Quod
1439 2271 1539 2296 autem
1566 2270 1694 2304 domus,
1718 2271 1748 2297 in
1773 2278 1833 2305 qua

1050 2323 1121 2342 vasa
1135 2315 1337 2350 replebantur,
1354 2316 1455 2344 clausa
1469 2316 1532 2351 fuit,
1542 2317 1598 2344 1100
1614 2317 1725 2352 optime
1740 2317 1834 2344 Mariae

1052 2361 1208 2396 convenit,
1239 2362 1275 2389 de
1301 2363 1384 2398 cujus
1411 2363 1547 2391 clausura
1572 2364 1703 2392 Ezechiel
1729 2364 1767 2391 ait
1782 2364 1802 2380 ¹⁹
1826 2372 1832 2390 :

1052 2410 1135 2436 Porta
1156 2410 1208 2436 lzoec
1230 2410 1321 2437 clausu
1342 2412 1410 2445 erit,
1437 2414 1461 2438 et
1486 2419 1537 2438 non
1559 2413 1718 2446 aperietur,
1745 2413 1770 2438 et
1791 2412 1836 2438 vir

1052 2464 1104 2483 non
1135 2458 1250 2483 transiet
1273 2465 1321 2492 per
1347 2466 1425 2489 eam;
1448 2460 1573 2492 quonium
1604 2459 1736 2485 Dominus
1767 2459 1836 2485 Deus

1055 2554 1174 2582 nlmi-
1194 2566 1225 2570 —
1244 2554 1257 2569 ¹¹
1275 2553 1486 2583 Pval.x1,1z‚12.
1504 2567 1532 2570 -—-
1550 2555 1566 2570 ¹²
1584 2553 1648 2577 Psal.
1667 2560 1726 2583 0111,
1744 2555 1782 2577 21.
1803 2566 1828 2571 ->

1057 2588 1074 2603 ¹³
1097 2588 1186 2615 Eccli„
1210 2595 1264 2618 M'l,
1288 2592 1325 2613 30.
1350 2603 1379 2606 —
1405 2590 1422 2605 Γ*
1447 2591 1608 2620 llicipziyiu„
1634 2590 1677 2613 uhi
1696 2597 1784 2621 supra.
1803 2602 1833 2607 —-

1058 2624 1076 2639 ¹5
1092 2624 1121 2647 lv
1141 2624 1205 2654 Itey..
1224 2631 1256 2655 iv,
1276 2627 1295 2648 l.
1312 2639 1341 2642 —
1360 2626 1378 2641 ¹⁴*
1393 2626 1472 2655 doun„
1492 2632 1544 2655 mx,
1564 2628 1602 2650 21].
1620 2639 1647 2643 -
1665 2626 1683 2641 1⁷
1700 2625 1834 2655 Bernard„

1058 2660 1156 2689 Delu-ec.
1172 2660 1205 2683 all
1222 2661 1247 2685 V.
1267 2662 1339 2688 Mur„
1357 2669 1407 2685 nou
1426 2662 1501 2692 longe
1521 2669 1535 2685 a
1551 2662 1631 2692 princ.
1645 2674 1675 2679 --
1695 2662 1713 2678 ¹⁵
1727 2661 1832 2692 Mami„

1057 2701 1119 2725 xxv,
1136 2697 1158 2719 8.
1175 2709 1200 2713 -
1220 2698 1240 2712 12¹
1254 2697 1356 2728 Ezcclz„
1371 2703 1442 2728 xmv,
1457 2699 1481 2722 ⁴2.

1858 1288 1928 1308 Maria

1839 1321 1872 1340 est
1883 1320 1947 1346 plenu

1850 1350 1937 1371 miseri-

1853 1382 1932 1403 eordiae

1866 1416 1921 1436 oleo,
