2060 3052
137 1149 244 1177 Exempla

155 2037 251 2065 Eelipsio

145 2071 196 2097 quid
209 2087 214 2097 ‚
231 2073 251 2091 ot

154 2108 243 2129 quomo-

146 2135 174 2155 do
184 2135 228 2155 fiat.

252 216 272 248 8
449 193 456 203 ⁴
645 216 856 250 saumones
878 216 929 248 ne
951 215 1118 248 SAncris
1140 215 1181 250 m
1202 217 1397 252 connum.
1417 218 1472 254 111.

253 284 345 314 tantia
358 284 466 313 mentis
485 283 602 314 bellum
618 286 760 322 agentes,
781 283 897 313 moveri
918 291 939 313 a
949 283 1035 313 bono

252 331 408 369 proposito
422 332 591 361 nullatenus
613 333 774 369 potuerunt
781 352 791 367 ‚
815 330 869 360 sed
881 339 937 360 sua
951 338 1037 360 cons-

253 378 346 407 tantia
360 378 510 407 mundum
527 379 669 408 vicerunt.
684 379 774 414 Nam,
789 377 866 406 sicut
886 377 958 406 dicit
979 380 1036 407 Au-

255 425 389 462 gustinus
401 425 411 443 ¹
427 434 435 454 :
453 435 469 453 ιι
483 426 559 454 Inter
581 425 684 454 omnia
704 423 850 453 miracula
867 424 926 453 hoc
948 425 1036 454 mira-

254 472 434 501 bilissimum
447 472 517 508 fuit,
529 472 614 509 quod
627 472 684 500 viri
699 471 824 508 abjecti,
839 474 867 500 et
886 471 1034 507 vilissimi,

256 519 367 548 divitiis
379 519 470 548 nullis
480 519 593 549 suffulti
607 519 749 555 omnino,
769 520 798 548 et
817 519 916 548 saeculi
938 519 1036 548 hono-

254 566 339 595 ribus
351 566 491 603 destituti,
503 573 625 595 omnem
633 566 799 595 humanam
807 566 972 603 potentiam
986 566 1036 595 de-

252 613 396 650 jecerunt,
413 621 534 642 omnem
546 613 652 642 mundi
666 613 844 650 sapientiam
853 613 1036 648 devicerunt,

255 662 284 689 et
297 668 420 689 omnem
433 659 770 689 mundimultitudinem
785 659 1037 688 innumerabilem

254 709 488 744 prostraverunt.
504 709 578 736 Nam
590 710 693 736 contra
705 715 767 743 eos,
779 715 883 736 omnes
893 707 1037 736 commoti

255 756 324 783 sunt
337 754 509 791 principes,
533 757 562 783 et
585 755 722 792 tyranni,
747 762 851 783 omnes
869 754 1037 783 insurrexe-

256 803 327 830 runt
340 801 535 839 philosophi,
554 804 583 830 et
600 803 678 830 totus
701 802 830 830 mundus
851 801 994 837 intonuit,
1010 804 1039 830 et

257 851 356 878 tamen
376 849 417 877 ita
435 850 602 878 constantes
621 849 753 884 fuerunt,
781 849 865 886 quod
884 849 924 877 ad
947 848 1038 877 tidem

257 896 375 925 Domini
388 904 493 926 omnes
514 898 741 932 converterunt,
767 897 824 924 Deo
844 897 1036 932 cooperante,

258 945 287 971 et
299 943 495 972 confirmante
510 951 680 973 sermonem
697 943 890 980 sequentibus
904 943 1005 980 signis.
1021 954 1034 970 υ

258 990 316 1019 Sed
330 990 383 1027 qui
396 990 487 1019 hodie
500 992 569 1019 sunt
587 990 618 1019 in
632 990 747 1020 mundo
756 1012 765 1026 ‚
781 991 833 1028 qui
848 991 889 1018 sic
903 992 1039 1019 constan-

258 1039 301 1066 tes
316 1037 505 1066 inveniantur
523 1037 555 1066 in
577 1037 682 1066 bono?
708 1038 781 1066 Sunt
802 1037 882 1066 enim
902 1037 1039 1066 homines

258 1084 350 1114 nostri
366 1085 508 1121 temporis
522 1084 633 1113 similes
647 1085 736 1120 vitro,
752 1084 835 1121 quod
850 1092 973 1113 omnem
985 1093 1037 1113 co-

257 1131 354 1161 lorem
377 1131 507 1168 suscipit.
537 1131 675 1160 Similiter
702 1131 898 1166 chamaeleon,
914 1132 1040 1161 bestiola

257 1186 368 1216 parva,
384 1178 503 1207 diversa
523 1178 659 1207 colorum
685 1178 824 1207 varietate
840 1186 985 1215 respersa,
999 1179 1039 1207 ad

260 1233 364 1255 omnes
379 1225 512 1260 colores,
527 1233 604 1262 quos
626 1225 723 1260 videt,
749 1225 872 1253 faciliter
895 1225 1036 1255 variatur.

259 1274 340 1301 Luna
354 1272 453 1308 etiam,
471 1280 539 1300 cum
559 1272 646 1301 bonis
660 1271 787 1309 planetis
809 1273 977 1308 conjuncta,
994 1273 1039 1300 di-

259 1320 334 1349 citur
348 1328 410 1348 esse
426 1320 507 1348 bona
517 1329 524 1354 ;
536 1319 588 1347 sed
603 1319 690 1347 malis
699 1319 821 1354 sociata,
836 1319 943 1347 dicitur
956 1320 1040 1356 quod

260 1375 330 1395 cum
347 1367 388 1395 eis
402 1366 439 1394 sit
453 1366 552 1395 noxia.
570 1367 592 1395 Ο
607 1366 708 1402 quanti
718 1369 787 1394 sunt
801 1366 961 1403 hodie,qui
977 1375 1041 1395 om-

260 1414 332 1442 nino
347 1416 415 1442 sunt
432 1414 648 1448 inconstantes,
671 1413 811 1442 arundini
836 1414 958 1449 similes,
974 1422 1041 1450 quae

262 1461 339 1489 cedit
351 1461 433 1489 omni
448 1460 563 1497 pulsui,
579 1461 641 1489 sive
656 1462 760 1489 vento!
790 1463 860 1489 Ecce
882 1461 988 1489 dicitur
1004 1462 1041 1490 de

261 1510 373 1537 Joanne
394 1507 521 1544 Baptista
539 1509 549 1524 ²
567 1517 572 1535 :
591 1518 605 1534 «
621 1508 697 1542 Quid
721 1508 818 1536 existis
841 1509 871 1536 in
891 1508 1040 1536 desertum

262 1556 363 1585 videre
373 1556 386 1583 ‘l
402 1555 580 1584 arundinem
609 1557 698 1584 vento
724 1555 865 1591 agitatam
875 1556 889 1583 ⁶?
913 1566 926 1581 »
954 1555 1043 1589 Quasi

263 1603 360 1632 dicat:
376 1605 449 1632 Non.
467 1603 614 1631 Debemus
630 1611 700 1639 crgo
715 1603 824 1630 similes
837 1610 899 1630 esse
920 1602 1043 1630 arundi—

263 1652 342 1686 neto,
359 1650 441 1686 quod
461 1650 490 1678 in
512 1650 607 1686 figura
622 1651 663 1678 rei
682 1650 780 1685 hujus,
798 1650 872 1677 inter
887 1657 980 1685 aquas
995 1658 1043 1676 sn-

262 1698 404 1734 periores,
425 1699 453 1725 et
468 1697 632 1731 interiores,
648 1697 834 1725 uniformiter
849 1705 966 1733 semper
980 1705 1044 1725 mo-

263 1747 356 1773 vetur.
373 1744 428 1773 Sed
443 1744 519 1780 proli
535 1744 637 1772 dolori
655 1744 727 1780 quia
741 1744 823 1772 multi
838 1746 915 1778 sunt,
932 1745 983 1780 qui
1004 1744 1045 1772 fa-

264 1793 318 1821 cile
333 1794 484 1820 mutantur
499 1800 516 1820 a
531 1792 624 1826 bono,
642 1794 669 1819 et
686 1791 775 1819 valde
792 1794 959 1820 constantes
977 1795 1045 1820 sunt

263 1839 293 1867 in
307 1839 386 1867 malo
404 1848 410 1867 :
428 1847 488 1867 non
503 1839 687 1867 attendentes
707 1838 782 1867 illud
796 1839 913 1867 Catonis
929 1839 1045 1876 sapien-

263 1886 366 1914 tissimi
379 1886 506 1915 verbum
519 1887 530 1904 ³
546 1895 552 1914 :

312 1956 452 1987 constans,
468 1958 493 1980 et
510 1956 588 1987 lenis,
604 1957 631 1980 nt
649 1963 689 1980 res
705 1955 866 1987 expostulat,
885 1958 949 1980 esto.

301 2028 410 2063 Tertio,
429 2027 518 2055 stellae
538 2030 605 2056 sunt
630 2028 847 2064 ineclipsabiles
863 2038 868 2055 :
886 2028 951 2056 sola
966 2029 1046 2057 enim

267 2074 328 2105 duo
343 2074 441 2103 sidera
456 2075 594 2102 dicuntur
609 2075 802 2111 eclipsabilia,
818 2075 926 2103 scilicet
942 2076 1001 2111 Sol,
1020 2079 1048 2104 et

268 2124 358 2156 Luna,
371 2123 507 2159 quamvis
520 2123 550 2150 in
563 2123 735 2159 eclipsando
745 2144 752 2157 ,
765 2123 883 2151 diversa
897 2124 932 2151 sit
945 2132 1044 2152 causa.

269 2172 341 2199 Nam
356 2170 427 2198 luna
443 2170 514 2198 dum
528 2173 570 2198 est
581 2171 840 2207 vigesimaquarta,
852 2173 879 2199 et
891 2172 918 2199 in
930 2180 1047 2200 summa

270 2216 408 2244 distantia
423 2224 440 2244 a
454 2216 527 2250 sole,
544 2217 605 2244 sive
621 2217 674 2253 ipsi
690 2218 745 2245 soli
761 2218 909 2253 opposita,
926 2219 1000 2246 inter
1015 2227 1046 2247 se

270 2265 297 2291 et
311 2263 406 2291 solem
426 2264 521 2299 posita
545 2265 636 2297 terra,
663 2272 730 2292 cuni
755 2264 855 2292 lumen
876 2274 893 2293 a
917 2266 978 2294 sole
996 2266 1048 2294 ha-

270 2310 352 2345 beat,
368 2310 401 2338 fit
415 2310 542 2338 obscura
555 2320 562 2345 ;
576 2311 619 2338 sol
636 2314 735 2338 autem
758 2320 817 2339 non
833 2312 991 2348 eclipsatur
1007 2313 1048 2340 in-

270 2357 459 2394 terpositIOne
484 2360 583 2391 terrm,
608 2357 660 2385 sed
683 2358 758 2385 lump
770 2380 776 2392 ‚
798 2359 826 2385 in
843 2359 905 2394 ipsa
921 2360 964 2387 sui
980 2368 1047 2387 cuni

270 2404 340 2432 luna
357 2404 564 2439 conjunctione
582 2413 587 2431 :
606 2404 678 2432 dum
698 2405 806 2432 scilieet
826 2406 1049 2442 conjunguntur

271 2451 300 2478 in
315 2451 422 2479 eodem
438 2452 535 2487 signo,
550 2452 579 2478 in
595 2451 702 2479 eodem
714 2452 820 2486 gradu,
835 2452 863 2479 in
873 2453 979 2480 codem
993 2454 1048 2481 mi-

271 2500 354 2532 nuto,
370 2501 397 2526 et
413 2499 443 2526 in
458 2498 566 2527 eodeni
581 2498 723 2526 secundo.
740 2501 811 2527 Nam
827 2507 915 2527 omne
929 2501 1047 2535 signum

271 2545 300 2572 in
315 2545 436 2573 zodiaco
463 2545 553 2573 habet
570 2545 687 2580 triginta
711 2545 839 2579 gradus;
858 2547 982 2581 quilibet
998 2556 1049 2575 au-

270 2594 329 2620 tem
345 2592 454 2627 gradus
470 2592 557 2619 habet
572 2591 723 2627 sexaginta
739 2593 867 2627 minuta,
885 2596 911 2621 ct
927 2594 1049 2629 quodli-

303 2656 309 2671 ¹
325 2657 389 2686 Aug.
410 2655 505 2686 aliquid
520 2655 595 2678 habet
612 2655 702 2685 simile,
722 2655 751 2678 dv
766 2656 820 2679 Cw.
839 2656 893 2682 Dei,
911 2657 953 2679 iil».
971 2658 1047 2685 ΧΧΙΙ,

271 2698 295 2714 c.
318 2697 343 2715 v.
381 2704 395 2709 -
413 2692 421 2705 ²
440 2692 506 2721 Luc„
532 2697 578 2719 vii,
602 2693 640 2715 2'».
658 2704 686 2708 —
709 2691 719 2707 ³
740 2692 806 2722 (lut,
827 2700 852 2715 ιη
877 2693 1000 2717 Par-anm.
1019 2707 1047 2711 —

1090 283 1142 314 bet
1155 285 1303 315 minutum
1315 286 1407 316 habet
1418 285 1575 324 sexaginta
1587 285 1731 316 secunda.
1751 288 1785 316 Bt
1799 285 1872 324 qnia

1088 339 1151 360 non
1174 333 1258 362 omni
1283 342 1386 363 mense
1411 335 1453 364 sic
1473 335 1631 371 uniuntur,
1657 334 1728 364 ideo
1748 334 1795 364 sol
1808 342 1871 365 non

1089 379 1225 416 quolibet
1232 388 1334 410 mense
1343 381 1511 419 eclipsatur.
1523 382 1572 412 His
1581 389 1652 419 ergo
1661 381 1784 411 duobus
1795 381 1872 411 side-

1089 425 1172 455 ribus
1181 427 1321 464 exceptis,
1339 428 1405 457 aliae
1418 429 1510 458 stellae
1523 429 1663 458 dicuntur
1685 437 1791 458 omnes
1805 429 1870 459 ine-

1089 473 1269 510 clipsabiles.
1293 475 1391 504 Sancti
1414 475 1506 512 igitur
1527 476 1662 514 Apostoli
1685 476 1806 505 fuerunt
1829 477 1872 506 sic

1087 520 1306 558 ineclipsabiles
1319 529 1373 558 per
1391 523 1644 559 perseverantiam
1653 531 1663 559 ;
1683 531 1755 552 nam
1770 524 1871 553 anima

1089 567 1248 604 eclipsatur
1258 589 1269 604 ‚
1289 571 1318 597 et
1338 569 1548 598 obscuritatem
1562 569 1692 607 patitur,
1705 570 1780 599 dum
1796 571 1873 600 inter

1089 622 1168 650 eam,
1183 616 1212 643 et
1226 616 1330 651 Deum,
1345 618 1501 652 peccatum
1518 616 1727 654 interponitur,
1737 617 1823 653 juxta
1836 617 1873 646 il·

1090 661 1163 690 lud*
1180 671 1186 690 :
1207 673 1221 689 (ι
1237 664 1357 692 Peccata
1377 665 1474 692 vestra
1488 663 1653 692 diviserunt
1666 664 1744 692 inter
1759 672 1824 699 voe,
1845 666 1874 694 et

1091 710 1184 738 Deum
1197 711 1339 738 vestrum.
1356 720 1370 737 ιι
1395 711 1470 739 Nam
1496 712 1525 739 et
1551 710 1648 740 nubes
1676 710 1874 747 significativa

1090 757 1214 793 peccati,
1229 756 1303 785 dum
1317 757 1393 786 inter
1406 765 1462 786 nos
1476 760 1505 786 et
1516 757 1611 786 solem
1629 765 1661 786 se
1674 757 1771 795 ponit,
1784 758 1874 787 nobis

1091 803 1189 840 ipsum
1204 803 1300 832 solem
1314 804 1472 833 abscondit
1488 814 1495 833 ε
1511 806 1540 833 et
1554 807 1668 842 quanto
1687 806 1731 833 est
1751 804 1874 834 densior

1092 853 1120 878 et
1134 851 1307 886 obscurior,
1323 853 1405 880 tanto
1420 851 1529 880 umbra
1542 852 1676 889 projecta
1694 851 1727 880 fit
1746 851 1873 889 nigrior,

1092 899 1120 925 et
1134 897 1213 926 nocti
1225 897 1360 926 similior.
1374 898 1448 932 Quia
1463 906 1534 934 ergo
1545 898 1677 935 Apostoli
1691 898 1784 927 sancti
1798 907 1874 927 nun-

1093 952 1186 981 quam
1202 944 1327 973 mortale
1340 947 1510 981 peccatum,
1526 947 1594 982 post
1607 945 1770 974 adventum
1783 946 1874 982 Spiri-

1092 993 1138 1019 tus
1159 991 1268 1027 sancti,
1290 991 1520 1027 commiserunt,
1548 1000 1716 1029 numquam
1740 992 1874 1029 eclipsati

1092 1037 1220 1073 luerunt,
1236 1038 1308 1074 quia
1324 1046 1481 1075 nunquam
1501 1038 1621 1074 lumen,
1646 1039 1730 1076 quod
1750 1047 1874 1076 accepe-

1092 1087 1170 1120 rant,
1185 1085 1356 1114 amiserunt.
1372 1085 1454 1114 Unde
1476 1085 1514 1114 de
1535 1086 1577 1114 eis
1595 1088 1693 1123 potest
1706 1086 1816 1122 exponi
1838 1085 1875 1114 il-

1092 1131 1147 1160 lud
1158 1132 1170 1149 ⁸
1185 1139 1197 1160 τ
1211 1141 1226 1159 ι
1241 1132 1296 1166 Qui
1311 1131 1391 1160 docti
1407 1131 1515 1160 luerint
1528 1132 1577 1169 (α),
1593 1144 1607 1158 ι»
1621 1132 1653 1160 id
1666 1133 1772 1169 estipsi
1782 1135 1875 1170 Apos-

1094 1178 1155 1212 toli,
1171 1179 1219 1207 vel
1234 1179 1273 1207 ab
1292 1179 1440 1215 Apostolis
1455 1179 1546 1215 docti,
1569 1189 1583 1206 α
1605 1179 1762 1216 fulgebunt
1788 1181 1875 1218 quasi

1094 1225 1238 1262 splendor
1253 1227 1446 1261 tirmamenti;
1469 1226 1563 1263 etqui
1586 1227 1626 1256 ad
1643 1227 1787 1263 justitiam
1811 1236 1876 1256 eru-

1095 1273 1180 1301 diunt
1201 1273 1329 1307 multos,
1346 1285 1359 1299 »ι
1382 1273 1412 1301 id
1434 1275 1495 1309 est,
1517 1273 1572 1310 ipsi
1595 1274 1742 1311 Apostoli,
1764 1275 1877 1311 «quasi

1095 1320 1186 1349 stellae
1202 1320 1233 1348 in
1246 1322 1404 1357 perpetuas
1418 1321 1602 1349 aeternitates.
1620 1332 1634 1347 u
1653 1323 1684 1350 Et
1703 1323 1746 1350 est
1760 1330 1875 1358 sensuS,

1097 1368 1167 1404 quia
1194 1367 1268 1395 sicut
1301 1367 1391 1396 stelloe
1424 1368 1633 1405 perpetualiter
1665 1369 1758 1397 nitent
1773 1390 1782 1404 ,
1821 1377 1877 1397 nec

1097 1414 1231 1451 eclipsim
1246 1415 1400 1450 sustinent,
1415 1415 1456 1443 sic
1468 1415 1560 1443 sancti
1573 1415 1707 1452 Apostoli
1721 1423 1878 1453 nunquam

1097 1465 1166 1490 sunt
1180 1462 1312 1497 eclipsati
1329 1472 1336 1489 :
1353 1462 1424 1498 quia
1436 1462 1525 1499 culpa
1541 1462 1670 1496 mortali,
1685 1465 1754 1499 post
1766 1462 1879 1491 adven-

1098 1511 1161 1537 tum
1174 1509 1297 1545 Spiritus
1314 1510 1425 1544 sancti,
1446 1518 1602 1546 nunquam
1628 1513 1695 1538 sunt
1717 1510 1878 1546 obscurati,

1099 1556 1150 1584 sed
1164 1557 1193 1584 in
1208 1565 1255 1591 eo,
1268 1557 1351 1593 quod
1362 1560 1568 1593 perceperunt,
1583 1557 1726 1586 stabiliter
1738 1566 1878 1594 perman-

1099 1606 1215 1638 serunt;
1232 1604 1369 1639 quamvis
1377 1604 1465 1640 capti,
1481 1605 1619 1640 quamvis
1631 1604 1724 1640 ligati,
1741 1605 1880 1641 quamvis

1101 1651 1268 1679 carceribus
1283 1651 1455 1688 mancipati,
1466 1652 1602 1688 quamvis
1613 1652 1789 1680 verberibus
1803 1652 1880 1681 mul-

1101 1698 1136 1726 tis
1151 1698 1249 1733 attriti,
1274 1698 1411 1734 quamvis
1431 1698 1525 1734 aliqui
1539 1706 1645 1727 eorum
1663 1699 1796 1727 crucifixi
1811 1699 1879 1734 sint,

1101 1747 1199 1772 tamen
1227 1753 1287 1773 non
1312 1747 1473 1781 potuerunt
1488 1754 1505 1774 a
1520 1746 1633 1774 Christo
1649 1746 1740 1774 averti
1757 1756 1763 1774 :
1784 1757 1797 1770 «ι
1812 1746 1879 1774 sun-

1102 1791 1161 1820 dati
1177 1792 1278 1820 enim⁸
1293 1795 1375 1820 erant
1397 1801 1489 1829 supra
1512 1793 1630 1821 firmam
1650 1796 1776 1829 petram.
1793 1805 1805 1819 u
1825 1795 1866 1822 Do

1102 1839 1217 1867 minum
1232 1839 1311 1867 enim
1330 1839 1438 1867 dixisse
1460 1839 1617 1868 audierant
1628 1839 1637 1855 ⁷
1653 1849 1659 1867 :
1679 1850 1692 1866 α
1708 1840 1762 1874 Qui
1779 1848 1862 1876 perse

1104 1886 1247 1914 vei-averit
1274 1894 1367 1922 usque
1393 1886 1423 1914 in
1448 1886 1556 1921 finem,
1586 1886 1634 1914 hic
1658 1886 1756 1915 salvus
1782 1887 1845 1915 erit.
1863 1897 1877 1914 ι»

1104 1933 1180 1967 Quid
1195 1933 1275 1960 enim
1295 1933 1416 1969 prodest
1431 1933 1544 1961 homini
1559 1932 1684 1961 fundare
1701 1933 1837 1969 domum,
1854 1937 1882 1963 et

1103 1980 1229 2016 parietes
1243 1980 1354 2015 erigere
1367 2001 1374 2014 ‚
1400 1980 1422 2007 si
1444 1980 1559 2007 desinat
1579 1982 1686 2008 tectum
1706 1980 1881 2017 adjungere,

1104 2031 1131 2056 et
1146 2029 1186 2056 sic
1203 2028 1328 2056 domum
1343 2027 1457 2055 desinat
1471 2035 1679 2055 consummare
1690 2030 1703 2054 ’3
1718 2027 1794 2061 Quid
1809 2036 1880 2064 pro-

1104 2076 1167 2103 dest
1182 2075 1290 2103 aratori
1306 2077 1413 2101 terram
1432 2074 1564 2108 sulcare,
1582 2076 1610 2101 et
1623 2074 1736 2102 semina
1752 2074 1883 2110 plurima

1100 2123 1210 2158 jacere,
1227 2122 1250 2149 si
1263 2122 1326 2156 Jam
1348 2123 1434 2148 aucta
1458 2123 1485 2148 et
1505 2122 1619 2148 matura
1645 2120 1777 2156 negligat
1802 2121 1883 2150 colli-

1104 2178 1173 2205 gere
1186 2172 1198 2196 ?
1214 2168 1289 2202 Quid
1306 2167 1426 2203 prodest
1439 2167 1557 2195 vineam
1574 2167 1725 2203 plantare,
1743 2170 1771 2196 et
1785 2168 1815 2196 in
1832 2175 1884 2204 pa-

1104 2217 1149 2244 los
1165 2216 1292 2251 erigere,
1313 2218 1340 2242 et
1361 2222 1454 2250 usque
1477 2213 1516 2241 ad
1535 2214 1733 2242 maturitatem
1756 2214 1883 2243 fructum

1106 2263 1261 2298 diligenter
1276 2261 1422 2295 excolere,
1439 2263 1466 2288 et
1485 2260 1607 2289 sollicite
1629 2260 1777 2289 custodire
1791 2262 1814 2289 si
1831 2261 1883 2290 de-

1105 2311 1181 2338 sinat
1196 2310 1259 2344 ejus
1275 2309 1384 2336 fructus
1399 2308 1429 2335 in
1443 2308 1500 2335 fine
1517 2307 1656 2343 colligere
1667 2308 1680 2334 *Ρ
1695 2309 1726 2335 Et
1740 2308 1781 2336 sic
1797 2311 1839 2336 est
1855 2308 1883 2336 in

1106 2357 1246 2385 omnibus
1266 2355 1415 2389 invenire,
1432 2355 1502 2391 quia
1527 2354 1591 2382 laus
1615 2355 1645 2382 in
1666 2355 1723 2382 fine
1745 2355 1859 2382 canitur
1876 2364 1882 2383 z

1107 2405 1193 2441 quia,
1215 2404 1298 2438 enjus
1319 2402 1386 2430 linis
1408 2402 1522 2436 bonus,
1540 2402 1638 2438 ipsum
1653 2409 1774 2437 quoque
1791 2404 1884 2429 totum

1106 2454 1221 2481 bonum
1237 2454 1296 2485 est3
1313 2452 1340 2478 et
1355 2451 1439 2485 cujus
1455 2449 1521 2476 linis
1536 2449 1633 2476 malus
1646 2451 1698 2482 est,
1712 2448 1810 2484 ipsum
1827 2449 1883 2476 uti-

1107 2509 1164 2537 que
1182 2502 1273 2527 totum
1292 2497 1404 2525 malum
1426 2499 1478 2524 est.
1503 2496 1546 2525 ob
1571 2496 1647 2523 hane
1670 2496 1749 2524 enim
1764 2504 1884 2524 causam

1106 2547 1227 2583 Sapiens
1243 2545 1358 2573 dicw:
1384 2555 1395 2568 «
1419 2545 1458 2571 Ne
1486 2542 1656 2570 laudaveris
1679 2542 1831 2570 hominem
1853 2544 1884 2571 in

1109 2615 1192 2642 ⁵!m..
1213 2619 1265 2643 mx,
1286 2614 1308 2635 2.
1324 2625 1354 2629 -
1369 2613 1378 2627 θ
1396 2612 1470 2636 Dan..
1487 2616 1537 2639 xii,
1553 2611 1576 2633 3.
1591 2623 1621 2628 -
1637 2611 1645 2623 ᾗ·
1663 2610 1764 2638 Molita,
1783 2616 1827 2640 vii,
1843 2612 1881 2635 25.

1107 2664 1136 2668 —
1153 2651 1159 2663 ⁷
1176 2650 1248 2679 ibid„
1269 2654 1339 2678 xxiv,
1360 2650 1395 2671 Η.
1417 2660 1441 2664 -
1459 2650 1467 2659 '¹
1484 2646 1572 2675 Ecclr'„
1590 2651 1625 2676 Μ,
1642 2647 1680 2670 30.

1143 2693 1164 2720 (a
1191 2692 1250 2716 Coet.
1266 2690 1326 2714 edil.
1343 2690 1453 2713 suerunt.
