2029 3052
237 246 297 275 420

237 320 294 351 per
301 317 432 341 omnem
439 308 571 340 modum
582 305 762 346 sequuntur
771 300 920 333 absurda.
931 298 1013 330 Nam

238 373 313 395 eum
328 362 472 394 Christus
487 360 640 392 mulieres
652 366 760 389 secum
773 355 972 391 comitanteS‚
982 353 1014 383 et

237 418 345 458 ipsum
360 416 572 448 sustentantes
583 411 744 450 habuerit,
760 408 916 450 sequitur,
927 405 1013 447 quod

238 471 442 511 imperfectus
451 468 546 500 fuerit
558 466 687 503 Paulus,
700 465 756 506 qui
764 464 826 495 hoc
839 459 1011 493 recusavit.

238 525 318 557 Cum
342 523 485 555 Christus
517 522 601 553 inter
625 518 774 551 homines
804 513 1011 552 habitaverit,

237 577 442 619 imperfectus
453 575 548 607 fuerit
560 574 698 606 Joannes
713 570 866 612 Baptista,
882 568 949 609 qui,
961 576 1012 598 re-

237 631 320 662 lictis
350 630 462 669 turbis,
490 627 630 660 solitaria
656 627 726 658 loca
749 623 909 666 quaesivit.
934 621 1013 653 Cum

238 684 381 716 Christus
401 683 515 715 vinum
539 681 672 720 biberit,
699 678 903 720 imperfectus
927 675 1013 706 idem

240 738 390 779 Baptista,
407 737 463 778 qui
480 736 595 769 vinum
611 736 641 766 et
660 734 794 765 siceram
815 740 881 762 non
901 730 1014 769 gusta-

237 792 295 823 vit.
311 791 390 823 Cum
404 790 547 822 Christus
557 789 643 820 solus
654 797 728 819 cum
744 785 877 817 muliere
889 783 1014 814 locutus

238 845 344 884 fuerit,
368 844 572 884 imperfectus
587 842 639 874 vir
659 840 715 881 qui
734 849 754 871 a
772 837 917 870 mulieris
938 846 1014 868 con—

238 899 336 931 sortio
349 907 383 929 se
393 898 534 937 elongat.
550 896 630 927 Cum
646 894 790 926 Christus
804 891 932 924 mulieri
945 899 1014 931 pec-

238 953 344 984 catrici
360 951 456 992 pedes
477 949 666 982 osculandos
685 946 868 988 praehuertt,
894 945 1012 984 imper-

237 1007 337 1038 fectus
348 1006 400 1038 vir
415 1005 470 1046 qui
488 1003 662 1035 mulierum
683 1002 846 1033 contactus
865 999 1015 1030 abhorret

238 1063 269 1092 et
283 1060 372 1092 vitat.
390 1059 468 1091 Cum
484 1057 627 1088 Christus
637 1055 779 1087 dividere
793 1052 1014 1084 haereditatem

237 1114 321 1145 inter
335 1114 447 1144 fratres
462 1110 631 1148 recusavit,
653 1108 858 1149 imperfectus
877 1106 938 1136 erit
960 1104 1015 1145 qui

233 1169 404 1208 jurgantes
418 1175 476 1206 pro
490 1162 685 1196 haereditatis
701 1161 857 1194 divisione
883 1167 1016 1199 germa-

237 1231 296 1253 nos
320 1221 358 1252 ad
379 1228 490 1261 pacem
513 1220 545 1250 et
568 1217 752 1258 aequitatem
776 1213 910 1246 reducit.
936 1212 1015 1243 Cum

238 1275 381 1307 Christus
400 1273 533 1304 scienter
556 1271 676 1302 loculos
698 1269 761 1300 furi
783 1266 1016 1299 conservandos

238 1327 445 1365 commiserit,
462 1326 667 1366 imperfectus
687 1323 792 1354 omnis
806 1322 878 1359 erit,
894 1321 949 1361 qui
965 1320 1014 1351 fu-

238 1392 308 1414 rem
334 1382 585 1421 dispensatorem
607 1377 779 1418 expellens,
806 1374 931 1406 fidelem
964 1382 1014 1404 re-

239 1437 348 1477 quirit.
374 1435 453 1466 Cum
475 1433 617 1465 Christus
641 1432 674 1462 in
700 1431 767 1471 ipsa
792 1438 849 1460 sua
873 1427 1017 1468 passione

238 1490 393 1527 tacuerit,
419 1488 622 1528 imperfectus
646 1484 751 1516 omnis
774 1483 852 1522 erit,
879 1481 934 1522 qui
958 1489 1016 1521 pro

239 1544 362 1575 Christo
379 1542 502 1583 patiens
514 1541 681 1572 veritatem
697 1538 782 1569 dicit.
794 1537 832 1568 Et
847 1536 936 1566 sicin
951 1534 1017 1574 plu-

240 1595 330 1626 ribus
346 1594 414 1625 aliis
429 1594 532 1633 potest
547 1590 688 1622 inductio
707 1589 788 1627 fieri,
813 1589 850 1619 ut
871 1587 903 1617 in
924 1587 1015 1625 fuga,

240 1650 272 1679 et
297 1647 507 1683 comestione,
535 1646 566 1675 et
587 1643 698 1675 loculis
728 1644 888 1672 taceamus
915 1651 922 1670 :
944 1648 1017 1679 quae

240 1701 350 1733 omnia
368 1703 434 1731 tam
455 1698 593 1729 absurda
611 1699 697 1734 sunt,
720 1697 755 1726 ut
779 1695 804 1724 si
822 1694 892 1734 quis
913 1702 951 1724 ea
969 1701 1018 1723 co-

242 1758 337 1787 netur
352 1754 530 1791 defendere,
555 1761 619 1783 non
643 1753 709 1782 tam
730 1749 878 1782 videatur
898 1755 1016 1785 errare,

241 1819 340 1850 quam
352 1807 502 1839 insanire.

284 1864 322 1895 Ut
337 1865 445 1894 antem
468 1862 538 1892 haec
557 1863 588 1891 et
611 1859 661 1890 his
675 1858 792 1894 similia
805 1856 945 1897 prudens
959 1855 1018 1886 lec-

243 1922 292 1950 tor
315 1917 450 1957 effugiat
474 1913 739 1950 inconvenientia,
770 1912 802 1942 in
825 1919 898 1951 quae
918 1910 944 1940 is
967 1909 1019 1940 cui

244 1971 473 2012 respondemus
496 1978 536 1999 ex
563 1965 847 1998 inconsideratione
872 1963 1018 2001 devenit,

244 2025 405 2057 attendere
420 2024 523 2061 debet,
539 2022 623 2062 quod
640 2020 832 2060 deceptionis
846 2019 946 2058 hujus
960 2018 1019 2048 du-

245 2080 319 2120 plex
346 2077 449 2109 extitit
476 2084 580 2106 causa.
604 2064 711 2105 l‘rima
734 2082 830 2103 causa
856 2073 920 2110 est,
946 2071 1022 2111 quia

245 2143 319 2165 cum
336 2132 430 2163 sciret
443 2130 603 2161 Christum
618 2136 686 2158 esse
701 2126 805 2157 omnis
820 2125 1022 2166 perfectionis

245 2185 443 2225 exemplum,
463 2183 595 2214 modum
611 2184 719 2212 tamen
743 2180 841 2219 hujus
862 2178 1022 2218 exempla-

246 2240 348 2272 ritatis
363 2237 507 2274 nescivit,
531 2235 583 2267 vel
606 2235 771 2266 advertere
794 2233 948 2271 neglexit.
966 2232 1021 2263 Se-

247 2293 351 2325 cunda
372 2301 468 2322 causa
491 2292 545 2327 est,
563 2289 639 2329 quia
661 2297 734 2318 cum
750 2287 831 2317 clare
846 2286 1021 2326 perpende-

248 2350 296 2379 ret
321 2345 591 2386 imperfectionem
616 2352 634 2373 a
657 2341 846 2382 perfectione
875 2341 1021 2376 deficere,

249 2401 381 2432 modum
398 2402 502 2430 tamen
519 2398 618 2435 hujus
632 2395 815 2426 defectionis
839 2403 903 2424 non
922 2393 1024 2433 potuit

248 2455 455 2493 investigare.
478 2450 723 2489 intelligendum
742 2451 788 2479 est
803 2448 916 2488 igitur,
937 2447 1023 2487 quod

249 2519 321 2541 eum
342 2509 484 2540 Christus
508 2506 548 2536 sit
564 2504 705 2535 Verbum
727 2504 902 2533 increatum
926 2504 956 2532 et
978 2501 1025 2531 in-

250 2565 429 2599 carnatum,
448 2559 566 2600 duplex
580 2560 627 2589 est
646 2557 679 2587 in
694 2566 731 2587 eo
746 2556 826 2587 ratio
838 2554 1024 2595 exemplari-

250 2618 333 2655 tatis,
351 2618 479 2647 aeternae
494 2612 649 2650 videlicet,
666 2613 697 2642 et
712 2610 905 2650 temporalis.
920 2609 1023 2641 AEter-

249 2680 311 2707 nae,
328 2671 472 2709 inquam,
498 2666 672 2697 secundum
695 2664 778 2704 quod
801 2666 846 2693 est
874 2663 1024 2703 splendor

280 2734 284 2748 1
299 2732 384 2763 nelma,
398 2738 415 2761 ι,
429 2734 451 2754 3.
467 2745 493 2748 -
511 2730 520 2745 ἲ
532 2732 601 2759 Sasu,
620 2734 664 2758 vn,
682 2730 721 2751 2¹6.
733 2741 762 2744 —
775 2727 784 2741 ²³
801 2726 889 2752 Eroti..
907 2733 967 2756 xxv,
984 2729 1022 2750 sli.

814 230 1023 266 APOLOGIAE
1044 229 1263 262 PAUPERUM

1069 299 1200 329 aeternae
1213 297 1324 338 qlorioe
1337 322 1346 337 ‚
1372 301 1404 331 et
1423 298 1532 339 tiqura
1551 297 1740 330 substantias
1762 298 1772 315 ¹
1788 297 1844 328 Dei

1069 350 1184 391 Patria
1199 353 1295 392 atque
1308 351 1431 384 candor
1450 351 1532 384 lucis
1547 354 1673 385 aeternoe
1686 352 1716 384 et
1730 358 1845 392 specu,

1069 404 1135 437 lum
1151 406 1220 438 sine
1242 406 1369 438 macula
1396 405 1576 445 majestatis
1601 405 1658 437 Dei
1670 404 1694 436 ².
1719 403 1756 434 In
1780 412 1845 444 quo

1069 459 1200 499 quidem
1215 459 1343 502 speculo
1361 459 1589 500 exemplariter
1613 459 1728 490 cuncta
1741 458 1847 488 creata

1068 512 1220 551 relucent,
1245 522 1318 552 quae
1339 522 1358 544 a
1376 513 1532 554 principio
1549 511 1737 544 conditionis
1751 519 1846 542 mun-

1069 564 1100 596 di
1115 574 1218 606 usque
1231 565 1266 596 in
1275 566 1385 605 finem,
1402 566 1443 598 ad
1463 566 1687 607 perfectionem
1701 564 1845 596 universi

1069 618 1178 658 totius,
1198 620 1264 650 tam
1290 619 1497 660 spiritualiter
1510 643 1518 659 ,
1543 628 1640 659 quam
1656 617 1847 650 sensibiliter

1069 673 1299 712 producuntur.
1317 673 1356 705 Et
1365 674 1542 705 secundum
1556 673 1617 705 hoc
1630 674 1677 704 est
1691 671 1844 710 christus,

1069 728 1106 758 ut
1129 726 1270 759 Verbum
1293 728 1487 767 increatum,
1513 727 1678 769 speculum
1704 725 1846 758 intellec-

1069 780 1168 819 tuale,
1184 783 1215 812 et
1234 781 1418 822 exemplum
1435 783 1594 813 aeternum
1610 781 1706 812 totius
1723 779 1845 811 machi-

1070 843 1121 866 nae
1143 835 1329 867 mundialis.
1352 836 1388 867 In
1401 838 1561 876 quantum
1578 837 1686 866 autem
1706 834 1848 866 Verbum

1070 889 1273 921 incarnatum
1296 889 1331 920 in
1349 891 1522 930 assumptae
1541 888 1748 921 humanitatis
1770 896 1846 918 con-

1070 943 1261 981 versatione,
1280 943 1465 983 exemplum
1485 945 1515 974 et
1537 942 1704 983 speculum
1719 942 1767 972 est
1780 949 1848 972 om-

1070 995 1162 1027 nium
1180 996 1371 1035 gratiarum,
1382 999 1412 1027 et
1420 996 1593 1034 virtutum,
1605 997 1637 1026 et
1645 994 1846 1040 meritorum,

1071 1049 1110 1080 ad
1127 1051 1219 1090 cujus
1230 1050 1421 1090 exemplaris
1431 1049 1642 1080 imitationem
1656 1048 1848 1088 erigendum

1072 1106 1118 1135 est
1132 1103 1375 1135 tabernaculum
1395 1103 1559 1135 militantis
1574 1102 1734 1134 Ecclesiae.
1752 1101 1849 1133 Juxta

1072 1158 1155 1198 quod
1172 1158 1270 1199 Moysi
1292 1158 1516 1199 mysterialiter
1537 1157 1658 1189 dictum
1674 1159 1721 1188 est
1733 1156 1744 1174 ³
1762 1166 1769 1186 ε
1788 1157 1848 1188 1η-

1071 1212 1168 1251 spice,
1188 1215 1217 1244 et
1237 1213 1289 1251 fac
1304 1211 1477 1244 secundum
1496 1210 1669 1251 exemplar,
1686 1209 1771 1250 quod
1790 1208 1851 1242 tibi

1072 1267 1109 1298 in
1120 1270 1222 1299 monle
1232 1269 1444 1299 monstratum
1453 1268 1509 1298 est.
1528 1266 1564 1296 Et
1576 1263 1849 1305 quemadmodum

1072 1320 1112 1351 ab
1128 1320 1182 1351 illo
1205 1330 1269 1352 uno
1284 1323 1406 1351 aeterno
1422 1319 1597 1360 exemplari
1618 1318 1767 1356 indiviso,
1783 1320 1849 1348 tam

1072 1373 1208 1405 diversae
1225 1376 1355 1405 manant
1370 1376 1590 1405 creaturarum
1605 1374 1743 1411 naturae,
1756 1373 1787 1402 et
1797 1379 1850 1401 na-

1071 1429 1220 1458 turarum
1238 1428 1454 1468 perfectiones,
1471 1426 1647 1458 secundum
1663 1425 1787 1457 variam
1801 1423 1849 1463 ip-

1072 1481 1138 1511 sius
1153 1481 1271 1512 summi
1285 1481 1359 1512 boni
1377 1480 1661 1521 participationem,
1678 1478 1762 1519 quod
1778 1486 1850 1518 per-

1072 1534 1151 1565 fecte
1163 1534 1203 1565 ab
1219 1543 1283 1565 una
1297 1534 1403 1574 aliqua
1430 1535 1576 1565 creatura
1595 1532 1664 1573 capi
1687 1541 1751 1563 non
1766 1533 1851 1572 pote—

1073 1591 1132 1627 rat,
1150 1590 1278 1628 propter
1294 1587 1377 1628 quod
1393 1589 1424 1618 et
1439 1587 1579 1618 diversas
1592 1586 1753 1617 constituit
1767 1585 1851 1616 Deus

1072 1651 1182 1672 rerum
1206 1641 1325 1681 species
1351 1641 1391 1671 ad
1416 1640 1557 1672 universi
1584 1639 1848 1679 completionem;

1073 1695 1117 1725 sic
1133 1697 1163 1725 et
1185 1704 1203 1725 a
1226 1694 1329 1726 Verbo
1352 1694 1406 1725 illo
1431 1694 1606 1732 incarnato,
1632 1695 1785 1732 tanquam
1811 1691 1850 1722 ab

1073 1749 1223 1789 originali
1246 1748 1400 1789 principio
1418 1748 1543 1787 gratiae,
1571 1748 1610 1778 de
1631 1748 1724 1787 cujus
1748 1746 1852 1787 pleni-

1074 1803 1183 1834 tudine
1199 1802 1380 1842 aeeepimus
1394 1810 1518 1840 omneS,
1535 1803 1566 1832 et
1580 1803 1733 1841 tanquam
1748 1809 1767 1831 a
1779 1809 1849 1840 spe-

1074 1858 1157 1896 culo,
1174 1858 1207 1888 in
1227 1866 1302 1897 quo,
1326 1859 1356 1888 et
1371 1866 1390 1887 a
1412 1866 1476 1897 quo
1500 1855 1604 1887 omnis
1624 1855 1799 1886 sanctitatis
1822 1856 1853 1885 et

1074 1911 1237 1952 sapientire
1253 1910 1416 1951 plenitudo
1431 1912 1461 1941 et
1476 1909 1681 1950 pulchritudo
1695 1909 1851 1948 refulget,

1075 1965 1191 1997 diversi
1215 1966 1325 2002 status,
1350 1963 1470 2003 gradus
1492 1965 1523 1993 et
1537 1962 1664 1994 ordines
1678 1961 1851 1993 secundum

1075 2019 1198 2051 variam
1214 2017 1472 2049 distributionem
1490 2016 1659 2054 donorum,
1676 2018 1707 2046 et
1725 2015 1851 2046 varium

1076 2073 1221 2103 imitandi
1244 2072 1375 2103 modum
1400 2070 1625 2110 exemplariter
1644 2069 1850 2107 derivantur,

1078 2127 1109 2157 in
1125 2127 1243 2167 quibus
1257 2125 1432 2156 secundum
1450 2124 1678 2154 multiformem
1690 2122 1853 2163 participa-

1077 2181 1197 2212 tionem
1222 2179 1410 2211 multimoda
1431 2178 1544 2210 Christi
1570 2177 1717 2217 perfectio
1737 2177 1782 2207 sic
1805 2176 1854 2207 di-

1078 2234 1259 2271 stribuitur,
1280 2236 1315 2265 ut
1335 2232 1433 2263 simul
1450 2230 1627 2271 reperiatur
1642 2230 1676 2260 in
1692 2229 1852 2267 omnibus,

1078 2298 1137 2319 nee
1160 2290 1268 2319 tamen
1289 2287 1322 2317 in
1354 2286 1461 2326 aliquo
1490 2294 1555 2315 uno
1585 2284 1651 2315 solo
1678 2283 1853 2314 secundum

1078 2340 1271 2372 omnimodae
1305 2338 1509 2379 plenitudinis
1540 2337 1729 2368 totalitatem
1757 2335 1852 2367 reful-

1080 2397 1165 2435 geat,
1182 2394 1236 2425 sed
1251 2393 1384 2433 quilibet
1401 2392 1522 2432 gradus
1539 2393 1570 2422 et
1588 2393 1697 2429 status,
1716 2398 1773 2430 pro
1787 2398 1854 2420 suae

1080 2456 1239 2478 mensurae
1255 2446 1396 2483 modulo,
1407 2445 1584 2476 secundum
1604 2444 1675 2484 plus
1691 2445 1721 2474 et
1736 2442 1852 2480 minus,

1080 2501 1257 2533 istiusmodi
1279 2500 1470 2540 exemplaris
1489 2498 1688 2530 influentiam
1711 2496 1853 2536 suscipit,

1080 2558 1111 2587 et
1126 2556 1164 2586 ad
1185 2555 1284 2595 ipsius
1303 2553 1514 2584 imitationem
1537 2551 1665 2582 accedit.
1685 2549 1855 2589 Refulgent.

1080 2612 1187 2641 autem
1200 2618 1219 2640 a
1233 2608 1366 2645 Christo,
1376 2609 1556 2646 tanquama
1566 2605 1664 2635 totius
1675 2605 1793 2635 nostrae
1809 2612 1855 2634 sa-

1081 2663 1157 2694 lutis
1172 2661 1346 2702 exemplari
1373 2662 1403 2691 et
1417 2658 1567 2698 originali
1582 2657 1748 2698 principio,
1766 2659 1854 2688 aetus

1085 2717 1305 2747 multiformes.
1324 2715 1401 2745 Nam
1418 2713 1547 2752 quidam
1563 2714 1652 2742 actus
1667 2712 1698 2741 in
1719 2712 1786 2751 ipso
1801 2719 1852 2741 re-

1896 1107 1971 1129 Chi-is-

1877 1140 1912 1160 tus
1923 1140 1957 1160 est

1878 1176 1954 1191 exem-

1863 1201 1912 1228 plar
1931 1201 1971 1222 mi-

1875 1233 1958 1253 litantis

1864 1263 1969 1285 Ecclesia

1883 2586 1942 2606 Varii
1950 2592 1976 2606 ae

1870 2617 1975 2643 multipli-

1869 2654 1905 2668 ces
1915 2650 1976 2668 actus

1869 2679 1891 2698 in
1903 2678 1976 2699 Chris-

1868 2710 1898 2730 to.
