2029 3052
91 2342 155 2367 Quali

78 2374 157 2395 affectu

75 2406 149 2425 anima

81 2437 159 2457 ‹le-mla

79 2471 155 2491 Jesum

67 2503 158 2528 quaerat,

543 255 594 287 DE
616 253 794 294 QUINQUE
817 252 1149 285 FES'l'lVlTATlBUS
1172 251 1291 285 PUERI
1313 250 1419 284 JESU.

170 326 247 362 tem,
262 325 341 355 tunc
353 323 486 364 percipit
494 323 741 364 jucunditatem.
759 322 783 354 Ο
796 324 951 366 quantam

171 377 288 417 saepius
303 377 398 409 sentit
413 376 624 416 dulcedinem,
637 379 707 418 post
721 377 810 408 illam
825 367 952 408 beatam

172 431 312 463 nominis
324 431 573 472 impositionem,
585 431 639 463 illa
653 431 730 463 felix
745 433 847 462 mater
862 432 952 461 natu-

173 486 258 525 ralis,
273 487 304 518 et
319 495 397 518 vera
411 487 514 517 mater
531 485 716 527 spiritualis,
733 487 828 526 virgo
839 484 951 523 Maria,

172 541 302 581 quando
325 540 458 582 percipit
489 541 523 572 in
548 542 608 573 hoc
632 541 763 572 nomine
794 539 954 572 daemonia

172 594 255 635 ejici,
270 604 366 627 caecos
376 595 565 635 illuminari,
579 596 726 627 infirmos
736 595 852 634 curari,
869 603 955 626 mor-

173 651 246 680 tuos
261 650 417 689 suscitari,
438 650 592 681 miracula
608 650 787 681 cumulari!
803 649 855 681 Sic
869 651 954 681 certe

173 705 220 742 tu,
237 713 256 735 o
275 704 384 736 anima
403 704 592 746 spiritualiS,
619 704 733 736 merito
755 704 850 736 debes
871 712 954 743 gau-

173 757 248 789 dere
263 759 294 789 et
307 759 464 798 exultare,
481 759 611 799 quando
625 761 660 789 tu
676 758 811 799 percipis
825 757 861 788 in
874 759 906 788 te
925 758 957 787 et

173 811 206 842 in
230 812 313 850 aliiS,
340 813 427 853 quod
447 814 523 844 tuus
548 813 736 844 benedictus
756 812 842 844 filius
863 811 956 843 Jesus

172 865 336 898 daemones
348 866 451 907 fugat,
465 866 498 898 in
509 867 627 907 peccati
642 866 843 904 dimissione3
857 874 956 897 caecos

173 920 349 960 illuminat,
372 921 405 951 in
433 930 521 953 verae
551 921 746 961 cognitionis
778 920 954 958 infusi0ne3

174 976 319 1006 mortuos
343 975 486 1014 suscitat,
505 976 538 1006 in
562 975 677 1016 gratiae
697 975 881 1013 collatione3
904 974 956 1005 in-

174 1029 285 1060 firmos
307 1031 409 1068 curat,
432 1029 560 1061 claudos
582 1032 684 1069 sanat,
709 1029 900 1070 paralyticos
927 1030 958 1059 ct

175 1085 353 1114 contractos
376 1084 545 1122 rectificat,
571 1084 604 1114 in
622 1084 779 1125 spirituali
799 1083 959 1115 conforta-

176 1138 261 1168 tione
277 1148 284 1169 z
298 1140 335 1169 ut
345 1139 414 1178 jam
429 1138 609 1170 efficiantur
625 1139 720 1170 fortes
735 1140 765 1169 et
782 1137 891 1169 viriles
902 1147 958 1178 per

175 1192 325 1232 gratiam,
341 1192 396 1233 qui
416 1193 506 1233 prius
530 1194 621 1224 erant
639 1193 760 1224 debiles
783 1194 814 1223 et
837 1192 958 1223 infirmi

174 1254 232 1285 per
244 1245 384 1286 culpam.
397 1245 420 1277 O
440 1256 538 1287 quam
549 1247 624 1278 felix
637 1249 669 1278 et
683 1247 813 1279 beatum
826 1256 956 1286 nomen,

175 1299 261 1340 quod
274 1301 396 1331 tantam
413 1301 530 1332 meruit
544 1301 663 1332 habere
679 1302 832 1333 virtutem
847 1303 878 1333 et
893 1302 960 1333 effi-

176 1353 312 1385 caciaml
330 1354 510 1395 Aliquando
530 1355 680 1394 laetiticat,
708 1355 881 1396 aliquando
904 1366 958 1387 us-

176 1416 239 1447 que
251 1408 350 1439 menti
372 1408 411 1448 (α)
435 1408 621 1439 ebrietatem
640 1409 791 1447 infundit,
813 1412 844 1440 et
867 1419 960 1441 suam

177 1461 378 1493 dulcedinem
392 1463 620 1494 communicat.

294 1574 489 1613 QUARTA
518 1576 843 1608 SOLEMNITAS.

374 1655 412 1682 De
432 1655 575 1690 Magorum
595 1655 764 1684 adoratione.

223 1733 342 1770 Quarta
356 1734 551 1773 solemnitas,
568 1744 641 1775 quae
654 1735 797 1766 consistit
809 1736 842 1766 in
855 1735 963 1775 Mago-

181 1796 256 1818 rum
271 1788 467 1819 adoratione.
488 1788 661 1829 Postquam
683 1790 780 1820 etiam
796 1790 905 1821 anima
920 1791 963 1821 is·-

181 1844 251 1873 tum
267 1843 489 1874 dulcissimum
504 1853 642 1884 puerum
659 1855 715 1885 per
736 1846 876 1885 gratiam
898 1846 962 1886 spi-

181 1896 339 1928 ritualiter
363 1898 522 1937 concepit,
548 1899 684 1938 peperit,
710 1902 741 1930 et
767 1900 963 1938 nominavit,

181 1952 246 1981 tres
266 1960 380 1990 reges,
404 1951 436 1982 id
461 1954 507 1983 est
528 1954 593 1983 tres
621 1953 740 1984 animae
764 1955 864 1992 vires,
891 1962 964 1994 quae

180 2003 262 2035 bene
276 2014 372 2045 reges
384 2006 544 2045 dicuntur,
558 2016 631 2047 quae
646 2007 716 2047 jam
741 2007 828 2038 carni
846 2007 965 2047 priuci-

182 2060 312 2098 pantur,
329 2059 474 2091 sensibus
490 2060 709 2099 dominantur,
734 2061 768 2091 in
790 2061 865 2092 solis
879 2061 966 2092 divi-

182 2112 232 2143 nis
264 2113 396 2152 studiis,
423 2114 506 2145 sicut
537 2114 626 2146 decet
647 2125 723 2147 vere
742 2124 845 2155 reges,
872 2124 967 2146 occu-

184 2168 312 2205 pantur,
327 2176 464 2207 puerum
477 2170 547 2208 ,iam
559 2178 615 2209 per
630 2170 762 2200 effectus
776 2169 967 2210 multiplices

184 2220 230 2250 eis
244 2220 422 2252 revelatum
446 2222 479 2252 in
500 2223 630 2254 civitate
650 2223 753 2263 regia,
776 2223 837 2254 hoc
861 2225 908 2254 est
933 2223 967 2253 in

185 2274 282 2305 totius
298 2274 410 2305 mundi
434 2276 594 2314 machina,
613 2277 775 2308 aestimant
792 2286 860 2308 esse
881 2285 969 2316 quae—

185 2328 333 2359 rendum.
364 2327 521 2365 Quaerunt
554 2330 660 2369 igitur
689 2331 966 2369 meditationibus,

186 2382 360 2422 requirunt
375 2382 608 2421 affectionibus,
629 2384 832 2424 interrogant
846 2385 969 2416 devotis

187 2436 438 2475 cogitationibus
452 2437 460 2453 ¹
479 2448 486 2467 :
509 2437 565 2469 Ubi
580 2439 696 2478 estqui
710 2443 809 2472 natus
821 2443 866 2472 esc
877 2441 893 2471 Ρ
913 2440 969 2471 Vi-

188 2490 297 2522 dimus
311 2491 434 2523 stellam
450 2491 518 2531 ejus
534 2492 570 2523 in
585 2492 710 2525 Oriente
727 2503 737 2524 .·
753 2494 894 2525 vidimus
903 2494 967 2524 cla-

188 2544 315 2575 ritatem
340 2546 411 2584 eJus
436 2545 616 2584 fulgentem
644 2546 677 2576 in
701 2547 816 2578 devota
844 2550 968 2586 mente;

189 2597 329 2629 vidimus
344 2598 545 2638 splendorem
560 2600 630 2639 ejus
647 2600 825 2631 radiantem
845 2601 878 2631 in
895 2601 969 2632 inti-

191 2650 252 2681 mis
265 2651 399 2690 animae;
417 2652 602 2684 audivimus
614 2654 685 2693 ejus
696 2663 820 2693 vocem,
837 2664 910 2694 quae
924 2656 972 2686 est

191 2703 386 2743 dulcissima,
421 2707 624 2745 gustavimus
654 2709 724 2746 eius
748 2708 970 2746 dulcedinem,

225 2768 233 2783 ¹
249 2767 351 2798 Mami„
365 2774 393 2800 11,
406 2770 420 2792 2
436 2770 461 2792 et
472 2776 525 2800 seq.

336 2821 410 2844 rom.
433 2822 501 2846 xw.

1732 252 1791 282 145

1005 330 1079 362 quae
1095 324 1142 353 est
1156 321 1368 359 suavissima;
1395 318 1597 360 percepimus
1616 319 1687 359 ejus
1710 319 1788 350 odo-

1007 385 1076 407 rem
1092 376 1337 413 suavissimum3
1360 373 1484 415 experti
1502 382 1615 404 sumus
1633 374 1705 412 ejus
1720 382 1790 404 ain—

1007 430 1140 470 plexum
1175 428 1467 461 deliciosissimum.
1506 427 1596 466 Jam,
1637 426 1790 465 Heroch,

1008 483 1104 515 redde
1119 473 1327 524 responsum;
1345 482 1476 514 ostende
1500 481 1666 520 dilectum3
1693 490 1791 512 mon-

1009 540 1075 569 stra
1090 537 1285 569 infantulum
1301 537 1528 568 desideratum.
1551 535 1684 575 Propter
1701 537 1791 566 tuam

1010 591 1148 632 gloriam
1171 591 1343 623 videndam
1366 599 1433 621 non
1464 589 1628 628 venimus;
1663 591 1794 630 propter

1010 647 1100 677 tuam
1121 645 1259 685 gratiam
1284 644 1492 676 obtinendam
1516 653 1581 675 non
1606 643 1792 684 properavi-

1011 710 1098 739 mus;
1116 702 1246 741 propter
1266 701 1358 730 tuam
1374 699 1572 738 majestatem
1599 697 1794 728 adorandam

1010 765 1076 786 non
1108 754 1344 786 festinavimus.
1386 752 1456 783 Tua
1483 752 1569 783 enim
1605 752 1711 791 gratia
1744 751 1785 792 ip-

1011 809 1077 841 sius
1102 811 1150 840 est
1173 810 1310 846 factura3
1336 809 1393 838 tua
1412 807 1561 847 majestas
1580 805 1681 845 ipsius
1703 814 1794 836 crea-

1012 866 1105 902 tura;
1126 866 1181 894 tua
1199 862 1386 903 jucunditas
1401 870 1459 892 sua
1482 861 1530 891 est
1554 859 1713 900 potentia3
1739 860 1796 890 tua

1012 917 1196 958 opulentia,
1231 916 1332 957 ipsius
1365 915 1503 952 umbra;
1539 915 1595 944 tua
1623 912 1795 951 nobilitas,

1014 975 1070 1003 tua
1085 970 1328 1011 magnificentia
1342 971 1390 1001 est
1405 977 1472 1000 suae
1487 967 1622 998 infinitae
1645 967 1797 998 bonitatis

1014 1030 1044 1058 et
1058 1026 1231 1058 nobilitatis
1250 1025 1376 1056 modica
1396 1022 1542 1054 scintilla.
1567 1021 1602 1052 In
1624 1023 1654 1052 te
1668 1021 1795 1052 inveni-

1014 1090 1086 1112 mus
1108 1090 1172 1121 quo
1195 1080 1302 1120 ipsum
1326 1077 1570 1118 cognoscimUS,
1597 1084 1745 1106 amamus
1769 1077 1800 1106 et

1014 1134 1244 1172 desideramus,
1259 1142 1324 1164 non
1340 1133 1374 1163 in
1391 1140 1455 1172 quo
1471 1130 1672 1170 requiescere
1687 1128 1798 1160 debea-

1015 1198 1098 1220 mus.
1118 1188 1206 1219 Tuus
1230 1188 1334 1218 honor
1355 1188 1386 1218 et
1408 1186 1505 1217 decus
1529 1186 1576 1216 est
1601 1183 1652 1215 sui
1676 1183 1799 1215 decoris

1014 1245 1124 1274 nutus.
1140 1243 1193 1273 Dic
1207 1241 1320 1281 igitur,
1338 1250 1378 1271 ne
1398 1239 1586 1281 protrahas:
1606 1238 1661 1270 ubi
1675 1240 1720 1270 est
1742 1239 1800 1277 qui

1014 1300 1112 1330 natus
1136 1297 1205 1329 est?
1231 1296 1291 1327 Ubi
1314 1297 1361 1326 est
1383 1303 1463 1334 ergo
1485 1292 1656 1332 longitudo
1679 1292 1798 1331 brevis,

1016 1351 1207 1391 magnitudo
1228 1350 1319 1388 levis,
1343 1348 1478 1379 altitudo
1501 1347 1643 1384 subdita,
1665 1346 1799 1378 latitudo

1016 1406 1175 1446 angusta?
1194 1404 1253 1436 Ubi
1268 1404 1326 1434 lux
1336 1403 1457 1441 lucens,
1475 1410 1559 1442 aqua
1570 1401 1690 1440 sitiens,
1707 1400 1799 1441 panis

1017 1460 1186 1491 esuriens?
1207 1459 1261 1490 Dic
1285 1457 1391 1494 nobis,
1416 1456 1472 1487 ubi
1495 1455 1637 1496 potentia
1661 1455 1798 1495 regitur,

1017 1514 1171 1555 sapientia
1186 1512 1367 1550 instruitur,
1379 1511 1484 1543 virtus
1498 1511 1706 1548 sustentatur,
1721 1509 1799 1541 Ver-

1018 1569 1097 1599 bum
1111 1568 1215 1599 Patris
1230 1566 1384 1598 lactatur?
1402 1565 1453 1596 Dic
1468 1565 1570 1602 nobis,
1589 1564 1645 1595 ubi
1660 1566 1802 1607 aeternus

1020 1624 1074 1655 Dei
1097 1623 1198 1654 Filius
1212 1622 1317 1652 infans
1340 1620 1544 1651 invenietur?
1570 1618 1629 1649 Ubi
1652 1618 1802 1659 splendor

1018 1680 1160 1718 paternae
1175 1677 1289 1716 gloriae
1313 1675 1425 1715 pannis
1446 1673 1610 1705 involutus
1635 1673 1802 1704 cernitur?

1022 1732 1079 1763 Ubi
1096 1732 1265 1763 audiemus
1287 1731 1320 1761 in
1340 1729 1496 1760 cunabilis
1518 1729 1720 1768 vagientem,
1748 1729 1802 1768 qui

1019 1789 1066 1817 est
1089 1786 1283 1817 miserorum
1307 1784 1504 1815 consolatio?
1534 1783 1592 1814 Ubi
1620 1783 1803 1815 videbimus

1020 1841 1103 1871 inter
1118 1839 1248 1870 brachia
1263 1838 1458 1869 infantulum
1473 1838 1664 1878 bajulatum,
1683 1837 1739 1877 qui
1755 1839 1803 1867 est

1021 1894 1224 1934 Angelorum
1244 1896 1274 1924 et
1295 1893 1476 1930 hominum,
1495 1892 1649 1923 coelorum
1667 1894 1697 1922 et
1712 1901 1804 1922 crea-

1021 1951 1170 1979 turarum
1193 1947 1338 1978 omnium
1363 1948 1566 1978 conservator
1587 1948 1617 1976 et
1641 1945 1804 1977 solidatio?

1023 2002 1116 2033 Hunc
1131 2002 1363 2039 desideramus,
1379 2001 1467 2031 hunc
1485 2000 1675 2040 quaerimus.
1692 1999 1715 2031 Ο
1732 1999 1806 2030 dul-

1023 2058 1161 2096 cissime,
1178 2066 1197 2087 o
1213 2055 1433 2087 amantissime
1452 2064 1532 2095 puer
1552 2056 1682 2093 aeterne,
1703 2054 1808 2085 infans

1023 2111 1171 2151 antique,
1197 2109 1327 2151 quando
1349 2111 1379 2140 te
1401 2108 1598 2147 videbimus,
1624 2107 1753 2148 quando
1778 2109 1808 2138 te

1023 2163 1239 2202 inveniemuS,
1256 2163 1384 2204 quando
1405 2164 1478 2192 ante
1502 2162 1616 2192 faciem
1637 2164 1727 2192 tuam
1751 2171 1808 2201 ap—

1025 2219 1230 2259 parebimus?
1245 2217 1353 2248 Taedet
1373 2216 1515 2256 gaudere
1531 2216 1599 2246 sine
1613 2217 1657 2253 te;
1675 2215 1809 2246 delectat

1026 2262 1169 2313 gaudere
1184 2274 1302 2309 tecum,
1323 2273 1354 2302 et
1368 2271 1445 2301 flere
1461 2272 1578 2301 tecum.
1601 2269 1701 2301 Omne
1722 2269 1808 2309 quod

1026 2328 1084 2359 tibi
1110 2330 1156 2357 est
1185 2326 1375 2362 adversum,
1406 2324 1498 2355 nobis
1525 2326 1571 2355 est
1597 2324 1768 2354 molestum
1797 2332 1805 2354 :

1027 2385 1121 2413 tuum
1138 2379 1373 2420 beneplacitum
1391 2381 1437 2409 est
1454 2380 1602 2409 nostrum
1623 2377 1808 2408 iudeficiens

1028 2436 1186 2476 gaudium
1201 2436 1230 2465 et
1244 2433 1450 2465 desiderium.
1471 2432 1494 2463 O
1518 2433 1543 2462 si
1566 2435 1629 2463 tam
1651 2431 1743 2462 dulce
1762 2433 1809 2462 est

1028 2490 1104 2521 ssere
1120 2489 1158 2519 de
1172 2490 1212 2527 te,
1230 2497 1327 2528 quam
1343 2487 1435 2518 dulce
1451 2486 1511 2517 erit
1533 2485 1675 2525 gaudere
1694 2485 1732 2516 de
1757 2485 1806 2515 tel

1028 2544 1087 2575 Ubi
1102 2552 1182 2583 ergo
1193 2552 1238 2580 os,
1251 2551 1347 2582 quem
1361 2541 1562 2582 quaerimus?
1580 2539 1636 2570 Ubi
1651 2548 1695 2578 eS,
1713 2547 1810 2579 quem

1028 2599 1059 2628 iu
1077 2597 1227 2628 omuibus
1238 2599 1270 2627 et
1291 2604 1357 2636 prae
1373 2594 1525 2626 omnibus
1545 2593 1766 2624 desideramus
1780 2591 1812 2623 et

1030 2652 1238 2683 affectamus?
1256 2650 1314 2681 Ubi
1336 2658 1380 2688 es,
1413 2648 1468 2688 qui
1494 2649 1587 2678 natus
1610 2656 1644 2678 es
1666 2646 1733 2677 Rex
1752 2646 1767 2677 J
1773 2656 1812 2677 u—

1032 2707 1190 2744 (laeorum,
1211 2704 1264 2735 lex
1283 2703 1491 2739 devotorum,
1517 2701 1584 2731 dux
1607 2701 1811 2739 miserorum,

1066 2771 1098 2799 (a)
1115 2769 1175 2793 Cret,
1192 2768 1251 2790 mm.
1269 2766 1371 2790 inentis.

1636 2812 1674 2840 210
