2029 3052
106 713 180 735 Eccle-

84 744 168 766 siarum

88 782 167 798 conse-

73 806 150 833 cratio,
160 807 181 828 et

75 837 181 864 mysteria

597 170 648 203 DE
671 169 933 203 DEDICATlONE
957 168 1164 201 ECCLESIAE.
1188 168 1321 201 SERMO
1345 169 1398 201 ΙΙΙ.

191 241 353 275 conspectu
373 238 453 268 illius
474 237 700 268 sanctificabunt
719 238 834 267 animas
849 245 917 266 suas
934 246 967 266 z»

192 288 220 315 et
236 286 294 315 hoc
313 293 367 323 per
387 293 479 323 opera
500 285 728 321 misericordiae,
750 285 822 322 quia
841 293 895 322 per
913 285 971 313 hoc

193 333 356 362 declinatur
374 333 462 362 timor
473 333 590 369 Judicii,
605 333 689 370 quod
702 333 756 361 erit
770 332 807 361 de
823 332 970 369 discepta-

193 380 272 409 tione
292 381 371 410 circa
395 388 487 417 opera
506 380 633 417 pietatis.
663 379 848 408 Santificatur
872 382 971 408 autem

193 427 294 456 anima
306 435 360 464 per
372 427 608 456 misericordiam
621 426 773 464 tripliciter
788 435 794 454 :
811 426 926 463 prImo,
948 426 972 453 si

193 473 331 511 proximo
351 474 442 502 corde
456 474 685 502 misericorditer
700 473 904 510 compatiaris;
927 482 973 501 se-

193 521 304 556 cundo,
316 521 338 549 si
350 529 401 549 ore
410 520 536 549 dulciter
547 521 707 550 consoleris
717 531 724 556 3
735 521 832 555 tertio,
845 521 868 548 si
882 528 973 557 opere

193 567 313 604 largiter
327 567 507 604 suffrageris.
524 568 594 597 {nde
609 570 661 603 est,
677 568 761 604 quod
773 568 804 596 in
816 568 912 604 figura
921 567 974 596 ho-

193 623 262 643 rum
282 615 382 651 trium,
401 616 455 644 tria
473 618 625 652 ponuntur
647 615 677 644 in
701 615 974 644 consecrationibus

195 662 385 690 ecclesiarum
394 671 402 698 3
418 662 519 690 oleum
531 682 538 695 ,
554 663 753 699 aspersorium
769 662 806 690 de
829 662 972 699 hyssopo,

195 711 223 738 et
235 709 413 738 balsamum.
430 709 563 737 Chrisma
577 709 667 745 enim,
689 717 750 746 quo
765 711 919 745 unguntur
934 709 976 737 al-

194 756 279 789 taria,
290 756 489 792 compositum
500 758 543 784 est
553 765 588 784 ex
597 756 663 784 oleo
678 756 859 784 etbalsamo.
871 756 975 785 Oleum

195 803 374 839 superfertur
389 802 500 831 caeteris
513 803 693 839 liquoribus,
709 803 849 840 pietatem
864 796 975 839 signifi-

195 859 276 884 canS,
298 858 364 887 quae
385 851 565 887 superfertur
589 851 699 879 caeteris
722 851 874 887 operibus,
905 851 976 887 quia

194 898 297 934 pietas,
314 898 481 926 secundum
502 897 678 934 Apostolum
695 898 715 933 ¹,
730 898 809 926 valet
826 898 856 925 in
878 898 975 926 omni-

195 944 262 972 bus.
284 945 434 981 Hyssopus
453 945 548 973 herba
566 945 696 977 humilis,
721 945 794 973 dum
821 945 900 973 valet
920 953 976 981 pro

196 993 326 1028 pectore,
353 993 429 1020 tollit
452 992 641 1029 asperitatem
656 1001 674 1021 a
688 993 803 1029 lingua,
820 993 976 1029 ignorante

196 1039 430 1068 misericordiam
450 1039 520 1075 oris,
541 1048 595 1076 per
615 1040 805 1068 dulcedinem
821 1040 975 1068 sermonis.

197 1086 375 1122 Balsamum,
399 1095 578 1115 conservans
599 1095 617 1114 a
638 1087 828 1122 corruptione
847 1095 975 1123 corpus,

196 1132 293 1169 signat
307 1133 483 1169 largitatem,
499 1141 567 1170 quae
588 1133 753 1162 declaratur
776 1142 829 1170 per
850 1135 977 1162 exterius

197 1188 283 1217 opus

232 1229 272 1256 De
291 1227 389 1263 primo
410 1228 518 1256 dicitur
537 1228 548 1244 2
569 1237 575 1255 :
600 1229 743 1264 «Moyses
765 1228 850 1257 unxit
876 1229 978 1257 omnia

196 1274 381 1303 tabernaculi
405 1282 491 1310 vasa,
517 1276 545 1302 et
568 1275 761 1303 sanctificavit
789 1283 824 1303 ea
848 1276 940 1304 oleo:
961 1286 974 1303 1>

197 1321 268 1357 quia
283 1322 323 1349 ad
338 1329 442 1349 omnes
457 1322 601 1358 patientes
611 1322 723 1350 utenda
730 1323 773 1350 est
784 1322 882 1350 cordis
897 1331 975 1350 com-

195 1367 305 1404 passio,
320 1370 352 1396 ut
364 1368 400 1396 sit
414 1368 521 1396 animae
535 1369 737 1397 sanctificatio.
755 1370 765 1387 ³
783 1370 926 1405 «sumpto
939 1369 976 1406 (α)

196 1415 343 1443 unctionis
359 1415 437 1450 oleo,
454 1423 547 1451 unges
563 1416 789 1444 tabernaculum
809 1425 877 1444 cum
900 1417 977 1445 vasis

198 1463 277 1497 suis,
306 1464 339 1490 ut
352 1463 552 1491 sanctificetur
571 1473 577 1491 :
594 1474 607 1490 v)
628 1464 699 1500 quia
713 1464 815 1492 omnia
840 1464 977 1492 membra

196 1509 313 1543 Christi,
330 1518 396 1546 quae
408 1510 543 1538 habitant
557 1511 588 1538 in
603 1511 796 1539 tabernaculo
811 1510 977 1547 frag-llitatis

195 1558 302 1585 nostrae
324 1557 363 1585 ad
384 1559 510 1593 tempus,
537 1558 648 1586 debent
669 1558 817 1586 excubare
841 1567 976 1595 compas-

195 1603 288 1632 sione.

231 1652 271 1679 De
286 1651 418 1679 secundo
432 1652 443 1669 ¹·
459 1661 466 1680 :
486 1661 499 1678 «
514 1653 554 1680 Da
569 1652 706 1687 verbum,
728 1653 862 1687 Domine,
879 1653 909 1681 in
925 1661 976 1682 ore

195 1705 277 1732 meo,
292 1698 364 1726 etin
386 1698 476 1726 corde
494 1707 562 1727 meo
579 1699 738 1727 consilium
757 1700 928 1733 corrobora,
946 1702 978 1728 ut

196 1744 304 1772 domus
318 1746 368 1772 tua
382 1744 413 1772 in
429 1745 660 1774 sanctificatione
673 1748 881 1782 permaneat.»
899 1748 978 1775 Sicut

196 1791 276 1819 enim
290 1791 393 1827 lingua
407 1792 487 1820 canis
503 1795 586 1820 curat
595 1793 806 1828 infirmitatem,
819 1794 859 1821 sic
874 1794 978 1830 lingua

196 1838 408 1866 consolationis
423 1839 541 1867 alleviat
555 1839 707 1867 infirmum
723 1842 894 1877 patientem.

234 1886 271 1912 De
288 1885 373 1913 tertio
386 1886 396 1901 ⁵
414 1895 419 1913 :
435 1895 448 1911 «
461 1887 550 1914 Erunt
563 1886 761 1922 negotiatores
773 1888 845 1923 ejus,
863 1891 890 1916 et
902 1896 977 1916 mer-

198 1931 287 1959 cedes
302 1933 365 1968 ejus
380 1932 566 1961 sanctificatae
582 1935 649 1961 Deo.
667 1944 679 1959 n
698 1934 800 1962 Glossa
811 1934 978 1963 interlinea-

196 1978 236 2006 ris
253 1988 259 2006 :
278 1988 292 2004 «
308 1979 391 2014 Dicit,
409 1981 481 2014 Deo;
499 1980 570 2016 quia
586 1981 669 2016 quod
681 1989 838 2016 erogamus
853 1982 977 2017 pauperi

195 2033 252 2061 pro
265 2026 393 2062 Christo,
405 2027 529 2055 facimus
538 2028 606 2055 Deo.
618 2037 630 2054 »
642 2027 723 2056 Unde
739 2028 762 2055 si
770 2028 907 2056 Martinus
920 2028 976 2056 sci-

195 2073 294 2108 visset,
321 2082 410 2110 quem
436 2074 567 2102 vestisset
587 2074 756 2111 chlamyde,
777 2083 866 2111 quem
890 2075 976 2103 dimi-

197 2121 242 2155 sit,
271 2122 356 2156 puto,
382 2121 466 2157 quod
481 2129 543 2149 non
572 2121 738 2157 dimisisset,
754 2122 810 2150 nisi
832 2123 978 2158 integram

197 2169 309 2195 vestem
345 2169 409 2204 ejus
436 2169 568 2197 humeris
590 2170 787 2206 imposuisset.
824 2172 907 2199 Forte
936 2172 979 2198 est

197 2214 334 2249 chrisma,
361 2215 408 2243 vel
440 2216 609 2244 balsamum
640 2217 727 2252 illud,
760 2218 843 2254 quod
871 2218 977 2246 dicitur

195 2261 360 2298 thymiama
384 2262 423 2290 ad
443 2263 705 2292 sanctificationem
722 2265 749 2292 ⁸:
776 2275 789 2290 «
805 2266 978 2302 Composuit

197 2310 225 2336 et
235 2309 335 2337 oleum
350 2308 389 2336 ad
405 2309 644 2338 sanctificationis
658 2313 856 2347 unguentum,
866 2314 894 2340 et
908 2313 975 2349 thy-

196 2356 308 2384 miama
323 2355 360 2384 de
375 2356 559 2384 aromatibus
577 2357 780 2387 mundissimis
795 2367 885 2395 opere
912 2360 976 2396 pig-

196 2403 342 2431 mentarii.
357 2413 370 2429 n

233 2450 380 2485 Secundo,
403 2449 631 2478 sanctificandus
651 2453 693 2479 est
716 2452 833 2488 spiritus
855 2460 907 2489 per
929 2461 975 2481 sa-

195 2497 348 2533 pientiam.
365 2496 462 2525 1nfusa
477 2497 555 2525 enim
571 2498 715 2533 sapientia
731 2499 856 2535 spiritui,
869 2500 976 2536 desipit

229 2571 237 2587 ¹
254 2571 262 2594 l
279 2571 352 2602 Tim.,
368 2577 402 2601 w,
417 2573 439 2595 8.
453 2584 484 2588 —
499 2571 508 2587 Ξ
523 2571 610 2601 levit„
627 2577 682 2602 vni,
701 2574 738 2596 11.
752 2586 781 2590 -
798 2573 807 2589 ³
821 2573 913 2605 Em„
931 2580 974 2604 xL,

196 2608 220 2631 9.
234 2619 265 2625 -
280 2606 290 2623 ³
303 2606 403 2636 Judith,
420 2612 460 2637 ix,
478 2608 516 2631 18.
527 2620 558 2625 -—
573 2608 583 2624 Β
596 2608 748 2637 Isa.‚xx111,
766 2610 803 2632 18.
815 2621 843 2626 -
862 2610 870 2625 θ
882 2609 975 2639 ΕςνοιΙ.,

196 2648 299 2673 xxxvu,
315 2644 354 2667 29.
370 2656 400 2660 —
420 2643 430 2659 ⁷
446 2643 464 2666 ΙΙ
485 2643 575 2673 Thess,
597 2649 630 2674 11,
650 2645 687 2667 12.
704 2656 734 2661 —
747 2644 757 2660 ¹⁵
775 2644 781 2667 Ι
802 2646 869 2674 Corn,
891 2651 913 2675 1,
935 2648 973 2668 50.

1750 171 1808 201 135

1027 245 1097 266 caro
1113 245 1131 266 a
1145 236 1257 266 carnali
1278 236 1420 274 appetitu.
1442 238 1480 265 De
1495 245 1556 274 qua
1577 236 1810 265 sanctificatione

1028 283 1098 312 dicit
1111 284 1269 321 Apostolus
1282 285 1303 320 ⁷,
1318 284 1402 322 quod
1420 283 1530 320 «elegit
1545 291 1600 312 nos
1615 285 1689 312 Deus
1703 283 1809 320 primi-

1028 331 1082 359 tias
1098 331 1128 359 in
1142 332 1279 366 salutem,
1299 332 1329 360 in
1342 331 1574 360 sanctificatione
1590 331 1721 368 spiritus,
1736 333 1765 359 et
1778 331 1810 359 in

1027 377 1088 406 fide
1102 379 1241 407 veritatis
1257 390 1271 406 »
1295 379 1375 408 Sicut
1397 379 1476 407 enim
1495 378 1668 415 praelibatur
1688 377 1810 413 vinum,

1028 427 1061 453 ut
1075 433 1110 453 eo
1126 427 1242 461 gustato
1253 426 1362 455 feratur
1371 426 1410 455 ad
1421 426 1548 461 dolium,
1564 426 1606 454 sic
1621 425 1760 454 immissis
1773 425 1810 462 (b)

1028 472 1165 508 primitiis
1183 473 1312 509 spiritus,
1328 474 1367 502 ad
1388 473 1516 510 patriam
1530 473 1700 510 frequenter
1715 472 1810 509 suspi-

1029 520 1075 547 rat
1093 519 1219 548 animus.
1241 522 1272 548 Et
1292 521 1437 557 quoniam
1456 521 1487 548 in
1507 520 1622 557 spiritu,
1646 519 1812 548 secundum

1029 567 1236 602 Augustinum,
1253 568 1296 595 est
1307 567 1442 604 superlor
1455 567 1554 604 portio
1569 567 1704 602 rationis,
1719 575 1813 604 quan-

1031 613 1070 642 do
1086 613 1126 641 ad
1141 615 1232 642 Deum
1247 615 1436 650 convertitur,
1453 615 1602 643 invenitur
1616 615 1692 643 ratio
1709 615 1812 651 imagi-

1030 660 1075 688 nis
1089 662 1236 696 quantum
1252 661 1292 690 ad
1306 661 1494 697 memoriam,
1510 662 1691 690 intellectum
1707 664 1734 690 et
1754 669 1810 690 vo-

1029 707 1173 735 luntatem
1186 717 1192 736 :
1208 708 1278 736 ideo
1288 709 1484 737 sanctificetur
1499 708 1619 745 spiritus
1636 708 1790 745 tripliciter
1805 718 1812 737 ε

1030 754 1141 790 primo,
1158 763 1226 783 cum
1248 755 1394 784 memoria
1411 757 1491 784 tenet
1511 756 1701 784 acerbitatem
1716 756 1814 784 Domi-

1032 801 1105 830 nicae
1119 802 1278 838 passionis3
1293 803 1437 837 secundo,
1455 811 1524 831 cum
1536 802 1715 831 intellectiva
1725 803 1815 831 habet

1031 848 1184 877 veritatem
1199 857 1268 877 cum
1279 849 1437 878 sobrietate
1452 858 1529 878 verae
1545 849 1739 885 cognitionis3
1758 852 1815 878 ter-

1032 895 1083 930 tio,
1100 904 1168 924 cum
1183 896 1334 924 voluntate
1350 899 1426 925 tenet
1441 897 1621 925 soliditatem
1636 897 1814 925 dilectionis.

1070 944 1107 971 De
1127 943 1224 979 primo
1239 944 1271 971 ⁸:
1295 954 1305 969 «
1322 945 1362 972 Ex
1383 944 1449 980 ipso
1474 952 1528 972 vos
1555 944 1622 972 estis
1648 944 1677 972 in
1702 944 1815 972 Christo

1032 991 1109 1024 Jesu,
1127 990 1177 1026 qui
1203 990 1295 1018 fuctus
1317 992 1359 1018 est
1382 991 1468 1018 nobis
1492 991 1636 1027 sapientia
1661 1000 1678 1019 a
1703 992 1774 1026 Deo,
1789 992 1818 1019 et

1032 1037 1155 1072 justitia,
1180 1039 1208 1065 et
1226 1037 1431 1073 sanctificatio,
1452 1040 1480 1066 et
1499 1038 1676 1074 redemptio.
1699 1049 1713 1064 »
1730 1038 1817 1072 Quod

1033 1085 1129 1112 totum
1153 1084 1278 1120 exponit
1301 1084 1469 1112 Bernardus
1494 1085 1531 1113 de
1554 1086 1715 1121 passione:
1744 1085 1818 1114 sicut

1034 1131 1113 1158 enim
1124 1139 1177 1167 per
1192 1131 1368 1166 sanguinem
1379 1131 1526 1167 passionis
1541 1132 1644 1160 Christi
1655 1133 1819 1160 sanctifica-

1033 1180 1080 1206 tus
1103 1179 1146 1205 est
1168 1178 1298 1205 mundus
1321 1178 1359 1206 ab
1374 1178 1516 1214 originali
1540 1181 1673 1215 peccato,
1700 1179 1741 1207 sic
1765 1188 1818 1215 per

1033 1225 1209 1253 memoriam
1226 1225 1372 1261 passionis
1388 1227 1451 1261 ejus
1476 1226 1675 1254 sanctificatur
1694 1227 1820 1263 quilibet

1033 1271 1213 1300 Christianus
1229 1272 1267 1300 ab
1285 1273 1405 1300 actuali.
1422 1273 1453 1298 ⁹«
1465 1274 1564 1300 Petrus
1579 1273 1737 1309 Apostolus
1752 1275 1819 1301 Jcsu

1034 1319 1148 1354 Christi,
1168 1319 1278 1354 electis,
1288 1319 1424 1354 advenis,
1432 1330 1444 1346 n
1460 1321 1527 1354 etc,
1544 1320 1729 1348 «secundum
1743 1329 1820 1357 prae·

1033 1366 1186 1394 scientiam
1202 1366 1250 1394 Dei
1266 1366 1358 1394 Patris
1369 1367 1399 1394 in
1411 1366 1675 1395 sanctificationem
1689 1367 1820 1403 spiritus,

1032 1413 1063 1441 in
1079 1413 1292 1449 obedientiam,
1316 1415 1343 1441 et
1361 1414 1564 1450 aspersionem
1587 1414 1740 1449 sanguinis
1755 1415 1822 1442 Jesu

1034 1461 1149 1496 Christi,
1179 1461 1273 1496 gra-tia
1302 1461 1401 1496 vobis,
1432 1463 1459 1489 et
1481 1469 1542 1497 pax
1568 1461 1789 1497 multiplicetur.
1805 1472 1819 1487 u

1033 1508 1053 1526 ¹⁰
1066 1519 1079 1534 (ι
1095 1509 1122 1536 Si
1138 1508 1218 1536 enim
1236 1508 1357 1543 sanguis
1374 1511 1528 1536 taurorum
1546 1518 1559 1534 >³
1583 1508 1777 1536 sanctificavit
1791 1509 1822 1536 in

1033 1555 1122 1583 veteri
1135 1555 1212 1591 lege,
1228 1557 1355 1591 «quanto
1366 1555 1462 1590 magis
1474 1555 1594 1590 sanguis
1605 1555 1708 1583 Christi
1719 1563 1822 1583 emun—

1033 1602 1084 1630 dat
1096 1602 1291 1630 conscientias
1306 1605 1424 1630 nostras
1440 1601 1479 1629 ab
1496 1601 1638 1638 operibus
1652 1602 1795 1630 mortuis?
1805 1614 1817 1628 »

1033 1651 1156 1686 Propter
1179 1649 1236 1677 hoc
1251 1649 1330 1677 enim
1345 1649 1476 1677 Christus
1490 1650 1509 1666 ¹¹
1532 1659 1545 1675 «
1560 1649 1752 1685 semetipsum
1767 1651 1822 1677 tra-

1033 1697 1109 1724 didit
1126 1704 1181 1732 pro
1207 1696 1334 1724 Ecclesia
1356 1704 1420 1730 sua⁷
1443 1695 1593 1723 mundans
1615 1703 1682 1723 eam
1701 1696 1822 1724 lavacro

1033 1752 1118 1779 aquae
1134 1744 1164 1771 in
1180 1743 1274 1771 verbo
1291 1743 1369 1771 vitae.
1386 1754 1396 1769 »
1414 1744 1543 1771 Lavacro
1554 1751 1638 1779 aquae
1648 1743 1746 1770 fluxus
1758 1751 1823 1778 gra-

1032 1791 1078 1819 tiae
1094 1790 1240 1826 signatur,
1258 1790 1309 1826 qui
1323 1790 1460 1826 procedit
1471 1790 1507 1818 de
1519 1790 1616 1818 Verbo
1629 1791 1780 1818 incarnato
1797 1793 1825 1819 et

1032 1846 1132 1874 passo,
1153 1838 1277 1874 quando
1294 1845 1348 1873 per
1364 1837 1541 1865 memoriam
1557 1837 1630 1865 vivit
1646 1838 1676 1865 in
1692 1839 1800 1865 mente.

1069 1888 1107 1914 De
1126 1885 1260 1913 secundo
1278 1884 1298 1904 1²
1315 1895 1321 1913 :
1344 1887 1462 1913 «Panes
1485 1893 1606 1921 quoque
1629 1886 1681 1922 qui
1705 1888 1773 1913 sunt
1793 1886 1823 1914 in

1034 1933 1175 1967 canistro,
1195 1932 1225 1959 in
1243 1931 1390 1960 vestibulo
1406 1932 1589 1959 tabernaculi
1605 1932 1762 1960 testimonii
1776 1941 1824 1960 co-

1032 1979 1165 2014 medent,
1182 1981 1215 2007 ut
1231 1979 1267 2006 sit
1280 1979 1430 2015 placabile
1447 1979 1638 2014 sacrificium,
1655 1981 1683 2007 et
1696 1979 1824 2007 sanctifi-

1034 2029 1136 2055 centur
1147 2027 1335 2055 offerentium
1351 2035 1468 2054 manus.
1488 2037 1501 2053 ι)
1519 2029 1603 2054 Panes
1619 2027 1779 2055 duodecim
1794 2029 1824 2055 in

1032 2078 1152 2103 canistro
1168 2096 1176 2110 ,
1198 2077 1265 2102 sunt
1289 2074 1451 2102 duodecim
1472 2075 1586 2102 articuli
1604 2075 1675 2103 fidei
1692 2075 1722 2103 in
1734 2075 1824 2104 corde

1032 2123 1168 2151 humano
1182 2131 1187 2150 :
1202 2122 1253 2158 qui
1265 2123 1332 2149 sunt
1343 2123 1371 2148 in
1388 2122 1519 2149 vestibulo
1529 2122 1696 2150 tabernaculi
1706 2124 1824 2150 testimo-

1032 2172 1086 2205 nii,
1106 2169 1177 2206 quia
1203 2170 1413 2205 proponuntur
1429 2164 1551 2196 cuilibet
1571 2168 1653 2196 fideli
1670 2178 1675 2196 :
1699 2173 1728 2196 ut
1745 2177 1822 2197 sonc-

1036 2219 1174 2252 tificentur
1206 2217 1377 2250 offerentium
1407 2223 1502 2242 manus
1513 2238 1522 2248 ,
1550 2216 1621 2252 quia
1649 2218 1718 2244 tunc
1747 2216 1822 2244 fides

1036 2263 1212 2297 sanctificat,
1226 2270 1294 2290 cum
1310 2262 1454 2298 probatur
1469 2270 1522 2298 per
1538 2270 1622 2298 opus.

1072 2312 1110 2338 De
1127 2310 1211 2338 tertio
1227 2310 1266 2335 ¹³:
1285 2309 1401 2344 «Elegit
1415 2317 1470 2337 nos
1485 2310 1550 2338 ante
1566 2310 1670 2337 mundi
1686 2310 1822 2338 constitu-

1036 2359 1159 2392 tionem,
1175 2359 1208 2384 ut
1220 2364 1353 2385 essemus
1369 2356 1460 2384 sancti
1473 2359 1500 2384 et
1509 2357 1691 2385 immaculati
1707 2357 1736 2384 in
1752 2365 1822 2385 con—

1036 2407 1137 2441 spectu
1153 2404 1215 2439 ejus
1235 2403 1266 2431 in
1280 2403 1430 2431 charitate.
1447 2413 1460 2429 n
1480 2405 1511 2430 Et
1525 2406 1606 2438 nota,
1627 2403 1710 2439 quod
1725 2404 1755 2431 in
1770 2412 1820 2432 eo-

1035 2460 1102 2479 rum
1126 2451 1221 2486 figura
1248 2450 1303 2478 tria
1326 2452 1517 2486 apponuntur
1538 2450 1567 2477 in
1590 2450 1820 2478 sanctificatione

1033 2541 1063 2546 —-
1092 2528 1102 2544 ⁹
1131 2529 1136 2551 l
1168 2528 1248 2556 Petr„
1279 2533 1300 2558 ι,
1327 2528 1376 2550 1-2.
1402 2540 1432 2544 -
1458 2527 1476 2542 ¹⁰
1500 2526 1584 2555 Heba-⁴,
1614 2532 1652 2556 ix,
1683 2528 1765 2550 13-14,
1789 2539 1819 2544 -

1036 2565 1055 2581 ¹¹
1073 2564 1177 2595 Ephes..
1194 2569 1218 2594 ν,
1234 2565 1304 2587 26.-
1315 2563 1331 2577 ¹²
1347 2562 1438 2591 Emori„
1454 2568 1527 2592 xxix,
1544 2564 1668 2586 32-33.-
1680 2563 1700 2579 1³
1718 2562 1818 2596 Ephes„

1032 2606 1037 2623 1
1065 2601 1086 2624 4.

1043 2618 1049 2630 7
1069 2646 1101 2674 (η)
1126 2643 1197 2675 Vuly.
1215 2645 1361 2674 Assumptzji,
1378 2657 1407 2661 —
1425 2643 1455 2671 (lt)
1475 2643 1535 2667 θαι.
1552 2642 1612 2666 erm.
1630 2642 1654 2667 in
1670 2642 1762 2668 missis.
