2060 3052
36 1291 116 1310 Exem-

9 1320 53 1348 pla.

45 1900 122 1920 Exem-

33 1939 46 1959 p
52 1930 106 1950 lum.

51 2557 129 2578 Exem-

25 2587 94 2614 plum.

573 274 623 306 DE
644 273 724 306 UNO
747 273 780 306 S.
803 267 1066 306 CONFESSORE.
1089 273 1222 307 SERMO
1244 275 1283 306 ll.

123 343 194 373 dicit
207 345 325 373 Petrus¹
339 352 345 372 :
367 341 592 372 «Humiliamini
607 341 663 370 sub
678 341 791 378 potenti
806 348 898 369 manu

124 391 171 419 Dei
179 401 187 426 ;
204 402 216 416 n
243 391 328 428 quasi
349 390 429 419 dicat
451 399 459 419 :
483 389 510 418 Si
534 389 654 418 humilis
675 388 779 424 fuerit,
807 389 898 416 Deum

124 438 329 466 auxiliatorem
343 436 476 471 habebit,
493 444 554 473 quo
573 436 656 464 fortis
680 435 744 470 erit,
766 435 899 471 nihilque

124 485 249 513 timebit.
261 485 272 502 ¹
289 494 302 510 α
315 484 488 513 custodiens
500 483 643 520 parvulos
662 482 803 511 Dominus
821 491 827 510 :
844 481 900 510 hu-

125 531 253 560 miliatus
268 539 344 566 sum,
360 533 388 559 et
405 531 544 560 liberavit
565 538 648 558 me.»
672 530 742 564 Qus
757 529 853 565 decipi
868 528 901 556 ti-

125 580 214 613 meat,
229 579 253 607 si
274 586 374 607 secum
393 578 502 606 habeat
526 577 627 606 omnia
651 577 810 605 scientem?
832 576 901 610 Quis

125 624 290 659 violentari‚
306 625 329 653 si
345 633 444 654 secum
456 625 565 653 habeat
579 624 837 660 omnipotentem?

161 673 281 707 Quarto,
302 671 452 700 humilitas
466 674 509 700 est
524 671 675 699 bonorum
695 670 830 698 omnium
852 678 902 698 cu-

126 717 275 754 stoditiva,
285 720 313 747 et
322 719 524 747 conservativa
534 727 540 746 ;
551 718 632 754 quia,
641 717 712 745 dicit
719 717 902 752 Gregorius³,

130 774 143 790 «
157 765 211 799 Qui
225 765 288 794 sine
302 765 466 794 humilitate
481 765 602 793 virtutes
622 767 797 800 congregat,
819 764 903 800 quasi

125 811 279 848 pulverem
289 812 320 840 in
334 815 456 840 ventum
468 814 575 849 portat.
585 821 598 837 ι)
618 813 724 839 Parum
739 819 846 838 aurum
862 810 904 838 di-

125 857 199 894 ligit,
215 859 267 895 qui
281 858 353 887 illud
368 859 534 888 latronibus
549 858 690 894 exponit;
708 865 762 885 nec
777 857 904 885 multum

127 907 280 940 argentum
305 907 400 940 amat,
423 906 475 942 qui
498 905 529 934 in
550 905 672 942 publico
693 903 768 932 illud
794 905 903 940 portat.

126 952 197 980 Vere
217 952 387 989 deproedari
411 952 569 987 desiderat,
593 951 644 988 qui
667 951 836 979 thesaurum
851 971 859 985 ‚
881 950 904 977 si

126 998 244 1034 habeat,
260 1007 322 1027 non
335 999 479 1035 occultat;
495 999 636 1037 maxime,
652 998 675 1026 si
695 1006 763 1025 cum
782 997 905 1025 latroni-

128 1045 184 1073 bus
207 1045 298 1074 vadit.
323 1046 368 1074 Sic
394 1047 422 1074 et
445 1045 628 1082 spiritualem
648 1045 819 1073 thesaurum
844 1051 905 1071 non

129 1086 221 1127 amat,
232 1092 256 1120 si
271 1092 358 1120 istum
372 1093 410 1120 ab
432 1092 570 1120 humanis
586 1091 679 1120 oculis
692 1099 753 1119 non
767 1091 904 1119 occultat.

128 1137 185 1167 Sed
199 1138 349 1167 humilitas
364 1141 406 1167 est
423 1139 517 1168 virtus
534 1139 616 1167 bona
637 1138 746 1172 celans,
762 1145 905 1174 apparere

128 1193 190 1213 non
203 1193 325 1214 amans:
342 1194 433 1222 quare
447 1186 539 1215 virtus
554 1187 633 1214 recta
647 1187 698 1220 est,
716 1193 783 1221 quoe
804 1184 906 1213 omnia

129 1231 210 1260 bona
222 1235 386 1268 conservat,
401 1241 439 1260 ue
459 1241 512 1269 per
532 1241 641 1260 vanam
656 1231 783 1267 gloriam
799 1239 906 1259 evane-

130 1281 222 1308 scant.
238 1279 266 1308 Si
279 1279 403 1308 formica
417 1280 500 1307 novit
513 1280 569 1308 sub
583 1281 661 1307 terra
680 1287 734 1306 sua
753 1286 846 1314 grana
861 1285 906 1305 ce-

130 1325 207 1361 lare,
229 1326 252 1354 si
267 1335 338 1363 apes
359 1335 413 1354 sua
432 1326 523 1354 mella
544 1328 691 1354 noverunt
711 1325 906 1359 abscondere,

130 1381 230 1401 nonne
250 1373 343 1402 homo
363 1374 471 1410 probat
489 1381 520 1401 se
535 1374 656 1401 stultum
678 1380 751 1407 esse,
776 1372 828 1408 qui
846 1372 907 1399 the-

131 1428 253 1448 saurum
266 1421 497 1455 nobilissimum,
512 1428 572 1456 quo
588 1421 693 1448 emitur
707 1427 834 1454 regnum
852 1427 907 1446 coe-

131 1466 241 1501 lorum,
255 1467 380 1502 negligit
393 1467 552 1501 occultare,
563 1469 589 1494 et
601 1475 656 1502 pro
668 1466 752 1493 vanis
767 1465 908 1493 laudibus

133 1521 194 1541 non
213 1515 296 1541 curat
312 1513 396 1541 illum
410 1514 564 1542 amittere?
576 1515 650 1548 Ergo
661 1513 742 1541 bona
757 1514 800 1540 est
817 1512 908 1539 virtus

132 1559 292 1594 humilitas,
304 1568 370 1596 qum
382 1561 482 1588 omnia
493 1560 575 1588 bona
589 1559 733 1596 acquisita
744 1559 906 1586 conservat.

133 1607 244 1634 Inutilis
267 1609 295 1634 et
315 1614 440 1642 poenosa
461 1606 590 1634 thesauri
608 1605 780 1642 acquisitio,
802 1605 825 1632 si
847 1612 909 1632 non

134 1653 209 1681 adsit
223 1653 416 1681 conservatio.
441 1653 593 1681 Humilitas
613 1661 683 1688 ergo
706 1653 808 1680 omnia
828 1652 910 1680 bona

134 1700 279 1735 custodit,
308 1700 378 1736 quia
402 1708 437 1729 ea
460 1700 616 1736 evaporari
644 1708 705 1727 non
729 1699 807 1728 sinit.
837 1701 910 1727 Nam

134 1750 245 1783 quanto
269 1747 384 1783 aliquid
408 1755 468 1775 suae
495 1747 623 1783 propriae
645 1747 745 1774 virtuti
769 1747 910 1774 remotius

135 1797 187 1830 est,
202 1796 283 1822 tanto
304 1795 400 1830 magis
423 1796 466 1822 est
479 1787 723 1830 evaporat1vum3
750 1795 778 1821 et
799 1795 910 1829 quanto

135 1841 258 1869 vicinius
279 1843 331 1875 est,
345 1843 426 1868 tanto
446 1841 540 1876 magis
553 1841 632 1868 illius
646 1840 761 1868 virtutis
780 1842 822 1868 est
844 1849 911 1868 con-

135 1888 323 1915 servativum.
347 1887 522 1923 Exemplum
546 1887 582 1914 de
605 1887 676 1914 vino
690 1908 698 1921 ,
723 1887 806 1923 quod
829 1887 912 1915 citius

135 1934 272 1962 virtutem
286 1933 394 1969 perdit,
410 1933 433 1961 si
449 1933 581 1961 clausum
593 1933 623 1960 in
638 1941 706 1961 vase
720 1941 781 1960 non
794 1934 912 1967 steterit,

136 1981 189 2008 sed
204 1980 359 2017 evaporari
381 1980 496 2016 poterit.
521 1980 658 2008 Similiter
677 1982 810 2008 aromata
826 1980 850 2007 si
875 1983 914 2008 te-

136 2029 261 2055 neantur
275 2034 386 2063 aperta,
397 2027 526 2063 perdunt
539 2027 689 2060 virtutem,
701 2029 728 2054 et
739 2027 911 2054 efficaciam.

136 2074 272 2102 Similiter
287 2074 364 2109 ignis
385 2074 442 2101 cito
467 2074 664 2109 extinguitur,
689 2073 744 2101 nisi
766 2074 914 2102 cineribus

137 2120 335 2156 cooperiatur.
356 2123 432 2156 Ergo
446 2121 538 2148 homo
561 2121 617 2148 cito
638 2121 738 2148 omnia
752 2121 833 2148 bona
847 2129 914 2157 per-

139 2167 191 2202 dit,
211 2167 268 2195 nisi
289 2175 325 2195 ea
351 2167 406 2195 sub
427 2167 601 2194 humilitatis
623 2167 719 2194 cinere
744 2168 894 2202 cooperiat
906 2177 913 2202 3

139 2215 180 2242 sic
192 2215 271 2242 enim
284 2223 338 2251 per
351 2215 517 2242 humanam
528 2215 648 2242 laudem
660 2223 834 2242 evanescere
848 2223 915 2250 pos-

139 2264 212 2289 sent.
229 2263 299 2289 ltem
313 2261 463 2290 humilitas
478 2261 578 2289 omnia
593 2262 674 2289 bona
694 2262 830 2295 custodit,
846 2262 917 2297 quia

141 2308 252 2343 omnia,
268 2316 334 2344 quae
353 2308 431 2343 facit,
448 2310 506 2336 Deo
522 2309 670 2336 adscribit.
691 2310 724 2336 Et
740 2309 812 2336 dum
826 2309 917 2336 virtu—

141 2358 200 2384 tem
220 2363 238 2384 a
260 2355 437 2391 principiato
459 2355 498 2382 ad
521 2355 703 2392 principium
723 2356 847 2390 reducit,
869 2356 918 2384 vel

141 2403 237 2430 redire
252 2402 331 2436 facit,
345 2402 440 2438 ipsam
455 2401 523 2429 facit
533 2402 684 2430 fortiorem
702 2412 708 2430 :
730 2411 800 2430 nam
821 2402 917 2430 omnis

143 2449 253 2484 virtus,
277 2449 400 2485 quando
426 2457 443 2476 a
469 2448 646 2485 principiato
667 2450 776 2477 recedit
798 2450 836 2477 ad
865 2458 919 2478 sua

144 2496 299 2532 principia,
314 2498 476 2523 revertetur
491 2504 508 2523 a
522 2495 674 2531 principiis
690 2496 729 2523 ad
743 2497 920 2532 principiata

146 2550 214 2570 eum
225 2542 332 2578 majori
347 2542 487 2570 efficacia.
502 2541 677 2577 Exemplum
690 2542 727 2570 de
742 2543 845 2578 spiritu
858 2544 920 2571 aui-

145 2588 228 2623 mali,
243 2591 271 2616 et
285 2589 382 2616 calore
395 2589 533 2624 naturali,
551 2597 616 2625 quae
630 2589 661 2616 in
676 2597 780 2617 somno
795 2590 920 2618 redeunt

146 2643 164 2663 a
177 2635 331 2670 membris,
347 2644 413 2672 quae
429 2637 496 2663 sunt
507 2635 693 2672 principiata,
711 2636 750 2663 ad
769 2639 919 2665 emuncto—

181 2736 185 2749 ¹
212 2736 218 2758 l
244 2735 322 2765 Pelva,
342 2742 367 2765 v,
390 2736 413 2758 6.
434 2747 463 2752 -
486 2735 495 2751 ²
521 2734 586 2759 Psal.
610 2741 660 2765 etv,
681 2737 704 2759 6.
722 2749 751 2754 -—
773 2736 781 2750 ³
803 2737 921 2767 Gregor„

1691 279 1730 309 67

951 341 1005 377 ria,
1021 350 1088 378 quae
1102 344 1170 371 sunt
1184 331 1328 380 principia
1341 352 1348 371 :
1363 342 1460 372 soluto
1472 351 1590 379 somn0‚
1604 343 1731 373 redeunt

952 387 1074 417 fortiora
1095 389 1134 417 atl
1159 390 1304 418 membra.
1330 390 1506 427 Exemplum
1527 392 1569 418 est
1587 390 1675 419 etiam
1701 391 1731 419 in

952 433 1028 462 fabri
1043 436 1156 471 prunis,
1173 437 1283 473 quibus
1294 437 1420 473 aspersis
1435 437 1554 466 modica
1568 446 1659 474 aqua,
1674 437 1733 466 vir-

954 483 1013 510 tute
1031 490 1135 510 eorum
1158 483 1279 511 interius
1298 484 1461 520 resraenata,
1478 487 1506 513 et
1518 484 1557 513 ad
1571 493 1625 512 sua
1647 485 1733 522 prin-

955 528 979 556 ci
985 528 1033 564 pia
1048 529 1189 558 interiora
1200 531 1332 566 reducta,
1349 532 1452 560 fortius
1466 534 1570 568 postea
1584 532 1734 567 egreditur

955 577 1046 604 extra.
1062 577 1125 604 llaec
1140 579 1182 605 est
1196 578 1270 606 ratio
1281 578 1381 613 ctiam,
1393 587 1485 615 quare
1499 579 1656 615 scriptores
1667 581 1733 607 ante

955 631 986 651 se
1006 625 1105 651 tenent
1126 624 1258 660 specula,
1281 625 1390 661 quibus
1409 633 1439 653 se
1462 626 1623 662 respiciunt
1640 635 1646 654 ε
1663 626 1735 662 quia

954 669 1049 698 visiva
1063 670 1166 706 virtus,
1189 679 1255 707 quae
1273 679 1308 699 ex
1328 673 1448 708 aspectu
1472 673 1622 709 scripturae
1642 673 1734 701 conti-

956 725 1014 745 nue
1028 717 1176 754 fatigatur,
1194 719 1268 747 dum
1283 728 1337 756 per
1356 722 1507 756 aspectum
1526 721 1681 757 speculum
1697 721 1736 749 ad

957 772 1044 792 suum
1066 764 1176 793 fontem
1198 767 1362 802 revertitur,
1388 767 1427 795 ad
1451 767 1614 795 videndum
1634 767 1737 796 fortius

957 812 1227 847 reparatunpnde
1253 814 1355 842 omnia
1377 813 1512 848 flumina,
1537 822 1603 850 quoe
1627 822 1645 842 a
1663 815 1738 842 mari

957 858 1104 894 recipiunt
1118 867 1239 895 aquam,
1256 860 1329 888 dum
1343 868 1409 889 eam
1424 861 1455 888 in
1470 869 1550 889 mare
1564 860 1738 895 refundunt,

958 913 1074 941 semper
1093 907 1267 935 renovando
1283 908 1442 944 accipiunt.
1463 910 1527 936 Haec
1543 916 1614 944 ergo
1637 908 1739 936 omnia

959 950 1115 980 intendens
1127 953 1230 988 David,
1242 954 1373 990 seipsum
1386 955 1616 988 condemnabat,
1628 955 1738 991 despici

959 998 1091 1034 volebat,
1108 1001 1135 1027 et
1150 1000 1268 1028 dicebat
1282 1001 1369 1029 uxori
1388 1010 1459 1036 suae,
1475 1010 1542 1038 quae
1561 1009 1630 1030 eum
1644 1002 1740 1030 nuda-

960 1047 1023 1072 tum
1045 1054 1146 1074 coram
1167 1055 1235 1076 arca
1257 1048 1372 1076 Domini
1393 1049 1509 1077 viderat
1523 1050 1534 1067 ⁴
1551 1058 1557 1077 :
1587 1059 1600 1074 «
1615 1049 1738 1084 Ludam‚

961 1094 989 1120 et
1003 1092 1090 1121 vilior
1105 1093 1187 1128 fiam,
1200 1094 1361 1131 plusquam
1372 1095 1464 1123 factus
1477 1104 1544 1124 sum
1560 1105 1567 1124 :
1584 1097 1611 1123 et
1623 1104 1674 1124 ero
1689 1096 1742 1124 hu-

960 1139 1039 1166 milis
1059 1139 1088 1167 in
1111 1140 1205 1168 oculis
1225 1141 1307 1169 meis.
1326 1153 1337 1166 υ
1357 1143 1470 1170 Revera
1492 1143 1572 1170 enim
1594 1142 1674 1176 Saul,
1690 1143 1741 1179 qui

961 1185 1124 1222 aliquando
1140 1188 1269 1222 optimus
1283 1188 1348 1223 fuit,
1363 1189 1392 1216 in
1410 1189 1551 1225 superbia
1566 1189 1659 1217 elatus
1672 1197 1741 1217 eva-

961 1233 1041 1268 nuit;
1066 1235 1093 1261 et
1110 1234 1219 1269 David,
1240 1235 1311 1270 quia
1331 1235 1451 1263 humilis
1470 1237 1547 1272 erat,
1572 1244 1689 1272 semper
1703 1236 1742 1264 ad

961 1279 1076 1315 majora
1091 1281 1236 1315 provexit.

998 1327 1115 1361 Quinto,
1131 1327 1282 1356 humilitas
1297 1330 1339 1356 est
1353 1328 1398 1356 sui
1413 1329 1592 1364 possessoris
1607 1329 1743 1358 consola-

962 1373 1030 1401 tiva.
1044 1374 1124 1402 Unde
1140 1374 1266 1402 dicitur⁵
1280 1383 1286 1401 :
1308 1386 1320 1399 κ
1331 1377 1524 1411 Expectemus
1538 1376 1666 1404 humiles
1677 1385 1744 1405 con-

963 1420 1138 1448 solationem
1153 1422 1225 1456 eJ‘us.
1242 1431 1256 1447 ›>
1276 1423 1308 1449 Et
1319 1423 1329 1438 ⁶
1347 1431 1354 1449 ε
1374 1422 1450 1456 «Qui
1465 1422 1635 1451 consolatur
1649 1423 1745 1451 humi-

962 1466 1017 1501 les,
1030 1468 1198 1495 consolatus
1209 1470 1250 1495 est
1263 1470 1291 1495 et
1301 1476 1366 1496 n05.
1382 1480 1394 1493 »
1409 1469 1492 1496 Ratio
1502 1469 1589 1504 hujus
1601 1472 1653 1504 est,
1663 1470 1743 1506 quia,

964 1514 987 1541 si
1002 1522 1094 1541 unum
1111 1515 1317 1550 oppositorum
1332 1515 1419 1543 fuerit
1435 1516 1602 1544 afflictionis
1619 1517 1744 1544 causati-

952 1569 1046 1595 >vum,
1066 1561 1215 1597 reliquum
1231 1563 1285 1589 erit
1308 1562 1518 1590 consolationis
1538 1563 1744 1590 inductivum:

965 1609 992 1635 et
1003 1610 1113 1643 quanto
1129 1616 1183 1636 suo
1195 1609 1344 1636 contrario
1356 1609 1459 1637 fortius
1483 1610 1654 1646 opponitur,
1665 1611 1745 1637 tanto

966 1662 1019 1690 per
1048 1654 1147 1690 ipsum
1181 1655 1310 1691 amplior
1345 1656 1508 1683 consolatio
1541 1656 1745 1684 introducitur.

966 1701 1141 1737 Exemplum
1155 1703 1197 1729 est
1208 1702 1238 1729 in
1250 1702 1371 1737 morbo,
1388 1705 1415 1730 et
1429 1702 1578 1731 medicina
1588 1703 1629 1730 illi
1642 1703 1747 1731 morbo

967 1748 1105 1783 opposita
1123 1757 1129 1775 ε
1147 1748 1219 1784 quia
1243 1749 1319 1776 sicut
1338 1749 1462 1777 morbus
1485 1752 1527 1777 est
1546 1758 1635 1777 causa
1659 1749 1748 1777 afflic-

966 1795 1065 1830 tionis,
1082 1796 1121 1823 ita
1136 1796 1287 1824 medicina
1304 1797 1515 1825 consolationis
1532 1807 1538 1825 z
1555 1799 1582 1825 et
1597 1799 1676 1825 tauto
1687 1806 1750 1826 ma-

968 1844 1022 1878 gis,
1047 1845 1159 1879 quanto
1185 1845 1350 1879 opponitur
1369 1844 1526 1880 perfectius
1551 1844 1669 1872 morbo.
1693 1845 1749 1872 Sed

968 1890 1107 1926 superbia
1127 1892 1169 1917 est
1187 1890 1216 1917 in
1232 1891 1320 1917 nobis
1348 1899 1437 1918 causa
1457 1890 1553 1918 omnis
1572 1890 1749 1924 afflictionis,

969 1936 1039 1971 quia
1052 1937 1166 1972 primus
1182 1945 1294 1972 parens
1304 1945 1358 1973 per
1369 1945 1435 1965 eam
1447 1937 1566 1971 corruit,
1582 1939 1610 1965 et
1623 1945 1678 1964 nos
1686 1945 1750 1964 om-

968 1991 1020 2010 nes
1034 1983 1065 2010 in
1080 1983 1274 2011 afflictionem
1296 1984 1431 2012 induxit:
1449 1992 1521 2019 ergo
1540 1984 1689 2012 humilitas
1710 1987 1751 2012 est

970 2037 1059 2057 causa
1075 2030 1171 2057 omnis
1187 2031 1408 2058 consolationis.
1431 2032 1500 2058 Item
1523 2032 1751 2066 quantumcum-

971 2084 1029 2112 que
1043 2084 1097 2112 per
1114 2076 1243 2112 aliquod
1259 2077 1401 2105 nocivum
1416 2077 1540 2112 alicujus
1553 2080 1660 2105 natura
1672 2077 1751 2104 laedi-

970 2124 1027 2157 tur,
1043 2125 1112 2151 tunc
1135 2132 1205 2151 suus
1221 2126 1301 2151 actus
1316 2124 1429 2159 primus
1443 2123 1646 2151 nobilissimus
1663 2124 1687 2151 ei
1703 2131 1752 2151 au-

970 2169 1072 2204 fertur,
1088 2173 1114 2198 et
1137 2178 1198 2198 non
1220 2171 1276 2197 nisi
1297 2179 1350 2206 per
1371 2170 1451 2197 illius
1473 2170 1572 2198 nocivi
1587 2170 1751 2206 oppositio-

971 2225 1052 2250 nem,
1066 2217 1109 2244 illi
1133 2217 1304 2244 restituitur.
1329 2217 1504 2253 Exemplum
1528 2217 1565 2244 de
1585 2217 1683 2252 oculo,
1704 2217 1753 2244 vel

976 2264 1035 2291 alio
1051 2264 1186 2291 membro
1203 2264 1284 2297 laeso,
1300 2266 1327 2291 et
1341 2264 1378 2291 de
1392 2263 1541 2291 medicina
1551 2264 1592 2291 illi
1604 2264 1751 2299 membro,

973 2310 1020 2337 vel
1035 2310 1150 2338 laesioni
1162 2311 1310 2346 opposita,
1324 2311 1490 2339 restituente
1503 2311 1590 2338 oculo
1602 2311 1710 2345 visum,
1727 2314 1754 2338 et

973 2357 1101 2392 pedibus
1119 2365 1265 2392 gressum.
1281 2357 1337 2385 Sed
1352 2357 1484 2385 humana
1498 2360 1603 2385 natura
1620 2358 1674 2384 fuit
1687 2357 1752 2384 vul-

975 2406 1076 2431 nerata
1088 2412 1141 2440 per
1151 2405 1334 2440 superbiam,
1350 2407 1376 2432 et
1390 2405 1520 2441 perdidit
1533 2405 1754 2432 nobilissimum

975 2459 1063 2478 suum
1079 2454 1188 2484 actum,
1204 2451 1314 2478 scilicet
1328 2451 1435 2478 divince
1455 2451 1664 2487 degustationis
1689 2451 1754 2478 dul-

977 2498 1122 2532 cedinem,
1146 2498 1205 2525 sive
1228 2498 1374 2525 internam
1397 2498 1632 2525 consolationem
1651 2507 1657 2525 :
1683 2506 1753 2533 ergo

976 2553 1029 2580 per
1044 2545 1243 2572 humilitatem
1258 2545 1365 2580 reperit
1384 2544 1479 2580 ipsam
1498 2544 1644 2580 perditam
1659 2545 1754 2572 delec-

975 2593 1127 2619 tationem.

1014 2639 1114 2672 Sexto,
1137 2638 1287 2666 humilitas
1313 2640 1356 2665 est
1375 2638 1420 2665 sui
1443 2638 1566 2673 subjecti
1588 2639 1753 2667 exaltative..

980 2702 1086 2732 Explan.
1112 2707 1150 2731 111,
1173 2701 1244 2725 Psal.
1266 2701 1367 2730 Pontis„
1383 2707 1409 2724 n.
1430 2701 1453 2724 3.
1471 2714 1500 2717 ——
1527 2702 1531 2714 ¹
1549 2702 1566 2725 ll
1584 2702 1650 2732 Κεφ,
1665 2707 1700 2732 Vl,
1715 2703 1753 2725 22.

979 2751 1009 2755 —
1028 2738 1038 2754 ⁵
1052 2737 1149 2767 Juditlz,
1172 2743 1232 2766 vm,
1248 2738 1286 2760 20.
1306 2749 1334 2754 -—
1355 2739 1363 2749 ¹*
1386 2736 1406 2759 ll
1424 2736 1555 2767 C01·.,v11,
1570 2739 1593 2761 6.

1790 1713 1868 1733 Exem-

1763 1744 1832 1770 plum.
