2029 3052
840 257 969 289 CAPUT
991 257 1042 289 lx.

136 326 254 359 tatione
272 325 453 358 multimodi
475 324 603 365 generis
625 325 748 364 avium,
764 334 862 366 quam
877 325 910 355 in

137 382 233 412 cantu
246 380 389 419 falconis,
412 388 485 411 cum
511 379 564 411 Dei
578 378 733 418 laudator,
751 380 781 410 et
795 378 909 416 cultor,

137 435 251 475 pennis
263 433 535 474 contemplationis
549 433 730 470 subvectus,
743 434 819 463 tunc
831 432 912 463 soret

138 487 201 519 illic
214 487 410 528 apparitione
420 486 585 527 seraphica
597 486 829 518 sublimandus.
846 484 912 516 Μο-

138 549 208 572 ram
223 550 260 572 eo
284 541 415 572 faciente
436 543 577 581 tempore
592 540 731 580 quodam
746 539 780 570 in
794 538 909 570 eremi-

138 594 219 626 torio
233 594 344 633 Grecii,
361 594 421 626 loci
436 594 520 626 illius
538 594 700 634 indigenae
718 594 809 625 malis
824 592 911 625 mul-

139 648 298 689 tiplicibus
320 649 530 681 vexabantur.
548 648 627 680 Nam
647 651 678 680 et
694 649 844 690 luporum
859 657 910 679 ra-

139 702 266 742 pacium
281 702 461 741 multitudo,
484 711 548 734 non
569 702 673 733 solum
694 702 799 740 bruta,
814 701 867 733 sed
882 703 913 732 et

139 754 285 786 homines
294 756 511 794 consumebat,
529 757 559 786 et
573 755 697 795 grando
711 764 820 786 annua
835 758 913 787 tem-

140 810 256 849 pestate
270 808 364 840 blada
377 810 408 839 et
423 809 532 840 vineas
547 809 741 840 devastabat.
758 809 839 840 Dum
854 809 914 849 igi-

140 863 193 893 tur
205 862 250 893 sic
262 862 384 893 asffictis
401 871 506 903 praeco
520 863 599 894 sacri
614 862 781 902 Evangelii
798 863 914 903 praedi-

140 917 236 954 caret,
250 915 329 947 dixit
343 915 382 954 ad
397 924 450 947 eos
469 926 476 946 :
494 916 541 947 Ad
556 916 721 955 honorem,
739 919 769 948 et
787 916 914 948 laudem

142 970 195 1001 Dei
223 969 449 1010 omnipotentis
462 993 472 1008 ,
504 969 663 1009 fidejubeo
692 970 796 1008 vohis,
829 970 915 1011 quod

143 1022 320 1064 pestilentia
354 1023 423 1054 haec
443 1023 546 1054 omnis
568 1023 732 1062 abscedet;
758 1025 789 1055 et
815 1024 914 1064 respi-

143 1077 227 1108 ciens
242 1086 299 1109 vos
314 1077 463 1108 Dominus
477 1077 695 1117 multiplicabit
710 1077 743 1108 in
761 1079 916 1118 tempora-

143 1130 227 1162 libus
240 1131 342 1168 bonis,
357 1131 395 1168 si,
413 1130 492 1161 mihi
508 1130 681 1169 credentes,
699 1130 916 1161 misereamini

143 1185 251 1224 vestri,
267 1187 303 1216 ut
321 1194 396 1216 vera
410 1184 605 1216 consessione
620 1184 786 1225 praemissa
800 1184 917 1224 dignos

143 1238 264 1269 facialis
277 1238 471 1279 poenitentiae
493 1238 625 1269 fructus.
649 1238 767 1268 lterum
783 1239 842 1269 boc
857 1247 916 1268 an-

143 1292 256 1324 nuntio
280 1292 380 1331 vobis,
410 1292 495 1332 quod
519 1292 545 1322 si
566 1292 726 1322 beneficiis
743 1291 862 1331 ingrati
879 1291 918 1323 ad

144 1345 302 1377 vomitum
317 1346 460 1377 conversi
478 1346 608 1384 fueritis,
632 1345 836 1377 innovabitur
850 1345 918 1385 pla-

145 1408 198 1438 ga,
215 1399 429 1439 duplicabitur
444 1408 548 1440 poena,
567 1401 597 1429 et
615 1399 728 1438 majori
749 1398 782 1429 in
798 1407 855 1430 vos
872 1399 919 1429 ira

144 1452 303 1484 desaeviet.
319 1452 368 1483 Ab
387 1453 440 1483 illa
463 1452 575 1492 utique
594 1452 674 1483 hora
697 1452 919 1492 poenitentiam

144 1506 183 1537 ad
212 1506 467 1538 exhortationem
502 1506 602 1546 ipsius
633 1505 806 1545 agentibus
835 1505 898 1536 illis
909 1529 917 1543 ‚

145 1560 348 1590 cessaverunt
358 1558 471 1597 clades,
482 1559 604 1599 periere
620 1558 770 1598 pericula,
785 1567 843 1589 nec
854 1567 919 1589 mo-

144 1612 243 1643 lestiae
255 1612 429 1652 quidquam
437 1612 504 1651 lupi
520 1611 657 1642 intulere
668 1611 718 1643 vel
733 1612 917 1651 grandines.

146 1665 224 1704 imo,
241 1665 328 1705 quod
348 1666 452 1705 majus
466 1666 524 1703 est,
541 1666 566 1695 si
589 1665 716 1705 quando
738 1665 919 1696 vicinorum

145 1728 223 1751 arva
249 1719 371 1759 grando
392 1719 589 1759 pervaderet,
614 1719 747 1749 istorum
775 1718 920 1749 terminis

145 1773 411 1813 appropinquans,
428 1772 658 1803 terminabatur
671 1772 800 1811 ibidem,
816 1774 871 1803 aut
887 1772 920 1803 in

145 1828 266 1866 partem
282 1826 377 1857 aliam
400 1826 586 1857 divertebat.
614 1825 752 1856 Cessavit
778 1825 917 1865 grando,

146 1879 357 1909 servaverunt
370 1879 401 1907 et
411 1877 477 1916 lupi
488 1877 667 1916 pactionem
682 1877 766 1908 servi
782 1877 847 1914 Dei,
863 1885 921 1907 nec

147 1935 257 1965 contra
270 1934 395 1974 pietatis
414 1933 522 1972 legem
538 1933 571 1963 in
593 1933 739 1963 homines
761 1933 800 1964 ad
822 1933 921 1972 pieta-

146 1989 211 2018 tem
233 1996 401 2018 conversos
422 1988 658 2018 attentaverunt
677 1986 814 2026 amplius
827 1986 922 2017 desae-

146 2039 226 2079 vire,
244 2040 398 2080 quamdiu
409 2041 503 2080 juxta
519 2040 701 2071 condictum
715 2042 824 2070 contra
840 2040 920 2079 piis—

147 2093 243 2124 simas
257 2093 311 2124 Dei
325 2093 412 2133 leges
427 2093 524 2133 impie
537 2102 603 2124 non
617 2095 766 2132 egerunt.
785 2092 838 2124 Pie
852 2093 917 2132 igi-

147 2149 200 2178 tur
214 2149 415 2179 sentiendum
430 2151 476 2179 est
485 2149 522 2180 de
535 2149 649 2189 pietate
662 2149 723 2179 viri
738 2149 832 2186 beati,
847 2157 920 2188 quae

148 2203 213 2231 tam
229 2202 319 2232 mirae
335 2202 509 2233 dulcedinis
524 2205 554 2233 et
569 2202 696 2233 virtutis
710 2202 781 2239 fuit,
808 2204 844 2233 ut
864 2202 920 2233 do-

149 2256 250 2285 maret
270 2255 395 2293 feroeia,
412 2255 630 2286 domesticaret
644 2255 811 2293 silvestria,
828 2264 920 2285 mau-

148 2308 239 2336 sueta
252 2306 387 2344 doceret,
404 2308 435 2337 et
448 2306 618 2337 brutorum
632 2310 781 2337 naturam
797 2306 921 2337 homini

145 2360 214 2398 jam
228 2359 315 2399 lapso
330 2359 481 2390 rebellem
498 2359 537 2390 ad
552 2359 601 2390 sui
611 2359 822 2390 obedientiam
836 2359 922 2390 incli-

149 2414 250 2444 naret.
268 2412 347 2445 Vere
361 2413 431 2443 haec
443 2414 501 2450 est,
522 2421 595 2452 quae
610 2415 739 2443 cunctas
759 2413 817 2443 sibi
834 2422 923 2443 crea-

150 2467 238 2497 turas
252 2467 469 2498 confoederans
482 2466 567 2498 valet
588 2466 627 2496 ad
642 2466 759 2504 onmia,
779 2468 922 2506 promis-

150 2520 271 2551 sionem
294 2520 412 2552 habens
431 2521 527 2559 victe,
545 2527 615 2559 quoe
635 2527 720 2551 nunc
736 2522 781 2551 est
793 2544 801 2558 ‚
817 2524 845 2552 et
867 2521 921 2559 fu-

152 2575 231 2604 turoe
246 2574 266 2604 ¹.

187 2742 194 2757 ¹
214 2741 220 2764 l
241 2741 311 2771 Tim„
330 2747 365 2772 1v,
380 2743 402 2766 S.
420 2756 446 2759 —
462 2743 472 2758 ἓ
487 2742 569 2773 Cani„
586 2749 603 2772 Ι,
619 2744 658 2766 12.

1684 268 1742 299 323

1241 384 1384 419 CAPUT
1406 386 1464 419 IX.

1004 462 1040 489 De
1058 463 1163 495 fervore
1181 464 1343 500 charitatis,
1364 468 1389 494 et
1411 466 1546 495 desiderio
1564 471 1706 504 martyrii.

1008 539 1199 572 Charitatem
1217 543 1402 583 ferventem,
1420 554 1483 586 qua
1494 545 1607 586 Sponsi
1623 547 1745 579 amicus

970 592 992 623 F
994 593 1153 625 ranciscus
1168 596 1309 636 ardebat,
1327 598 1399 638 quis
1414 608 1564 631 enarrare
1587 602 1745 633 susssciat‘l

969 645 1066 678 Totus
1080 657 1231 690 namque,
1243 651 1334 690 quasi
1346 652 1476 692 quidam
1496 654 1591 685 carbo
1611 655 1744 695 ignitus,

969 700 1069 732 divini
1095 703 1213 734 amoris
1228 704 1358 736 flamma
1381 706 1550 738 videbatur
1565 709 1745 750 absorptus.

970 754 1081 786 Subito
1094 756 1180 788 enim
1194 758 1234 788 ad
1246 759 1391 790 auditum
1404 761 1523 792 amoris
1534 762 1658 794 Domini
1667 764 1749 795 exci-

970 809 1106 848 tabatur,
1133 811 1339 852 afficiebatur,
1367 813 1638 855 inflammabatur,
1656 817 1748 857 quasi

971 862 1088 902 plectro
1103 864 1187 895 vocis
1202 866 1390 898 extrinsecae
1410 867 1529 899 chorda
1542 870 1645 900 cordis
1664 870 1749 901 inte-

971 915 1037 946 rior
1051 917 1247 956 tangeretur.
1265 919 1373 951 Talem
1390 930 1447 961 pro
1460 921 1669 963 eleemosynis
1680 932 1749 954 cen—

971 977 1043 999 sum
1055 969 1181 1009 offerre,
1191 971 1330 1003 nobilem
1347 974 1604 1014 prodigalitatem
1614 976 1748 1015 dicebat,

972 1024 1003 1053 et
1018 1031 1081 1061 cOS,
1100 1024 1156 1064 qui
1172 1025 1279 1056 minus
1294 1026 1399 1066 ipsum
1415 1037 1512 1067 quam
1536 1029 1682 1061 denarios
1696 1040 1750 1062 re-

972 1078 1130 1116 putarent,
1147 1087 1215 1109 csse
1231 1079 1445 1119 stultissimos,
1468 1090 1526 1121 pro
1546 1091 1583 1113 eo
1598 1083 1682 1123 quod
1697 1093 1748 1115 so-

972 1128 1034 1159 lius
1057 1130 1157 1161 divini
1181 1133 1300 1163 amoris
1325 1133 1533 1173 impretiabile
1557 1136 1694 1176 pretium
1710 1137 1750 1169 ad

973 1191 1112 1222 regnum
1140 1185 1293 1216 coelorum
1324 1188 1459 1218 sufficiat
1487 1191 1748 1230 comparandum,

973 1237 1004 1266 et
1020 1237 1100 1275 ejsss,
1116 1238 1171 1277 qui
1189 1248 1246 1270 nos
1258 1240 1395 1271 multum
1409 1243 1540 1281 amavit,
1557 1243 1695 1275 multum
1711 1244 1752 1275 sit

973 1299 1064 1321 amor
1078 1292 1244 1323 amandus.
1262 1293 1300 1324 Ut
1314 1296 1422 1325 autem
1437 1305 1478 1326 ex
1498 1297 1649 1328 omnibus
1664 1298 1749 1329 cxci-

974 1345 1094 1374 taretur
1119 1345 1157 1375 ad
1181 1355 1325 1378 amorem
1351 1348 1510 1387 divinum,
1535 1350 1700 1382 exultabat
1714 1351 1749 1382 in

974 1397 1096 1428 cunctis
1116 1399 1267 1439 operibus
1292 1409 1449 1432 manuum
1474 1403 1615 1442 Domini,
1641 1406 1673 1435 et
1695 1413 1752 1445 per

971 1451 1179 1490 jucunditatis
1196 1453 1323 1493 specula
1342 1455 1375 1485 in
1391 1455 1552 1487 vivificam
1574 1466 1750 1497 consurge-

975 1505 1027 1535 bat
1041 1506 1197 1537 rationem
1208 1509 1238 1538 et
1248 1517 1388 1540 causam.
1406 1509 1621 1542 Contuebatur
1635 1512 1669 1542 in
1683 1512 1752 1552 pul-

975 1558 1059 1589 chris
1078 1559 1343 1600 pulcherrimum,
1361 1565 1391 1593 et
1410 1572 1466 1603 per
1486 1564 1640 1604 impressa
1654 1566 1752 1597 rebus

974 1612 1131 1652 vestigia,
1159 1616 1411 1655 prosequebatur
1437 1617 1557 1657 ubique
1587 1619 1749 1658 dilectum,

975 1665 1013 1695 de
1036 1666 1187 1697 omnibus
1207 1668 1266 1698 sibi
1281 1669 1398 1700 scalam
1423 1670 1550 1710 faciens,
1577 1681 1632 1711 per
1654 1682 1752 1712 quam

975 1720 1197 1751 conscenderet
1212 1721 1252 1752 ad
1272 1723 1574 1762 apprehendendum
1593 1735 1680 1764 eum,
1696 1727 1752 1767 qui

975 1775 1022 1803 est
1037 1773 1252 1805 desiderabilis
1266 1777 1362 1807 totus.
1380 1776 1532 1809 inauditae
1548 1788 1687 1819 namque
1702 1780 1753 1811 de-

976 1827 1115 1857 votionis
1138 1827 1264 1866 affectu,
1292 1829 1444 1860 fontalem
1471 1831 1557 1861 illam
1576 1832 1751 1864 bonitatem

976 1880 1009 1910 in
1031 1881 1183 1911 creaturis
1205 1882 1361 1921 singulis,
1385 1885 1538 1923 tanquam
1561 1885 1593 1915 in
1617 1886 1729 1917 rivulis
1743 1911 1750 1925 ,

976 1933 1174 1972 degustabat,
1201 1936 1232 1965 et
1259 1936 1350 1975 quasi
1379 1937 1535 1968 coelestem
1563 1941 1751 1970 concentum

976 1987 1150 2027 perciperet
1174 1988 1208 2018 in
1231 1990 1437 2021 consonantia
1459 1991 1618 2022 virtutum
1645 1995 1676 2023 et
1698 2002 1751 2023 ac-

976 2042 1070 2071 tuum
1092 2041 1137 2071 eis
1153 2041 1299 2072 datorum
1322 2051 1341 2073 a
1360 2043 1434 2081 Deo,
1454 2044 1539 2084 ipsas
1561 2045 1600 2076 ad
1622 2045 1750 2077 laudem

976 2093 1111 2131 Domini,
1128 2103 1216 2125 more
1231 2095 1395 2135 prophetae
1409 2096 1518 2135 David,
1533 2098 1666 2129 dulciter
1681 2099 1752 2130 hor-

976 2147 1113 2178 tabatur.
1131 2148 1273 2178 Christus
1288 2148 1379 2179 Jesus
1399 2150 1571 2181 crucifixus
1586 2151 1669 2182 intra
1684 2161 1752 2183 suae

977 2201 1092 2231 mentis
1106 2201 1216 2239 ubera,
1234 2204 1269 2233 ut
1288 2202 1432 2241 myrrhae
1446 2203 1617 2235 fasciculus
1632 2205 1652 2243 ²,
1667 2206 1752 2244 jugi-

977 2256 1023 2285 ter
1039 2255 1235 2292 morabatur,
1257 2254 1291 2284 in
1312 2263 1407 2294 quern
1429 2256 1557 2295 optabat
1572 2266 1628 2297 per
1643 2267 1752 2289 exces-

977 2307 1037 2337 sivi
1048 2308 1165 2338 amoris
1175 2307 1357 2338 incendium
1369 2309 1506 2339 totaliter
1519 2311 1750 2342 transformari.

978 2361 1197 2400 Praerogativa
1223 2370 1350 2401 quoque
1379 2362 1545 2401 peculiaris
1574 2364 1752 2395 devotionis

978 2415 1017 2446 ad
1036 2415 1153 2454 ipsum,
1166 2415 1205 2444 ab
1222 2414 1407 2454 Epiphaniae
1419 2415 1497 2447 festo
1513 2426 1613 2456 usque
1626 2418 1665 2448 ad
1681 2427 1753 2449 con-

978 2469 1083 2499 tinuos
1098 2468 1312 2507 quadraginta
1325 2468 1403 2508 dieS,
1422 2478 1459 2499 eo
1470 2469 1586 2500 scilicet
1596 2472 1750 2511 tempore,

978 2531 1042 2562 quo
1058 2521 1199 2552 Christus
1215 2521 1307 2552 latuit
1321 2522 1354 2552 in
1369 2522 1502 2561 deserto,
1520 2523 1559 2553 ad
1575 2524 1753 2556 solitudinis
1788 2556 1791 2558 ,

978 2575 1047 2606 loca
1074 2575 1245 2613 declinans,
1274 2575 1414 2615 cellaque
1442 2575 1601 2615 reclusus,
1634 2580 1754 2617 quanta

979 2631 1101 2669 poterat
1116 2629 1303 2660 arctitudine
1326 2630 1387 2660 cibi
1402 2631 1432 2660 et
1447 2632 1552 2670 potus,
1575 2632 1707 2671 jejuniis
1723 2635 1755 2663 et

979 2682 1186 2720 orationibus,
1204 2685 1234 2713 et
1258 2683 1404 2713 laudibus
1421 2683 1486 2721 Dei,
1503 2684 1570 2715 sine
1593 2685 1752 2716 intermis-

980 2736 1067 2766 sione
1082 2736 1222 2767 vacabat.
1241 2736 1318 2766 Tam
1335 2736 1456 2767 fervido
1473 2738 1603 2776 quidem
1619 2739 1651 2769 in
1667 2740 1755 2770 Chri-
