2029 3052
463 319 822 375 LEGENDA
872 319 925 375 s,
974 320 1379 377 FRANCISCI
1409 309 1418 326 ¹

800 590 1072 628 ARGUMENTUM

663 673 718 709 (Ex
737 673 857 701 editione
884 673 1021 701 Vaticana
1040 679 1089 701 an.
1113 672 1206 709 1596.)

167 756 252 791 Cum
267 755 329 789 hoc
345 755 452 801 (quod
468 754 635 800 superest)
653 754 741 787 inter
756 757 872 788 caetera
885 753 1123 799 complectatur
1137 765 1192 797 ea,
1207 765 1284 800 quae
1300 754 1341 788 ad
1362 755 1546 800 religiosos,
1573 767 1610 788 ac
1628 756 1744 801 praeci-

123 826 186 861 pue
195 813 236 848 ad
251 813 370 848 fratres
383 813 518 847 Ordinis
530 813 700 846 Minorum
715 816 875 858 spectant,
889 824 993 858 eaque
1004 813 1172 858 Opuscula
1187 817 1410 859 apponantur,
1427 825 1501 859 quae
1515 814 1604 848 idem
1616 814 1743 848 Auctor

121 873 162 907 ad
180 872 432 907 instructionem
447 872 589 905 fratrum
607 871 660 905 sui
681 871 828 914 Ordinis,
854 875 887 905 et
911 871 952 905 ad
977 871 1171 905 eorumdem
1192 872 1418 906 defensionem
1444 872 1648 918 composuit;
1674 884 1742 906 non

121 931 179 965 abs
194 943 228 965 re
243 931 354 965 visum
368 934 415 964 est
429 930 465 964 in
479 930 641 975 principio
656 930 816 964 collocare
830 929 1051 975 Opusculum,
1068 930 1158 975 quod
1177 930 1332 974 Legenda
1346 931 1381 965 S.
1407 931 1573 965 Francisci
1588 931 1741 965 inscribi—

122 994 189 1033 tur,
205 993 243 1023 ut
257 993 372 1023 auctor
389 993 436 1023 est
451 989 667 1032 Trithemius,
683 988 718 1022 in
733 1000 800 1034 quo
811 988 851 1022 de
866 989 936 1023 vita
954 988 989 1022 S.
1008 989 1032 1022 F
1033 989 1171 1022 rancisci
1189 1000 1248 1034 per
1270 989 1462 1034 quindecim
1480 990 1587 1035 capita
1600 991 1712 1034 agitur
1729 1016 1737 1032 ,

121 1052 153 1082 et
167 1051 278 1094 postea
292 1048 331 1082 de
347 1048 495 1093 ejusdem
511 1048 624 1082 Sancti
638 1047 820 1090 miraculis,
831 1050 869 1080 ut
884 1047 997 1081 videre
1014 1047 1090 1081 licet
1103 1047 1139 1081 in
1153 1048 1297 1092 Prologo
1311 1048 1416 1093 ipsius
1430 1048 1466 1083 S.
1479 1049 1737 1082 Bonaventurae.

119 1107 190 1140 Hoc
210 1111 322 1140 autem
347 1107 566 1152 Opusculum‚
583 1106 659 1140 lieet
674 1110 770 1140 antea
792 1110 885 1139 extra
904 1110 1010 1139 tomos
1030 1106 1277 1150 Opusculorum
1303 1110 1492 1150 vagaretur,
1520 1118 1610 1140 nunc
1631 1107 1740 1142 denuo

120 1165 198 1199 huic
209 1165 346 1199 editioni
361 1165 557 1211 adjunctum
573 1169 633 1208 est,
650 1169 815 1210 quantum
830 1164 905 1198 fieri
919 1164 1040 1210 potuit,
1054 1176 1114 1198 suo
1130 1164 1269 1209 pristino
1284 1165 1385 1198 nitori
1400 1165 1590 1199 restitutum
1607 1177 1667 1211 ope
1682 1177 1740 1199 an-

119 1223 206 1269 tiqui
220 1224 418 1269 exemplaris
440 1223 511 1256 MS.
536 1235 576 1257 ex
589 1223 789 1256 bibliotheca
804 1222 1037 1265 lllustrissimi,
1054 1227 1085 1256 et
1095 1223 1375 1256 Reverendissimi
1389 1223 1429 1256 D.
1455 1223 1640 1257 Cardinalis
1656 1224 1739 1258 Ser-

119 1283 200 1316 nani
223 1294 263 1316 ex
284 1282 408 1316 Ordine
429 1282 599 1315 Minorum
613 1308 621 1324 ,
649 1281 703 1315 cui
727 1281 761 1315 S.
787 1282 1032 1316 Bonaventurae
1054 1281 1201 1327 Operum
1224 1282 1429 1316 edendorum
1456 1294 1476 1316 a
1495 1282 1590 1316 Sixto
1613 1282 1739 1322 Quinto

119 1341 280 1375 Pontifice
294 1341 440 1375 Maximo
454 1351 534 1374 cura
548 1340 722 1374 commissa
748 1344 820 1383 est,
847 1340 973 1385 quique
996 1351 1055 1385 pro
1080 1340 1268 1374 emittendis
1293 1340 1445 1374 virorum
1472 1341 1656 1374 illustrium
1685 1341 1738 1374 sui

120 1399 255 1434 Ordinis
268 1399 362 1433 libris
375 1399 491 1442 auctis,
508 1403 539 1432 et
555 1399 741 1445 illustratis,
758 1410 819 1433 nec
833 1399 940 1433 labori
955 1410 1015 1432 nec
1030 1399 1188 1444 impensis
1203 1399 1359 1444 pepercit.

782 1588 1073 1637 PROLOGUS

155 1714 315 1755 Apparuit
328 1714 434 1755 gratia
448 1714 503 1746 Dei
527 1714 699 1746 Salvatoris
713 1713 814 1745 nostri
829 1713 895 1744 die-

115 1769 176 1800 bus
190 1769 259 1800 istis
273 1769 458 1801 novissimis
477 1769 511 1799 in
530 1777 623 1800 servo
646 1777 705 1799 suo
731 1767 897 1798 Francisco

115 1823 266 1854 omnihus
283 1832 359 1854 vere
370 1822 562 1860 humilibus,
577 1825 607 1853 et
625 1824 741 1853 sanctae
756 1830 897 1862 pauper-

115 1877 188 1908 tatis
206 1877 327 1916 amicis,
349 1877 405 1918 qui
428 1877 712 1917 superaffluentem
734 1876 769 1906 in
784 1884 821 1906 eo
842 1875 897 1906 Dei

115 1931 367 1962 misericordiam
392 1933 594 1970 venerantes,
619 1930 719 1971 ipsius
740 1930 895 1961 erudiun-

114 1987 168 2016 tur
182 1985 341 2026 exemplo,
359 1986 567 2026 impietatem,
588 1988 619 2017 et
633 1985 798 2017 saecularia
812 1985 895 2016 desi-

115 2039 203 2070 deria
223 2039 366 2070 funditus
382 2039 560 2079 abnegare,
577 2039 700 2071 Christo
722 2039 897 2070 conformi-

115 2095 162 2123 ter
187 2093 318 2132 v'ivere,
348 2095 379 2125 et
407 2094 448 2124 ad
472 2094 598 2125 beatam
622 2103 711 2134 spem
742 2093 897 2124 desiderio

115 2146 271 2178 indefesso
295 2147 394 2179 sitire.
421 2147 457 2178 In
478 2148 584 2188 ipsum
605 2157 746 2188 namque
767 2150 802 2179 ut
821 2157 897 2179 vere

115 2200 360 2240 pauperculum,
376 2204 406 2232 et
425 2201 610 2240 contritum,
631 2203 719 2232 tanta
739 2201 822 2233 Deus
839 2211 896 2233 ex-

115 2253 219 2285 celsus
233 2254 441 2294 benignitatis
458 2255 723 2286 condescensione
742 2255 894 2295 respexit,

114 2308 200 2348 quod
215 2317 279 2339 non
296 2308 401 2339 solum
421 2308 460 2339 de
479 2309 653 2340 mundialis
679 2310 896 2341 conversatio-

115 2362 164 2392 nis
173 2361 307 2402 pulvere
318 2362 483 2393 suscitavit
498 2371 640 2402 egenum
653 2374 660 2401 ;
673 2373 788 2395 verum
799 2364 895 2395 etiam

115 2416 313 2455 evangelicae
343 2416 543 2456 perfectionis
573 2417 805 2457 professorem,
833 2418 893 2449 du-

115 2478 194 2508 cem,
219 2472 317 2511 atque
339 2479 521 2511 praeconem
541 2470 707 2509 effectum,
731 2471 765 2502 in
791 2471 895 2502 lucem

146 2580 153 2596 ¹
181 2580 221 2609 Cf.
244 2581 310 2605 Edit.
326 2582 419 2611 Varie„
438 2589 480 2607 an.
504 2583 571 2612 1596,
588 2583 650 2606 toni.
668 2582 723 2612 vu,
746 2589 804 2613 pag.
827 2584 891 2613 2953

116 2614 176 2638 edit.
194 2616 310 2646 Lugdun.
325 2624 366 2641 an.
383 2620 451 2649 1647,
468 2620 529 2642 tom.
548 2619 578 2647 Η,
590 2625 648 2648 pag.
660 2619 721 2648 2843
734 2618 889 2643 editNeuet.

116 2657 158 2674 on.
176 2652 245 2681 1754,
259 2654 321 2675 tom.
341 2654 369 2683 V,
383 2661 439 2685 pag.
456 2655 542 2677 4Ῑ8.-
559 2654 671 2683 ²12'ccl1„
687 2660 710 2683 L,
722 2655 744 2678 6,
759 2667 788 2671 —-
804 2655 812 2668 ³
825 2655 892 2685 Luc„

117 2692 140 2718 1,
157 2688 195 2711 79.
210 2700 239 2705 ——
255 2688 265 2704 ⁴
278 2689 370 2719 Eccli.‚
384 2696 408 2721 L,
421 2693 445 2715 ὃ.
463 2704 488 2707 -
505 2691 515 2707 ¹⁵
529 2690 598 2719 Luc„
617 2696 634 2721 1,
650 2691 688 2714 76.

952 1711 1039 1743 dedit
1065 1711 1264 1742 credentium
1292 1721 1299 1742 z
1324 1712 1361 1741 ut
1384 1710 1605 1741 testimonium
1629 1710 1738 1751 perhi-

954 1766 1059 1797 bendo
1083 1766 1121 1796 de
1145 1765 1285 1804 lumine,
1312 1765 1399 1796 viam
1425 1765 1507 1796 lucis
1532 1767 1563 1796 et
1586 1766 1671 1805 pacis
1700 1767 1739 1797 ad

953 1820 1049 1851 corda
1076 1819 1220 1850 fidelium
1257 1819 1392 1850 Domino
1430 1821 1636 1859 praepararet.
1681 1819 1739 1851 Hic

954 1874 1071 1904 etenim
1084 1898 1091 1910 ‚
1138 1873 1233 1913 quasi
1271 1872 1365 1904 stella
1402 1873 1566 1904 matutina
1598 1873 1635 1905 in
1671 1882 1738 1905 me-

954 1927 1009 1959 dio
1037 1926 1198 1963 nebzcloe²‚
1235 1926 1328 1957 claris
1362 1926 1438 1958 vitae
1464 1926 1587 1957 micans
1608 1928 1640 1957 et
1662 1927 1736 1958 doc-

953 1981 1048 2012 trinae
1070 1980 1270 2020 fulgoribus,
1297 1979 1442 2012 sedentes
1469 1980 1506 2011 in
1530 1980 1684 2019 tenebr2'8‚
1710 1984 1740 2014 et

954 2035 1067 2066 umbra
1089 2034 1203 2066 mortis
1220 2033 1241 2063 ³.
1258 2033 1461 2064 irradiatione
1480 2034 1672 2074 praefulgida
1689 2035 1737 2066 di-

953 2089 1037 2120 rexit
1052 2089 1086 2119 in
1101 2088 1217 2126 lucem,
1236 2090 1267 2118 et
1284 2091 1442 2127 tanquam
1463 2096 1558 2120 arcus
1578 2088 1739 2129 refulqens

953 2143 1040 2175 incer
1055 2142 1189 2174 nebulas
1206 2141 1317 2182 qlorioe
1330 2141 1351 2179 ⁴,
1368 2141 1500 2180 signum
1522 2141 1555 2172 in
1577 2151 1610 2173 se
1634 2142 1737 2173 domi-

952 2197 1015 2228 nici
1030 2196 1157 2228 foederis
1169 2197 1415 2235 repraesentans,
1429 2204 1539 2234 pacem
1555 2197 1586 2226 et
1600 2196 1738 2227 salutem

952 2250 1187 2291 evangelizavit
1212 2248 1420 2287 hominnm,
1450 2249 1591 2280 existens
1615 2252 1647 2280 et
1670 2250 1739 2290 ipse

952 2304 1089 2344 angelus
1105 2312 1192 2334 verae
1209 2302 1314 2342 pacis,
1336 2302 1514 2333 secundum
1530 2303 1737 2334 imitatorium

951 2367 1082 2399 quoque
1104 2355 1349 2387 similitudinem
1369 2355 1579 2387 Praecursoris
1599 2357 1737 2387 destina-

952 2414 1004 2443 tus
1013 2421 1032 2442 a
1047 2412 1109 2442 Deo
1116 2434 1127 2449 ,
1138 2412 1174 2440 ut
1185 2411 1275 2442 viam
1286 2417 1410 2449 parans
1421 2409 1430 2425 ⁵
1445 2410 1479 2440 in
1489 2410 1613 2441 deserto
1622 2410 1735 2440 altissi-

952 2475 1013 2496 mae
1034 2463 1248 2505 paupertatis,
1268 2464 1334 2493 tam
1355 2463 1503 2503 exemplo
1518 2473 1618 2503 quam
1637 2464 1737 2495 verbo

951 2518 1171 2561 poenitentiam
1190 2517 1380 2558 praedicaret
1399 2528 1405 2548 :
1423 2517 1566 2557 primum
1587 2527 1736 2557 supernae

952 2575 1067 2615 gratiae
1082 2574 1270 2613 praeventus
1291 2572 1392 2611 donis,
1411 2572 1526 2603 dehinc
1542 2573 1670 2603 virtutis
1685 2573 1735 2604 in-

951 2629 1044 2659 victae
1069 2627 1222 2657 adauctus
1248 2626 1381 2663 meritis⁷
1408 2626 1585 2666 prophetali
1607 2636 1737 2667 quoque

951 2682 1091 2723 repletus
1104 2680 1232 2721 spiritu,
1250 2689 1375 2711 necnon
1389 2682 1421 2711 et
1441 2680 1588 2719 angelico
1602 2681 1735 2722 deputa-
