1955 3021
143 257 212 282 xxu

141 316 254 358 utpote
266 314 428 348 codicibus
441 321 519 346 mss.
539 314 572 346 et
593 310 789 344 editionibus
808 310 886 343 satis
899 310 1076 350 munitum,
1101 318 1227 344 necnon
1246 309 1385 344 testibus
1407 309 1563 344 Ubertino
1583 310 1625 344 de
1646 311 1760 354 (lunii,

141 375 295 410 Michaele
307 374 346 408 de
361 373 499 414 Caesena,
514 370 677 405 chronicis
695 371 735 402 15
753 379 790 402 ac
804 369 902 402 etiam
922 371 964 402 24
987 369 1204 409 Generalium.
1222 369 1460 403 Bartholomaeo
1482 369 1611 411 Pisano,
1637 372 1670 404 et
1691 371 1765 406 aliis

142 434 363 474 certioratum,
378 432 562 475 pariterque
571 430 612 463 ah
626 429 818 462 adversariis
829 428 917 461 haud
930 427 1042 462 minus
1054 437 1156 470 quam
1169 428 1355 471 praeeedens
1371 428 1551 462 &missum
1567 429 1660 464 velut
1678 430 1762 472 legi-

142 494 271 527 timum.
292 493 331 525 ln
351 501 390 525 eo
412 490 568 524 refellitur
586 488 833 522 Sanctamorani
853 487 976 521 vindex
999 487 1155 520 Geraldus
1175 487 1215 520 de
1233 487 1370 520 Abbatis
1387 486 1483 528 Villa,
1508 487 1615 521 dictus
1632 497 1764 532 quoque

143 552 297 594 Geroldus
303 575 314 592 ‚
329 550 488 590 Giroldus,
504 547 665 588 Giraldus,
677 546 842 587 eirardus,
854 546 1016 579 Gerardus
1028 548 1062 579 et
1075 546 1254 586 Guerodus,
1264 546 1322 588 qui
1335 555 1356 578 a
1369 545 1530 580 Gulielmo
1537 546 1667 590 Nangio
1679 548 1765 582 inter

141 612 324 653 Theologos
337 619 375 643 ea
388 609 577 650 tempestate
595 607 752 649 primores
770 605 922 638 laudatur
935 605 989 637 hic
1009 605 1117 638 verbis
1133 616 1171 638 :a
1195 605 1368 639 Florebant
1380 606 1443 639 hoc
1459 608 1605 649 tempore
1619 606 1766 641 parisius

142 671 288 712 insignes
301 668 460 709 Theologi
473 667 529 700 Fr.
543 666 684 699 Thomas
698 665 738 698 de
751 665 882 707 Aquino
897 664 1024 697 Ordinis
1042 663 1296 697 Praedieamrum
1309 666 1342 697 et
1355 663 1410 697 Fr.
1430 664 1660 698 Bonaventura
1672 664 1764 698 Ordi-

142 730 193 763 nis
203 729 378 768 Minorum,
387 729 484 770 atque
494 727 533 759 de
545 725 756 758 saecularibus
762 724 890 757 clericis
898 723 984 765 Mag.
995 723 1163 756 Guerodus
1172 723 1213 756 de
1221 723 1355 756 Abbatis
1363 722 1457 762 Villa,
1466 725 1498 756 et
1507 722 1594 765 Mag.
1607 722 1767 757 Robertus

143 789 183 822 de
196 788 354 827 Sorbona,
365 787 422 829 qui
434 785 604 819 Seholares
621 783 763 816 Parisius
781 783 906 825 primus
920 782 1085 815 coustituit
1094 782 1312 815 Sorbonenses
1321 783 1341 810 ¹·
1353 793 1368 812 »
1383 781 1473 816 circa
1481 782 1634 815 eumdem
1643 781 1766 816 Guero-

143 847 234 886 dum,
248 855 306 879 seu
315 845 499 885 (teramum,
513 844 572 876 abs
585 852 622 876 re
631 851 698 875 non
708 841 768 874 erit
776 841 849 874 heic
857 841 989 881 referre,
999 841 1086 883 quod
1095 841 1134 874 de
1143 850 1219 874 vere
1233 841 1360 883 insigni
1374 841 1516 883 theoloqo
1525 841 1766 882 Bonaventura,

143 906 278 948 eiusque
297 904 481 937 adversario
501 903 622 935 habent
635 901 791 934 Chronica
812 903 850 934 15
866 900 1092 940 Generalium;
1116 901 1296 943 praesertim
1311 910 1417 943 quum
1437 901 1514 933 hinc
1536 901 1644 942 majus
1657 903 1768 934 aucto-

143 964 247 997 ritatis
261 963 387 1006 pondus
402 962 530 995 accedat
545 961 713 994 Chronicis
727 964 767 994 24
782 962 987 994 Generalium
1003 962 1146 1004 idipsum
1161 962 1398 995 attestantibus.
1414 962 1517 995 Aiunt
1531 962 1635 1004 igitur
1655 973 1663 994 :
1684 973 1700 992 «i
1714 961 1768 995 Li-

143 1023 264 1056 bellum
289 1022 463 1064 quemdam
486 1021 795 1063 perniciosissimum
809 1046 818 1062 ,
843 1022 902 1064 qui
925 1021 1066 1054 creditur
1085 1021 1181 1054 fuisse
1201 1022 1290 1063 Mag.
1306 1022 1431 1055 Geroldi
1452 1022 1493 1054 de
1510 1022 1646 1054 Abbatis
1667 1021 1768 1063 Villa,

144 1092 202 1124 per
224 1082 415 1124 Apologiam
435 1081 577 1114 existens
602 1080 765 1113 Generalis
788 1081 943 1122 Magister
972 1083 1038 1113 tam
1059 1080 1236 1122 eleganter,
1261 1091 1361 1123 quam
1391 1081 1552 1114 subtiliter
1580 1081 1770 1115 confutavit.

144 1141 374 1174 Verumtamen
398 1141 465 1182 ipse
489 1140 645 1172 Geroldus
665 1140 854 1172 maledictus
878 1142 977 1178 tanta,
1002 1142 1039 1172 ut
1061 1140 1174 1178 fertur,
1197 1141 1309 1173 divina
1330 1140 1453 1173 ultione
1472 1140 1642 1182 perculsus
1655 1142 1714 1180 est,
1734 1141 1773 1172 ut

144 1200 285 1242 paralysi
298 1200 482 1239 dissolutus,
494 1202 526 1232 et
539 1200 628 1241 lepra
640 1209 805 1241 respersus
821 1199 965 1231 interiret
981 1210 988 1230 z
1006 1199 1194 1241 exemplum
1215 1199 1402 1242 relinquens
1417 1199 1580 1240 omnibus,
1600 1201 1637 1232 ut
1649 1199 1773 1232 discant

145 1259 254 1292 Jcsum
269 1268 403 1291 suorum
417 1268 485 1290 esse
501 1268 680 1300 pauperum
695 1259 908 1290 defensorem.
925 1270 939 1287 u

188 1318 313 1350 Geraldi
329 1318 456 1350 libellus
469 1319 552 1360 apud
568 1318 829 1350 Bonavcnturam
845 1319 854 1334 ³
871 1317 1036 1348 exorditur
1054 1329 1061 1348 ι
1081 1317 1220 1351 Tantum
1235 1317 1301 1350 sibe·
1315 1317 1580 1358 proesumptionis
1595 1325 1775 1358 assumpse-

147 1380 224 1410 runt
239 1377 374 1418 quidam
387 1378 541 1410 homines.
562 1377 604 1408 De
621 1387 686 1418 quo
701 1377 831 1418 quidem
842 1377 1041 1409 calumnioso
1053 1376 1158 1410 libello
1169 1376 1246 1409 dicit
1260 1377 1344 1409 idem
1360 1376 1597 1416 Bonaventura,
1609 1377 1696 1418 quod
1711 1389 1727 1407 α
1741 1377 1774 1408 in

148 1436 365 1469 defensionem
380 1436 466 1467 illius
480 1436 552 1467 libri
568 1436 705 1475 erronei,
722 1436 777 1477 qui
793 1437 837 1468 sic
853 1436 986 1477 incipit:
1006 1436 1087 1468 Ecce
1103 1435 1250 1470 videntes
1265 1436 1447 1469 elumbem
1465 1436 1560 1476 soris,
1577 1437 1651 1475 ete.,
1667 1435 1777 1477 paucis

150 1495 304 1528 revolutis
316 1495 515 1536 temporibus
531 1504 586 1535 per
601 1495 714 1526 Sedem
726 1495 940 1536 Apostolicam
956 1495 1128 1536 reprobati,
1147 1505 1211 1527 non
1225 1496 1346 1536 absque
1361 1498 1437 1527 nota
1451 1494 1634 1527 rebellionis
1648 1497 1696 1526 est
1709 1494 1776 1527 edi-

149 1556 200 1586 tus
214 1555 225 1572 ³
241 1565 248 1586 :
265 1565 280 1583 l)
304 1554 455 1595 quodque
472 1553 556 1584 illius
577 1556 690 1584 auctor
718 1565 732 1582 u
755 1553 910 1584 adversus
930 1563 1005 1584 enm
1027 1555 1154 1591 scribat,
1183 1555 1238 1594 qni
1262 1557 1374 1585 cmitra
1398 1554 1543 1585 libellum
1564 1553 1775 1593 damnatum,

152 1612 351 1654 Opuscnlum
363 1613 523 1653 quoddam
535 1613 726 1653 composuit,
739 1613 832 1652 cujus
842 1612 972 1643 initium
987 1624 993 1644 2
1009 1612 1138 1650 Manus,
1151 1621 1222 1653 quw
1238 1616 1349 1646 contra
1363 1613 1617 1653 Onmipolentem
1629 1612 1776 1653 eriqitur,

152 1672 184 1703 in
199 1681 264 1713 quo
277 1671 456 1703 secundum
471 1671 599 1703 totalem
617 1672 830 1702 intentionem
845 1671 1022 1710 scribentis,
1040 1674 1070 1702 et
1092 1672 1321 1703 continentiam
1336 1672 1422 1711 libri,
1441 1671 1636 1713 paupertatis
1649 1671 1779 1704 eximiae

153 1731 304 1772 perfectio
319 1730 474 1762 astruitur
489 1733 520 1762 et
533 1731 680 1761 landatur
698 1733 718 1762 ⁸.
739 1743 754 1760 n
776 1731 894 1772 Repetit
910 1740 947 1761 eo
962 1730 1169 1771 impudentia}
1185 1731 1351 1762 devenisse
1367 1730 1539 1762 tieraldmu
1554 1731 1657 1771 (quus
1673 1733 1780 1762 tamen

154 1799 273 1821 nomen
289 1799 346 1830 pro
361 1799 420 1820 sua
436 1789 591 1820 modestia
606 1792 708 1828 tan-vt»,
730 1793 763 1820 ut
779 1802 792 1818 u
816 1790 899 1821 illius
913 1799 946 1821 se
958 1791 1110 1821 fateretur
1124 1790 1330 1831 discipulum,
1347 1790 1403 1830 qui
1423 1792 1537 1821 contra
1556 1789 1781 1830 evangelizan-

156 1849 236 1880 tium
253 1858 432 1889 pauperum
449 1849 582 1880 Ordines
597 1849 738 1880 libellum
755 1850 945 1889 composuit,
962 1859 1061 1890 quem
1076 1850 1173 1881 Sedes
1185 1849 1364 1890 Apostolica
1374 1849 1645 1881 condemnaverat
1661 1858 1669 1881 ι
1684 1858 1782 1890 quem

157 1908 252 1939 etiam
277 1916 341 1939 nou
366 1917 464 1947 parva
489 1909 675 1945 temeritate,
701 1908 790 1939 velut
809 1909 1012 1939 innocentem
1033 1910 1214 1947 excusaret,
1237 1908 1400 1948 ipsiusque
1419 1908 1598 1939 doctrinam
1618 1917 1782 1940 commen-

158 1966 246 1997 daret
261 1968 291 1996 et
306 1966 507 2006 approbaret,
523 1975 587 1996 non
603 1967 670 1997 sine
683 1967 784 1997 multa
799 1967 918 2007 injuria
935 1967 1026 1997 Sedis
1041 1968 1106 2007 jam
1118 1966 1225 2005 dictae3
1241 1976 1342 2007 quum
1359 1967 1437 1998 nibil
1453 1966 1539 1998 aliud
1554 1967 1608 2005 sit,
1619 1969 1783 1998 auctorem

159 2024 256 2056 libelli
272 2024 412 2056 danmati
433 2025 635 2055 innocentem
652 2035 805 2064 asserere,
821 2035 918 2066 quam
935 2026 1116 2057 damnantis
1127 2025 1288 2065 judicium
1304 2026 1508 2067 reprobare‘.
1520 2037 1535 2054 ι)

204 2083 284 2115 Hinc
299 2084 418 2115 sactum
432 2086 489 2122 est,
506 2084 590 2124 qnod
605 2083 795 2124 Ser-„iphicus
815 2085 924 2115 Ductor
941 2085 1112 2116 ‹lei-aldum
1129 2084 1230 2116 multo
1246 2085 1364 2124 acrius,
1381 2094 1479 2126 quam
1495 2085 1785 2117 Sanctamoranum

164 2143 257 2174 suerit
274 2152 458 2182 aggressus.
480 2142 514 2173 ln
526 2142 584 2173 lior
602 2143 898 2174 tannenchristian-‘1‘¹
909 2144 1073 2175 eharitatis
1085 2146 1375 2184 temperamentum
1387 2144 1634 2175 desiderandum
1645 2153 1708 2176 uon
1717 2143 1787 2175 reli-

163 2201 243 2242 quit.
269 2200 355 2232 Unde
374 2201 418 2232 ait
444 2212 450 2231 z
473 2213 485 2229 «
512 2201 670 2238 Quoniam
697 2202 829 2233 meliora
852 2206 927 2233 sunt
952 2202 1087 2233 vulnera
1109 2202 1284 2242 diligentis,
1310 2212 1409 2243 quam
1434 2203 1637 2235 fraudulenta
1653 2203 1788 2235 odientis

165 2259 285 2297 oscula,
303 2268 507 2299 nequaquam
524 2263 724 2300 peccatorum
742 2260 822 2297 (deo,
839 2261 1022 2292 adulatione
1048 2261 1202 2298 videlieet,
1225 2262 1498 2302 impinguandum
1524 2264 1572 2294 est
1595 2262 1697 2303 ipsius
1718 2261 1786 2293 lan-

166 2318 304 2357 guidum
326 2320 439 2358 capnt,
466 2327 523 2348 nec
545 2318 656 2348 tumidi
690 2319 793 2350 cordis
817 2323 979 2359 apostema
995 2319 1189 2360 palpandum
1211 2331 1218 2351 :
1250 2321 1328 2361 quin
1352 2321 1459 2362 potius
1485 2322 1628 2362 procacis
1648 2321 1790 2353 hominis

166 2380 304 2409 erectam
329 2377 485 2408 cervicem
508 2380 630 2417 oportet
656 2378 735 2408 dnra
761 2379 974 2419 increpatione
999 2380 1109 2417 ferire,
1134 2388 1198 2410 nou
1214 2379 1343 2420 quidem
1365 2381 1466 2412 amari
1491 2380 1594 2412 cordis
1621 2380 1712 2419 odio,
1736 2380 1791 2411 sed

170 2436 349 2476 trauquillae
363 2436 477 2467 mentis
488 2436 690 2466 annulaturia
701 2437 853 2467 «ilaritate
866 2438 887 2467 ⁶.
902 2450 914 2465 »
933 2437 1055 2469 [lancee
1067 2438 1256 2469 charitatem
1272 2439 1302 2469 in
1315 2439 1537 2471 adversarium
1551 2439 1701 2471 exhibuit
1712 2439 1793 2471 infra

171 2494 288 2533 dicens,
307 2495 411 2535 ipsum
424 2495 572 2525 ‹litl'usius
592 2495 630 2525 ab
647 2505 679 2526 se
707 2497 881 2527 refutatum
907 2498 1011 2535 fnisse,
1030 2509 1044 2526 a
1063 2500 1097 2528 nt
1113 2498 1283 2531 carnaliter
1310 2499 1461 2539 sapientis
1481 2498 1634 2537 hominis,
1651 2501 1683 2530 et
1698 2497 1791 2529 inlel-

172 2553 271 2584 lectus
287 2553 475 2592 instruatur,
495 2557 525 2584 et
542 2554 760 2585 iutlammetur
775 2557 918 2595 allectus,
937 2560 1096 2597 quatenus
1111 2567 1207 2588 snum
1232 2567 1463 2598 recognoscens
1480 2566 1638 2596 errorem,
1661 2557 1694 2588 iu
1704 2558 1793 2597 jeju-

174 2611 238 2651 nio,
256 2612 333 2643 ssetu
343 2615 373 2643 et
387 2612 512 2652 piam-tn
529 2616 736 2644 convertatur
747 2615 785 2644 ad
799 2615 981 2647 Dominum.
998 2616 1101 2656 Super
1115 2626 1178 2656 quo
1193 2616 1274 2648 l’atri
1289 2616 1582 2648 misericordiarum
1597 2615 1792 2647 sacrificium

211 2729 217 2745 ¹
233 2729 359 2756 Clarmiu'c..
382 2729 412 2753 ud
431 2736 472 2754 au.
500 2732 568 2755 istil.
586 2732 640 2752 -.²
661 2731 717 2756 Vid.
735 2740 789 2763 cap.
809 2740 829 2763 i,
846 2742 902 2763 pin.
928 2736 962 2758 ’.11
977 2754 982 2764 ,
999 2735 1047 2758 col.
1067 2737 1087 2760 l.
1104 2748 1132 2752 —
1149 2736 1157 2751 ³
1174 2735 1237 2759 ibid.
1254 2749 1282 2753 ———
1296 2742 1303 2749 ³
1320 2735 1394 2765 ibid..
1411 2742 1469 2767 pag.
1485 2736 1539 2765 ⁴12,
1559 2734 1607 2760 col.
1626 2737 1648 2760 l.
1667 2747 1697 2754 —
1709 2735 1720 2753 ⁸
1735 2735 1793 2760 t'id.

178 2773 199 2788 ν.
221 2771 252 2795 il,
269 2772 334 2795 rvep.
354 2765 396 2794 ill,
414 2772 470 2796 ling.
493 2766 542 2791 iii,
559 2766 607 2789 cul.
629 2768 719 2790 1.—‘*
737 2769 761 2790 ln
780 2769 971 2800 Pi'ulugiaffmfl.
993 2770 1147 2800 [11,ιο1.1.
