2029 3052
166 206 206 236 94
523 203 732 238 SERMONES
752 205 804 238 DE
825 204 990 240 SANchs
1011 205 1054 238 IN
1074 206 1268 240 commum.
1291 207 1428 241 xxxiii.

165 271 266 300 litibus
280 270 383 307 dabat,
407 271 438 300 in
459 273 573 301 tantum
595 280 647 302 eos
663 271 704 302 ad
717 272 820 310 proelia
833 273 947 302 anima-

164 318 227 354 bat,
248 318 333 355 quod
350 318 437 348 nulla
455 319 589 356 pericula
608 319 709 348 subire
725 319 902 356 titubabant,
918 323 947 349 et

163 364 322 394 fortissime
329 365 522 395 dimicabant.
535 366 580 395 Sic
588 365 723 402 Virgines
732 374 833 402 sacrae,
843 375 946 404 quam-

163 412 209 440 vis
224 412 339 442 debiles
355 421 494 451 corpore,
512 414 593 442 tanta
607 413 763 450 pollebant
773 413 945 442 fortitudine

163 459 281 496 animae,
297 460 370 489 dum
384 461 563 498 respicerent
581 459 620 488 ad
637 461 819 497 mercedem,
834 463 867 490 ut
881 460 945 497 gla-

164 506 232 543 diis,
247 506 310 536 sive
325 507 456 543 ignibus,
466 507 602 544 superari
611 515 673 536 non
682 510 814 545 possent.
828 510 861 538 Et
874 508 944 537 ideo

163 553 203 582 de
210 562 272 583 una
281 562 384 583 earum
394 554 471 583 bene
483 553 592 583 dicitur
599 554 727 584 verbnm
735 555 923 592 propositum
934 566 943 584 :

163 602 196 629 ln
215 604 376 638 perpetuum
393 604 522 630 coronata
541 603 705 638 triumphat.
727 604 757 631 tn
772 611 834 639 quo
848 603 943 631 verbo

163 647 413 677 commendabilis
438 648 604 678 ostenditur
626 657 644 678 a
667 648 787 678 duobus
809 649 941 686 :primo,

162 703 199 723 ex
209 697 293 732 parte
308 694 471 724 adversarii
488 704 578 733 quem
594 696 719 732 devicit;
740 696 885 732 secundo,
906 705 942 725 ex

161 744 244 779 parte
265 743 379 779 praemii
395 743 479 780 quod
498 743 611 780 accepit
627 752 634 772 τ
654 746 688 772 ut
707 744 748 772 sic
769 744 943 772 ostendatur

161 790 225 825 ejus
238 790 362 818 victoria
377 790 576 827 triumphalis,
589 799 651 828 qua
659 791 776 820 hostem
791 791 898 827 dejecit
911 791 942 819 in

160 837 227 872 νίκη
244 839 272 866 et
286 837 407 874 insuper
422 837 588 866 ostenditur
602 839 665 874 ejus
677 838 775 875 gloria
783 838 940 875 aeternalis,

161 891 222 920 qua
236 887 378 913 coronata
393 887 436 913 est
449 885 479 913 in
495 885 601 921 gloria.
619 887 739 914 Notatur
753 894 824 922 ergo
842 887 940 923 primo

159 931 290 960 victoriae
305 931 438 968 adeptio,
454 940 547 969 quam
562 932 600 961 de
615 932 700 962 hoste
715 933 854 968 obtinuit,
871 942 941 962 cum

159 977 268 1007 dicitur
291 987 297 1007 ε
327 980 498 1015 Triumphut.
526 980 664 1008 Secundo
683 983 803 1009 notatur
826 981 940 1017 prtrmii

158 1025 316 1061 assecutio,
329 1026 412 1062 quod
432 1027 556 1063 accepit,
577 1035 646 1055 cum
668 1027 789 1056 additur
805 1037 812 1056 ε
829 1030 863 1056 In
875 1036 938 1064 per-

157 1075 267 1108 petuum
281 1077 418 1101 coronata.
434 1074 552 1109 Verum,
568 1077 600 1102 ut
615 1074 705 1102 simul
721 1077 880 1103 tractemus
894 1077 939 1104 to-

158 1122 221 1148 tum
237 1121 375 1149 meritum
393 1123 421 1150 et
446 1122 602 1158 praemium
619 1122 760 1157 breviter,
777 1125 819 1151 est
832 1125 939 1151 notan-

157 1168 242 1203 dum,
260 1169 344 1205 quod
367 1169 429 1198 hoec
451 1170 537 1205 t‘irgo
559 1173 661 1199 sancta
680 1170 869 1207 quadruplici
885 1179 936 1199 co-

156 1223 232 1243 rona
256 1219 398 1244 coronata
425 1217 531 1252 existit,
556 1218 807 1254 correspondente
831 1218 937 1254 gratia,

156 1270 248 1299 quam
263 1263 395 1299 possedit
410 1263 438 1292 in
453 1264 511 1292 via.
529 1266 600 1293 Nam
615 1265 713 1301 primo
726 1267 869 1293 coronata
884 1265 938 1293 fuit

156 1317 269 1338 corona
284 1310 444 1346 luminosa,
465 1314 587 1348 propter
605 1312 798 1348 splendorem
820 1313 936 1348 sapien-

157 1357 213 1390 tim,
230 1365 290 1393 qua
304 1358 434 1393 resulsit;
451 1359 584 1387 secundo
600 1362 742 1387 coronata
759 1360 812 1387 snit
824 1368 937 1388 corona

155 1404 299 1440 speciosa,
315 1408 436 1441 propter
451 1405 702 1442 pulchritudinem
715 1407 842 1435 carnalis
852 1415 936 1435 mun-

156 1450 245 1480 ditizr.
261 1460 351 1488 quain
368 1453 515 1487 servavit;
532 1453 628 1487 tertio,
644 1456 787 1482 coronata
811 1454 865 1481 fuit
888 1462 936 1482 co-

154 1506 230 1526 rona
245 1499 374 1535 pretiosa
389 1502 511 1535 propter
526 1500 687 1536 pretiosum
700 1500 813 1528 donum
826 1501 936 1537 patien-

156 1546 210 1580 tim,
231 1554 293 1582 qno
313 1547 457 1581 pugnavit
484 1549 511 1574 et
535 1547 622 1581 vicit;
650 1550 768 1583 quarto,
794 1552 936 1577 coronata

155 1593 207 1620 suit
226 1601 338 1621 corona
361 1593 473 1628 gloriae,
493 1597 615 1630 propter
635 1595 770 1622 virtutem
793 1596 935 1630 preniten-

155 1640 211 1674 tiw,
227 1649 317 1676 quam
334 1641 471 1676 portavit.

192 1687 270 1722 Dico,
278 1687 361 1723 quod
371 1688 432 1715 haee
441 1690 541 1715 sancta
548 1687 636 1723 vii-go
644 1688 695 1716 tuit
703 1697 721 1716 a
729 1690 786 1717 Deo
793 1692 935 1718 coronata

154 1741 266 1762 corona
285 1734 446 1769 luminosa,
460 1735 522 1762 sive
537 1735 666 1769 radiosa,
681 1738 802 1771 propter
816 1736 934 1764 radium

154 1783 324 1818 sapientiae,
350 1791 410 1819 qua
441 1783 564 1811 refulsit.
597 1784 853 1812 innumerabiliter
880 1785 934 1812 uti-

154 1838 212 1865 que
225 1830 370 1866 sapientia
384 1830 546 1866 splenduit,
562 1830 635 1858 dum
656 1831 736 1858 vium
757 1832 934 1867 poenitentioe

152 1877 266 1904 virtutis
282 1877 380 1911 elegit,
396 1877 468 1905 dum
491 1886 576 1905 suam
600 1878 796 1913 virginitatem
820 1879 933 1907 Christo

153 1924 292 1957 servavit,
308 1924 380 1952 dum
393 1933 493 1952 coram
507 1924 660 1959 judicibus
675 1925 714 1953 sic
730 1925 877 1962 sapienter
888 1934 933 1954 re—

154 1971 284 2008 spondit,
301 1971 373 1999 dum
388 1980 442 2007 pro
458 1972 570 1999 Christo
591 1973 665 2000 mori
683 1981 741 2000 non
759 1974 863 2007 timuit,
880 1974 932 2001 sed

153 2018 248 2053 magis
263 2019 384 2054 optavit.
404 2020 457 2046 Usa
477 2021 519 2046 est
541 2019 618 2047 eiiim
642 2019 799 2055 prudentia
815 2021 931 2056 parvuli

153 2065 309 2100 quusdam
334 2065 432 2101 piscis,
459 2066 509 2101 qui
537 2066 659 2094 echinus
685 2067 690 2081 ¹
719 2067 886 2103 appellatur
915 2076 932 2095 a

153 2112 252 2139 multis
271 2121 278 2139 :
301 2112 351 2148 qui
373 2112 445 2140 dum
465 2115 668 2149 tempestatem
693 2115 784 2141 maris
803 2114 931 2142 suturam

152 2159 311 2194 praescntss,
336 2159 450 2187 calculo
474 2168 504 2187 se
534 2160 623 2195 capit,
645 2162 673 2188 et
696 2161 829 2196 pondere
845 2162 929 2189 sicin

152 2206 242 2233 maris
257 2206 350 2234 fundo
366 2214 395 2233 se
410 2207 560 2241 stabilitat,
577 2210 607 2235 ut
622 2216 639 2235 a
658 2207 796 2236 fluctibus
817 2209 929 2237 moveri

152 2261 212 2281 nou
234 2253 336 2289 possit.
361 2253 405 2281 Sic
428 2256 455 2281 et
478 2254 538 2281 hirc
559 2257 658 2283 sancta
683 2256 779 2291 Virgo,
803 2256 876 2284 dum
900 2257 929 2284 in

153 2303 351 2335 tempestuoso
368 2301 472 2328 mundi
488 2302 562 2328 mari
579 2302 706 2337 degeret.
727 2303 870 2339 sapientia
884 2304 929 2340 pi-

152 2347 206 2373 scis
222 2346 350 2383 pellem,
365 2347 496 2383 lapidem
509 2348 618 2376 scilicet
633 2349 766 2385 arripuit,
779 2351 861 2385 cujus
873 2353 927 2379 sta-

151 2394 233 2422 bilita
250 2395 353 2428 domo,
370 2395 451 2423 dono
467 2397 581 2423 virtutis
592 2396 667 2425 inter
678 2398 782 2425 fluctus
794 2406 929 2427 remane-

150 2444 193 2468 ret
209 2441 379 2470 immobilis.
397 2443 468 2470 Nam
479 2441 488 2457 ¹
506 2443 648 2479 «sapiens
664 2445 699 2479 (n)
717 2449 815 2473 manet
831 2446 859 2473 in
875 2455 927 2474 sua

149 2488 303 2523 sapientia,
321 2489 393 2517 sicut
407 2490 470 2524 sol;
487 2490 538 2518 sed
554 2490 669 2525 stultus,
685 2491 760 2519 sicut
776 2492 846 2520 luna
862 2502 927 2521 mu-

149 2537 234 2562 tatur.
259 2545 272 2561 n
295 2537 469 2572 Exemplum
488 2537 576 2573 hujus
601 2537 750 2573 sapientiae
774 2540 874 2575 accipe
896 2541 926 2568 in

181 2606 187 2621 ¹
208 2606 241 2629 De
253 2605 345 2629 echino
360 2607 439 2637 pisce,
455 2608 512 2631 vide
531 2607 606 2638 Ptin„
624 2607 667 2632 lib.
691 2610 719 2633 ΙΧ
730 2627 737 2640 ,
754 2610 845 2634 Nalm:
861 2611 925 2640 nist,

148 2648 203 2671 rap.
225 2648 241 2665 l.
258 2654 288 2659 ·—
307 2643 314 2656 ²
330 2643 419 2669 Eccli..
443 2649 530 2673 xxvii,
552 2646 589 2667 12.
610 2657 640 2662 —
658 2644 668 2660 ³
682 2646 768 2676 Apoc.‚
783 2652 836 2677 xii,
860 2649 878 2670 1.
895 2661 926 2665 —

148 2682 155 2691 ⁴
169 2679 271 2708 serena,
292 2685 327 2709 iv,
348 2681 385 2703 2²2.
404 2692 432 2696 —
453 2680 462 2695 ⁸
477 2680 545 2704 I'snl.
566 2686 632 2711 ωἰι,
650 2683 700 2706 5-6.
719 2695 744 2698 -
765 2682 774 2698 ⁶
787 2684 923 2711 Quomodo

1001 276 1104 304 sancta
1129 275 1300 312 catharina,
1327 276 1468 311 Barbara,
1507 276 1633 313 emilia,
1661 280 1784 315 Agnone,

1001 322 1166 358 Anastasia,
1178 325 1207 352 et
1221 323 1346 360 Agatha,
1358 331 1427 361 quoe
1444 325 1526 353 tanta
1540 324 1687 361 sapientia
1696 325 1785 355 retul-

1001 371 1114 405 serunt,
1128 370 1214 407 quod
1228 370 1458 407 omnesjudices
1471 373 1501 400 et
1513 371 1620 400 mundi
1634 372 1784 409 sapientes

1001 416 1102 446 verbis
1111 425 1173 446 suae
1187 417 1339 454 sapientiae
1353 417 1561 447 confuderunt.
1574 419 1696 456 Propter
1705 419 1785 448 hanc

1002 471 1074 500 ergo
1088 464 1264 501 sapientiam
1273 466 1336 494 tota
1347 465 1508 502 haecVirgo
1518 468 1621 494 sancta
1636 474 1655 495 a
1669 467 1726 495 Deo
1741 469 1785 496 est

1001 513 1145 540 coronata
1165 519 1279 540 corona
1292 511 1425 547 radiosa,
1441 519 1478 540 ex
1491 512 1584 541 stellis
1598 512 1784 550 fulgentibus

999 556 1154 587 fabricata.
1175 558 1258 587 Unde
1282 558 1320 588 de
1345 566 1382 587 ea
1403 561 1501 595 potest
1523 560 1635 597 exponi
1654 560 1731 590 illud
1745 561 1781 590 ⁸:

1005 614 1019 630 α
1035 605 1159 641 Signum
1187 613 1333 643 magnum
1355 606 1495 644 apparuit
1517 606 1549 636 in
1568 607 1656 644 coeto,
1677 607 1784 637 mulier

1000 652 1108 680 amicta
1126 652 1200 688 sole,
1219 663 1233 679 n
1253 654 1377 690 propter
1394 653 1603 690 refulgentiam
1629 654 1782 692 sapientiae

999 701 1028 727 et
1042 699 1182 734 veritatis,
1197 699 1260 728 sive
1282 703 1404 738 propter
1422 701 1597 730 incendium
1612 701 1782 739 charitatis3

1002 756 1015 772 ι
1035 749 1063 774 et
1084 746 1157 775 luna
1170 747 1227 775 sub
1242 747 1372 784 pedibus
1386 748 1462 784 ejus,
1477 759 1490 774 n
1508 751 1632 786 propter
1646 751 1781 778 contem-

998 795 1082 829 ptum
1102 795 1306 829 terrenorum3
1326 806 1339 821 υ
1360 797 1389 824 et
1407 795 1437 823 in
1458 795 1553 832 capite
1581 796 1645 831 ejus
1670 804 1782 826 corona

998 840 1151 868 stellarum
1169 841 1342 877 duodecim,
1358 852 1371 868 n
1389 844 1512 879 propter
1532 842 1719 871 altitudinem
1735 843 1780 871 di-

998 887 1126 923 gustatis.
1153 890 1216 917 Nou
1237 888 1317 917 enim
1340 892 1532 924 coronantur,
1561 890 1617 918 nisi
1641 898 1778 927 personae

997 934 1147 963 altissimae
1162 936 1193 963 in
1207 935 1364 971 dignitate,
1385 939 1417 966 ut
1437 945 1534 974 reges,
1557 940 1585 966 et
1605 938 1725 974 reginae.
1747 938 1779 967 ln

996 990 1123 1011 numero
1139 983 1301 1012 duodecim
1325 984 1487 1021 stellarum,
1507 994 1599 1022 quem
1616 993 1776 1014 numerum

996 1032 1132 1058 asserunt
1156 1031 1303 1067 sapientes
1327 1039 1390 1060 esse
1415 1031 1590 1069 perfectum,
1605 1040 1642 1061 ex
1658 1032 1779 1061 duobus

996 1077 1119 1104 senariis
1126 1080 1334 1114 aggregatum,
1342 1078 1426 1114 juxta
1439 1087 1601 1108 numerum
1615 1079 1778 1108 duodecim

995 1123 1203 1160 apostolorum
1232 1124 1364 1161 intellige
1393 1125 1606 1162 perfectionem
1627 1129 1655 1155 et
1678 1126 1776 1155 abun-

995 1171 1128 1200 dantiam
1144 1173 1345 1209 praemiorum.
1367 1173 1425 1201 Sed
1446 1173 1513 1210 quis
1533 1176 1576 1202 est
1601 1174 1703 1210 hodie,
1724 1175 1776 1212 qui

995 1219 1129 1247 obtineat
1152 1227 1296 1248 coronam
1318 1220 1394 1249 hanc
1412 1221 1589 1249 radiosamz’
1611 1221 1658 1250 Sic
1685 1224 1776 1258 patet,

994 1266 1078 1303 quod
1100 1266 1162 1294 hoec
1188 1275 1300 1295 corona
1321 1268 1441 1296 radiosa
1462 1268 1596 1297 redditur
1609 1269 1774 1306 sapientiae.

993 1314 1070 1349 Ergo
1086 1314 1137 1350 qui
1153 1313 1183 1341 in
1197 1313 1253 1342 hac
1269 1315 1329 1342 vita
1343 1315 1463 1351 sapiens
1478 1323 1538 1343 non
1553 1318 1607 1350 est,
1619 1316 1703 1351 juxta
1719 1317 1775 1345 Do-

992 1361 1066 1388 mini
1087 1361 1262 1389 sententiam
1282 1361 1321 1390 ad
1342 1369 1486 1390 coronam
1513 1362 1590 1391 hanc
1619 1363 1775 1400 pervenire

992 1415 1054 1435 non
1077 1411 1183 1444 potest.
1203 1408 1260 1437 Sed
1284 1408 1375 1437 hodie
1396 1417 1458 1437 non
1479 1409 1606 1438 habetur
1629 1410 1775 1446 sapientia

994 1462 1074 1489 vera,
1090 1454 1143 1482 sed
1158 1462 1251 1489 vana;
1269 1463 1328 1483 non
1342 1455 1479 1491 calestis,
1495 1456 1548 1484 sed
1564 1459 1678 1485 terrena
1688 1467 1696 1492 ;
1712 1465 1773 1486 non

993 1501 1105 1536 divina,
1121 1502 1174 1529 sed
1189 1503 1339 1538 humana;
1362 1511 1422 1531 non
1444 1504 1625 1540 serpentina,
1643 1504 1696 1532 sed
1711 1504 1774 1532 vul-

992 1549 1073 1584 pina,
1098 1552 1124 1576 et
1145 1549 1343 1584 fraudulenta,
1364 1559 1430 1586 qum
1450 1558 1510 1578 non
1526 1554 1568 1578 est
1583 1551 1712 1579 dicenda
1727 1559 1773 1579 sa-

992 1596 1112 1631 pientia,
1129 1597 1182 1624 sed
1198 1597 1316 1631 astutia,
1331 1600 1358 1625 et
1373 1597 1496 1625 malitia.
1513 1598 1594 1626 Unde
1608 1599 1617 1615 ⁴
1632 1610 1644 1622 ιι
1656 1598 1774 1634 sapien—

992 1646 1033 1670 tes
1053 1646 1131 1677 sunt,
1154 1646 1184 1671 ut
1206 1644 1315 1671 saciant
1335 1644 1432 1679 mala3
1455 1644 1532 1673 bene
1556 1648 1655 1673 autem
1675 1645 1772 1674 facere

990 1690 1134 1717 nesciunt.
1152 1701 1165 1715 ι)
1184 1690 1292 1718 Stultus
1308 1691 1386 1719 enini
1402 1692 1495 1719 sactus
1511 1695 1554 1720 est
1567 1692 1665 1720 omnis
1679 1692 1771 1720 homo

991 1745 1008 1764 a
1023 1737 1168 1773 sapientia
1183 1746 1246 1766 sua.
1270 1739 1340 1772 Quis
1355 1741 1397 1766 est
1410 1739 1501 1767 hodie
1516 1740 1645 1775 sapiens.
1662 1739 1716 1767 nisi
1732 1739 1771 1768 ad

992 1784 1104 1811 malum
1116 1785 1321 1820 cogitandum,
1332 1788 1359 1813 et
1368 1785 1405 1814 ad
1416 1786 1529 1814 malum
1538 1786 1735 1822 loquendum,
1744 1789 1771 1814 et

991 1831 1104 1859 malum
1113 1835 1216 1860 contra
1228 1833 1400 1868 proximum
1411 1833 1598 1869 loquendum
1609 1836 1636 1861 et
1646 1841 1771 1870 operan-

990 1878 1086 1906 dum?
1102 1879 1215 1907 Utinam
1232 1879 1412 1907 haberemus
1430 1881 1606 1916 sapientiam
1627 1880 1770 1917 serpenti-

989 1933 1070 1960 nam,
1086 1934 1146 1962 qua
1162 1935 1283 1962 serpeus
1299 1929 1456 1963 utramque
1471 1927 1583 1955 claudit
1597 1935 1709 1959 aurem,
1734 1936 1770 1956 ne

989 1980 1094 2000 vocem
1103 1973 1207 2001 audiat
1215 1973 1376 2001 adversarii
1387 1974 1599 2009 incantantis⁵;
1616 1977 1643 2002 et
1658 1983 1711 2010 per
1725 1983 1770 2003 ar-

989 2022 1068 2047 ctum
1078 2019 1214 2048 toramen
1227 2021 1407 2056 ingreium&
1419 2024 1546 2049 veterem
1558 2021 1666 2057 pellem
1676 2021 1769 2058 depo-

988 2067 1041 2101 nit,
1058 2070 1085 2094 et
1101 2075 1212 2095 novam
1227 2068 1350 2095 assumit
1363 2077 1370 2102 3
1389 2070 1415 2095 et
1430 2075 1485 2103 pro
1497 2076 1553 2095 suo
1563 2068 1658 2104 capite
1670 2068 1770 2096 desen-

988 2114 1088 2142 dendo
1100 2117 1193 2142 totum
1202 2122 1310 2150 corpus
1320 2115 1406 2142 morti
1416 2115 1565 2151 exponit&
1577 2116 1634 2143 Nos
1642 2123 1714 2151 ergo
1721 2115 1769 2143 de-

987 2161 1093 2189 bemus
1103 2169 1189 2190 aures
1200 2161 1295 2190 cordis
1304 2162 1393 2189 nostri
1403 2161 1552 2196 claudere,
1562 2170 1597 2189 ne
1606 2162 1769 2198 suggestio-

987 2216 1040 2236 nes
1057 2208 1222 2236 diabolicas
1236 2208 1413 2242 audiamus;
1435 2211 1462 2236 et
1481 2217 1534 2244 per
1554 2211 1667 2237 arctum
1691 2209 1768 2237 sora-

986 2263 1056 2283 men
1074 2255 1252 2291 poenitcntite
1267 2255 1413 2289 incedere,
1430 2259 1460 2283 ut
1474 2256 1562 2283 vitam
1577 2258 1766 2292 peecatorum

988 2305 1116 2330 veterem
1135 2302 1321 2337 ainciamus,
1346 2305 1373 2329 et
1397 2310 1507 2330 novam
1523 2303 1611 2331 vitam
1625 2303 1765 2331 virtutum

986 2350 1157 2384 induamus,
1183 2352 1209 2377 et
1230 2358 1283 2386 pro
1304 2350 1416 2378 Christo
1442 2354 1543 2378 nostro
1574 2350 1668 2386 capite
1691 2353 1765 2378 sata-

985 2405 1067 2432 gere,
1083 2399 1115 2424 ut
1129 2405 1184 2432 pro
1198 2397 1288 2433 ipsius
1303 2398 1416 2425 honore
1434 2406 1488 2425 nos
1505 2400 1533 2425 et
1547 2397 1649 2425 omnia
1664 2400 1765 2425 nostra

985 2452 1144 2480 ponamus.
1162 2444 1218 2472 Sed
1235 2445 1301 2480 quis
1315 2445 1403 2473 hodie
1416 2445 1470 2472 ista
1484 2445 1572 2473 facit?
1593 2444 1650 2472 Sed
1665 2444 1763 2472 adhuc

985 2491 1076 2519 hodie
1092 2494 1196 2527 regnat
1208 2491 1238 2519 in
1253 2492 1366 2520 mundo
1383 2492 1506 2528 vulpina
1523 2491 1675 2527 sapientia.
1692 2491 1762 2519 Vul-

984 2546 1037 2574 pes
1052 2539 1131 2566 enim
1146 2546 1264 2574 semper
1281 2542 1409 2568 tortuose
1429 2539 1547 2573 incedit,
1570 2546 1606 2566 ne
1629 2539 1691 2574 ejus
1714 2538 1761 2567 via

984 2613 1092 2636 serpeus
1104 2608 1179 2630 exuat
1192 2609 1360 2637 senectutem,
1373 2607 1430 2631 vide
1443 2606 1517 2631 Arist.
1528 2606 1558 2630 de
1569 2607 1632 2630 uisi.
1644 2607 1760 2637 αιιι“ηια1.,

981 2641 1025 2666 lib.
1046 2642 1110 2671 viil,
1127 2649 1183 2673 cap.
1200 2648 1265 2672 nii,
1282 2646 1346 2673 part.
1364 2643 1392 2667 V.

1016 2686 1049 2715 (α)
1071 2685 1144 2716 i'uly.
1161 2687 1272 2709 sanctus.
