2029 3052
251 223 311 254 128

250 289 366 327 spiritu,
380 299 395 317 ιι
421 290 477 319 etc.
489 310 500 325 ,
525 299 541 316 α
558 289 670 327 quibus
693 287 833 318 amabitis
853 286 1015 324 disciplina
1027 307 1038 322 ‚

251 336 503 374 dulcejejunium,
513 337 620 366 breves
628 335 746 372 vigiliae,
753 334 840 364 labor
850 333 1037 363 delectabilis

250 391 406 420 manuum,
417 385 447 412 et
458 384 598 412 universa
607 383 738 419 denique
747 380 837 418 hujus
847 383 955 410 sanctae
967 388 1037 410 con-

250 430 425 460 versationis
433 431 587 460 austeritas
597 429 788 466 retrigerium
797 428 946 458 videatur.
962 429 1038 457 Con·

250 479 297 506 tra
309 485 381 507 sane
391 478 524 507 invenire
533 479 576 506 est
585 476 723 506 homines
736 475 954 513 pusillanimes,
963 474 1038 504 defi-

251 524 361 554 cientes
368 525 425 554 suh
436 532 538 560 onere,
547 523 630 560 virga
639 524 668 552 et
677 522 844 552 calcaribus
850 522 1018 559 indigentes
1029 531 1037 550 ε

252 579 383 608 quorum
408 571 531 600 remissa
558 570 672 604 laetitia,
699 569 902 607 pusillanimis
923 568 1039 598 tristitia

252 621 295 647 est
309 628 317 647 :
333 626 464 656 quorum
479 626 559 653 rara,
574 620 602 647 et
616 617 717 646 brevis
736 617 940 654 compunctio,
951 627 965 643 ι»
981 618 1036 645 etc.

252 667 285 695 Et
298 667 454 694 enumerat
467 665 509 694 ihi
530 664 624 694 multa
638 664 719 694 mala
735 664 870 702 deipsis,
892 666 920 693 et
934 665 1039 700 postea

251 712 405 750 subjungit
425 722 432 742 :
464 723 478 740 α
497 714 601 742 Nonne
625 712 677 741 tibi
701 712 765 740 vita
787 712 896 741 horum
921 710 1038 740 inferno

250 760 369 797 penitus
396 760 641 797 appropinquare
669 759 788 788 videtur
800 761 814 788 ‘I
842 758 920 788 Socii
947 757 1037 795 plane

250 809 319 836 sunt
329 807 543 842 tribulationis,
555 807 608 836 sed
620 815 682 836 non
693 805 917 836 consolationis.
927 815 940 832 a
958 807 1039 834 Patet

251 862 338 892 ergo,
358 854 442 892 quod
465 862 528 884 non
541 862 646 884 omnes
666 855 819 891 portantes
839 861 960 882 crucem
974 861 1038 890 poe-

250 903 380 932 nitentiae
400 903 569 940 percipiunt
590 903 763 931 unctionem
783 901 944 938 spiritualis
965 900 1038 930 loeti-

251 949 314 986 tiae5
330 950 383 978 sed
396 950 440 979 illi
455 950 511 978 soli
528 950 564 986 (a)
584 949 615 978 in
629 950 755 986 angaria
771 950 890 986 portant
906 956 1034 981 crucem,

251 998 326 1027 sicut
345 997 406 1033 ille,
429 997 467 1026 de
486 1006 548 1035 quo
574 997 684 1026 dicitur
701 999 708 1015 ¹
727 996 811 1034 quod
835 1007 849 1023 n
865 996 1038 1032 angariave-

250 1047 320 1074 runt
341 1053 422 1081 eum,
443 1048 475 1074 ut
491 1045 608 1074 tolleret
627 1053 745 1073 crucem
767 1046 845 1072 Jesu.
862 1056 874 1070 n
899 1044 970 1078 Quae
984 1051 1038 1071 au-

252 1094 311 1121 tem
325 1093 361 1121 sit
372 1093 426 1121 ista
438 1093 550 1128 unctio,
561 1092 633 1121 dicit
644 1090 821 1129 Apostolus·
835 1100 843 1120 :
857 1102 870 1116 «
883 1091 938 1125 Qui
954 1090 1039 1119 unxit

251 1149 317 1178 n05‚
333 1143 361 1170 et
376 1142 426 1178 qui
444 1142 578 1178 signavit
597 1150 662 1176 110⁵,
678 1143 707 1170 et
727 1141 810 1169 dedit
829 1140 917 1169 nobis
929 1140 1037 1177 pignus

251 1189 370 1226 spiritus
384 1200 397 1216 ι)
415 1189 531 1226 gloriae,
548 1189 577 1218 id
594 1192 648 1223 est,
667 1187 787 1217 arrham
801 1187 839 1216 de
855 1187 1037 1224 possidenda

251 1236 312 1265 vita
338 1239 458 1265 oeterna.
492 1237 591 1265 Differt
612 1236 692 1264 enim
722 1235 841 1272 pignus,
870 1237 900 1263 et
926 1234 1014 1263 arrha
1028 1244 1034 1262 :

251 1284 340 1313 arrha
357 1285 436 1312 enim
450 1286 493 1312 est
508 1292 576 1321 pars
589 1284 686 1321 pretii,
702 1283 812 1320 pignus
827 1291 888 1311 non
904 1284 924 1311 ³.
944 1283 1037 1312 Ari-ha

251 1339 323 1367 ergo
339 1333 382 1360 est
401 1332 542 1368 quaedam
566 1331 754 1368 praegustatio
775 1333 890 1359 oeternoe
912 1330 1037 1358 beatitu-

252 1378 330 1407 dinis
345 1379 518 1415 imperfecta
535 1388 540 1406 :
557 1379 604 1407 hic
620 1379 698 1407 enim
711 1378 864 1407 modicum
879 1379 1037 1414 praegusta-

252 1427 311 1461 tur,
327 1426 379 1454 sed
397 1426 427 1454 in
446 1426 546 1455 futuro
562 1426 650 1463 pleno
667 1425 757 1454 calice
774 1426 894 1454 bibitur.
913 1426 942 1453 ln
959 1425 1036 1453 Psal-

251 1481 302 1501 mo
314 1472 324 1488 ⁸
341 1483 347 1501 :
367 1475 424 1502 «Et
437 1475 566 1501 torrente
580 1473 740 1509 voluptatis
756 1475 812 1500 tun>
827 1472 932 1509 potasti
949 1480 1010 1500 eos.
1021 1482 1034 1497 ι»

252 1521 316 1548 lloec
331 1528 402 1556 ergo
415 1521 514 1549 unctio
531 1523 574 1549 est
588 1520 728 1557 quoedam
750 1520 938 1556 praegustatio
960 1519 1036 1546 futu-

251 1575 291 1595 roe
317 1567 484 1596 dulcedinis
502 1571 633 1602 aeterme,
657 1569 778 1604 propter
797 1575 890 1604 quam
918 1566 1036 1601 sanctis,

252 1615 401 1651 quidquid
416 1615 463 1643 hic
475 1615 636 1652 patiuntur,
647 1623 707 1643 non
722 1614 820 1642 solum
835 1614 898 1641 leve
909 1614 1035 1648 videtur,

252 1661 303 1689 sed
320 1662 407 1690 etiam
431 1662 528 1691 dulce.
551 1665 609 1691 lloc
626 1664 679 1696 cst,
695 1661 778 1698 quod
796 1662 922 1689 dicitur¹
940 1670 946 1689 ε
966 1673 979 1687 u
997 1662 1035 1689 ls-

252 1709 357 1737 saehar
372 1709 472 1738 asinus
488 1710 580 1744 sortis,
604 1709 755 1738 accubans
780 1709 853 1737 inter
870 1708 1010 1736 terminos
1028 1718 1034 1736 :

253 1759 281 1784 et
295 1756 369 1784 vidit
383 1757 528 1793 requiem,
554 1757 637 1793 quod
657 1759 731 1784 esset
750 1756 842 1789 bona,
868 1759 895 1784 ct
911 1759 1035 1790 terram,

253 1803 336 1839 quod
344 1804 557 1840 cssetoptin1a3
574 1806 602 1832 et
613 1804 768 1841 supposuit
780 1804 938 1831 humerum
949 1811 1036 1831 suum

252 1850 291 1878 ad
309 1851 501 1887 portandum.
526 1862 540 1877 u
557 1852 688 1880 lssachur
711 1852 919 1887 iuterpretatur
940 1858 1036 1878 menm—

252 1899 297 1925 νέα
314 1900 432 1933 Domini,
449 1899 496 1926 vel
521 1901 564 1926 υιϊ
580 1899 729 1927 mercedis:
756 1902 783 1926 et
807 1899 903 1934 signat
927 1898 1035 1933 virum,

253 1945 304 1981 qui
322 1945 351 1973 in
364 1946 504 1973 omnibus
518 1947 660 1982 operibus
675 1946 735 1974 suis
747 1948 789 1974 est
805 1953 919 1974 memor
934 1945 993 1979 Dei,
1010 1948 1037 1973 et

253 1992 353 2020 omnia
379 1992 445 2020 tacit
471 1993 632 2021 intentione
655 1994 801 2021 mercedis
823 1996 956 2027 aeterium
985 1992 1036 2029 qui

253 2041 346 2066 asinus
370 2041 453 2073 fortis
478 2040 594 2075 dieitur,
619 2044 740 2076 propter
763 2040 936 2076 passionum
962 2039 1035 2067 tole-

252 2087 394 2121 rantium;
419 2089 550 2114 incubans
573 2089 644 2115 inter
666 2091 803 2122 cerannos,
824 2090 945 2124 propter
961 2087 1036 2114 desi-

254 2133 371 2161 derium
399 2134 525 2162 ccelestis
550 2135 662 2171 patriae.
702 2135 773 2163 Dicit
800 2135 878 2163 euim
909 2135 1011 2162 Glossa
1028 2145 1034 2162 :

256 2191 269 2205 α
286 2181 420 2209 Habitare
448 2182 475 2209 in
500 2182 630 2209 terminis
654 2185 695 2210 est
721 2190 780 2210 non
811 2182 847 2210 dc
878 2182 1037 2209 mundanis

254 2235 397 2263 quwrere.
427 2229 479 2256 sed
510 2229 646 2257 ultimum
677 2229 856 2257 desiderare.
893 2229 969 2256 rum
998 2238 1036 2256 rc-

253 2277 354 2310 qut'em,
376 2276 447 2310 quod
468 2278 503 2303 sil
520 2278 597 2311 bonu,
613 2280 637 2303 e!
654 2281 762 2310 terrum,
783 2277 855 2312 quod
869 2278 905 2304 sit
921 2279 1037 2311 optima,

254 2322 376 2358 quando
393 2325 429 2351 de
443 2323 649 2358 delectatione,
670 2334 736 2360 quie
753 2325 805 2353 erit
822 2326 850 2353 in
866 2327 971 2361 patria,
984 2325 1036 2353 da-

254 2371 300 2397 tur
315 2370 341 2397 ei
366 2371 519 2398 modicum
541 2375 734 2407 prfflgustare;
752 2376 779 2400 et
806 2375 874 2400 tunc
892 2374 1037 2408 supposuit

253 2416 390 2444 humerum
404 2425 480 2445 suum
495 2419 532 2445 ad
545 2419 711 2453 portandum
729 2428 734 2446 :
755 2430 767 2444 κ
784 2420 913 2453 Jugum»
939 2419 1037 2447 Domi-

254 2463 283 2490 ni
299 2465 309 2480 ⁰
328 2475 341 2490 (ι
355 2464 434 2500 levc,
452 2467 480 2492 et
495 2473 570 2493 onus
585 2474 687 2494 suave.
705 2476 718 2491 ι)
737 2466 815 2493 Unde
832 2466 902 2493 dicit
915 2466 1035 2494 Glossa:

286 2525 293 2537 ³·
308 2524 387 2548 illrum
404 2544 409 2552 .
427 2531 498 2550 xxvii
510 2545 516 2556 ,
531 2527 569 2550 32.
586 2539 615 2544 —
636 2527 645 2542 ⁵
661 2527 678 2549 ΙΙ
698 2526 766 2553 0012,
786 2532 808 2556 ι,
826 2528 909 2551 21-22.
929 2541 957 2545 —
976 2528 986 2543 ³
1002 2528 1036 2552 l-Ix

255 2561 371 2591 August,
390 2569 467 2585 suun.
489 2569 571 2592 xxiii,
597 2562 629 2586 ul.
656 2562 684 2586 11»,³
713 2562 815 2588 ιΙιι-νικι»,
844 2569 933 2593 cun,
959 2571 984 2587 n.
1008 2566 1035 2590 0:

254 2602 332 2619 scrin.
353 2603 428 2627 emt,
448 2600 481 2621 ιιέ.
501 2601 530 2621 ale
553 2598 620 2622 verb.
639 2599 738 2630 sipost,
763 2605 825 2628 xm,
845 2606 870 2622 n.
895 2603 937 2627 Ιιι;
958 2606 1036 2623 serni.

255 2637 419 2661 ιῑιῑιικμίιι,
444 2634 475 2658 ul.
503 2635 570 2658 inter
594 2635 763 2665 Vigueriuuos
785 2641 856 2659 ΠΗ.
883 2648 913 2652 -
938 2636 946 2650 b
969 2635 1035 2658 I'snl.

257 2673 335 2697 xxxv,
352 2670 375 2691 1¹.
391 2681 421 2686 —
436 2670 446 2685 ¹⁵
465 2670 629 2701 Gen.‚x1.1x,
648 2672 732 2695 1ῖὶ.-
745 2671 755 2687 ⁶
775 2670 875 2699 rimula,
897 2677 937 2699 xi,
951 2672 990 2695 30.
1007 2684 1037 2688 —

259 2712 261 2717 ¹
278 2704 362 2734 Rern„
380 2705 405 2728 ιἰι
427 2705 511 2729 lif-111».
530 2706 617 2735 ticeli..
636 2713 711 2730 svrul.
731 2713 748 2736 1,
767 2713 792 2730 11.
812 2708 832 2729 .''1.
850 2719 879 2724 -
895 2709 903 2721 ι*
919 2709 1037 2737 tii-egon,

400 220 452 254 DE
472 219 670 261 DEchT.,
695 219 817 252 lNTER
838 217 1051 252 SERMONES
1072 215 1124 251 DE
1144 217 1312 254 SANCTlS
1334 221 1376 254 ΙΝ
1398 221 1591 274 commum,
1614 221 1721 258 xmv.

1095 287 1180 322 «Qui
1204 288 1245 318 ad
1269 290 1450 327 promissam
1470 290 1608 327 requiem
1634 290 1680 321 ire
1707 291 1876 330 desiderat,

1093 335 1307 366 mandatorum
1328 345 1421 367 onera
1439 337 1567 366 libenter
1589 339 1696 375 portet.
1717 349 1731 366 ιι
1757 340 1878 370 uuest

1092 383 1264 412 sanctorum
1273 384 1451 419 consolatio,
1461 392 1554 422 quam
1566 393 1628 414 non
1641 385 1736 422 novit,
1752 386 1810 416 nisi
1822 387 1878 425 qni

1093 429 1211 467 accipit.
1235 431 1291 466 Qui
1313 431 1402 460 istam
1430 432 1602 462 unctionem
1628 433 1722 462 semel
1745 433 1877 471 sentiret,

1092 475 1220 506 libenter
1234 486 1353 508 crucem
1375 479 1556 517 poenitentioe
1575 482 1718 518 portaret.
1743 481 1814 517 Sed,
1835 481 1877 511 si-

1093 526 1143 552 cut
1156 523 1229 552 dicit
1241 526 1272 554 B.
1289 525 1455 555 Ber-nardus
1473 527 1485 544 ⁷
1502 535 1510 554 :
1538 537 1554 554 ι
1574 527 1654 556 uuiti
1673 528 1877 565 poenitentiam

1092 570 1221 607 fugiunt,
1248 571 1300 609 qui
1324 580 1444 602 crucem
1463 572 1578 610 vident,
1600 573 1655 603 sed
1676 582 1740 604 non
1763 575 1878 604 unctio-

1092 625 1173 646 nem.
1189 629 1203 644 »
1221 618 1250 648 Si
1264 618 1355 655 igitur
1369 619 1516 649 abhorres
1534 628 1665 657 crucem,
1676 622 1790 659 respice
1804 630 1878 651 unc-

1093 663 1217 699 tionem,
1233 665 1394 695 considera
1412 667 1585 704 praemium,
1601 668 1683 705 quia,
1707 668 1784 698 sicut
1807 669 1880 699 dicit

1093 712 1252 748 Gregorius
1264 713 1275 731 ⁸
1287 734 1297 748 ,
1315 724 1329 739 «ι
1345 714 1550 744 consideratio
1565 715 1681 752 praemii
1695 716 1804 746 minuit
1816 717 1878 746 vim

1093 758 1216 796 flagelli.
1231 771 1245 786 u
1269 760 1316 790 Sic
1337 760 1426 797 igitur
1447 761 1537 790 debet
1557 761 1614 791 ista
1639 763 1749 792 domus
1773 763 1878 800 inungi

1093 805 1162 834 oleo
1177 805 1282 835 laetitiae
1295 808 1470 844 spiritualis,
1493 809 1578 846 quod
1597 809 1662 838 fluit
1681 811 1717 846 (b)
1739 810 1878 848 desuper,

1093 853 1204 883 scilicet
1216 862 1253 883 ex
1267 855 1508 885 consideratione
1519 859 1636 886 oeternoe
1650 857 1853 887 beatitudiuis.

1129 902 1239 935 Quarto
1257 902 1351 932 debet
1377 903 1552 940 illuminari,
1579 907 1608 934 et
1631 904 1730 934 lucere
1765 905 1879 935 lumine

1092 949 1225 978 honestas
1247 951 1489 980 conversationis.
1518 953 1558 980 De
1578 960 1640 990 quo
1664 952 1779 983 lumine
1805 953 1879 982 dici-

1095 1000 1141 1027 tur
1155 999 1166 1015 ⁹
1182 1007 1189 1026 :
1207 1009 1220 1024 ι
1235 999 1301 1028 Sitis
1320 999 1383 1029 sine
1399 999 1532 1037 querela,
1547 1002 1574 1028 et
1587 1000 1739 1038 simplices
1757 1000 1812 1030 filii
1831 1001 1879 1030 Dei

1093 1045 1124 1073 in
1139 1045 1241 1074 medio
1250 1046 1379 1075 nationis
1390 1054 1491 1083 pravas
1501 1049 1530 1075 et
1544 1055 1701 1084 pavet-sm,
1715 1047 1791 1076 inter
1803 1055 1881 1085 quos

1093 1091 1206 1127 lucetis,
1224 1103 1238 1119 n
1255 1093 1287 1121 id
1302 1096 1355 1128 est,
1371 1094 1471 1122 lucere
1487 1093 1613 1129 dehetis,
1632 1104 1647 1120 ιι
1660 1094 1735 1123 sicut
1749 1094 1878 1124 lumina-

1093 1139 1137 1168 ria
1153 1139 1182 1167 in
1198 1139 1325 1168 mundo.
1339 1151 1353 1167 ι)
1370 1141 1436 1169 Non
1450 1140 1530 1169 enim
1553 1141 1644 1170 debet
1664 1141 1800 1171 sufficere
1815 1142 1880 1172 viro

1093 1188 1206 1221 sancto,
1222 1187 1306 1224 quod
1321 1188 1351 1216 in
1373 1196 1404 1216 sc
1418 1187 1540 1224 ardent;
1564 1188 1618 1217 sed
1637 1189 1727 1218 debet
1747 1189 1819 1218 roris
1832 1189 1880 1218 lu-

1093 1242 1158 1262 cere
1186 1242 1239 1270 per
1265 1235 1500 1264 conversationis
1513 1235 1710 1272 honestatem,
1732 1237 1807 1265 utin
1836 1245 1872 1266 eo

1093 1281 1293 1318 adimpleatur
1313 1282 1400 1316 illud,
1421 1283 1506 1319 quod
1531 1283 1638 1311 dicitur
1648 1284 1668 1301 ¹⁰
1685 1293 1692 1312 :
1707 1294 1721 1310 ιι
1736 1284 1879 1312 Ambula-

1092 1328 1168 1358 bunt
1182 1333 1284 1364 gentes
1298 1329 1327 1357 in
1341 1329 1452 1358 lumine
1480 1332 1542 1365 tuo,
1557 1343 1568 1355 »ι
1592 1330 1623 1358 id
1652 1333 1706 1365 est,
1731 1331 1881 1367 gentiliter

1094 1376 1226 1404 viventes
1249 1376 1406 1412 proficient
1427 1376 1467 1405 ad
1489 1377 1662 1414 exemplum
1686 1380 1780 1407 tuum.
1811 1378 1881 1407 ldeo

1093 1422 1164 1451 dicit
1181 1423 1322 1452 Dominus
1343 1423 1380 1452 de
1395 1424 1508 1452 Joanne
1526 1424 1546 1442 ¹¹
1564 1433 1570 1452 :
1589 1435 1603 1450 ιι
1619 1424 1669 1454 tlte
1684 1428 1747 1454 erat
1760 1425 1883 1454 lucerna

1093 1469 1202 1498 ardens
1217 1473 1245 1498 et
1258 1470 1377 1506 lucens;
1390 1482 1403 1496 ι
1421 1464 1531 1499 ardens
1545 1471 1668 1500 interius
1683 1472 1836 1508 charitate,
1853 1475 1882 1501 et

1093 1517 1196 1546 lucens
1206 1519 1334 1547 exterius
1345 1519 1509 1548 honestate.
1519 1522 1549 1548 Et
1557 1528 1638 1555 vere,
1648 1520 1772 1558 quando
1783 1521 1882 1556 sicest,

1094 1565 1177 1601 quod
1194 1565 1304 1594 domus
1320 1566 1374 1595 ista
1387 1567 1548 1603 spiritualis
1563 1568 1599 1596 sit
1614 1567 1791 1603 illuminata,
1813 1571 1883 1597 tunc

1094 1615 1137 1640 cst
1153 1614 1210 1641 Deo
1226 1613 1354 1649 perfecte
1387 1614 1541 1650 dedicata;
1567 1615 1638 1651 quia
1660 1618 1729 1643 tunc
1749 1618 1824 1644 Deus
1851 1616 1881 1644 in

1095 1668 1130 1688 ea
1151 1660 1301 1695 laudatur,
1321 1663 1349 1689 et
1367 1661 1561 1697 glorificatur.
1586 1662 1666 1691 L'nde
1683 1664 1704 1680 ¹¹
1722 1672 1729 1691 :
1748 1673 1762 1689 ιι
1777 1663 1820 1691 Sic
1836 1663 1882 1691 lu-

1094 1709 1159 1735 ceat
1178 1707 1229 1735 lux
1254 1710 1350 1736 vestra
1373 1716 1475 1737 eoram
1497 1709 1682 1743 hominibus,
1702 1712 1734 1738 ut
1759 1710 1882 1739 videant

1094 1762 1186 1790 opera
1211 1757 1308 1782 vestra
1330 1755 1422 1790 bona,
1447 1758 1474 1783 ct
1497 1756 1665 1792 glorificent
1692 1759 1805 1785 Patrem
1830 1766 1881 1786 ve-

1094 1804 1198 1834 strum,
1215 1802 1265 1838 qui
1283 1802 1312 1829 in
1325 1802 1406 1830 coelis
1423 1806 1475 1831 est.
1492 1813 1505 1829 s
1523 1804 1592 1838 Sed,
1609 1804 1681 1832 heu!
1699 1804 1806 1832 domus
1829 1804 1882 1832 illa

1094 1849 1276 1878 sanctificata
1294 1858 1312 1878 a
1328 1850 1428 1878 multis
1451 1851 1606 1887 polluitur.
1630 1851 1711 1880 Unde
1726 1852 1882 1888 conqueri-

1095 1898 1140 1924 tur
1156 1896 1177 1913 ¹³
1194 1905 1199 1922 :
1221 1908 1232 1921 u
1249 1899 1278 1925 tn
1295 1897 1484 1925 multitudine
1501 1897 1690 1934 iniquitatum
1711 1903 1838 1933 tuarum,
1855 1901 1882 1927 et

1094 1943 1249 1979 iniquitate
1270 1945 1480 1979 negotiationis
1505 1946 1574 1980 tuae,
1598 1945 1730 1982 polluisti
1755 1945 1882 1974 sanctifi-

1094 1991 1241 2019 cationem
1257 1994 1368 2019 tuam.u
1389 1993 1448 2020 lloc
1463 1993 1613 2027 estetiam,
1630 1993 1712 2029 quod
1729 1993 1836 2021 dicitur
1849 1993 1881 2027 ¹⁸,

1095 2037 1178 2074 quod
1198 2049 1210 2064 ει
1223 2038 1415 2067 ascendentes
1433 2039 1464 2066 in
1484 2042 1617 2067 montem
1633 2040 1719 2074 Sion,
1744 2039 1882 2068 viderunt

1094 2086 1357 2113 sanctificationem
1375 2086 1533 2120 desertam,
1556 2089 1583 2114 et
1603 2086 1696 2115 altare
1712 2087 1880 2123 prophana-

1095 2135 1201 2166 tum,et
1218 2136 1317 2169 portus
1332 2135 1460 2166 exustas,
1477 2137 1504 2161 ct
1524 2134 1553 2161 in
1570 2134 1649 2162 atriis
1663 2134 1791 2169 virgulta
1800 2136 1878 2169 nata,

1094 2181 1166 2208 sicut
1180 2180 1209 2207 iu
1229 2179 1314 2211 saltu,
1336 2180 1382 2207 vel
1405 2180 1434 2207 in
1455 2180 1620 2214 montibus,
1638 2184 1665 2209 et
1687 2181 1880 2217 pastophoria

1093 2227 1198 2255 diruta.
1217 2238 1230 2253 ι)
1261 2228 1339 2255 Tunc
1369 2227 1561 2255 sanctificatio
1591 2228 1707 2256 deserta
1735 2228 1877 2263 efficitur,

1095 2274 1217 2311 quando
1234 2282 1284 2302 cor
1299 2273 1444 2308 hominis,
1463 2274 1546 2310 quod
1562 2277 1623 2302 erat
1641 2277 1698 2303 tlco
1715 2276 1880 2304 sanctitica-

1095 2324 1157 2350 tum
1180 2330 1197 2349 a
1221 2321 1325 2357 gratia,
1357 2329 1409 2357 per
1435 2324 1589 2357 peecatum
1619 2322 1772 2350 deseritur.
1800 2324 1878 2350 Tunc

1095 2369 1182 2396 ctiam
1197 2368 1288 2396 altare
1304 2368 1520 2404 prophanatur,
1541 2369 1663 2405 quando
1684 2378 1745 2404 cor,
1762 2370 1793 2397 in
1815 2377 1876 2405 quo

1093 2416 1209 2444 solebat
1225 2415 1372 2443 immolari
1395 2416 1490 2443 hostia
1513 2415 1623 2450 laudis,
1646 2425 1698 2452 per
1722 2419 1876 2452 peccatum

1095 2463 1247 2499 polluitur.
1264 2464 1342 2490 Tunc
1359 2466 1451 2498 portin
1466 2466 1638 2497 exuruntur,
1652 2471 1719 2490 cum
1730 2463 1877 2491 incentiva

1096 2552 1198 2578 Mur-al..
1213 2551 1258 2575 lil».
1278 2553 1306 2581 X,
1322 2560 1343 2574 c.
1363 2558 1420 2579 xvi,
1437 2551 1468 2574 ..1.
1486 2557 1539 2581 xii,
1557 2559 1580 2575 ιι.
1598 2554 1641 2579 152,
1659 2551 1743 2581 quoad
1762 2558 1873 2575 sensum.

1095 2602 1124 2606 —
1141 2590 1148 2601 ³
1164 2588 1252 2618 Philip
1266 2606 1271 2616 ,
1293 2594 1309 2611 ιι
1321 2606 1327 2617 ‚
1352 2589 1388 2611 Ιῗι.
1405 2600 1434 2604 -
1454 2588 1473 2603 ¹·
1489 2588 1548 2615 lxu.y
1569 2593 1615 2617 Lx,
1635 2588 1657 2610 3.
1675 2600 1704 2604 -
1723 2588 1738 2603 ¹¹
1753 2588 1834 2615 donn„
1851 2594 1875 2618 v,

1096 2626 1133 2648 35.
1148 2637 1177 2642 —
1201 2624 1339 2652 ¹¹Alat1h„
1361 2629 1391 2653 v,
1414 2625 1450 2647 ιδ.
1473 2636 1497 2640 —
1523 2623 1542 2639 ¹³
1563 2624 1658 2652 Ezech„
1678 2629 1775 2655 xxviii,
1794 2625 1831 2648 18.
1845 2637 1875 2642 -

1096 2661 1113 2676 ¹·
1129 2661 1135 2684 Ι
1152 2659 1244 2688 Maeli„
1263 2665 1297 2691 iv,
1311 2660 1350 2683 38.

1127 2706 1162 2735 (ιι)
1179 2704 1266 2736 suppl.
1281 2705 1333 2735 qui.
1350 2717 1379 2722 -
1396 2705 1425 2732 (ls‘
1443 2705 1500 2735 lfq.
1512 2704 1582 2728 nunt.
