2029 3052
138 218 210 262 300'

137 296 252 338 pedem
265 295 338 327 fixit
351 294 472 327 ibidem
486 296 617 337 propter
631 293 850 327 reverentiam
863 302 920 326 an-

139 350 290 391 gelorum
301 374 311 389 ,
341 357 550 390 amoremque
579 347 782 390 praecipuum
810 347 921 380 Matris

138 404 264 437 Christi.
281 404 374 437 Hune
389 404 496 436 locum
509 403 561 436 vir
575 404 704 434 sanetus
717 401 840 434 amavit
852 410 920 442 prae

138 459 262 491 caeteris
280 458 395 490 mundi
408 458 485 490 locis
505 468 512 488 :
538 457 592 488 hic
610 456 728 488 etenim
755 455 922 488 humiliter

138 513 246 554 coepit,
258 513 311 545 hic
324 512 471 545 virtuose
485 511 629 552 profecit,
640 510 693 542 hic
707 510 838 542 feliciter
849 519 922 542 eon-

139 567 327 605 summavit,
338 567 429 598 hunc
438 566 473 598 in
485 567 590 598 morte
600 565 752 597 tratribus
765 566 922 606 tanquam

139 619 264 661 Virgini
284 619 514 652 charissimum
528 618 776 651 commendavit.
800 618 844 650 De
861 618 922 650 hoe

139 675 238 706 frater
255 673 387 715 quidam
408 673 470 706 Deo
484 673 635 712 devotus,
649 675 724 705 ante
738 672 922 705 conversio-

139 737 216 760 nem
229 737 336 767 suam,
353 728 511 761 visionem
530 728 654 761 viderat
668 727 822 760 relatione
845 736 921 759 con-

139 783 284 824 dignam.
301 782 491 816 Innumeros
508 783 659 815 cernebat
672 782 820 814 homines
834 781 923 814 caeei-

139 841 202 870 tate
222 847 399 880 percussos
425 838 503 870 faeie
527 838 560 870 in
584 838 702 870 coelum
723 837 864 876 directa,
891 839 923 868 et

141 893 279 933 genibus
296 893 398 930 flexis,
421 892 453 923 in
472 892 572 933 hujus
595 891 735 923 ecclesiae
759 893 842 922 stare
857 891 920 922 eir-

139 946 227 978 cuitu
252 957 259 978 :
283 946 338 987 qui
368 954 500 984 omnes,
529 946 687 986 protensis
709 945 861 976 manibus
885 945 919 975 in

140 1000 252 1040 altum,
270 999 520 1041 lacrymabiliter
541 999 722 1030 clamabant
745 999 784 1030 ad
806 998 920 1037 Deum,

139 1053 392 1086 misericordiam
408 1053 605 1093 postulantes
621 1053 785 1084 etlumen.
800 1052 838 1083 Et
849 1061 921 1084 ecce

140 1108 257 1148 ingens
271 1107 310 1139 de
324 1107 403 1139 coeto
420 1107 570 1147 splendor
582 1106 723 1145 advenit,
735 1115 767 1137 se
782 1114 840 1146 per
854 1115 922 1137 om-

140 1171 197 1193 nes
211 1161 403 1199 diffundens,
419 1161 474 1201 qui
486 1160 595 1192 lumen
606 1160 781 1200 unicuique
796 1160 918 1199 tribuit,

139 1218 170 1248 et
183 1216 319 1248 salutem
333 1215 545 1248 desideratam
562 1215 726 1246 concessit.
747 1215 801 1246 llic
815 1217 862 1246 cst
878 1216 921 1247 lo-

141 1279 209 1310 cuS,
231 1271 262 1301 in
287 1279 350 1311 quo
375 1269 526 1301 Fratrum
551 1269 712 1300 Minorum
733 1269 816 1301 Ordo
842 1278 860 1299 a
887 1268 919 1298 S.

140 1324 308 1355 Francisco
321 1333 378 1364 per
387 1323 506 1354 divina:
521 1322 725 1354 revelationis
736 1323 921 1353 instinctum

141 1378 310 1409 inchoatus
323 1380 379 1409 cst.
398 1377 518 1408 Divinae
546 1386 686 1417 namque
712 1376 919 1416 providentiae

141 1433 237 1469 nutu,
254 1440 318 1471 qua
333 1431 446 1461 Christi
463 1439 578 1461 servus
590 1430 790 1469 dirigebatur
805 1431 838 1461 in
856 1438 922 1460 om-

139 1485 247 1524 nibus,
266 1487 329 1516 tres
343 1484 522 1516 materiales
536 1484 637 1515 erexit
652 1484 810 1520 ccclesias,
829 1488 918 1518 ante-

139 1548 250 1580 quam,
267 1539 416 1571 Ordinem
428 1538 594 1576 inchoans,
609 1537 823 1577 Evangelium
841 1549 920 1579 prze-

139 1593 269 1630 diearet,
286 1595 322 1624 ut
339 1602 403 1624 non
419 1592 524 1623 solum
540 1602 558 1623 a
578 1592 783 1623 sensibilibus
806 1593 845 1624 ad
871 1594 918 1625 in-

140 1645 330 1685 telligibilia,
347 1655 366 1676 a
385 1645 564 1676 minoribus
578 1645 617 1676 ad
638 1646 760 1684 majora
776 1645 922 1677 ordinato

139 1708 314 1740 progressu
344 1699 589 1736 conscendcret·,
619 1698 830 1729 verumetiam
869 1702 919 1738 ut,

139 1753 216 1793 quid
239 1755 319 1783 esset
345 1753 485 1783 tacturus
512 1753 544 1783 in
570 1755 750 1792 posterum,
780 1753 921 1784 sensibili

141 1807 217 1837 foris
231 1816 326 1846 opere
345 1806 571 1847 mysterialiter
594 1807 815 1846 praesignaret.
843 1807 922 1838 Nam

141 1862 241 1892 instar
256 1864 411 1901 reparata}
425 1861 556 1901 triplicis
568 1861 695 1892 salu-ivan
710 1861 810 1901 ipsius
823 1862 921 1892 sancti

142 1915 203 1946 viri
215 1915 345 1953 ducatu,
357 1915 533 1946 secuudum
550 1915 656 1945 (latam
670 1915 709 1944 ab
720 1924 757 1945 co
774 1916 921 1953 stnunam,

142 1968 290 2007 regulam
321 1971 352 1999 et
374 1969 563 2006 doctrinam,
592 1969 704 1999 Christi
739 1969 924 2000 triformiter

143 2020 327 2051 renovanda
341 2024 409 2052 erat
427 2021 573 2057 Ecclesia,
593 2021 738 2061 trinaque
751 2021 924 2061 triumpha-

143 2076 214 2105 tura
231 2073 343 2104 militia
359 2074 599 2111 salvandorum,
615 2075 694 2105 sicut
710 2077 740 2105 et
753 2085 838 2106 nuuc
856 2085 924 2106 ccr-

144 2128 254 2158 nimus
269 2137 336 2159 esse
351 2128 558 2168 completum.

424 2241 567 2274 CAPUT
594 2241 648 2273 ΙΙΙ.

194 2325 231 2352 Dc
252 2326 427 2352 institutione
450 2326 617 2359 Religionis,
641 2327 664 2351 ct
686 2326 881 2360 approbatione

478 2370 594 2403 nouum.

191 2450 223 2480 ln
240 2450 370 2481 ecclesia
390 2450 491 2489 igitur
508 2450 648 2487 Virginis
666 2450 772 2481 Matris
789 2452 839 2482 Dci
857 2462 926 2483 mo-

149 2512 218 2534 ram
234 2504 364 2534 faciente
381 2513 473 2535 servo
489 2503 589 2543 ipsius
605 2503 781 2542 biaut-isco,
799 2509 828 2536 ct
841 2506 925 2545 apud

149 2565 232 2593 eam,
249 2564 322 2595 qnae
341 2556 483 2596 concepit
505 2556 644 2586 Verbum
666 2557 792 2595 plenum
813 2560 927 2598 (frutice

151 2614 180 2641 el
194 2609 344 2641 ἰ’σνῖίαίίε
357 2610 376 2645 “,
389 2609 547 2640 continuis
559 2609 724 2640 insistente
738 2613 925 2651 gemitibus,

151 2665 184 2694 nt
202 2663 269 2693 lieri
290 2663 480 2702 dignaretur
499 2663 651 2694 advocata
673 2663 781 2703 ipsius.
808 2667 927 2697 meritis

185 2726 286 2755 Uenu„
303 2732 319 2756 1,
339 2727 373 2749 Η.
391 2739 418 2742 —-
436 2726 520 2756 ²150„
537 2732 587 2756 Lu,
604 2727 626 2749 7.

707 223 892 258 LEGENDA
913 224 946 257 S.
970 224 1188 260 FRANCISCL
1224 220 1226 222 V

974 293 1084 327 Matris
1096 295 1323 329 miseficordiae
1337 297 1484 338 concepit
1495 306 1534 330 ac
1546 298 1671 340 peperit
1687 287 1754 342 spi-

974 348 1074 381 ritum
1088 351 1286 391 evangelicae
1306 350 1460 383 veritatis.
1485 350 1570 383 Dum
1591 352 1679 384 enim
1703 352 1758 385 die

975 402 1115 443 quodam
1133 403 1262 436 Missam
1276 404 1315 436 de
1335 404 1496 446 Apostolis
1512 405 1647 438 devotus
1663 405 1755 438 audi-

974 457 1034 495 ret,
1050 457 1227 497 perlectum
1243 460 1290 490 est
1308 458 1517 499 evangelium
1534 458 1626 499 illud,
1640 459 1677 491 in
1689 468 1756 501 quo

976 509 1119 543 Christus
1130 511 1294 553 discipulis
1308 512 1349 544 ad
1366 512 1608 554 praedicandum
1622 513 1757 546 mitten-

975 564 1025 596 dis
1037 565 1173 598 t‘ormam
1193 566 1306 598 tribuit
1317 566 1542 607 evangelicam
1555 567 1590 598 in
1603 567 1754 607 vivendo,

976 627 1017 650 ne
1025 619 1174 651 videlicet
1185 619 1368 661 possideant
1376 629 1496 652 aurum
1505 620 1558 653 vel
1567 622 1755 661 argentum,

975 673 1082 705 necin
1097 674 1184 706 zonis
1207 674 1393 716 pecuniam,
1417 683 1476 706 nec
1499 683 1609 716 peram
1632 674 1666 705 in
1690 674 1756 714 via,

975 727 1130 759 nee'duas
1144 729 1268 760 tunicas
1287 728 1438 768 habeant,
1461 737 1520 760 nee
1544 727 1759 760 calceamenta

976 780 1136 820 deferant,
1161 791 1266 823 neque
1285 783 1427 823 virgam.
1453 782 1543 821 Quod
1568 782 1702 814 audiens
1727 784 1759 814 et

977 834 1175 876 intelligens,
1192 845 1229 867 ae
1247 836 1414 868 memoriae
1436 836 1665 868 commendans
1679 845 1756 877 apo-

977 886 1095 919 stolicae
1118 889 1314 929 paupertatis
1333 889 1478 927 amicus,
1501 888 1656 920 indicibili
1679 897 1756 920 mox

977 942 1126 981 perfusus
1140 941 1250 974 laetitia
1266 954 1272 974 :
1292 942 1359 974 Hoc
1379 946 1437 980 est,
1454 943 1572 984 inquit,
1589 942 1677 983 quod
1700 951 1759 974 cu-

977 996 1049 1036 pio;
1066 996 1127 1027 hoe
1145 996 1231 1037 quod
1252 996 1327 1028 totis
1347 996 1532 1037 praecordiis
1556 996 1756 1036 concupisco.

977 1048 1079 1081 Solvit
1093 1049 1225 1090 proinde
1247 1050 1461 1081 calceamenta
1481 1050 1520 1081 de
1539 1049 1685 1090 pedibus,
1702 1049 1756 1080 de-

977 1103 1066 1143 ponit
1088 1103 1251 1142 baculum,
1269 1113 1378 1144 peram
1395 1103 1509 1144 rejicit,
1535 1106 1565 1135 et
1589 1103 1758 1144 pecuniam

977 1159 1156 1196 execratur,
1179 1167 1306 1198 unaque
1329 1159 1497 1188 contentus
1520 1157 1674 1196 tunicula,
1704 1166 1756 1189 re-

973 1211 1058 1249 jecta
1080 1211 1237 1251 corrigia,
1263 1220 1321 1252 pro
1347 1211 1481 1251 cingulo
1504 1212 1615 1242 funem
1638 1212 1756 1250 sumit,

978 1273 1107 1296 omnem
1128 1265 1376 1296 sollicitudinem
1386 1265 1489 1296 cordis
1504 1274 1666 1306 apponens
1679 1275 1758 1306 qua-

978 1318 1048 1349 liter
1062 1319 1171 1350 audita
1193 1320 1344 1359 perficiat,
1361 1321 1391 1350 et
1418 1319 1599 1360 apostolicae
1626 1319 1756 1351 rectitu-

977 1372 1063 1403 dinis
1087 1373 1208 1411 regula}
1233 1382 1289 1413 pcr
1312 1373 1420 1404 omnia
1443 1382 1476 1404 se
1497 1375 1631 1413 coaptet.
1657 1372 1758 1413 Coepit

978 1436 1019 1458 ex
1033 1427 1094 1457 hoe
1109 1427 1158 1457 vir
1175 1427 1238 1463 Dei,
1253 1427 1363 1458 divino
1379 1427 1543 1466 instinctu,
1559 1426 1758 1467 evangelicas

979 1481 1179 1521 perfectionis
1193 1481 1362 1512 aemulator
1382 1481 1530 1520 existere,
1554 1483 1584 1512 et
1598 1481 1638 1512 ad
1656 1481 1758 1522 poeni-

979 1536 1113 1566 tentiam
1133 1537 1264 1566 caeteros
1288 1535 1436 1566 invitare.
1459 1535 1556 1566 Erant
1577 1537 1686 1566 autem
1708 1535 1756 1576 ip-

978 1590 1044 1620 sius
1069 1589 1196 1630 eloquia
1223 1598 1288 1620 non
1318 1590 1445 1627 inania,
1472 1598 1530 1620 nec
1551 1589 1618 1620 risu
1641 1588 1758 1628 dignm

978 1644 1032 1675 scd
1049 1644 1167 1674 virtute
1180 1643 1315 1684 Spiritus
1333 1644 1436 1675 Sancti
1458 1643 1552 1681 plena
1573 1645 1674 1680 erant,
1692 1651 1759 1674 me-

979 1698 1081 1729 dullas
1094 1698 1197 1728 cordis
1213 1698 1424 1737 penetrantia,
1436 1698 1516 1728 utin
1533 1697 1759 1729 vehementem

978 1755 1143 1792 stuporem
1167 1751 1331 1782 audientes
1353 1753 1587 1782 converterent.
1615 1751 1649 1782 ln
1671 1752 1759 1782 omni

981 1805 1203 1845 przedicationc
1225 1814 1283 1836 sua
1300 1814 1409 1845 pacem
1427 1804 1637 1842 annuntians,
1652 1805 1759 1836 dicen-

980 1860 1020 1889 do
1039 1871 1045 1890 ι
1068 1860 1218 1891 Dominus
1233 1859 1283 1891 det
1299 1859 1387 1891 robis
1409 1867 1532 1899 pacem,
1557 1858 1713 1898 populum
1728 1858 1761 1890 in

981 1913 1138 1943 sermonis
1165 1912 1296 1943 exordio
1324 1912 1493 1942 salutabat.
1520 1911 1607 1942 Hanc
1642 1912 1762 1952 qnippe

980 1967 1203 1997 salutationem
1235 1966 1367 1996 llomino
1395 1965 1556 1996 revelante
1588 1965 1760 2004 didicerat,

981 2021 1061 2051 sicut
1078 2020 1144 2060 ipse
1163 2019 1366 2060 postmodum
1387 2019 1575 2049 testabatur.
1594 2018 1681 2049 Unde
1697 2019 1760 2049 tac-

982 2077 1051 2105 tum
1067 2076 1125 2112 cst,
1142 2077 1174 2104 ut
1189 2075 1283 2113 juxta
1298 2082 1480 2103 scmnoncm
1502 2072 1724 2112 propheticum
1738 2072 1759 2111 ²,

981 2132 1009 2159 et
1023 2129 1101 2168 ipsc,
1115 2127 1345 2167 prophetarum
1358 2126 1474 2166 spiritu
1489 2126 1624 2164 afflatus,
1638 2135 1762 2156 annun-

983 2182 1073 2212 tiaret
1089 2190 1210 2221 pacem,
1229 2180 1416 2220 przudicaret
1431 2179 1579 2217 salutem,
1596 2188 1632 2209 ac
1647 2178 1762 2210 saluta-

983 2236 1071 2266 ribus
1088 2234 1215 2265 monitis
1230 2233 1397 2264 l'oederaret
1407 2233 1563 2273 plurimos
1578 2242 1664 2264 vcrae
1681 2233 1760 2274 paci,

982 2290 1038 2329 qui
1064 2288 1224 2319 discordes
1248 2297 1266 2318 a
1287 2287 1410 2317 Christo
1434 2287 1524 2326 prius
1546 2287 1718 2318 extiterant
1744 2296 1763 2317 a

983 2343 1084 2374 salute
1107 2341 1286 2381 longinqui.
1312 2340 1526 2371 innotescente
1548 2341 1655 2381 itaque
1678 2340 1763 2381 apud

984 2398 1100 2428 multos
1117 2396 1176 2426 viri
1194 2396 1246 2425 [lei
1263 2398 1327 2425 tam
1343 2395 1497 2425 doctrinm
1512 2394 1666 2435 simplicis
1682 2394 1763 2425 veri-

983 2454 1056 2486 tate,
1075 2459 1172 2490 quam
1194 2449 1280 2486 vitre,
1304 2451 1469 2488 coeperunt
1495 2449 1594 2488 ipsius
1615 2446 1762 2487 exemplo

984 2505 1044 2536 viri
1060 2504 1189 2544 quidam
1206 2503 1244 2533 ad
1265 2502 1484 2542 poeuiteutiam
1505 2501 1653 2539 animari,
1669 2503 1699 2531 et
1713 2500 1761 2531 ei-

983 2559 1068 2596 dcm,
1085 2557 1209 2597 rejectis
1230 2556 1389 2593 omnibus,
1409 2555 1519 2586 habitu
1536 2555 1663 2594 vitaque
1686 2562 1763 2584 con-

981 2612 1080 2653 J'ungi
1102 2622 1108 2642 :
1129 2618 1269 2650 quorum
1291 2609 1413 2649 primus
1432 2608 1535 2639 extitit
1558 2609 1609 2638 vir
1629 2616 1762 2638 venera-

985 2666 1055 2697 bilis
1072 2664 1262 2701 Bernartius,
1278 2663 1332 2703 qui
1347 2662 1519 2693 vocationis
1531 2661 1647 2691 divium
1664 2661 1762 2701 parti-

986 2729 1059 2760 ceps
1074 2719 1184 2755 sactus,
1212 2716 1310 2756 patris
1331 2715 1413 2747 beati
1438 2714 1672 2755 primogenitus
1695 2723 1763 2746 esse
