2029 3052
251 265 312 296 144

250 332 324 370 tur;
339 329 386 361 ibi
399 337 419 361 a
428 327 610 370 pastoribus
623 326 799 359 invenitur.
814 324 840 358 Ο
858 325 935 358 felix
951 333 1033 367 prae-

250 393 336 426 sepe,
352 391 426 425 quae
441 381 606 414 contines?
621 380 744 420 Regem
759 379 874 420 gloriae
887 379 923 411 in
937 381 969 411 te
986 379 1034 411 in-

251 439 358 475 venio,
374 439 412 469 ut
421 437 621 478 Jumentum,
637 436 670 466 et
682 433 888 466 refectorium
902 433 1034 474 angelo-

250 502 338 525 rum.
349 491 393 524 De
407 493 439 523 te
453 491 626 531 pascuntur
639 488 735 520 bruta
749 487 913 526 animalia,
926 490 958 519 et
977 496 1034 519 re-

251 547 358 578 ficitur
370 545 479 577 anima
492 543 619 575 devota.
635 541 691 581 Te,
704 541 778 574 licet
790 541 976 583 improprie,
990 543 1034 572 ta-

251 609 327 632 men
350 599 474 631 felicem
496 597 656 639 praedico;
674 596 728 628 sed
744 596 846 628 multo
860 595 1034 628 feliciorem

251 654 322 686 dico
336 653 485 686 devotam
505 650 745 689 conscientiam,
765 659 839 691 quae
853 658 919 681 non
939 652 987 681 est
1001 649 1034 681 id

251 707 338 749 quod
369 709 404 738 tu
431 714 489 747 per
517 705 688 737 essentiam
701 715 709 743 ;
738 704 792 736 sed
823 706 931 735 tamen
954 712 1032 735 con-

251 762 331 793 tinet
352 759 573 802 spiritualiter,
596 758 680 799 quod
704 759 741 790 tu
759 757 945 789 continebas
968 765 1035 788 cor-

252 815 412 857 poi-aliter.

425 921 575 955 TERTIA
596 919 860 954 SOLEMNITAS.

351 1006 388 1033 De
414 1004 589 1040 impositione
614 1003 733 1030 nominis
757 1003 838 1037 pueri
861 1002 934 1029 Jesu.

294 1087 401 1119 Tertio
415 1085 695 1123 considerandum,
711 1083 848 1124 qualiter
863 1082 915 1114 ille
924 1082 1036 1113 beatis-

254 1142 357 1173 simus
371 1140 559 1178 infantulus,
575 1137 782 1179 spiritualiter
797 1139 901 1175 natus,
925 1136 966 1167 sit
981 1144 1036 1167 no-

254 1194 436 1226 minandus.
454 1193 491 1224 Et
507 1194 583 1233 puto
605 1191 692 1232 quod
716 1199 781 1222 non
808 1192 911 1230 potest
930 1189 1035 1220 nomi-

254 1249 322 1280 nari
339 1247 584 1287 congruentius,
601 1254 699 1286 quam
721 1244 821 1283 Jesus‚
839 1245 917 1284 (μία
933 1244 1036 1284 scrip-

255 1308 324 1335 tum
347 1306 395 1335 cst
418 1304 424 1320 ·
443 1314 450 1334 z
475 1302 629 1334 Voculam
647 1304 692 1333 est
716 1308 829 1332 nomen
850 1299 919 1339 eJ'us
934 1299 1035 1337 λεδ-ηε,

255 1358 341 1399 quod
366 1360 513 1389 vocatum
541 1359 586 1388 est
618 1355 657 1387 ιώ
686 1354 817 1394 Anyclo,
846 1354 1038 1393 prinsquam

255 1413 473 1452 conciperetur
488 1411 524 1442 in
539 1414 639 1442 ulero.
658 1408 721 1439 lloc
737 1411 783 1439 est
800 1417 916 1439 nomen
931 1416 1038 1437 saera—

257 1466 417 1498 tissimum
452 1474 471 1495 a
501 1463 667 1504 Prophetis
696 1461 945 1502 prophetatum·,
978 1461 1037 1491 lioc

256 1524 303 1552 est
319 1529 437 1552 nomen
462 1519 660 1555 virtuosum,
684 1516 880 1555 gratiosum,
903 1515 1039 1555 gaudio-

257 1584 342 1613 sum,
374 1573 576 1609 deliciosum,
606 1573 635 1602 et
665 1570 841 1610 gloriosum
874 1580 880 1600 :
918 1569 1038 1600 vlrtuo-

257 1638 345 1667 sum,
371 1627 446 1668 quia
476 1628 606 1666 superat
630 1626 758 1662 hostes,
788 1626 965 1664 congregat
994 1623 1038 1653 ei-

258 1693 332 1721 ves‚
358 1684 484 1722 reparat
514 1681 614 1717 vires,
645 1681 771 1710 revocat
798 1681 937 1715 mentes,
964 1687 1042 1717 gra-

259 1737 391 1773 tiosum,
421 1735 496 1775 qnia
524 1734 555 1764 in
590 1734 656 1774 ipso
686 1733 842 1763 habemus
866 1732 936 1762 tidei
969 1732 1040 1762 sun-

259 1791 468 1827 damentum,
498 1789 564 1828 spei
602 1788 855 1824 firmamentum,
879 1785 1043 1816 charitatis

260 1846 487 1882 augmentum,
502 1839 635 1880 justitia·
651 1838 938 1879 complementum;
959 1847 1042 1877 gau-

261 1897 404 1934 diosum,
429 1895 505 1935 quia
530 1893 653 1934 jubilus
679 1892 713 1923 in
741 1892 853 1930 corde,
885 1891 984 1922 melos
1011 1892 1043 1922 in

261 1960 349 1985 aure..
366 1950 428 1981 mel
445 1950 475 1979 in
490 1958 556 1985 ore,
575 1947 724 1987 splendor
740 1946 771 1976 in
789 1948 894 1977 mente
906 1957 912 1983 ;
926 1955 1043 1976 nomen

263 2005 372 2044 utique
394 2003 590 2038 deliciosum,
616 2000 701 2040 quod
724 2000 821 2040 pascit
846 2000 1043 2039 cogitatum,

264 2058 338 2088 lenit
365 2056 543 2096 prolatum,
574 2054 670 2093 ungit
707 2053 909 2089 invocatum,
945 2053 1045 2084 reiicit

263 2111 429 2150 scriptum,
447 2108 575 2139 instruit
591 2109 710 2138 sactum
726 2109 764 2146 tu)
780 2117 786 2145 ;
801 2116 916 2137 nomen
934 2116 1045 2138 revera

264 2164 455 2205 gloriosum,
478 2162 562 2203 qnod
580 2161 664 2192 dedit
685 2161 776 2192 caecis
794 2161 917 2198 visum,
941 2161 1046 2192 surdis

264 2219 421 2256 anditum,
447 2225 627 2247 sermonem
653 2216 764 2253 mutis,
782 2215 880 2245 vitam
899 2215 1044 2253 mortuis,

265 2277 296 2304 et
317 2281 464 2313 gressum
487 2270 617 2301 rlandis.
643 2271 667 2301 t)
691 2279 807 2300 nomen
830 2269 1044 2307 benedictum,

265 2327 349 2367 quod
375 2325 511 2357 ostendit
539 2327 662 2355 tantum
687 2324 846 2354 virtutum
876 2323 1044 2354 ellectum!

266 2383 289 2412 O
305 2381 424 2418 anima,
442 2379 509 2410 sive
532 2378 663 2415 scribas,
687 2377 754 2407 sive
777 2377 877 2415 legas,
900 2377 967 2408 sive
991 2377 1046 2407 do-

266 2444 352 2472 ceas,
378 2433 446 2464 sive
472 2431 557 2463 aliud
583 2430 809 2471 quodcumque
831 2440 909 2470 opus
938 2431 1047 2468 facias,

268 2488 347 2518 nillil
365 2487 419 2518 tibi
435 2486 547 2526 sapiat,
565 2484 644 2516 nihil
659 2483 714 2514 tibi
727 2484 857 2523 placeat,
875 2484 1049 2515 nisiJesus.

269 2542 390 2573 Nomen
409 2541 522 2580 igitur,
540 2542 632 2570 tuum
650 2537 844 2568 infantulum
865 2538 896 2567 in
913 2541 941 2569 te
956 2538 1048 2578 spiri-

269 2595 397 2626 tualiter
423 2595 581 2634 genitum,
608 2592 698 2624 Jesus
723 2591 839 2622 habeat
864 2592 941 2629 sibi,
964 2592 1051 2632 quod

270 2649 454 2680 nominatur
470 2648 523 2678 Dei
538 2646 633 2684 tilius,
647 2644 795 2686 splendor
805 2645 929 2684 gloriar,
942 2646 1051 2686 imago

270 2703 468 2741 substantiae,
492 2702 629 2734 verbum
646 2700 759 2738 Patris,
779 2699 880 2731 virtus
895 2700 1050 2740 Omnipo-

304 2771 308 2784 ¹
324 2769 390 2795 Luc..
409 2773 436 2798 n,
451 2769 514 2792 21.-
539 2767 573 2797 (ιι)
590 2767 646 2797 Lcy.
662 2765 765 2789 lectum.

626 259 677 292 DE
696 256 874 297 QUINQUE
894 255 1227 292 FESTl'VlTA'l'lBUS
1249 258 1368 292 PUERI
1389 256 1495 292 JESU.

1088 327 1197 367 tentis,
1211 327 1317 360 haeres
1330 327 1570 366 universorum,
1582 325 1651 358 Rex
1664 333 1796 368 regum,
1808 325 1871 359 Do-

1090 380 1198 413 minus
1209 381 1427 414 dominorum.
1446 380 1568 414 Habeat
1578 380 1639 413 sibi
1654 380 1741 422 quod
1754 379 1873 413 dicitur

1089 435 1252 475 Christus,
1278 436 1312 468 id
1340 438 1388 468 est
1408 437 1538 475 unctus,
1561 437 1593 468 et
1616 436 1714 474 bene,
1738 434 1815 476 quia
1835 434 1873 466 in

1090 489 1291 530 prophetam,
1307 489 1391 522 sicut
1408 489 1525 521 claruit
1537 489 1573 521 in
1594 488 1748 521 doctrinae
1763 487 1872 520 erudi-

1089 543 1190 582 tione;
1218 544 1252 575 in
1276 543 1435 585 pugilem.
1459 543 1543 575 sicut
1566 543 1670 584 patuit
1693 542 1728 574 in
1753 542 1873 575 diaboli

1089 595 1319 636 debellatione;
1339 597 1375 628 in
1398 596 1608 636 sacerdotem,
1633 596 1715 628 sicut
1734 595 1874 628 ostendit

1091 649 1125 681 in
1146 649 1249 682 Patris
1274 650 1547 689 reconciliatione;
1580 650 1615 682 in
1636 658 1761 690 regem,
1791 649 1874 682 sieut

1091 704 1283 736 monstrabit
1297 704 1331 736 in
1345 704 1557 746 praemiorum
1570 703 1795 736 retributione.
1811 702 1873 735 Ha-

1091 758 1162 789 beat
1178 758 1249 790 haec.
1263 759 1387 798 omnia,
1403 758 1462 790 sihi
1479 767 1554 790 cum
1577 758 1644 790 suis
1664 757 1765 790 beatis
1784 766 1871 790 com-

1091 812 1215 844 munia.
1248 813 1296 845 Sit
1319 815 1447 845 tantum
1473 813 1530 844 tibi
1555 812 1647 844 Jesus
1669 811 1817 844 Salvator
1839 811 1874 843 in

1091 865 1191 906 hujus
1210 867 1285 899 vitae
1300 867 1441 899 incolatu
1462 869 1494 899 et
1515 866 1655 898 miseria.
1678 865 1801 905 Salvet,
1822 866 1872 897 in-

1091 929 1202 961 quam,
1222 923 1253 953 te
1266 930 1285 952 a
1306 921 1421 953 mundi
1443 921 1597 958 vanitate,
1617 929 1691 961 quae
1712 922 1743 951 te
1766 919 1875 961 impu-

1091 976 1190 1015 gnat;
1211 983 1231 1006 a
1245 974 1401 1007 daemonis
1415 975 1560 1013 falsitate,
1577 982 1651 1015 quae
1669 975 1702 1006 te
1723 973 1873 1013 infestat3

1092 1037 1111 1058 a
1125 1027 1246 1058 carnali
1261 1027 1444 1067 fragilitate,
1459 1036 1534 1067 quae
1550 1028 1580 1058 te
1598 1025 1730 1058 cruciat.
1753 1024 1873 1065 Clama,

1091 1081 1222 1120 devota,
1253 1081 1337 1112 inter
1360 1083 1406 1112 tot
1434 1081 1535 1121 hujus
1561 1080 1638 1112 vitae
1669 1079 1797 1120 flagella
1820 1089 1828 1111 :
1850 1079 1874 1111 0

1091 1134 1183 1172 lesu,
1209 1134 1356 1166 Salvator
1380 1134 1503 1172 mundi,
1526 1134 1614 1166 salva
1639 1143 1714 1173 nos,
1735 1134 1791 1174 qui
1819 1142 1876 1175 per

1093 1198 1221 1220 crucem
1239 1191 1271 1220 et
1286 1189 1478 1229 sanguinem
1495 1189 1657 1220 redemisti
1680 1197 1748 1220 nos.
1767 1187 1874 1226 Salva,

1095 1244 1245 1284 inquam,
1271 1243 1456 1275 dulcissime
1485 1243 1643 1281 Salvator,
1669 1243 1876 1274 confortando

1093 1297 1242 1336 debilem,
1255 1298 1447 1328 consolando
1459 1296 1609 1335 flebilem,
1622 1296 1806 1337 adJuvando
1818 1297 1876 1328 sra-

1093 1352 1204 1392 gilem,
1231 1351 1456 1383 consolidando
1476 1350 1668 1382 instabilem.
1694 1350 1767 1389 Sed,
1793 1351 1873 1382 lieni

1095 1415 1198 1437 unum
1222 1408 1283 1442 est,
1307 1405 1392 1446 quod
1417 1414 1491 1436 cum
1516 1405 1593 1436 fletu
1613 1405 1766 1444 reseram,
1790 1404 1877 1446 quod

1096 1469 1160 1491 non
1183 1463 1274 1491 vacat
1295 1460 1464 1500 mysterio,
1487 1459 1571 1500 quod
1597 1468 1681 1498 non,
1706 1458 1810 1490 statim
1841 1460 1879 1490 ut

1096 1515 1249 1552 nascitur,
1273 1514 1512 1545 circumciditur
1537 1516 1567 1545 et
1596 1513 1798 1552 nominatur,
1823 1513 1878 1544 sed

1096 1569 1274 1599 secundum
1311 1568 1401 1608 leges
1437 1567 1504 1598 dies
1533 1570 1645 1598 octava
1679 1569 1875 1608 expectatur.

1099 1623 1179 1654 l’uto
1194 1622 1278 1663 quod
1295 1632 1351 1663 per
1371 1621 1601 1663 septenarium,
1619 1621 1675 1662 qui
1692 1621 1725 1652 in
1749 1623 1879 1653 octona-

1097 1676 1145 1706 rio
1161 1675 1344 1713 includitur,
1362 1675 1553 1706 universitas
1568 1674 1754 1705 divinarum
1769 1677 1801 1706 et
1813 1684 1880 1706 mo·

1097 1729 1214 1760 ralinm
1242 1729 1413 1765 virtutum‘,
1439 1738 1514 1760 cum
1542 1729 1662 1759 unitate
1694 1731 1725 1760 et
1751 1728 1880 1760 vinculo

1098 1785 1195 1826 pacm,
1213 1786 1394 1824 liguratur:
1413 1784 1499 1824 quia,
1517 1786 1686 1824 postquam
1701 1784 1809 1815 omnia
1824 1793 1881 1824 per

1099 1839 1315 1870 fortitudinem
1327 1837 1461 1869 adversa
1477 1838 1634 1876 toleravit,
1652 1846 1709 1878 per
1719 1838 1880 1878 justitiam

1099 1893 1233 1924 miseros
1254 1898 1283 1924 et
1303 1894 1435 1932 egentes
1457 1891 1664 1930 sustentavit,
1678 1901 1735 1932 per
1758 1894 1880 1932 tempe-

1100 1947 1238 1978 rantiam
1252 1947 1523 1987 concupiscentias
1537 1945 1713 1986 slipen-ivit,
1732 1955 1787 1986 per
1804 1955 1881 1986 pru-

1099 2000 1239 2031 dentiam
1257 2000 1367 2032 mundi
1384 2004 1414 2031 et
1429 2000 1550 2040 antiqui
1568 1999 1667 2031 hostis
1683 1999 1813 2031 insidias
1826 2000 1881 2031 de-

1100 2054 1248 2091 ‹·linavit;
1264 2054 1379 2091 adhue,
1403 2057 1571 2094 postquam
1590 2062 1646 2094 per
1666 2053 1761 2084 tidem
1781 2053 1881 2084 Deum

1100 2108 1246 2139 omnium
1261 2110 1437 2139 creatorem
1462 2107 1628 2145 intellexit,
1655 2116 1710 2147 per
1732 2116 1821 2147 spem
1846 2107 1880 2138 in

1101 2171 1176 2193 eum
1198 2165 1350 2202 tanquam
1373 2164 1647 2193 remuneratorem
1673 2161 1704 2192 in
1731 2161 1882 2193 omnibus

1101 2216 1253 2256 operibus
1272 2216 1340 2246 suis
1366 2216 1506 2256 aspexit,
1529 2225 1584 2256 per
1602 2215 1791 2246 charitatem
1806 2224 1882 2246 eum

1103 2273 1254 2310 tanquam
1269 2269 1414 2300 omnium
1432 2270 1590 2300 bonorum
1611 2269 1797 2309 largitorem
1818 2271 1883 2300 toto

1102 2324 1195 2355 corde
1207 2323 1329 2360 dilexit,
1346 2326 1374 2354 et
1390 2324 1520 2355 demum
1539 2324 1589 2355 die
1604 2326 1728 2361 octavo,
1746 2323 1882 2354 circum-

1103 2378 1176 2408 cisis
1186 2377 1226 2408 ab
1243 2377 1351 2408 anima
1367 2378 1518 2408 omnibus
1538 2377 1744 2418 phantasticis
1764 2376 1883 2415 imagi-

1104 2433 1305 2469 nationibus,
1336 2433 1487 2463 onmibus
1526 2432 1617 2463 vanis
1647 2434 1677 2463 et
1717 2430 1886 2461 inutilibus

1104 2486 1361 2526 cogitationibus,
1380 2486 1498 2527 pacatis
1514 2485 1664 2517 omnibus
1680 2484 1798 2515 animae
1812 2492 1885 2514 mo-

1105 2540 1202 2577 tibus,
1217 2542 1247 2570 et
1265 2540 1453 2571 inordinatis
1474 2538 1705 2576 affectionibus,
1720 2547 1776 2578 per
1791 2545 1884 2569 exer-

1105 2594 1216 2625 citium
1240 2594 1516 2634 contemplationis
1538 2593 1571 2623 in
1595 2591 1728 2626 Domino
1751 2591 1887 2623 dulciter

1106 2647 1274 2687 requiescit
1289 2658 1295 2677 :
1315 2650 1391 2679 tunc
1405 2656 1482 2688 puer
1493 2646 1690 2684 nominatur,
1703 2647 1779 2676 tunc
1794 2644 1887 2676 dulce

1106 2710 1224 2733 nomen
1245 2701 1337 2733 Jesus
1361 2700 1554 2741 imponitur,
1580 2702 1655 2731 tunc
1670 2699 1740 2739 ejus
1754 2698 1888 2730 dulcedo

1106 2758 1241 2787 sentitur
1260 2759 1289 2787 et
1318 2758 1477 2796 gustatur,
1501 2758 1577 2787 tnnc
1597 2754 1763 2795 experitur
1787 2753 1886 2784 virtu—
