2029 3052
538 165 589 198 DE
611 160 876 196 DEDICATIONE
896 158 1105 193 ECCLESIAE.
1129 155 1262 189 SERMO
1286 156 1339 188 Ill.

164 237 202 265 De
217 235 302 264 tertio
317 236 326 254 ¹
344 244 350 262 ε
370 244 383 260 «
397 234 448 263 Cui
467 234 502 271 (a)
518 233 549 262 in
564 231 724 262 solitudine
745 230 847 259 locum
862 229 906 266 (b),

128 285 156 312 et
170 282 362 312 tabernacula
376 282 439 318 ejus
458 281 489 310 in
504 282 582 310 terra
598 277 766 315 salsuginis.
782 287 796 304 »
813 277 846 305 Et
860 284 907 304 se-

128 330 228 368 quitur
243 339 249 358 :
269 339 283 356 «
298 328 501 366 Circumspicit
524 328 639 356 montes
662 332 780 362 pascuae
795 331 866 358 suoe,
882 325 910 352 et

127 378 252 406 virentia
267 385 393 414 quaeque
403 375 556 413 perquirit.
571 384 585 402 »
602 374 656 403 Iste
667 380 790 408 onager,
806 370 911 408 praela-

128 427 174 453 tus
203 434 209 452 :
234 426 335 453 manet
355 424 386 452 in
407 423 475 451 loco
504 420 687 455 solitudinis,
710 428 746 447 ex
767 418 910 455 singulari

129 472 278 501 sanctitate
284 481 293 507 3
309 471 340 499 in
354 472 432 499 terra
445 468 614 505 salsuginis,
624 476 661 496 ex
676 466 799 495 ferventi
814 465 910 494 chari-

130 521 202 555 tate3
218 519 248 546 in
265 519 365 546 monte
381 517 559 551 solitudinis,
576 524 612 544 ex
628 514 763 551 diligenti
781 512 910 541 subdito-

129 574 197 594 rum
207 565 424 594 informatione.

165 614 312 647 Quantum
333 611 372 640 ad
397 611 581 645 secundum,
603 610 661 638 hoc
685 607 911 637 tabernaculum

130 659 344 693 sanctificatur,
383 658 506 695 quando
547 657 676 686 Ecclesia
709 655 909 684 consecratur.

132 705 328 735 sanctificatio
343 706 442 734 autem
461 704 586 733 sumitur
600 704 631 732 in
653 710 737 732 sacra
763 702 912 738 Scriptura

132 753 282 790 tripliciter
293 752 417 789 :primo,
428 759 483 788 pro
494 751 707 780 emundatione
720 758 737 778 a
749 750 871 786 peccato
880 749 891 764 '³
904 757 911 776 ε

135 810 148 826 ι(
163 799 289 828 Liberati
304 807 321 827 a
337 800 473 835 peccato,
488 798 564 827 servi
577 799 677 826 autem
691 796 759 826 facti
774 797 844 831 Deo,
859 796 912 823 ha-

131 846 206 874 betis
220 846 348 874 fructum
361 847 493 874 vestrum
515 845 546 873 in
567 839 809 873 sanctificatione.
834 854 846 869 »
865 844 913 871 Se-

131 893 246 928 cundo,
265 901 321 930 pro
343 893 531 921 dedicatione
555 892 646 921 cultui
673 892 776 920 divino
801 900 807 919 z
832 890 913 918 unde

131 940 372 975 tabernaculum,
396 942 424 968 et
442 948 513 968 vasa
541 939 725 968 tabernaculi
748 938 827 966 dicta
846 939 914 965 sunt

131 987 322 1022 sanctificari,
350 987 421 1023 quia
450 987 587 1016 dedicata
609 986 712 1015 divino
744 985 836 1013 cultui
863 986 874 1002 ³
905 994 912 1013 :

135 1045 148 1062 (ι
163 1036 286 1071 sumpto
303 1034 450 1062 unctionis
465 1034 544 1069 oleo,
560 1042 654 1069 unges
675 1033 912 1067 tabernaculum,

133 1083 161 1110 et
175 1082 275 1110 omnia
289 1089 362 1109 vasa
382 1082 457 1117 ejus,
473 1083 504 1109 ut
528 1080 754 1109 sanctificentur.
774 1091 787 1107 ³)
807 1080 913 1115 Tertio,

132 1138 188 1166 pro
205 1128 430 1157 confirmatione
441 1129 472 1156 in
488 1129 567 1156 bono
580 1137 586 1156 :
599 1128 674 1156 sicut
685 1127 764 1156 enim
775 1129 914 1163 loannes,

133 1178 162 1205 et
183 1176 233 1205 alii
254 1176 286 1204 in
307 1176 402 1211 gratia
423 1175 599 1210 confirmati,
625 1175 763 1203 dicuntur
787 1175 916 1203 sanctifi-

134 1223 210 1252 cati⁶
223 1233 228 1251 :
248 1225 440 1258 «Antequam
455 1223 551 1250 exires
562 1222 599 1250 de
615 1222 715 1256 vulva,
733 1221 915 1249 sanctificavi

133 1272 170 1299 te.
197 1280 211 1297 »
239 1271 271 1298 ln
293 1269 373 1297 hunc
402 1269 527 1297 modum
553 1268 683 1297 Ecclesia
706 1268 915 1303 sanctificatur,

133 1317 257 1354 quando
273 1317 304 1345 in
318 1317 400 1345 laicis
414 1318 442 1344 et
462 1316 654 1344 saecularibus
669 1324 686 1344 a
700 1316 828 1352 peccatis
847 1323 916 1351 pur-

133 1366 234 1400 gatum
256 1364 379 1400 quando
397 1364 427 1391 in
451 1363 569 1391 Clericis
591 1365 619 1391 et
642 1363 795 1398 Rcligiosis
814 1362 916 1390 divino

135 1411 225 1440 cultui
244 1411 387 1439 dedicatis
406 1410 634 1438 commendatur
640 1420 649 1445 3
665 1409 788 1446 quando
805 1409 835 1437 in
851 1412 917 1438 Pas-

134 1458 248 1487 toribus
263 1460 291 1486 et
304 1457 430 1486 praelatis
443 1457 645 1485 confirmatur.

171 1507 209 1534 De
230 1505 328 1541 primo
342 1506 352 1522 ⁵
375 1514 381 1533 :
402 1514 415 1530 «
438 1504 590 1541 Quidquid
610 1505 706 1540 potest
724 1503 845 1531 transire
864 1512 917 1540 per

134 1553 281 1588 flammas,
298 1552 366 1588 igne
383 1551 581 1588 purgabitur:
604 1551 688 1587 quod
703 1553 800 1579 autem
817 1551 918 1586 ignem

134 1608 195 1628 non
211 1600 319 1636 poterit
332 1600 486 1634 sustinere,
503 1608 583 1636 aqua
598 1599 773 1636 expiationis
790 1599 917 1627 sanctifi-

134 1647 258 1676 cabitur.
275 1657 288 1674 »
304 1648 370 1674 llaec
381 1647 460 1675 enim
476 1649 538 1674 erat
559 1646 690 1682 vulgaris
713 1646 916 1680 sanctificatio,

134 1696 162 1722 et
177 1694 355 1729 communis,
379 1694 509 1729 signans,
531 1694 615 1730 quod
638 1701 692 1730 per
715 1701 826 1729 aquam
841 1693 917 1729 bap-

134 1741 212 1770 tismi
242 1743 270 1770 et
288 1741 389 1776 ignem
408 1741 586 1777 poenitentiae
613 1740 790 1768 sanctificari
813 1740 918 1768 saltem

135 1789 300 1825 quemlibet
313 1789 424 1817 laicum
439 1790 564 1825 oportet,
583 1796 636 1823 per
654 1788 688 1823 (c)
707 1787 918 1823 purgationem

135 1836 174 1863 ab
189 1836 326 1871 originali
340 1837 460 1872 peccato
477 1837 505 1863 et
524 1834 642 1863 actuali.
656 1835 666 1851 ⁶
683 1844 695 1860 «
718 1834 919 1862 Transivimus

135 1890 189 1918 per
203 1882 304 1917 ignem
317 1885 344 1910 et
359 1891 480 1918 aquam,
501 1884 528 1910 et
543 1881 668 1910 eduxisti
683 1890 738 1910 nos
753 1882 783 1909 in
799 1881 918 1918 refrige-

136 1937 226 1957 rium.
242 1939 255 1955 »

174 1977 212 2003 De
228 1976 359 2004 secundo
376 1975 482 2004 dicitur
498 1975 537 2004 ad
552 1978 650 2004 Aaron
664 1975 695 2003 in
714 1983 843 2012 persona
858 1976 919 2004 Cle-

136 2023 288 2051 ricorum⁷
304 2032 312 2049 .·
331 2032 344 2049 (ι
360 2024 391 2051 In
411 2023 471 2050 fide
487 2025 514 2051 et
530 2022 649 2050 lenitate
671 2023 763 2059 ipsius
785 2025 919 2051 sanctum

136 2069 204 2097 fecit
219 2069 315 2104 illum,
336 2072 364 2098 et
384 2069 472 2105 elegit
491 2078 561 2098 eum
582 2078 617 2098 ex
636 2070 718 2098 omni
738 2078 834 2098 carne.
857 2080 870 2096 »
888 2072 920 2098 In

137 2117 212 2152 fide,
238 2117 340 2153 quoad
366 2118 471 2152 Deum3
495 2117 613 2145 lenitate
630 2117 792 2153 patientiae,
818 2118 920 2154 quoad

138 2164 324 2201 proximum3
342 2166 370 2192 et
386 2167 538 2201 separetur
559 2165 596 2192 ab
613 2165 695 2192 omni
710 2173 808 2200 carne,
824 2165 856 2193 id
879 2167 921 2193 est

139 2211 281 2240 acarnali
302 2211 465 2247 voluptate,
491 2211 593 2247 quoad
612 2212 741 2248 seipsum
766 2222 772 2239 :
797 2214 825 2241 et
848 2213 923 2241 sicut

140 2258 264 2287 ecclesia
278 2258 457 2286 sanctificata
476 2267 537 2286 non
556 2258 727 2286 advolvitur
743 2259 863 2287 ulterius
883 2260 922 2287 ad

141 2313 230 2333 usum
245 2305 386 2340 alienum,
412 2307 557 2341 quantum
581 2306 620 2333 ad
639 2306 765 2333 modum
773 2316 780 2341 3
806 2307 846 2333 sic
867 2315 922 2335 nec

141 2351 187 2380 isti
223 2352 346 2380 ulterius
382 2352 421 2379 ad
452 2354 607 2388 peccatum
636 2355 821 2381 revertantur
832 2375 840 2388 ,
870 2354 923 2382 sed

142 2400 153 2416 ⁸
162 2409 176 2425 α
192 2399 263 2427 sciat
272 2398 478 2435 unusquisque
484 2407 535 2426 vas
544 2407 630 2427 suum
638 2400 791 2435 possidere
802 2401 832 2428 in
841 2409 924 2429 sanc-

142 2445 312 2481 tificatione,
327 2447 355 2474 et
368 2446 493 2474 honore.
510 2455 523 2471 ι)

178 2533 184 2549 ¹
199 2533 254 2562 lob,
267 2539 358 2564 xxxtx,
375 2535 399 2563 6,
413 2534 436 2557 8.
450 2546 480 2550 ——-
491 2533 639 2562 2'1t0m.,V1‚
655 2533 694 2556 22.
708 2547 733 2549 —
750 2534 760 2550 ³
776 2534 868 2563 Erat,
882 2542 925 2565 XL,

145 2571 169 2593 9.
185 2582 215 2586 —
235 2569 245 2585 δ
261 2570 489 2598 Jerem.,1‚5.-—
501 2569 511 2585 ⁵
526 2568 715 2599 Nzwz.‚xx1u,
732 2571 770 2593 23,
786 2583 816 2587 —-
833 2572 841 2582 '³
856 2571 925 2595 Psol.

148 2610 206 2635 mv,
226 2606 262 2629 12.
282 2619 313 2623 —
330 2606 340 2622 ⁷
357 2605 446 2633 Eccli„
467 2610 528 2634 va,
549 2606 572 2628 4.
593 2617 618 2621 -—
641 2605 649 2618 ¹⁵
668 2605 674 2628 Ι
694 2604 783 2634 Thess„
804 2611 841 2635 iv,
858 2609 879 2631 vi.
897 2620 927 2624 —

146 2640 156 2655 'f‘
172 2640 261 2670 Exocl„
281 2647 339 2671 xix,
359 2642 398 2665 22.
421 2654 449 2658 —
472 2641 490 2657 ¹⁰
509 2640 593 2671 Alme..
611 2646 680 2670 xxu,
699 2643 734 2665 11.
752 2654 781 2658 -
803 2642 818 2657 ¹¹
836 2641 925 2671 Lavit,

1689 157 1746 188 133

1000 229 1038 256 De
1067 226 1151 255 tertio
1168 227 1200 253 ⁹:
1224 235 1238 252 α
1266 224 1439 254 Sacerdotes
1463 224 1516 261 qui
1537 223 1682 252 accedunt
1707 223 1747 252 ad

963 282 1012 304 me
1022 295 1031 310 ‚
1061 273 1297 309 sanctificentur,
1325 280 1362 301 ne
1390 272 1556 309 percutiam
1587 279 1654 305 eos,·
1683 280 1698 298 »
1720 272 1748 299 et

963 322 1193 356 sanctificentur,
1215 322 1243 349 et
1266 321 1480 349 confirmentur
1499 319 1530 347 in
1552 318 1654 354 bono,
1676 318 1748 355 quia

963 369 1021 406 ipsi
1046 370 1114 397 sunt
1133 369 1296 404 columnae,
1325 369 1353 397 et
1378 367 1613 396 stabilimentum
1641 366 1673 394 in
1691 373 1748 402 po-

964 416 1048 454 pulo.
1065 416 1122 452 Ipsi
1140 416 1219 444 enim
1234 416 1345 444 debent
1360 424 1423 444 esse
1437 413 1609 444 sanctificati
1622 435 1630 447 ,
1646 412 1749 450 quoad

964 463 1119 501 propriam
1140 463 1421 498 sanctificationem,
1446 464 1473 491 et
1497 461 1601 498 quoad
1621 460 1750 489 aliorum

965 511 1218 539 sustentationem.
1231 510 1252 527 ¹⁰
1264 511 1338 545 «Qui
1354 511 1472 539 sanctus
1485 511 1537 543 est,
1550 507 1751 537 sanctificetur

966 558 1074 587 adhuc.
1090 568 1103 585 ›>
1119 559 1151 586 ln
1167 558 1265 593 figura
1284 566 1354 594 ergo
1374 558 1462 593 hujus
1483 556 1604 593 triplicis
1624 554 1751 583 sanctifi—

966 605 1089 634 cationis
1102 605 1304 633 offerebantur
1319 605 1350 632 in
1365 603 1596 632 sanctificatione
1611 602 1751 631 taberna-

967 652 1025 681 culi
1046 652 1102 680 tria
1124 652 1267 680 animalia
1287 661 1293 679 z
1321 652 1387 686 hos,
1410 651 1463 687 qui
1491 650 1629 686 congruit
1653 647 1750 677 labori

966 701 1127 736 laicorum3
1153 708 1259 736 agnus,
1283 700 1335 736 qui
1362 699 1509 735 significat
1532 697 1751 734 simplicitatem

966 749 1191 785 religiosorum3
1221 747 1307 782 aries,
1335 747 1387 783 qui
1411 748 1454 775 est
1475 746 1536 774 dux
1564 745 1672 781 gregis,
1698 745 1754 781 qui

967 796 1107 824 convenit
1120 794 1257 831 regimini
1273 794 1475 823 Praelatorum.
1493 794 1526 821 Et
1544 792 1576 820 in
1597 799 1752 820 consecra-

967 844 1047 872 tione
1061 843 1171 878 altaris,
1187 843 1242 871 tria
1253 843 1456 879 apponuntur,
1465 839 1597 868 maxime
1609 839 1640 866 in
1652 838 1754 875 parvis

968 891 1111 920 altaribus
1123 901 1129 919 :
1141 891 1269 926 lignum,
1284 890 1404 925 signans
1415 887 1607 924 fragilitatem
1619 885 1650 913 in
1665 893 1753 913 saecu-

968 938 1082 966 laribus
1090 948 1099 971 ‚·
1121 938 1265 972 chrisma,
1292 935 1477 965 sanctitatem
1496 934 1527 962 in
1548 933 1736 969 regularibus
1744 943 1751 967 3

968 986 1054 1022 lapis,
1070 985 1240 1013 firmitatem
1255 985 1286 1012 in
1300 983 1482 1012 pastoribus.
1498 981 1646 1010 Moraliter
1656 981 1755 1017 potest

969 1033 1080 1069 exponi
1102 1032 1230 1060 verbum
1251 1030 1440 1067 propositum
1465 1029 1502 1056 de
1533 1027 1670 1064 quolibet
1697 1035 1753 1054 no-

970 1082 1079 1116 strum,
1103 1079 1154 1116 qui
1181 1078 1309 1107 dicimur
1333 1078 1382 1105 Dei
1403 1075 1633 1104 tabernaculum
1655 1083 1662 1102 :
1683 1074 1754 1102 ideo

971 1127 1078 1155 dicitur
1094 1127 1137 1154 ¹¹:
1165 1136 1178 1152 «
1200 1124 1438 1154 'sabernaculum
1468 1131 1570 1151 meum
1599 1122 1629 1150 in
1654 1121 1755 1150 medio

971 1174 1070 1209 vestri,
1086 1175 1113 1201 et
1135 1181 1197 1201 non
1213 1172 1331 1207 abjiciet
1352 1180 1407 1199 vos
1424 1171 1504 1199 ultra
1521 1170 1622 1198 anima
1641 1177 1718 1197 mea.
1741 1179 1754 1194 »

971 1221 1141 1250 Secundum
1156 1222 1255 1248 autem
1266 1218 1496 1252 distinctionem,
1513 1225 1607 1253 quam
1619 1216 1688 1244 facit
1703 1217 1756 1243 Da-

970 1268 1022 1296 vid
1037 1268 1067 1296 in
1087 1267 1204 1295 Psalmo
1223 1267 1308 1300 Quam
1331 1266 1432 1293 dilecta
1456 1265 1632 1292 tabernacula
1654 1264 1686 1297 ¹²,
1703 1271 1757 1299 per

972 1316 1080 1344 atrium
1093 1317 1120 1343 et
1130 1315 1233 1349 altare,
1249 1321 1409 1350 possumus
1421 1313 1603 1348 distinguere
1619 1313 1675 1339 tres
1690 1318 1758 1347 par-

973 1365 1014 1391 tes
1028 1363 1059 1390 in
1074 1361 1268 1390 tabernaculo
1288 1370 1294 1388 :
1316 1360 1435 1394 atrium,
1455 1368 1511 1396 pro
1533 1367 1604 1387 sexu
1625 1358 1756 1395 promis-

973 1418 1046 1445 cuo3
1080 1409 1164 1445 prius
1203 1407 1451 1442 tabernaculum,
1486 1406 1571 1442 quod
1604 1405 1759 1433 dicebatur

973 1459 1075 1486 sancta
1088 1458 1270 1490 sanctorum,
1286 1463 1341 1491 pro
1359 1454 1563 1482 ministrorum
1581 1452 1757 1489 quotidiano

973 1504 1107 1539 serviti03
1133 1503 1278 1539 posterius
1301 1501 1545 1535 tabernaculum,
1569 1500 1653 1536 quod
1679 1499 1759 1527 dice-

974 1552 1061 1580 batur
1075 1551 1180 1579 Sancta
1195 1550 1376 1583 sanctorum,
1392 1556 1448 1584 pro
1472 1547 1612 1575 pontifice
1628 1555 1756 1581 summo,

974 1598 1027 1635 qui
1042 1598 1123 1626 solus
1145 1596 1275 1624 intrabat
1289 1596 1360 1623 illuc
1377 1603 1446 1623 cum
1461 1594 1605 1629 sanguine
1621 1594 1641 1611 ¹³
1665 1593 1758 1621 semel

973 1646 1004 1673 in
1020 1652 1110 1673 anno.
1127 1644 1172 1672 Sic
1186 1644 1216 1672 in
1232 1643 1330 1678 nobis,
1347 1642 1399 1678 qui
1414 1650 1517 1669 sumus
1530 1641 1759 1669 tabernaculum

975 1692 1035 1727 Dei,
1060 1699 1128 1728 pars
1149 1691 1278 1719 anterior
1307 1691 1350 1718 est
1377 1697 1487 1725 corpus
1509 1690 1656 1722 nostrum,
1683 1688 1758 1716 sicut

974 1740 1132 1776 quoddam
1154 1739 1284 1767 atrium:
1310 1745 1380 1774 pars
1396 1736 1526 1765 anterior
1547 1738 1676 1772 estpars
1698 1736 1761 1764 ani-

974 1787 1075 1821 malis3
1092 1786 1145 1814 sed
1164 1794 1233 1822 pars
1248 1784 1395 1821 posterior
1411 1786 1454 1812 est
1472 1783 1573 1812 anima
1595 1785 1707 1817 nostra,
1722 1783 1761 1810 si-

974 1836 1022 1862 cut
1042 1833 1198 1870 quoddam
1219 1834 1324 1861 Sancta
1340 1833 1521 1859 sanctorum.
1547 1832 1585 1858 De
1601 1829 1700 1866 primo
1716 1829 1735 1846 ¹⁶
1753 1839 1760 1857 z

979 1884 1098 1910 «Certus
1109 1889 1174 1908 sum
1185 1880 1268 1917 quod
1280 1880 1368 1908 velox
1374 1881 1415 1907 est
1424 1879 1570 1915 depositio
1578 1878 1762 1906 tabernaculi

975 1931 1043 1958 mei.
1056 1942 1069 1956 »
1083 1930 1146 1957 Haec
1161 1931 1260 1957 autem
1275 1927 1393 1956 dicebat
1408 1927 1445 1955 de
1458 1925 1623 1954 imminenti
1638 1925 1763 1953 dissolu-

975 1977 1054 2005 tione
1066 1976 1199 2012 corporis
1215 1975 1316 2003 sui.De
1325 1973 1458 2002 secundo
1472 1973 1493 1990 ¹⁵
1505 1982 1511 2001 :
1523 1983 1537 1999 «
1552 1973 1651 2008 Eriges
1665 1972 1762 2000 taber-

976 2024 1127 2052 naculum.
1144 2034 1156 2049 »
1175 2024 1207 2051 Et
1224 2022 1357 2058 sequitur
1377 2030 1383 2049 :
1404 2021 1571 2048 «Inseretur
1591 2022 1691 2048 autem
1710 2028 1761 2047 ve-

976 2071 1039 2099 lum
1054 2079 1108 2107 per
1123 2070 1249 2098 circulos
1267 2078 1272 2096 :
1287 2069 1363 2097 intra
1379 2068 1463 2104 quod
1478 2075 1574 2104 pones
1590 2075 1691 2095 arcam
1706 2069 1763 2094 tes-

977 2118 1104 2152 timonii,
1120 2128 1133 2143 n
1153 2125 1213 2153 quo
1229 2115 1446 2148 Sanctuarium,
1459 2116 1487 2142 et
1502 2114 1666 2142 Sanctuarii
1678 2115 1764 2142 Sanc-

978 2165 1073 2193 tuaria
1088 2164 1268 2191 dividentur.
1286 2163 1364 2190 Sicut
1380 2162 1459 2189 enim
1474 2170 1543 2197 pars
1554 2161 1606 2189 illa
1626 2161 1764 2197 opposita

979 2211 1220 2239 circumdabatur
1248 2209 1331 2243 velo,
1361 2209 1445 2244 quod
1473 2208 1659 2235 discernebat
1690 2207 1764 2235 inter

979 2260 1093 2293 Sancta,
1105 2259 1133 2285 et
1140 2258 1244 2285 Sancta
1253 2257 1478 2290 sanctorum,ne
1493 2255 1644 2282 videretur
1652 2255 1706 2291 (cl);
1723 2255 1765 2282 sic

980 2314 1016 2333 ex
1031 2307 1112 2341 parte
1128 2303 1335 2337 sensualitatis,
1351 2311 1418 2339 quse
1433 2304 1475 2330 est
1489 2310 1558 2338 pars
1574 2302 1721 2336 animalis,
1735 2301 1764 2329 in

980 2353 1068 2382 nobis
1085 2352 1219 2380 oriuntur
1241 2351 1366 2387 quidam
1388 2352 1487 2378 motus
1509 2350 1722 2385 cogitationum
1738 2351 1765 2376 et

982 2400 1173 2428 affectionum
1195 2398 1354 2434 superflui,
1378 2397 1510 2425 velantes
1537 2399 1564 2424 et
1584 2396 1765 2424 occultantes

982 2447 1069 2476 nobis
1084 2447 1186 2474 lumen
1210 2444 1350 2479 veritatiS,
1374 2452 1412 2472 ne
1435 2443 1573 2472 animalis
1587 2443 1689 2477 homo,
1713 2442 1765 2478 qui

1795 803 1878 824 Auaris

1782 841 1860 855 conse-

1768 866 1837 887 cratio
1855 867 1880 886 et

1790 897 1857 924 hujus

1769 928 1862 956 mysteri

983 2531 1060 2553 xxw,
1081 2526 1119 2547 11.
1138 2536 1168 2540 —-
1188 2523 1208 2538 ¹²
1224 2522 1291 2546 Psal.
1312 2526 1422 2545 Lxxxm.
1444 2533 1473 2537 —
1498 2520 1514 2533 ¹³
1529 2519 1613 2546 Helua,
1637 2526 1678 2548 ix,
1697 2520 1719 2543 7.
1735 2533 1764 2536 —

985 2562 1004 2578 Η·
1021 2562 1027 2584 l
1045 2561 1158 2590 Pet1·.,1‚
1180 2560 1214 2582 li.
1234 2571 1258 2575 —
1278 2558 1298 2574 ¹⁵
1311 2556 1401 2585 lima„
1418 2562 1489 2586 xxvi,
1505 2557 1544 2586 30,
1560 2556 1598 2578 33.

1016 2605 1051 2636 (a)
1072 2604 1161 2635 Sama.
1184 2603 1251 2627 dedi.
1270 2616 1300 2620 -
1321 2601 1356 2632 (11)
1383 2600 1457 2631 Γαίῃ.
1476 2601 1592 2624 domum.
1609 2613 1638 2617 -
1660 2600 1689 2630 (ν)
1707 2600 1764 2630 μη.
1802 2594 1805 2597 ’

985 2644 1098 2672 propter.
1112 2653 1138 2657 —
1157 2639 1191 2669 (d)
1208 2639 1264 2669 Ley.
1279 2638 1437 2661 videremur.
