2029 3052
243 273 301 303 566

242 338 350 378 nicas,
366 337 402 369 in
420 346 488 369 una
509 335 693 376 intelligens
723 333 917 366 exteriorem
939 331 1020 364 ami-

243 395 331 424 ctum
344 416 351 430 ,
366 393 404 423 ut
415 391 529 423 fratres
543 399 643 431 cappa
655 391 828 429 tegantur3
845 389 880 420 in
893 387 956 419 alia
975 386 1021 418 in-

243 446 400 487 telligitur
420 454 516 477 omne
538 443 664 485 corpori
687 443 854 475 manifeste
876 450 1020 474 necessa-

243 500 330 532 rium
344 499 582 532 vestimentum.
599 498 641 530 Et
649 496 826 538 cingulum,
840 496 951 528 funem
961 495 1021 526 uti-

243 563 318 595 que,
334 553 411 594 quia
433 553 549 584 dicitur
567 552 602 583 in
628 551 730 583 Isaia¹
749 561 756 582 ε
774 551 852 583 Erit
861 558 920 591 pro
936 557 1022 582 zona

243 607 422 648 funiculus,
437 609 468 640 et
480 605 647 647 cinqulum
657 605 755 638 sacci.
773 604 839 636 Hoc
848 603 1021 644 cingulum

243 661 406 694 funiculus
420 663 476 701 est,
492 660 569 702 quia
577 660 659 692 sacci
668 659 800 691 funibus
809 658 897 699 cingi
907 657 1020 689 solent.

245 716 344 749 Credo
359 717 466 748 autem
482 715 515 747 S.
531 714 736 746 Franciscum
751 713 835 745 istud
851 711 1023 752 cingulum

244 770 391 810 elegisse,
403 770 480 811 quia
488 769 609 809 legitur
623 768 659 800 in
673 767 823 800 Matthaeo
832 767 844 784 ²
854 777 861 797 :
873 767 1023 799 Vinctum

244 824 412 858 duxerunt
424 825 462 864 (a)
476 832 558 863 eum,
570 825 600 856 et
610 822 817 856 tradiderunt
829 827 900 854 eam
910 820 1023 853 Pontio

244 879 359 912 Pilato.
376 878 432 910 Vel
447 879 532 909 certe
546 877 586 908 ad
598 877 749 915 litteram,
768 877 805 907 ut
821 874 944 916 cinguli
956 874 1025 906 vili-

245 933 294 962 tas
314 931 482 963 concordet
509 931 638 962 habitus
661 930 793 969 vilitati,
811 931 848 961 ut
872 929 933 960 hoc
956 928 1022 959 cin-

245 985 345 1017 ctorio
360 985 486 1024 armati,
506 986 537 1016 et
551 984 695 1016 veritatis
709 983 794 1015 linea
807 983 918 1014 mullis
932 991 1022 1023 aspe-

245 1050 300 1079 ra,
317 1041 358 1072 ab
373 1040 512 1072 Ecclesia
528 1031 698 1071 videantur
721 1037 902 1069 disturbare
923 1036 1024 1067 simo-

245 1095 352 1127 niacos
363 1118 373 1134 ‚
397 1097 429 1126 et
450 1094 528 1125 alios
549 1093 732 1125 scelerosos.
750 1091 844 1123 Facto
860 1090 948 1122 enim
963 1090 1023 1121 ssa-

245 1149 330 1189 gello
353 1148 392 1180 de
415 1147 585 1186 funiculis,
612 1146 767 1178 Dominus
794 1144 965 1176 vendentes
993 1145 1025 1175 et

246 1204 388 1234 ementes
401 1202 440 1233 de
455 1200 565 1241 templi
584 1200 633 1232 sui
652 1200 772 1230 finibus
786 1198 927 1230 noscitur
940 1198 951 1215 ³
963 1199 1025 1238 eJe-

245 1257 337 1288 cisse.
359 1257 399 1288 Et
416 1255 539 1292 bracas,
555 1263 696 1295 quarum
711 1254 756 1284 est
770 1252 938 1284 necessitas
954 1260 1023 1282 ma-

246 1310 359 1341 nifesta
382 1309 417 1340 in
440 1309 565 1340 casibus
591 1307 790 1343 innumeris,
808 1308 935 1346 propter
959 1306 1025 1336 hu-

246 1373 352 1396 manae
377 1363 515 1394 miseriae
540 1363 776 1402 tegumentum.
796 1361 932 1391 lstarum
957 1360 1027 1390 bra-

246 1427 358 1450 carum
374 1427 441 1449 non
462 1416 608 1456 tangitur
626 1415 780 1456 qualitas,
801 1417 837 1446 ut
854 1414 945 1445 liceat
963 1414 1024 1444 tra-

247 1472 361 1510 tribus,
376 1472 403 1502 si
419 1471 533 1502 nolunt
548 1472 680 1509 tangere
694 1469 749 1500 lini
766 1468 905 1506 delicias,
923 1468 1029 1498 bracis

247 1527 293 1558 uti
310 1525 419 1562 laneis,
437 1525 487 1556 vel
503 1525 599 1555 etiam
620 1523 761 1554 cilicinis.
780 1523 819 1555 Et
835 1529 1027 1562 caparonem

248 1589 346 1621 usque
370 1580 413 1612 ad
435 1579 599 1620 cinaedum
615 1587 625 1609 .·
645 1580 681 1609 ut
705 1587 794 1609 more
818 1577 1026 1617 antiquorum

248 1635 496 1675 Religiosorum‚
513 1633 731 1672 distinguatur
745 1631 874 1662 habitus
889 1631 1028 1661 novitio-

249 1699 322 1721 rum
343 1689 382 1720 ab
406 1687 518 1718 habitu
541 1687 765 1726 professorum.
783 1685 830 1715 Ab
847 1685 904 1715 ista
919 1687 1027 1715 autem

250 1741 394 1783 generali
408 1741 481 1780 lege
494 1740 667 1779 excipiens,
685 1739 771 1769 addit
789 1749 794 1769 :
815 1739 889 1770 Nisi
909 1737 1029 1770 eisdem

250 1796 413 1828 ministris
428 1793 603 1827 secundum
624 1794 722 1825 Deum
741 1791 920 1832 aliquando
935 1791 1030 1823 attint

251 1850 412 1882 videatur.
431 1849 478 1880 Ex
506 1848 566 1879 hoc
582 1847 679 1878 verbo
695 1847 726 1877 S.
746 1846 903 1877 l·'1·an‹·isci
920 1855 1028 1886 proce-

252 1905 316 1942 dit,
334 1906 369 1934 ut
384 1903 469 1934 istud
485 1902 660 1933 novitiatus
681 1901 807 1941 insigne
832 1900 1031 1941 paucissimis

253 1957 462 1995 concedatur,
479 1957 555 1996 quia
568 1980 575 1994 ‚
593 1958 751 1986 crescente
773 1955 911 1985 vanitate
926 1953 1031 1984 homi-

254 2021 344 2050 num,
357 2021 421 2042 uon
435 2014 481 2042 est
498 2011 617 2041 mirum
633 2010 658 2040 si
674 2009 838 2040 humilitas
854 2009 1030 2039 minuatur.

295 2067 405 2098 Finito
435 2072 506 2097 vero
536 2072 621 2096 cinno
647 2064 858 2103 probationis.
890 2063 964 2093 llfflc
987 2064 1034 2092 cst

255 2121 346 2152 tertia
369 2129 441 2160 pars
465 2119 618 2155 rubricae,
637 2119 669 2148 111
688 2127 751 2157 qua
774 2117 884 2155 agitur
906 2117 943 2147 dc
959 2126 1031 2157 pro-

255 2175 389 2205 fessione
405 2183 412 2204 :
431 2173 534 2214 primo
555 2175 711 2212 quantuni
735 2172 774 2202 ad
793 2171 840 2201 sni
862 2171 1031 2209 obligatio-

255 2238 328 2259 nem
345 2229 504 2264 votivam·‚
519 2226 668 2263 secundo,
686 2228 845 2265 quurtum
862 2225 900 2255 ad
917 2234 1032 2264 propo-

256 2282 307 2312 siti
329 2281 474 2312 stabilem
502 2280 784 2320 pvrsvvelantiam,
805 2279 846 2308 il›·1
867 2279 931 2310 :Et
948 2278 1034 2309 nullo

257 2335 348 2367 modo
379 2335 495 2371 licebit,
524 2337 581 2364 cle.
612 2334 690 2364 llicit
712 2343 791 2371 crgo
818 2333 863 2363 sic
889 2341 895 2362 :
926 2333 1034 2364 Finito

258 2398 331 2421 vero
353 2397 437 2421 anno
458 2388 670 2428 probationis.
694 2387 757 2417 Noc
777 2387 862 2417 enini
887 2389 960 2417 ante
981 2395 1035 2416 an-

259 2453 339 2474 uum
354 2443 561 2482 completum,
578 2442 646 2472 licet
664 2443 789 2481 possent
803 2451 835 2471 st·
850 2441 910 2471 lieo
924 2441 1036 2470 innno-

259 2498 362 2528 biliter
376 2497 568 2535 astringere,
586 2496 657 2526 licet
672 2505 725 2525 cos
745 2496 783 2525 all
807 2495 1034 2535 professionem

259 2552 427 2582 admittere
443 2551 616 2581 faciendam
635 2560 642 2580 :
661 2551 693 2580 111
715 2560 778 2589 quo
800 2560 883 2581 auno
905 2552 1037 2590 possunt

260 2605 396 2645 experiri
421 2604 607 2635 afflictiones
631 2604 760 2643 trigoris
788 2607 818 2634 ot
847 2604 970 2635 caloris.
1001 2604 1035 2634 ln

261 2661 353 2699 quus
378 2660 500 2698 figura,
515 2659 629 2689 sterilis
651 2657 788 2689 ficulnea
810 2667 892 2688 anno
913 2658 1037 2689 11110111-

295 2741 376 2769 Ι1.κίι.,
394 2747 436 2770 111,
452 2742 489 2764 2'1.
507 2753 535 2758 —
554 2741 563 2756 *²
579 2739 681 2770 Mami„
699 2745 784 2770 xxvii,
801 2741 823 2763 2.
840 2753 869 2756 —
885 2740 894 2755 ³
910 2740 1036 2769 J01111.11‚

264 2778 300 2800 15.
319 2790 344 2794 —-
362 2777 371 2793 ⁶
384 2777 451 2807 Luc„
469 2782 528 2806 xni,
544 2778 565 2799 s.

944 262 1150 296 EXPOSITIO

1075 331 1214 364 mittitur
1224 331 1235 349 ⁸
1248 340 1290 364 ne
1304 329 1548 373 praescindatur,
1563 331 1600 363 ut
1612 331 1738 364 fructus
1754 332 1796 364 ab
1815 341 1855 364 ea

1075 386 1288 427 agricolatus,
1303 385 1447 418 adhibito
1470 385 1567 424 fimo,
1583 387 1780 426 expectetur.
1797 386 1854 419 Fi·

1075 442 1145 474 nito
1167 442 1271 482 iqitar
1293 449 1378 474 anno
1404 440 1629 481 probationis,
1652 441 1856 482 recipiantur

1075 497 1192 536 fratres
1206 496 1251 528 aa
1268 495 1484 528 obedientiam
1493 518 1502 534 ,
1517 495 1739 534 promittentes
1753 495 1857 528 vitam

1077 551 1188 588 istam,
1203 552 1232 582 et
1245 549 1399 590 requiam,
1418 556 1542 589 semper
1553 548 1727 582 observare.
1745 548 1782 580 In
1792 558 1858 590 qua

1077 603 1288 645 promissione
1309 603 1354 635 sic
1377 604 1497 635 vovent
1519 603 1620 634 totam
1635 603 1805 643 regulam,
1819 604 1858 635 ut

1077 667 1175 700 supra
1189 659 1311 689 tactum
1329 658 1388 696 est,
1404 658 1520 688 utnon
1533 656 1622 688 omni
1643 657 1714 697 eJus
1727 656 1812 698 parti
1825 666 1860 688 se

1078 711 1268 752 obligatorie
1280 711 1470 751 astringant.
1485 709 1610 742 Vovent
1617 710 1704 742 enim
1713 719 1747 742 se
1758 712 1859 742 totam

1078 767 1226 808 regulam
1248 775 1306 807 pro
1323 765 1438 806 regula
1463 765 1651 804 habituros,
1680 765 1860 797 secundum

1079 821 1262 853 mandantis
1284 821 1513 858 intentionem,
1531 821 1567 851 ut
1580 819 1730 860 quaedam
1745 820 1785 851 ad
1799 819 1857 851 ob-

1079 875 1274 907 servandum
1289 873 1491 912 omnimode,
1514 873 1665 914 quaedam
1679 873 1720 905 ad
1740 873 1861 905 hahen-

1079 929 1158 960 dum
1173 938 1231 970 pro
1246 928 1440 960 salutaribus
1455 926 1677 958 hortamentis.
1694 926 1782 967 Ergo
1792 927 1858 966 illa,

1079 992 1153 1023 quae
1163 983 1203 1015 ad
1215 981 1465 1020 observantiam,
1479 980 1704 1013 inviolabiliter
1717 983 1792 1012 sunt
1806 989 1862 1013 vo-

1081 1036 1184 1068 venda
1201 1047 1208 1074 ;
1225 1036 1286 1067 ista
1299 1036 1339 1067 ad
1354 1035 1511 1067 cautelam
1531 1044 1571 1066 ex
1591 1036 1665 1066 voto
1679 1034 1863 1075 perenniter

1081 1093 1155 1122 sunt
1169 1091 1327 1122 habenda.
1343 1090 1385 1122 Et
1405 1089 1494 1122 nullo
1508 1089 1600 1122 modo
1611 1098 1622 1121 .·
1632 1089 1685 1120 hic
1699 1088 1804 1129 tangit
1817 1098 1864 1121 se-

1080 1144 1221 1175 cundum
1234 1168 1241 1181 ,
1258 1143 1376 1175 scilicet
1396 1143 1463 1175 voti
1484 1142 1630 1174 stabilem
1651 1151 1863 1183 perseveran-

1081 1198 1171 1237 tiam,
1187 1197 1295 1229 (licens
1316 1208 1323 1228 ι
1348 1198 1391 1230 Et
1411 1197 1498 1229 nullo
1521 1196 1613 1229 modo
1633 1196 1742 1229 licebit
1756 1197 1803 1229 eis
1822 1195 1862 1229 de

1081 1253 1148 1284 ista
1163 1252 1325 1292 Reliqione
1340 1252 1444 1290 eoetre,
1459 1251 1588 1291 supple,
1603 1254 1676 1291 post
1688 1251 1863 1291 professio-

1081 1315 1162 1339 nem.
1183 1306 1313 1337 Exitum
1328 1309 1436 1337 autem
1451 1305 1490 1336 de
1502 1304 1668 1344 Religione
1683 1304 1792 1345 aliqua
1805 1304 1862 1336 du-

1082 1360 1205 1400 pliciter
1215 1359 1393 1399 intelligere
1409 1367 1582 1399 possumus
1597 1368 1603 1387 :
1621 1367 1687 1389 uno
1702 1358 1798 1389 modo
1809 1356 1867 1401 vel

1082 1413 1325 1452 retrocedendo,
1343 1415 1375 1444 et
1399 1413 1460 1443 hoc
1484 1411 1672 1443 revertendo
1697 1411 1737 1443 ad
1760 1420 1864 1443 saecu-

1082 1468 1162 1506 lum,
1179 1477 1236 1498 scu
1249 1467 1289 1498 ad
1309 1466 1510 1506 Religionem
1525 1466 1682 1497 laxiorem
1694 1489 1704 1504 ‚
1719 1474 1863 1506 quorum

1083 1524 1259 1562 utrumque
1274 1523 1321 1552 est
1337 1522 1527 1560 apostatare,
1549 1522 1580 1551 et
1593 1521 1678 1551 retro
1702 1519 1863 1560 aspicere3

1083 1576 1145 1607 alio
1168 1576 1262 1607 modo
1284 1574 1495 1615 procedendo,
1511 1573 1550 1605 ad
1564 1573 1708 1604 altiorem
1724 1572 1865 1612 gradum

1084 1631 1217 1670 fugere,
1234 1629 1350 1660 scilicet
1373 1628 1511 1660 melioris
1533 1628 1628 1666 vilae,
1650 1626 1862 1666 ascendendo,

1084 1684 1163 1715 sicut
1180 1684 1298 1714 faciunt
1314 1683 1370 1723 qui
1384 1692 1402 1713 a
1414 1681 1591 1713 laxioribus
1606 1681 1742 1712 statibus
1754 1680 1792 1711 ad
1809 1679 1867 1712 Re-

1086 1738 1220 1777 ligiones
1232 1746 1264 1768 se
1278 1737 1471 1768 transferunt
1485 1736 1646 1766 arctiores
1659 1734 1788 1766 Primus
1799 1743 1867 1765 mo-

1085 1793 1144 1824 dus
1166 1791 1302 1823 exeundi
1327 1793 1374 1822 est
1396 1790 1427 1821 in
1444 1790 1531 1821 omni
1548 1789 1714 1829 Religione
1729 1789 1864 1820 damna-

1086 1846 1174 1884 bilis3
1197 1844 1356 1876 secundus
1383 1843 1577 1881 laudabilis,
1607 1843 1663 1873 ubi
1693 1841 1864 1883 possibilis.

1088 1899 1148 1930 Sed
1164 1898 1316 1939 profectio
1333 1898 1370 1937 (bl
1387 1898 1426 1928 ad
1442 1898 1525 1928 hauc
1541 1897 1732 1936 religionem
1749 1900 1796 1927 cst
1810 1896 1868 1927 im-

1087 1953 1245 1993 possibilis
1264 1963 1270 1983 :
1288 1951 1374 1992 quod
1387 1952 1446 1982 nisi
1460 1951 1545 1991 Papa
1557 1952 1762 1991 supponeret,
1776 1950 1809 1981 in
1821 1959 1868 1982 re-

1090 2006 1168 2045 gula
1183 2006 1380 2046 praemittens
1397 2014 1404 2035 :
1422 2005 1465 2036 Et
1477 2004 1563 2036 nullo
1575 2003 1663 2036 modo
1675 2003 1791 2040 licebit,
1802 2012 1868 2034 noa

1089 2061 1300 2099 subiungeret
1327 2070 1333 2089 :
1368 2059 1471 2090 Juoeta
1507 2058 1697 2090 mandatum
1736 2058 1869 2090 Domini

1089 2114 1195 2154 Papoe.
1224 2113 1304 2151 Quia
1336 2112 1512 2143 secundum
1548 2114 1693 2142 sanctum
1718 2110 1868 2150 Evange-

1090 2169 1170 2199 lium
1199 2177 1206 2198 :
1226 2168 1326 2199 Nemo
1352 2167 1480 2198 mittens
1506 2174 1637 2197 manum
1660 2164 1704 2197 ad
1724 2168 1871 2197 aratrum

1089 2226 1116 2253 et
1138 2221 1314 2261 respiciens
1336 2222 1428 2257 retro,
1452 2222 1548 2258 aptas
1578 2221 1624 2250 est
1642 2225 1736 2258 reyno
1751 2219 1819 2250 Det.
1837 2217 1871 2249 Si

1090 2278 1193 2317 igitur
1216 2286 1280 2307 non
1302 2276 1371 2306 licet
1389 2275 1585 2314 exire‚(1uia
1607 2283 1672 2305 non
1695 2274 1767 2305 licet
1787 2275 1872 2305 retro

1091 2331 1229 2370 aspicere,
1242 2355 1249 2368 ‚
1268 2339 1348 2369 ergo
1373 2329 1477 2359 omnis
1498 2329 1559 2359 alia
1585 2328 1708 2367 Religio
1728 2328 1803 2358 huic
1825 2329 1871 2358 est

1092 2387 1187 2422 rotro,
1211 2387 1238 2415 cl
1257 2385 1409 2423 apostatae
1429 2384 1504 2412 sunt
1525 2391 1638 2412 omnes
1661 2382 1702 2412 ab
1723 2381 1782 2412 hac
1809 2380 1869 2412 Re-

1092 2439 1212 2478 ligioni*
1251 2439 1320 2478 post
1356 2436 1583 2476 professionem
1611 2435 1650 2466 ad
1679 2443 1868 2475 quamcum-

1092 2502 1154 2532 que
1188 2492 1281 2522 aliam
1318 2491 1531 2520 transeuntes.
1567 2488 1656 2526 Quod
1688 2488 1713 2518 si
1745 2487 1870 2527 aliquos

1092 2547 1179 2578 exire
1196 2571 1203 2583 ,
1228 2545 1277 2576 vel
1310 2553 1367 2584 pro
1396 2543 1530 2583 peccatis
1560 2543 1625 2574 suis
1655 2551 1675 2573 a
1706 2541 1872 2581 Religione

1092 2601 1161 2640 ‹fiici
1192 2599 1355 2637 coritingat
1375 2622 1382 2635 ,
1408 2597 1433 2627 si
1464 2597 1535 2627 totis
1564 2596 1687 2627 viribus
1718 2595 1873 2626 instantes

1092 2654 1211 2685 fuerint
1248 2661 1306 2692 pro
1343 2650 1508 2690 Religione
1546 2649 1604 2679 hac
1638 2649 1868 2688 recuperanda,

1094 2718 1150 2740 nec
1176 2707 1315 2747 gratiam
1338 2704 1480 2736 invenire
1504 2703 1655 2740 valentes,
1677 2712 1717 2733 cx
1738 2704 1813 2734 tunc
1836 2703 1870 2734 in

1125 2774 1159 2803 (a)
1176 2772 1250 2802 Vulg.
1268 2770 1434 2795 adduxerunt.
1456 2782 1482 2786 -
1500 2767 1531 2798 (b)
1550 2767 1608 2793 Cast.
1626 2767 1686 2792 edit.
1702 2767 1838 2799 professio.
