2029 3052
676 195 792 228 GlRCA
813 195 1004 228 REGULAM
1025 197 1059 229 S.
1083 196 1299 231 FRANCISCI.

181 263 295 305 populi
315 273 399 297 areae
423 265 561 297 cariores
585 266 672 304 sunt,
695 265 819 305 oportet
846 264 878 295 et
899 273 960 296 nos

181 327 272 349 areas
285 318 390 351 carius
409 328 527 359 emere,
544 321 699 361 quantum
720 317 879 349 sufficiant
901 327 958 359 pro

181 370 330 412 claustro,
345 373 497 413 oratorio,
519 376 550 405 et
567 371 701 405 officinis
724 371 877 411 congruis
901 380 958 411 pro

181 428 358 467 conventu,
375 428 567 469 hospitibus,
592 429 624 459 et
641 425 790 464 infirmis,
815 427 847 456 et
866 425 960 456 horto

180 479 370 520 herbarum,
384 484 451 514 tam
465 492 523 524 pro
543 480 768 524 pulmentario,
789 489 886 521 quam
901 488 958 520 pro

181 534 264 565 aeris
276 535 482 576 recreatione,
498 537 536 568 ut
549 535 668 568 infirmi
683 527 910 572 refocillentur,
927 536 959 564 et

177 588 247 619 sani
270 592 512 629 conserventur,
534 592 566 622 et
588 589 663 621 lassi
681 588 716 619 in
738 587 958 629 spiritualibus

177 643 292 674 studiis
309 648 504 676 recreentur.
521 643 696 675 Saeculares
710 643 809 681 enim,
825 642 882 683 qui
895 642 957 673 fre-

178 699 313 737 quenter
322 701 497 738 vagantur,
509 697 596 730 domi
605 706 671 729 non
683 697 829 737 indigent
838 704 959 727 recrea-

179 750 264 782 tione
274 752 367 783 aeris.
379 751 530 792 Religiosi
540 760 630 790 vero,
639 750 737 792 quiin
748 750 902 782 cellarum
911 758 959 781 re-

179 804 325 836 clusoriis
340 805 524 845 religantur
533 805 587 845 (a),
604 805 664 836 nisi
673 804 814 845 aliquam
823 803 960 835 interius

177 857 317 890 habeant
344 859 427 890 aeris
448 858 689 896 recreationem,
714 858 776 889 cito
800 858 958 897 langues-

178 914 283 944 centes
291 913 468 953 tabescunt,
481 913 558 945 etad
568 913 673 944 studia
682 911 858 953 spiritualia
869 911 959 942 inha-

177 966 256 997 biles
270 967 463 1007 efficiuntur,
481 968 525 998 ita
539 967 625 1008 quod
639 976 698 998 nec
712 966 784 1005 sibi,
805 975 865 998 nec
886 965 957 997 aliis

178 1020 350 1060 proficiunt
364 1021 397 1052 in
413 1021 591 1053 devotionis
605 1021 741 1052 internae
757 1020 911 1061 prosectu,
924 1020 957 1050 in

179 1074 342 1115 sapientiae
355 1075 527 1115 intellectu,
537 1075 570 1106 in
582 1075 739 1106 virtutum
748 1074 914 1115 exemplis,
927 1076 958 1105 et

179 1128 213 1159 in
230 1128 373 1160 doctrina
387 1128 510 1160 salutis.
524 1129 558 1160 El
573 1129 722 1169 quamvis
733 1129 878 1170 perfectis
892 1138 959 1159 om-

179 1183 230 1214 nis
250 1182 341 1214 locus
361 1186 455 1224 aptus
480 1183 521 1214 sit
543 1192 601 1224 pro
627 1183 801 1223 disciplinae
822 1183 958 1213 internae

179 1238 355 1278 exercitiis;
370 1238 563 1280 imperfectis
577 1241 698 1277 tamen,
714 1240 745 1269 et
759 1238 864 1269 adhuc
876 1237 958 1268 indi-

179 1292 330 1332 gentibus
345 1293 524 1324 eruditione
547 1292 686 1331 virtutis,
703 1301 784 1333 opus
800 1294 847 1323 est
862 1292 958 1323 etiam

178 1347 330 1378 exteriori
353 1347 554 1379 distinctione
578 1347 780 1378 officinarum
802 1346 957 1377 claustra-

178 1400 271 1440 lium,
289 1403 325 1432 ut
339 1402 442 1432 sciant
451 1402 508 1433 ubi
521 1404 625 1432 tacere
638 1401 786 1440 debeant,
800 1400 856 1432 ubi
869 1400 958 1440 loqui

176 1454 279 1494 liceat,
297 1455 351 1486 nbi
366 1464 470 1493 orare,
494 1455 551 1486 ubi
575 1455 732 1494 laborare,
754 1454 811 1486 ubi
832 1454 955 1494 legere,

177 1508 326 1548 scribere,
341 1509 393 1541 vel
408 1509 584 1548 comedere,
602 1509 656 1540 ubi
672 1509 712 1539 sit
726 1508 852 1549 requies
869 1508 957 1538 infir-

176 1563 347 1602 mantium,
364 1563 419 1594 ubi
444 1563 623 1603 repausatio
644 1563 682 1593 de
702 1562 810 1594 labore
833 1562 957 1592 itineris

175 1617 393 1655 venientium,
419 1619 450 1648 et
476 1617 634 1655 aliorum,
660 1625 734 1657 quae
757 1616 792 1647 in
813 1615 957 1656 collegiis

174 1674 250 1703 sunt
264 1672 453 1710 necessaria,
478 1681 520 1703 ue
541 1673 568 1703 si
587 1672 717 1703 confuse
736 1671 957 1702 indifferenter

174 1726 304 1766 singula
318 1727 431 1758 tierent
444 1736 502 1767 pro
511 1726 614 1764 libito,
623 1727 693 1767 ‚iam
705 1735 765 1757 nec
775 1725 955 1765 disciplina,

175 1789 233 1811 nec
248 1780 351 1820 quies,
372 1790 430 1811 nec
451 1780 588 1819 devotio,
613 1789 671 1811 nec
691 1780 768 1811 ordo
790 1779 874 1810 inter
895 1779 956 1810 fra-

176 1836 252 1872 tres,
263 1834 345 1865 sicut
360 1834 500 1874 expedit,
515 1836 716 1872 servaretur3
733 1833 820 1874 quod
830 1835 912 1864 esset
921 1832 956 1864 in

176 1897 337 1927 magnum
347 1888 576 1919 detrimentum
587 1887 774 1927 Religionis,
788 1887 862 1918 etin
870 1896 956 1918 scan-

174 1941 283 1972 dalum
298 1941 421 1981 alienis,
445 1944 477 1973 et
500 1943 535 1973 in
559 1942 805 1973 destructionem
829 1941 953 1980 salutis,

173 1996 249 2035 quia
258 2005 316 2027 nec
331 1996 470 2027 lilinores
482 1996 638 2027 discerent
646 2005 665 2026 a
675 2005 739 2035 quo
750 1995 952 2035 proficerent,

173 2058 232 2080 nec
246 2050 373 2090 perfecti
390 2050 468 2081 alios
489 2051 692 2082 aedificarent.
711 2050 791 2087 Quia
807 2058 884 2081 vero
902 2049 952 2079 in-

174 2106 223 2134 tra
234 2104 394 2135 ambitum
407 2105 555 2144 civitatis,
568 2107 605 2136 ut
614 2105 735 2136 dictum
745 2106 802 2142 est,
816 2104 954 2134 cariores

173 2161 248 2189 sunt
262 2167 357 2198 areae,
379 2160 464 2199 quod
483 2168 550 2190 non
569 2168 735 2200 possemus
755 2157 845 2189 facile
866 2157 954 2188 suffi-

173 2212 320 2243 cientiam
336 2223 490 2253 congruae
503 2213 678 2244 latitudinis
692 2212 821 2250 hahere,
839 2214 873 2242 ut
887 2220 954 2242 om-

171 2275 228 2297 nes
243 2267 380 2299 officinae
391 2268 540 2299 deorsum
559 2269 790 2299 collocarentur
802 2267 896 2307 juxta
919 2275 952 2296 se

171 2320 330 2360 invicem,
355 2325 479 2362 oportet
504 2323 674 2363 aliquando
701 2324 737 2352 ut
766 2330 832 2352 una
856 2329 952 2360 super

171 2374 304 2406 alteram
320 2375 451 2415 locetur,
468 2377 513 2407 ita
527 2377 613 2417 quod
633 2378 770 2416 utraque
786 2375 867 2406 aeris
889 2384 953 2405 res-

171 2429 313 2469 piraculo
327 2439 391 2460 non
406 2433 520 2461 careat.
535 2430 575 2461 Et
585 2440 624 2461 ex
636 2430 696 2461 hoc
707 2430 822 2461 domus
833 2430 951 2459 nostrae

170 2492 302 2522 magnae
319 2486 483 2524 apparent,
499 2486 529 2515 et
539 2484 673 2515 excelsae
688 2493 724 2514 ac
740 2485 951 2523 sumptuosae,

170 2539 202 2567 et
226 2538 407 2577 paupertati
441 2538 628 2577 dissimiles,
659 2547 734 2568 cum
758 2539 867 2567 tamen
891 2536 951 2567 hoc

170 2593 340 2631 paupertas
370 2592 475 2631 magis
510 2592 626 2623 efficiat
640 2616 647 2631 ,
689 2591 767 2632 quia
801 2600 840 2622 ne
869 2591 951 2622 circa

171 2644 344 2676 dilatemur
355 2669 365 2684 ,
403 2645 537 2677 interius
560 2646 596 2685 (b)
638 2645 877 2685 angustiamur.
911 2645 951 2676 Et

201 2708 209 2724 ¹
227 2707 297 2739 Gal„
313 2714 342 2740 11,
360 2710 395 2734 18.
411 2722 437 2726 -
452 2709 462 2725 ‘²
475 2709 536 2740 Ira„
551 2715 622 2739 xux,
640 2709 677 2733 17.

1738 205 1798 238 605

1015 266 1091 306 quia
1122 266 1326 308 circumsepti
1347 276 1460 300 sumus
1487 269 1637 302 domibus
1659 270 1799 304 aliorum

1017 319 1210 360 vicinorum,
1226 323 1257 352 et
1281 321 1358 363 quia
1378 322 1412 353 in
1433 322 1561 355 civitate
1580 333 1666 366 saepe
1693 325 1799 358 insur-

1015 376 1100 414 gunt
1118 374 1265 407 incendia
1279 375 1342 408 late
1364 377 1586 418 pervagantia,
1602 388 1643 410 ne
1666 379 1715 410 vel
1741 380 1798 412 do-

1016 437 1099 467 muS,
1115 428 1167 460 vel
1186 429 1338 469 ecclesiae,
1357 431 1406 463 vel
1426 431 1511 472 libri=
1532 432 1584 463 vel
1609 432 1672 463 alia
1694 442 1798 465 neces-

1014 482 1099 513 saria
1109 483 1266 524 frequenti
1277 484 1453 516 discrimini
1468 485 1532 517 sint
1545 486 1700 527 exposita,
1718 489 1750 518 et
1763 487 1798 519 in

1015 536 1167 569 continuo
1188 539 1328 570 tremore
1350 539 1586 571 infirmantium
1614 541 1710 572 corda
1733 541 1798 573 sint

1014 589 1088 621 inde
1103 599 1269 631 suspensa,
1285 593 1317 623 et
1337 602 1378 624 ne
1393 593 1451 634 ipsi
1471 594 1567 626 vicini
1581 595 1682 626 nostri
1702 604 1721 626 a
1735 604 1794 627 no-

1014 643 1062 674 bis
1076 653 1133 684 per
1148 644 1294 677 incendia
1309 646 1528 687 molestentur,
1539 648 1596 679 ubi
1612 657 1794 690 possumuS,

1014 697 1149 730 facimus
1171 699 1282 730 domos
1307 699 1456 741 lapideas,
1484 704 1521 733 ut
1541 711 1600 734 nec
1621 703 1709 743 igne,
1737 713 1797 735 nec

1014 753 1172 784 vetustate
1183 753 1277 784 citius
1292 753 1510 793 destruantur,
1524 756 1600 796 quia
1612 766 1678 789 non
1691 758 1795 790 solum

1013 806 1223 846 corporibus,
1245 807 1299 839 sed
1318 808 1414 839 etiam
1435 809 1584 841 cordibus
1606 820 1725 851 magna
1748 814 1797 843 est

1013 859 1198 898 destructio,
1214 870 1300 893 nova
1318 863 1436 903 saepius
1449 863 1583 895 aedificia
1597 867 1793 905 construere,

1013 913 1156 945 maxime
1170 914 1233 946 illis
1249 916 1384 956 quinon
1403 917 1524 949 habent
1547 921 1712 959 sumptus,
1733 920 1795 951 nisi

1014 969 1174 1007 quantum
1191 969 1299 1000 valent
1318 970 1470 1011 colligere
1491 972 1705 1004 mendicitate.
1723 972 1796 1005 Non

1013 1022 1123 1052 tamen
1146 1022 1276 1054 intendo
1306 1023 1340 1054 in
1362 1024 1414 1055 his
1436 1034 1612 1065 excusare,
1640 1027 1702 1058 nisi
1721 1036 1795 1068 quae

1014 1075 1107 1107 valde
1121 1077 1298 1108 necessaria
1315 1079 1402 1116 sunt,
1423 1081 1454 1110 et
1472 1080 1714 1112 rationabiliter.
1736 1081 1795 1113 Ubi

1014 1131 1123 1160 autem
1151 1131 1366 1171 superfluitas,
1393 1133 1571 1173 curiositas,
1590 1136 1621 1165 et
1641 1134 1798 1175 irreligio-

1014 1183 1101 1222 sitas,
1117 1186 1148 1214 et
1165 1184 1289 1224 regulae
1309 1187 1340 1216 et
1360 1188 1541 1227 paupertati
1563 1190 1682 1220 nostrae
1701 1189 1795 1221 dero-

1014 1239 1128 1276 gantes
1141 1241 1247 1270 essent
1266 1242 1436 1279 sructurae,
1453 1242 1652 1282 reprehendo
1674 1246 1793 1283 tecum,

1014 1293 1045 1321 et
1060 1292 1168 1322 omnia
1189 1292 1261 1332 alia,
1289 1303 1363 1334 quae
1386 1294 1448 1326 Deo
1471 1296 1649 1336 displicent,
1672 1299 1737 1329 tam
1761 1299 1795 1329 in

1014 1345 1171 1385 moribus,
1189 1356 1286 1387 quam
1302 1348 1335 1378 in
1350 1348 1458 1380 rebus,
1476 1349 1689 1391 Quintuplicis
1707 1352 1795 1383 enim

1013 1400 1132 1439 peccati
1143 1400 1190 1431 rei
1204 1403 1290 1440 sunt,
1317 1402 1372 1442 qui
1396 1403 1559 1443 superflua
1582 1404 1614 1436 in
1638 1406 1792 1445 aedificiis‚

1012 1454 1044 1483 et
1058 1453 1128 1484 aliis
1149 1454 1268 1494 quibus
1282 1455 1416 1495 utimur,
1442 1461 1616 1497 procurant
1637 1462 1668 1490 et
1689 1461 1796 1501 acqui-

1013 1510 1098 1539 runt.
1117 1507 1227 1540 Primo
1245 1512 1374 1550 propter
1396 1512 1696 1554 transgressionem,
1717 1515 1795 1555 quia

1011 1563 1137 1602 pompis
1158 1563 1378 1595 renuntiantes
1397 1566 1520 1604 saeculi,
1546 1567 1580 1597 in
1609 1571 1795 1608 paupertate

1011 1617 1043 1646 et
1063 1615 1243 1648 hnmilitate
1259 1627 1335 1648 vera
1355 1619 1572 1658 promiserunt
1595 1621 1728 1654 Domino
1743 1623 1792 1654 fa-

1012 1669 1140 1701 mulari.
1167 1670 1256 1702 Unde
1276 1672 1448 1712 Apostolus
1475 1673 1520 1704 ait
1541 1675 1548 1690 ¹
1577 1685 1583 1706 :
1606 1675 1643 1708 St*
1661 1684 1698 1708 ea
1722 1685 1793 1718 quoe

1011 1723 1175 1762 destruxi,
1185 1726 1243 1756 etc.
1252 1724 1409 1764 Secundo,
1418 1729 1547 1767 propter
1556 1729 1678 1761 malum
1687 1739 1793 1762 exem-

1010 1777 1113 1817 plum,
1128 1787 1193 1818 quo
1207 1779 1260 1809 alii
1276 1779 1401 1811 discunt
1414 1781 1454 1811 ab
1475 1781 1520 1812 eis
1536 1782 1653 1814 similia
1676 1784 1790 1824 facere,

1011 1831 1062 1862 vel
1083 1832 1349 1871 scandalizantur,
1375 1835 1502 1874 quando
1526 1836 1636 1868 vident
1655 1847 1720 1877 e05,
1736 1839 1792 1879 qui

1009 1884 1196 1925 hujusmodi
1219 1896 1277 1927 pro
1301 1886 1425 1919 Christo
1446 1898 1595 1929 spernere
1617 1892 1789 1933 deberent,

1010 1948 1155 1979 quaerere
1170 1940 1221 1971 vel
1235 1942 1358 1973 sectari.
1376 1942 1493 1982 Tertio,
1511 1948 1640 1985 propter
1662 1946 1792 1987 inquie-

1008 1993 1153 2025 tudinem
1168 1994 1317 2033 fratrum,
1337 1999 1467 2037 propter
1485 1998 1671 2038 hujusmodi
1688 2001 1790 2032 aedifi-

1008 2047 1068 2086 cia,
1081 2050 1112 2078 et
1126 2049 1375 2088 procurationes,
1392 2051 1469 2091 quia
1488 2054 1519 2082 et
1536 2052 1662 2084 devotio
1684 2056 1788 2086 exlin-

1009 2101 1139 2141 guitur,
1168 2104 1200 2133 et
1221 2102 1386 2143 disciplina
1411 2104 1588 2145 Religionis
1612 2106 1790 2147 plurimum

1008 2155 1191 2195 dissipatur,
1218 2156 1299 2187 sicut
1325 2157 1480 2198 scriptum
1506 2162 1602 2192 est2:
1634 2162 1790 2196 Venerunt

1007 2212 1180 2241 structores
1196 2211 1246 2242 tut
1265 2210 1463 2244 destruentes
1483 2215 1524 2251 te,
1542 2217 1572 2246 et
1593 2214 1791 2256 dissipantes

1008 2270 1028 2293 α
1049 2265 1077 2294 te
1101 2263 1246 2296 exibunt.
1267 2264 1397 2303 Quarto,
1418 2269 1549 2307 propter
1568 2269 1789 2309 spoliationem

1007 2318 1146 2349 aliorum
1169 2328 1350 2359 pauperum
1365 2344 1372 2357 ‚
1401 2321 1520 2361 quibus
1549 2331 1634 2363 saepe
1655 2324 1790 2356 eleemo-

1007 2381 1096 2412 synae
1113 2373 1359 2412 praeripiuntur,
1373 2377 1404 2405 et
1414 2375 1603 2415 hujusmodi
1617 2380 1788 2412 structurae

1006 2426 1098 2465 fiunt,
1115 2436 1155 2457 ex
1166 2427 1283 2467 quibus
1294 2427 1338 2458 illi
1351 2428 1502 2460 deberent
1514 2431 1635 2470 vestiri,
1647 2435 1677 2463 et
1688 2434 1786 2473 pasci,

1006 2479 1084 2510 dum
1100 2481 1184 2520 quod
1200 2481 1267 2511 istis
1289 2482 1392 2520 datur,
1410 2482 1456 2512 eis
1483 2486 1633 2524 negatur,
1658 2486 1733 2525 quia
1748 2487 1788 2518 ad

1005 2534 1148 2565 dandum
1163 2535 1307 2575 utrisque
1328 2545 1412 2575 saepe
1431 2536 1536 2568 deficit
1557 2538 1701 2570 dantium
1726 2541 1786 2571 lar-

1007 2589 1091 2628 gitas
1103 2592 1133 2620 et
1147 2589 1290 2620 facultas.
1309 2589 1438 2627 Quinto,
1456 2591 1532 2630 quia
1547 2593 1675 2632 quando
1690 2594 1786 2625 nimis
1813 2612 1816 2615 ⁴

1005 2653 1162 2683 urgemus
1175 2644 1321 2675 homines
1342 2644 1382 2674 ad
1398 2644 1550 2684 dandum,
1570 2647 1709 2686 perdunt
1730 2649 1786 2680 de·

1037 2706 1069 2738 (a)
1090 2707 1146 2738 Leq.
1165 2706 1321 2738 relegantur.
1345 2721 1370 2725 —
1391 2707 1422 2738 (b)
1440 2708 1500 2732 Coet.
1516 2708 1576 2734 edit.
1591 2709 1705 2736 inferius.
