2029 3052
880 212 1011 244 CAPUT
1036 211 1102 243 vll.

182 289 234 322 vir
257 290 387 321 sanctus
409 287 606 329 superbiam,
634 283 783 316 omnium
805 280 968 313 malorum

184 343 358 383 originem,
368 343 400 374 et
410 339 672 377 inobedientiam,
683 336 785 378 ipsius
795 334 968 376 pessimam

182 396 322 437 prolem;
340 396 395 428 sed
410 404 474 427 non
497 394 607 426 minus
625 390 842 424 humilitatem
863 388 966 429 poeni-

185 450 293 482 tentiae
317 449 508 490 acceptabat.
536 446 658 479 Accidit
680 443 779 476 semel
802 445 838 474 ut
862 442 968 473 eidem

181 505 430 545 praesentaretur
448 503 580 544 quidam
602 501 709 539 frater,
726 498 784 540 qui
802 501 913 529 contra
927 496 968 528 le-

186 567 263 598 gem
285 557 475 588 obedientiae
495 555 615 596 aliquid
638 555 770 592 fecerat,
802 551 968 592 disciplina

177 611 314 652 justitiae
331 611 554 651 corrigendus.
571 609 688 642 Videns
710 609 819 640 autem
837 607 887 638 vir
914 604 968 636 Dei

181 665 312 696 fratrem
326 665 418 696 illum
435 674 491 705 per
512 664 609 704 signa
631 661 792 694 evidentia
813 659 969 692 veraciter

182 727 250 750 esse
267 720 506 759 compunctum,
520 717 559 749 ad
572 715 808 756 indulgendum
820 714 848 745 ei
859 722 969 745 amore

182 772 243 804 fuit
265 771 456 803 humilitatis
492 771 652 802 inductus.
686 768 732 800 Ne
755 771 864 799 tamen
892 767 968 798 faci-

182 825 255 857 litas
272 825 373 857 veniae
388 825 592 856 incentivum
608 824 691 854 esset
701 822 770 853 aliis
780 821 968 862 delinquen-

183 879 226 918 di,
239 879 338 920 jussit
352 878 496 910 ablatum
516 877 606 909 fratri
625 876 790 917 caputium
814 875 848 906 in
864 874 969 906 medio

183 933 392 964 flammarum
414 931 546 972 projici,
578 932 615 962 ut
637 939 750 961 omnes
767 929 969 961 adverterent

183 988 315 1027 quanta,
332 986 485 1027 qualique
501 985 653 1024 vindicta,
668 984 790 1016 offensa
802 985 842 1015 sit
857 983 967 1014 inobe-

183 1040 311 1071 dientiae
324 1039 534 1081 percellenda.
554 1039 698 1078 Cumque
712 1047 768 1079 per
783 1046 909 1069 moram
921 1046 970 1068 ca-

186 1094 316 1134 putium
331 1094 444 1125 fuisset
458 1093 491 1124 in
513 1093 617 1124 medio
631 1093 730 1132 ignis,
755 1092 906 1133 praecepit
918 1091 967 1132 ip-

187 1157 261 1179 sum
275 1148 418 1178 flammis
433 1147 569 1186 detrahi,
586 1147 739 1187 reddique
754 1146 844 1177 fratri
859 1146 968 1177 humi-

183 1201 255 1232 liter
278 1201 455 1242 poenitenti.
483 1201 627 1232 Mirabile
652 1201 758 1232 dictu!
790 1200 970 1231 extrahitur

184 1255 349 1296 caputium
363 1256 402 1286 de
418 1255 523 1286 medio
536 1255 753 1293 flammarum,
772 1254 900 1285 nullum
915 1254 970 1284 ba-

183 1309 262 1341 bens
286 1309 466 1341 adustionis
495 1309 680 1348 vestigium.
710 1307 826 1348 Sicque
848 1308 970 1339 factum

183 1365 240 1402 est,
253 1365 288 1395 ut
305 1363 366 1394 hoc
381 1373 449 1394 nno
464 1363 546 1394 Deus
562 1362 730 1402 miraculo,
746 1364 776 1394 et
791 1362 891 1393 sancti
907 1362 970 1393 viri

184 1417 347 1456 virtutem,
370 1419 400 1448 et
422 1417 638 1448 humilitatem
658 1417 856 1457 poenitentiae
882 1425 969 1448 com-

185 1470 361 1502 mendaret.
386 1471 488 1511 Digne
509 1471 620 1511 itaque
642 1470 790 1501 sectanda
806 1472 851 1501 est
867 1470 968 1501 Fran-

185 1524 259 1556 cisci
286 1524 466 1564 humilitas,
491 1533 565 1565 quae
589 1526 655 1555 tam
684 1524 799 1554 miram
822 1523 856 1554 in
878 1524 971 1554 terris

184 1578 280 1609 etiam
296 1577 485 1618 dignitatem
502 1577 653 1616 obtinuit,
671 1579 707 1608 ut
723 1577 825 1608 Deum
841 1577 972 1608 inclina-

184 1634 232 1663 ret
247 1632 287 1663 ad
300 1633 426 1670 votum,
449 1635 479 1662 et
503 1631 643 1662 hominis
665 1631 852 1662 immutaret
870 1631 970 1661 assec-

186 1688 266 1724 tum,
278 1685 464 1717 daemonum
475 1685 713 1725 protervitatem
728 1694 787 1716 suo
793 1685 888 1725 jussu
899 1693 971 1725 pro-

184 1739 332 1780 pelleret,
368 1741 398 1770 et
426 1739 636 1770 flammarum
668 1738 875 1770 voracitatem
905 1738 971 1769 solo

184 1795 268 1824 nutu
281 1793 476 1824 refraenaret.
500 1792 624 1824 Revera
644 1793 716 1823 haec
731 1794 788 1830 est,
811 1802 885 1832 quae
901 1802 972 1832 pos-

185 1854 322 1877 sessores
337 1854 413 1877 suos
430 1845 586 1883 exaltans,
607 1846 685 1877 dum
709 1846 859 1877 omnibus
878 1855 969 1877 reve-

185 1900 323 1931 rentiam
347 1899 487 1938 exhibet,
518 1900 558 1930 ab
587 1900 739 1930 omnibus
768 1902 971 1940 promeretur

186 1953 353 1985 honorem.

433 2063 593 2097 CAPUT
634 2063 717 2098 VII.

230 2150 267 2175 De
291 2156 379 2176 amore
401 2150 588 2184 paupertatis,
614 2151 639 2176 et
663 2150 735 2176 mira
759 2150 927 2184 suppletione

496 2193 657 2226 defectuum.

230 2275 314 2305 luter
338 2276 452 2305 caetera
474 2275 705 2307 charismatum
733 2277 827 2315 dona,
855 2287 928 2318 quae
951 2287 970 2308 a

188 2330 280 2369 largo
295 2330 406 2360 Datore
421 2329 606 2361 Franciscus
622 2331 770 2369 obtinuit,
783 2332 971 2372 praerogati-

188 2393 229 2415 va
257 2384 396 2424 quadam
424 2383 552 2423 speciali
578 2386 756 2424 promeruit
787 2386 818 2416 in
840 2386 969 2417 divitias

189 2437 400 2477 simplicitatis
424 2446 607 2468 excrescere
629 2447 686 2477 per
708 2439 870 2470 altissimae
886 2449 968 2480 pau-

190 2487 320 2531 pertatis
348 2499 502 2521 amorem.
523 2491 610 2521 Hanc
630 2490 709 2522 Filio
739 2492 790 2523 Dei
820 2493 870 2524 vir
900 2503 970 2524 san-

192 2547 260 2575 ctus
290 2545 482 2575 familiarem
515 2545 695 2581 attendens,
731 2548 762 2576 ct
781 2548 849 2586 Jam
878 2547 970 2587 quasi

192 2600 257 2629 toto
272 2599 348 2629 orbe
364 2599 536 2639 repulsam,
556 2598 709 2629 charitate
724 2599 768 2630 sic
785 2600 907 2631 studuit
919 2601 972 2631 de-

193 2660 343 2691 sponsare
357 2654 521 2692 perpetua,
539 2652 625 2692 quod
641 2661 704 2683 non
726 2653 830 2684 solum
851 2662 909 2693 pro
936 2663 973 2684 ea

194 2709 316 2747 patrem
346 2708 546 2746 matremque
570 2706 721 2747 reliquit,
748 2708 971 2747 verumetiam,

1747 215 1806 246 315

1024 288 1098 321 quae
1122 279 1242 311 habere
1266 280 1380 320 potuit,
1395 279 1549 312 universa
1566 279 1724 321 dispersit.
1740 281 1806 315 Ne-

1023 342 1077 365 mo
1099 335 1167 365 tam
1183 334 1269 372 auri,
1287 342 1387 374 quam
1408 333 1474 374 ipse
1489 333 1625 374 cupidus
1640 338 1807 376 pauperta-

1022 388 1074 427 tis,
1097 397 1157 419 nec
1170 388 1312 419 thesauri
1329 387 1526 419 custodiendi
1549 388 1712 420 sollicitior
1729 390 1806 421 nul-

1022 441 1085 480 lus,
1104 451 1202 482 quam
1213 441 1272 473 iste
1283 442 1385 482 hujus
1397 442 1594 482 evangelicae
1608 443 1804 483 margaritae.

1023 495 1059 527 In
1076 496 1137 527 hoc
1152 495 1312 536 praecipue
1326 505 1404 527 suus
1415 495 1638 527 offendebatur
1648 499 1805 537 aspectus,

1023 550 1049 581 si
1064 549 1243 590 quidquam
1258 549 1381 580 videret
1395 549 1428 580 in
1442 549 1606 588 fratribus,
1624 551 1710 591 quod
1726 560 1805 592 pau-

1023 603 1138 644 pertati
1153 611 1219 634 non
1242 612 1298 643 per
1321 602 1430 634 omnia
1452 606 1655 635 consonaret.
1686 604 1809 637 Revera

1023 658 1090 698 ipse
1104 666 1124 688 a
1137 657 1294 698 principio
1309 656 1475 696 religionis
1490 666 1593 697 usque
1609 658 1649 688 ad
1669 660 1808 690 mortem

1023 712 1145 751 tunica,
1172 710 1327 742 chordula
1350 712 1381 741 et
1404 710 1611 741 femoralibus
1632 711 1739 750 dives,
1770 712 1825 750 iis,

1025 766 1192 797 contentus
1207 765 1277 796 fuit.
1295 764 1409 795 Christi
1424 764 1501 795 Jesu
1519 766 1752 804 paupertatem,
1778 767 1809 797 et

1024 821 1144 859 Matris,
1165 820 1348 861 frequenter
1374 828 1449 851 cum
1465 819 1616 860 lacrymis
1639 821 1809 853 revocabat

1024 875 1065 906 ad
1082 876 1224 906 mentem
1250 885 1256 905 :
1284 874 1358 905 inde
1384 874 1468 905 hanc
1489 874 1648 905 virtutum
1664 883 1808 907 asserens

1024 938 1095 960 essa
1116 928 1275 968 reginam,
1306 928 1383 969 quia
1405 928 1439 959 in
1464 928 1550 968 Rege
1573 937 1702 968 regum,
1730 931 1761 960 et
1775 929 1809 960 in

1024 983 1139 1022 regina
1152 982 1252 1013 Matre
1265 982 1366 1022 ipsius
1380 984 1446 1013 tam
1468 984 1659 1022 praestanter
1674 983 1806 1014 effulsit.

1025 1036 1118 1074 Nam,
1140 1038 1171 1067 et
1191 1036 1343 1067 fratribus
1357 1036 1391 1066 in
1405 1036 1548 1067 conclavi
1571 1037 1807 1076 quaerentibus,

1025 1100 1098 1131 quae
1121 1090 1227 1122 virtus
1248 1090 1354 1130 magis
1377 1090 1520 1121 amicum
1545 1090 1691 1121 redderet
1715 1090 1808 1122 Chri-

1025 1146 1083 1182 sto,
1101 1144 1193 1184 quasi
1213 1146 1371 1175 secretum
1393 1143 1443 1174 sui
1458 1144 1562 1174 cordis
1583 1144 1740 1184 aperiens,
1757 1154 1807 1176 re-

1025 1197 1225 1238 spondebat:
1248 1197 1473 1237 Paupertatem
1494 1197 1658 1235 noveritis,
1684 1198 1806 1235 fratres,

1026 1252 1193 1291 specialem
1208 1251 1296 1283 viam
1312 1260 1379 1282 esse
1394 1251 1517 1290 salutiS,
1533 1253 1687 1292 tanquam
1703 1251 1810 1283 humi-

1026 1306 1122 1337 litatis
1145 1306 1337 1344 fomentum,
1363 1305 1630 1346 perfectionisque
1651 1306 1807 1345 radicem,

1026 1361 1122 1400 cujUs
1148 1361 1194 1390 est
1217 1360 1342 1390 fructus
1368 1359 1550 1399 multiplex,
1577 1359 1632 1390 sed
1651 1360 1806 1391 occultus.

1026 1413 1100 1444 Haec
1115 1413 1203 1444 enim
1218 1416 1264 1443 est
1278 1413 1458 1452 evangelici
1471 1413 1543 1453 agri
1565 1413 1737 1444 thesaurus
1753 1413 1809 1444 ab·

1026 1467 1200 1504 scondituS,
1224 1476 1281 1506 pro
1303 1476 1366 1507 quo
1386 1467 1521 1497 emendo
1544 1467 1711 1498 vendenda
1734 1469 1810 1498 sunt

1026 1522 1146 1560 onmia,
1161 1523 1192 1552 et
1202 1530 1274 1561 quae
1288 1522 1382 1552 vendi
1397 1530 1461 1551 non
1472 1523 1616 1561 possunt,
1626 1521 1715 1552 illius
1725 1530 1810 1552 com-

1028 1576 1191 1615 paratione
1206 1575 1394 1615 spernenda.
1417 1575 1464 1606 Ad
1485 1575 1595 1615 liujus,
1610 1575 1730 1615 inquit,
1746 1575 1810 1606 cul-

1028 1638 1101 1660 men
1117 1629 1172 1669 qui
1188 1629 1276 1669 cupit
1287 1629 1457 1668 attingere,
1474 1637 1539 1659 non
1552 1628 1657 1659 solum
1674 1628 1809 1659 munda-

1027 1691 1077 1713 nae
1092 1682 1283 1723 prudentiae,
1300 1683 1514 1713 verumetiam
1530 1683 1709 1713 litterarum
1726 1683 1810 1722 peri-

1026 1737 1079 1767 tiae
1094 1737 1279 1768 renuntiare
1302 1737 1539 1777 quodammodo
1559 1737 1652 1767 debet
1670 1748 1676 1767 :
1704 1739 1739 1767 ut
1753 1737 1809 1767 tali

1027 1792 1251 1831 expropriatus
1268 1791 1476 1831 possessione,
1495 1791 1631 1821 introeat
1645 1790 1678 1820 in
1694 1792 1811 1830 poten-

1026 1845 1086 1875 tias
1108 1845 1256 1883 Domini,
1287 1847 1319 1875 et
1335 1845 1461 1875 nudum
1483 1854 1516 1874 se
1536 1845 1649 1875 offerat
1672 1844 1811 1875 brachiis

1028 1898 1192 1930 Crucifixi.
1210 1898 1422 1938 Nequaquam
1439 1898 1526 1929 enim
1541 1898 1659 1929 saeculo
1674 1898 1810 1938 perfecte

1027 1953 1202 1992 renuntiat,
1231 1953 1287 1993 qui
1310 1953 1431 1993 proprii
1453 1962 1565 1983 sensus
1588 1952 1708 1983 loculos
1727 1952 1812 1983 intra

1027 2007 1130 2038 cordis
1152 2015 1268 2038 arcana
1290 2008 1444 2038 reservat.
1468 2005 1560 2046 Saepe
1582 2015 1659 2037 vero
1676 2006 1715 2036 de
1730 2015 1809 2046 pau—

1028 2063 1149 2101 pertate
1155 2069 1335 2092 sermonem
1343 2060 1471 2098 faciens,
1481 2060 1649 2099 ingerebat
1659 2059 1812 2090 fratribus

1028 2115 1255 2154 evangelicum
1270 2114 1371 2145 illud¹
1393 2125 1398 2145 :
1419 2114 1532 2154 Vulpes
1547 2114 1656 2152 foveas
1681 2114 1809 2153 habent,

1027 2172 1055 2201 et
1064 2170 1205 2201 volucres
1216 2168 1286 2200 coelc‘
1300 2168 1414 2208 nidos,·
1429 2168 1533 2200 Filius
1549 2170 1654 2200 alitem
1670 2168 1811 2201 hominis

1027 2222 1198 2254 nonhabet
1213 2222 1380 2261 ubicaput
1401 2230 1496 2253 suum
1513 2221 1655 2254 reclinet.
1680 2222 1811 2262 Propter

1028 2277 1113 2316 quod
1141 2277 1272 2308 docebat
1296 2277 1427 2314 fratres,
1451 2278 1487 2306 ut
1511 2285 1692 2316 pauperum
1723 2286 1811 2308 more

1027 2330 1236 2370 pauperculas
1250 2330 1374 2360 casulas
1389 2330 1564 2369 erigerent,
1581 2339 1660 2370 quas
1676 2339 1741 2361 non
1758 2331 1811 2361 ha-

1028 2384 1166 2414 bitarent
1176 2384 1375 2424 utproprias,
1389 2384 1441 2414 sed
1452 2384 1534 2414 sicut
1549 2385 1710 2424 peregrini
1721 2385 1810 2415 etad-

1029 2446 1120 2469 venae
1133 2438 1261 2468 alienas.
1283 2437 1387 2476 Leges
1405 2446 1545 2477 namque
1562 2438 1811 2477 peregrinorum

1029 2501 1096 2522 esse
1112 2491 1235 2521 dicebat
1248 2492 1307 2521 sub
1322 2492 1426 2521 alieno
1442 2491 1550 2530 colligi
1568 2493 1661 2528 tecto,
1673 2491 1760 2522 sitire
1771 2492 1811 2522 ad

1029 2545 1167 2585 patriani
1182 2544 1310 2584 pacifice
1321 2544 1526 2584 pertransire.
1545 2544 1714 2575 Mandabat
1725 2544 1811 2575 dirui

1030 2598 1202 2638 aliquando
1222 2598 1332 2628 domos
1346 2600 1478 2635 erectas,
1498 2599 1553 2627 aut
1569 2598 1681 2628 fratres
1695 2599 1811 2629 exinde

1031 2652 1186 2690 amoveri,
1196 2652 1221 2681 si
1238 2651 1358 2691 aliquid
1370 2651 1403 2681 in
1413 2651 1458 2681 eis
1469 2651 1653 2691 perciperet,
1668 2652 1754 2692 quod
1761 2661 1811 2683 ra-

1063 2716 1067 2731 ¹
1088 2714 1189 2742 Matala,
1207 2720 1261 2740 vni,
1280 2716 1324 2743 203
1342 2714 1406 2743 Luc„
1425 2719 1460 2744 ix,
1476 2714 1514 2737 58.
