<?xml version="1.0" encoding="UTF-8"?>
<!DOCTYPE html PUBLIC "-//W3C//DTD XHTML 1.0 Transitional//EN"
    "http://www.w3.org/TR/xhtml1/DTD/xhtml1-transitional.dtd">
<html xmlns="http://www.w3.org/1999/xhtml" xml:lang="en" lang="en">
 <head>
  <title>
</title>
<meta http-equiv="Content-Type" content="text/html;charset=utf-8" />
  <meta name='ocr-system' content='tesseract 3.04.00' />
  <meta name='ocr-capabilities' content='ocr_page ocr_carea ocr_par ocr_line ocrx_word'/>
</head>
<body>
  <div class='ocr_page' id='page_1' title='image "./operaomniasixtiv14bonauoft/operaomniasixtiv14bonauoft_0565.png"; bbox 0 0 2029 3052; ppageno 0'>
   <div class='ocr_carea' id='block_1_1' title="bbox 532 215 1410 258">
    <p class='ocr_par' dir='ltr' id='par_1_1' title="bbox 532 215 1410 258">
     <span class='ocr_line' id='line_1_1' title="bbox 532 215 1410 258; baseline 0.01 -9"><span class='ocrx_word' id='word_1_1' title='bbox 532 217 598 256; x_wconf 84' lang='lat' dir='ltr'><strong>QUI</strong></span> <span class='ocrx_word' id='word_1_2' title='bbox 621 215 757 250; x_wconf 86' lang='lat' dir='ltr'><strong>ORDlNl</strong></span> <span class='ocrx_word' id='word_1_3' title='bbox 779 217 973 252; x_wconf 82' lang='lat' dir='ltr'><strong>FRATRUM</strong></span> <span class='ocrx_word' id='word_1_4' title='bbox 992 219 1077 252; x_wconf 90' lang='lat' dir='ltr'><strong>MlN.</strong></span> <span class='ocrx_word' id='word_1_5' title='bbox 1100 221 1410 258; x_wconf 81' lang='lat' dir='ltr'><strong>ADVERSANTUR.</strong></span> 
     </span>
    </p>
   </div>
   <div class='ocr_carea' id='block_1_2' title="bbox 145 285 938 2661">
    <p class='ocr_par' dir='ltr' id='par_1_2' title="bbox 145 285 938 2661">
     <span class='ocr_line' id='line_1_2' title="bbox 158 285 938 327; baseline 0 -9"><span class='ocrx_word' id='word_1_6' title='bbox 158 285 204 319; x_wconf 86' lang='lat' dir='ltr'><strong>eis</strong></span> <span class='ocrx_word' id='word_1_7' title='bbox 217 293 309 327; x_wconf 85' lang='lat' dir='ltr'><strong>spem</strong></span> <span class='ocrx_word' id='word_1_8' title='bbox 323 285 363 318; x_wconf 90' lang='lat' dir='ltr'><strong>de</strong></span> <span class='ocrx_word' id='word_1_9' title='bbox 377 285 563 324; x_wconf 81' lang='lat' dir='ltr'><strong>salvatione,</strong></span> <span class='ocrx_word' id='word_1_10' title='bbox 579 287 612 318; x_wconf 86' lang='lat' dir='ltr'><strong>et</strong></span> <span class='ocrx_word' id='word_1_11' title='bbox 624 285 796 326; x_wconf 82' lang='lat' dir='ltr'><strong>indulgent</strong></span> <span class='ocrx_word' id='word_1_12' title='bbox 809 286 856 318; x_wconf 91' lang='lat' dir='ltr'><strong>eis</strong></span> <span class='ocrx_word' id='word_1_13' title='bbox 870 295 938 319; x_wconf 89' lang='lat' dir='ltr'><strong>cor-</strong></span> 
     </span>
     <span class='ocr_line' id='line_1_3' title="bbox 157 341 938 383; baseline -0.001 -9"><span class='ocrx_word' id='word_1_14' title='bbox 157 350 221 383; x_wconf 86' lang='lat' dir='ltr'><strong>pus</strong></span> <span class='ocrx_word' id='word_1_15' title='bbox 234 341 362 374; x_wconf 89' lang='lat' dir='ltr'>Domini</span> <span class='ocrx_word' id='word_1_16' title='bbox 380 341 534 382; x_wconf 86' lang='lat' dir='ltr'><strong>recipere.</strong></span> <span class='ocrx_word' id='word_1_17' title='bbox 556 341 596 373; x_wconf 89' lang='lat' dir='ltr'><strong>Et</strong></span> <span class='ocrx_word' id='word_1_18' title='bbox 618 341 760 373; x_wconf 82' lang='lat' dir='ltr'>maxime</span> <span class='ocrx_word' id='word_1_19' title='bbox 785 341 868 373; x_wconf 84' lang='lat' dir='ltr'><strong>circa</strong></span> <span class='ocrx_word' id='word_1_20' title='bbox 883 350 938 373; x_wconf 88' lang='lat' dir='ltr'><strong>re-</strong></span> 
     </span>
     <span class='ocr_line' id='line_1_4' title="bbox 157 394 937 437; baseline -0.001 -10"><span class='ocrx_word' id='word_1_21' title='bbox 157 405 232 428; x_wconf 88' lang='lat' dir='ltr'><strong>rnm</strong></span> <span class='ocrx_word' id='word_1_22' title='bbox 247 395 443 436; x_wconf 78' lang='lat' dir='ltr'><strong>injustarum</strong></span> <span class='ocrx_word' id='word_1_23' title='bbox 457 395 714 437; x_wconf 75' lang='lat' dir='ltr'><strong>acquisitionem,</strong></span> <span class='ocrx_word' id='word_1_24' title='bbox 734 394 786 428; x_wconf 89' lang='lat' dir='ltr'><strong>vel</strong></span> <span class='ocrx_word' id='word_1_25' title='bbox 806 395 937 427; x_wconf 88' lang='lat' dir='ltr'><strong>restitu-</strong></span> 
     </span>
     <span class='ocr_line' id='line_1_5' title="bbox 156 449 938 489; baseline -0.003 -7"><span class='ocrx_word' id='word_1_26' title='bbox 156 450 290 489; x_wconf 80' lang='lat' dir='ltr'><strong>tionem,</strong></span> <span class='ocrx_word' id='word_1_27' title='bbox 309 449 404 481; x_wconf 87' lang='lat' dir='ltr'><strong>multi</strong></span> <span class='ocrx_word' id='word_1_28' title='bbox 426 450 634 489; x_wconf 80' lang='lat' dir='ltr'><strong>seduc-untur,</strong></span> <span class='ocrx_word' id='word_1_29' title='bbox 661 450 739 482; x_wconf 90' lang='lat' dir='ltr'><strong>dum</strong></span> <span class='ocrx_word' id='word_1_30' title='bbox 753 458 818 481; x_wconf 89' lang='lat' dir='ltr'><strong>non</strong></span> <span class='ocrx_word' id='word_1_31' title='bbox 837 449 938 481; x_wconf 78' lang='lat' dir='ltr'><strong>intor-</strong></span> 
     </span>
     <span class='ocr_line' id='line_1_6' title="bbox 156 503 938 546; baseline 0 -11"><span class='ocrx_word' id='word_1_32' title='bbox 156 505 288 536; x_wconf 88' lang='lat' dir='ltr'><strong>mantur</strong></span> <span class='ocrx_word' id='word_1_33' title='bbox 301 513 375 545; x_wconf 85' lang='lat' dir='ltr'><strong>quae</strong></span> <span class='ocrx_word' id='word_1_34' title='bbox 390 504 431 535; x_wconf 92' lang='lat' dir='ltr'><strong>sit</strong></span> <span class='ocrx_word' id='word_1_35' title='bbox 443 504 563 545; x_wconf 88' lang='lat' dir='ltr'><strong>injusta</strong></span> <span class='ocrx_word' id='word_1_36' title='bbox 577 504 778 546; x_wconf 82' lang='lat' dir='ltr'><strong>conquisitio,</strong></span> <span class='ocrx_word' id='word_1_37' title='bbox 794 503 846 537; x_wconf 89' lang='lat' dir='ltr'><strong>vel</strong></span> <span class='ocrx_word' id='word_1_38' title='bbox 861 513 938 545; x_wconf 88' lang='lat' dir='ltr'><strong>qua-</strong></span> 
     </span>
     <span class='ocr_line' id='line_1_7' title="bbox 155 557 935 599; baseline 0.001 -10"><span class='ocrx_word' id='word_1_39' title='bbox 155 557 228 589; x_wconf 86' lang='lat' dir='ltr'><strong>liter</strong></span> <span class='ocrx_word' id='word_1_40' title='bbox 237 566 318 598; x_wconf 89' lang='lat' dir='ltr'><strong>pure</strong></span> <span class='ocrx_word' id='word_1_41' title='bbox 333 558 505 590; x_wconf 82' lang='lat' dir='ltr'><strong>restituant</strong></span> <span class='ocrx_word' id='word_1_42' title='bbox 519 559 639 599; x_wconf 86' lang='lat' dir='ltr'><strong>quibus</strong></span> <span class='ocrx_word' id='word_1_43' title='bbox 659 558 785 590; x_wconf 85' lang='lat' dir='ltr'><strong>debent.</strong></span> <span class='ocrx_word' id='word_1_44' title='bbox 802 558 851 590; x_wconf 80' lang='lat' dir='ltr'><strong>Ex</strong></span> <span class='ocrx_word' id='word_1_45' title='bbox 865 567 935 591; x_wconf 91' lang='lat' dir='ltr'><strong>mo-</strong></span> 
     </span>
     <span class='ocr_line' id='line_1_8' title="bbox 155 611 937 654; baseline 0.003 -11"><span class='ocrx_word' id='word_1_46' title='bbox 155 611 247 644; x_wconf 85' lang='lat' dir='ltr'><strong>ribus</strong></span> <span class='ocrx_word' id='word_1_47' title='bbox 261 612 358 643; x_wconf 88' lang='lat' dir='ltr'><strong>etiam</strong></span> <span class='ocrx_word' id='word_1_48' title='bbox 376 613 604 653; x_wconf 88' lang='lat' dir='ltr'><strong>quorumdam,</strong></span> <span class='ocrx_word' id='word_1_49' title='bbox 630 615 662 645; x_wconf 91' lang='lat' dir='ltr'><strong>et</strong></span> <span class='ocrx_word' id='word_1_50' title='bbox 680 613 747 645; x_wconf 89' lang='lat' dir='ltr'><strong>vita</strong></span> <span class='ocrx_word' id='word_1_51' title='bbox 760 613 937 654; x_wconf 77' lang='lat' dir='ltr'><strong>praedican-</strong></span> 
     </span>
     <span class='ocr_line' id='line_1_9' title="bbox 155 665 936 708; baseline 0.003 -11"><span class='ocrx_word' id='word_1_52' title='bbox 155 665 250 705; x_wconf 89' lang='lat' dir='ltr'><strong>tium,</strong></span> <span class='ocrx_word' id='word_1_53' title='bbox 266 666 390 698; x_wconf 85' lang='lat' dir='ltr'><strong>vilescit</strong></span> <span class='ocrx_word' id='word_1_54' title='bbox 404 675 489 708; x_wconf 84' lang='lat' dir='ltr'><strong>saepe</strong></span> <span class='ocrx_word' id='word_1_55' title='bbox 503 667 646 699; x_wconf 89' lang='lat' dir='ltr'><strong>doctrina</strong></span> <span class='ocrx_word' id='word_1_56' title='bbox 655 667 842 707; x_wconf 86' lang='lat' dir='ltr'><strong>verborum,</strong></span> <span class='ocrx_word' id='word_1_57' title='bbox 858 668 936 699; x_wconf 88' lang='lat' dir='ltr'><strong>dum</strong></span> 
     </span>
     <span class='ocr_line' id='line_1_10' title="bbox 156 720 937 762; baseline 0.001 -11"><span class='ocrx_word' id='word_1_58' title='bbox 156 720 220 751; x_wconf 89' lang='lat' dir='ltr'><strong>alta</strong></span> <span class='ocrx_word' id='word_1_59' title='bbox 233 720 347 752; x_wconf 79' lang='lat' dir='ltr'><strong>docent</strong></span> <span class='ocrx_word' id='word_1_60' title='bbox 368 721 469 753; x_wconf 87' lang='lat' dir='ltr'><strong>verbo</strong></span> <span class='ocrx_word' id='word_1_61' title='bbox 490 721 738 762; x_wconf 80' lang='lat' dir='ltr'><strong>praedicationis,</strong></span> <span class='ocrx_word' id='word_1_62' title='bbox 759 721 813 753; x_wconf 86' lang='lat' dir='ltr'><strong>sed</strong></span> <span class='ocrx_word' id='word_1_63' title='bbox 828 721 937 752; x_wconf 87' lang='lat' dir='ltr'><strong>minus</strong></span> 
     </span>
     <span class='ocr_line' id='line_1_11' title="bbox 155 774 933 816; baseline 0 -10"><span class='ocrx_word' id='word_1_64' title='bbox 155 774 363 808; x_wconf 78' lang='lat' dir='ltr'><strong>aedificatoria</strong></span> <span class='ocrx_word' id='word_1_65' title='bbox 397 776 569 808; x_wconf 89' lang='lat' dir='ltr'><strong>ostendunt</strong></span> <span class='ocrx_word' id='word_1_66' title='bbox 604 775 752 816; x_wconf 84' lang='lat' dir='ltr'><strong>exemplo</strong></span> <span class='ocrx_word' id='word_1_67' title='bbox 789 775 933 807; x_wconf 86' lang='lat' dir='ltr'><strong>actionis.</strong></span> 
     </span>
     <span class='ocr_line' id='line_1_12' title="bbox 153 828 936 871; baseline 0.001 -11"><span class='ocrx_word' id='word_1_68' title='bbox 153 828 243 861; x_wconf 87' lang='lat' dir='ltr'><strong>Unde</strong></span> <span class='ocrx_word' id='word_1_69' title='bbox 257 832 294 861; x_wconf 90' lang='lat' dir='ltr'><strong>ut</strong></span> <span class='ocrx_word' id='word_1_70' title='bbox 307 829 457 870; x_wconf 84' lang='lat' dir='ltr'><strong>diligenti</strong></span> <span class='ocrx_word' id='word_1_71' title='bbox 471 829 707 861; x_wconf 81' lang='lat' dir='ltr'><strong>examinatione</strong></span> <span class='ocrx_word' id='word_1_72' title='bbox 719 830 856 869; x_wconf 85' lang='lat' dir='ltr'><strong>indiget,</strong></span> <span class='ocrx_word' id='word_1_73' title='bbox 879 831 936 871; x_wconf 91' lang='lat' dir='ltr'><strong>qui</strong></span> 
     </span>
     <span class='ocr_line' id='line_1_13' title="bbox 152 883 933 924; baseline 0.003 -10"><span class='ocrx_word' id='word_1_74' title='bbox 152 883 246 914; x_wconf 89' lang='lat' dir='ltr'><strong>dehet</strong></span> <span class='ocrx_word' id='word_1_75' title='bbox 269 892 338 915; x_wconf 92' lang='lat' dir='ltr'><strong>esse</strong></span> <span class='ocrx_word' id='word_1_76' title='bbox 360 884 470 915; x_wconf 89' lang='lat' dir='ltr'><strong>doctor</strong></span> <span class='ocrx_word' id='word_1_77' title='bbox 494 883 528 915; x_wconf 89' lang='lat' dir='ltr'><strong>in</strong></span> <span class='ocrx_word' id='word_1_78' title='bbox 558 883 716 915; x_wconf 86' lang='lat' dir='ltr'><strong>medicina</strong></span> <span class='ocrx_word' id='word_1_79' title='bbox 741 893 933 924; x_wconf 87' lang='lat' dir='ltr'><strong>corporum,</strong></span> 
     </span>
     <span class='ocr_line' id='line_1_14' title="bbox 152 936 935 979; baseline 0.001 -11"><span class='ocrx_word' id='word_1_80' title='bbox 152 936 196 968; x_wconf 85' lang='lat' dir='ltr'><strong>ita</strong></span> <span class='ocrx_word' id='word_1_81' title='bbox 210 937 313 969; x_wconf 85' lang='lat' dir='ltr'><strong>multa</strong></span> <span class='ocrx_word' id='word_1_82' title='bbox 331 938 583 970; x_wconf 82' lang='lat' dir='ltr'><strong>consideratione</strong></span> <span class='ocrx_word' id='word_1_83' title='bbox 603 948 684 979; x_wconf 91' lang='lat' dir='ltr'><strong>opus</strong></span> <span class='ocrx_word' id='word_1_84' title='bbox 697 940 755 978; x_wconf 87' lang='lat' dir='ltr'><strong>est,</strong></span> <span class='ocrx_word' id='word_1_85' title='bbox 772 939 799 969; x_wconf 93' lang='lat' dir='ltr'><strong>si</strong></span> <span class='ocrx_word' id='word_1_86' title='bbox 815 938 856 970; x_wconf 86' lang='lat' dir='ltr'><strong>sit</strong></span> <span class='ocrx_word' id='word_1_87' title='bbox 870 938 935 970; x_wconf 90' lang='lat' dir='ltr'><strong>ido-</strong></span> 
     </span>
     <span class='ocr_line' id='line_1_15' title="bbox 152 992 934 1032; baseline 0.003 -10"><span class='ocrx_word' id='word_1_88' title='bbox 152 999 244 1030; x_wconf 84' lang='lat' dir='ltr'><strong>neuS,</strong></span> <span class='ocrx_word' id='word_1_89' title='bbox 262 992 319 1032; x_wconf 89' lang='lat' dir='ltr'><strong>qui</strong></span> <span class='ocrx_word' id='word_1_90' title='bbox 333 992 426 1024; x_wconf 88' lang='lat' dir='ltr'><strong>debet</strong></span> <span class='ocrx_word' id='word_1_91' title='bbox 441 1002 509 1024; x_wconf 89' lang='lat' dir='ltr'><strong>esse</strong></span> <span class='ocrx_word' id='word_1_92' title='bbox 523 993 633 1024; x_wconf 89' lang='lat' dir='ltr'><strong>doctor</strong></span> <span class='ocrx_word' id='word_1_93' title='bbox 649 995 680 1024; x_wconf 90' lang='lat' dir='ltr'><strong>et</strong></span> <span class='ocrx_word' id='word_1_94' title='bbox 701 993 844 1025; x_wconf 88' lang='lat' dir='ltr'><strong>medicus</strong></span> <span class='ocrx_word' id='word_1_95' title='bbox 864 993 934 1024; x_wconf 88' lang='lat' dir='ltr'><strong>ani-</strong></span> 
     </span>
     <span class='ocr_line' id='line_1_16' title="bbox 152 1047 934 1089; baseline 0.001 -12"><span class='ocrx_word' id='word_1_96' title='bbox 152 1055 292 1086; x_wconf 88' lang='lat' dir='ltr'><strong>marum,</strong></span> <span class='ocrx_word' id='word_1_97' title='bbox 309 1056 384 1078; x_wconf 90' lang='lat' dir='ltr'><strong>cum</strong></span> <span class='ocrx_word' id='word_1_98' title='bbox 399 1047 463 1078; x_wconf 90' lang='lat' dir='ltr'><strong>sint</strong></span> <span class='ocrx_word' id='word_1_99' title='bbox 485 1048 668 1080; x_wconf 87' lang='lat' dir='ltr'><strong>subtiliores</strong></span> <span class='ocrx_word' id='word_1_100' title='bbox 683 1049 714 1079; x_wconf 87' lang='lat' dir='ltr'><strong>et</strong></span> <span class='ocrx_word' id='word_1_101' title='bbox 728 1047 934 1089; x_wconf 86' lang='lat' dir='ltr'><strong>periculosio-</strong></span> 
     </span>
     <span class='ocr_line' id='line_1_17' title="bbox 151 1100 930 1142; baseline 0.003 -12"><span class='ocrx_word' id='word_1_102' title='bbox 151 1108 219 1139; x_wconf 79' lang='lat' dir='ltr'><strong>reS,</strong></span> <span class='ocrx_word' id='word_1_103' title='bbox 253 1102 284 1131; x_wconf 90' lang='lat' dir='ltr'><strong>et</strong></span> <span class='ocrx_word' id='word_1_104' title='bbox 306 1100 547 1133; x_wconf 89' lang='lat' dir='ltr'><strong>incurabiliores</strong></span> <span class='ocrx_word' id='word_1_105' title='bbox 576 1102 681 1133; x_wconf 86' lang='lat' dir='ltr'><strong>morbi</strong></span> <span class='ocrx_word' id='word_1_106' title='bbox 709 1104 930 1142; x_wconf 87' lang='lat' dir='ltr'><strong>peccatorum,</strong></span> 
     </span>
     <span class='ocr_line' id='line_1_18' title="bbox 152 1155 931 1197; baseline 0.003 -12"><span class='ocrx_word' id='word_1_107' title='bbox 152 1163 250 1194; x_wconf 87' lang='lat' dir='ltr'><strong>quam</strong></span> <span class='ocrx_word' id='word_1_108' title='bbox 273 1155 437 1195; x_wconf 77' lang='lat' dir='ltr'><strong>passiones</strong></span> <span class='ocrx_word' id='word_1_109' title='bbox 458 1156 672 1197; x_wconf 82' lang='lat' dir='ltr'><strong>corporalium</strong></span> <span class='ocrx_word' id='word_1_110' title='bbox 694 1156 931 1188; x_wconf 85' lang='lat' dir='ltr'><strong>infirmitatum.</strong></span> 
     </span>
     <span class='ocr_line' id='line_1_19' title="bbox 151 1207 934 1252; baseline 0.004 -13"><span class='ocrx_word' id='word_1_111' title='bbox 151 1207 200 1239; x_wconf 90' lang='lat' dir='ltr'><strong>Illi</strong></span> <span class='ocrx_word' id='word_1_112' title='bbox 215 1218 304 1248; x_wconf 86' lang='lat' dir='ltr'><strong>vero,</strong></span> <span class='ocrx_word' id='word_1_113' title='bbox 330 1209 386 1250; x_wconf 88' lang='lat' dir='ltr'><strong>qui</strong></span> <span class='ocrx_word' id='word_1_114' title='bbox 409 1219 443 1241; x_wconf 89' lang='lat' dir='ltr'><strong>se</strong></span> <span class='ocrx_word' id='word_1_115' title='bbox 463 1210 504 1241; x_wconf 87' lang='lat' dir='ltr'><strong>ad</strong></span> <span class='ocrx_word' id='word_1_116' title='bbox 524 1210 593 1242; x_wconf 84' lang='lat' dir='ltr'><strong>haec</strong></span> <span class='ocrx_word' id='word_1_117' title='bbox 611 1211 717 1242; x_wconf 85' lang='lat' dir='ltr'><strong>officia</strong></span> <span class='ocrx_word' id='word_1_118' title='bbox 731 1211 934 1252; x_wconf 87' lang='lat' dir='ltr'><strong>impudenter</strong></span> 
     </span>
     <span class='ocr_line' id='line_1_20' title="bbox 151 1262 934 1306; baseline 0.005 -13"><span class='ocrx_word' id='word_1_119' title='bbox 151 1262 320 1302; x_wconf 86' lang='lat' dir='ltr'><strong>ingerunt,</strong></span> <span class='ocrx_word' id='word_1_120' title='bbox 345 1263 550 1303; x_wconf 82' lang='lat' dir='ltr'><strong>indignantes</strong></span> <span class='ocrx_word' id='word_1_121' title='bbox 564 1264 590 1295; x_wconf 90' lang='lat' dir='ltr'><strong>si</strong></span> <span class='ocrx_word' id='word_1_122' title='bbox 605 1264 644 1295; x_wconf 88' lang='lat' dir='ltr'><strong>ad</strong></span> <span class='ocrx_word' id='word_1_123' title='bbox 659 1274 697 1296; x_wconf 84' lang='lat' dir='ltr'><strong>ea</strong></span> <span class='ocrx_word' id='word_1_124' title='bbox 715 1265 838 1296; x_wconf 89' lang='lat' dir='ltr'><strong>tardius</strong></span> <span class='ocrx_word' id='word_1_125' title='bbox 859 1275 934 1306; x_wconf 90' lang='lat' dir='ltr'><strong>pro-</strong></span> 
     </span>
     <span class='ocr_line' id='line_1_21' title="bbox 151 1318 932 1360; baseline 0.003 -12"><span class='ocrx_word' id='word_1_126' title='bbox 151 1319 336 1356; x_wconf 83' lang='lat' dir='ltr'><strong>moventur,</strong></span> <span class='ocrx_word' id='word_1_127' title='bbox 353 1327 450 1358; x_wconf 79' lang='lat' dir='ltr'><strong>quam</strong></span> <span class='ocrx_word' id='word_1_128' title='bbox 469 1318 532 1349; x_wconf 88' lang='lat' dir='ltr'><strong>sint</strong></span> <span class='ocrx_word' id='word_1_129' title='bbox 556 1318 775 1358; x_wconf 80' lang='lat' dir='ltr'><strong>imprudentes</strong></span> <span class='ocrx_word' id='word_1_130' title='bbox 796 1328 932 1360; x_wconf 85' lang='lat' dir='ltr'><strong>perpen-</strong></span> 
     </span>
     <span class='ocr_line' id='line_1_22' title="bbox 151 1371 933 1414; baseline 0.004 -12"><span class='ocrx_word' id='word_1_131' title='bbox 151 1371 226 1403; x_wconf 90' lang='lat' dir='ltr'><strong>dere</strong></span> <span class='ocrx_word' id='word_1_132' title='bbox 238 1371 353 1403; x_wconf 89' lang='lat' dir='ltr'><strong>nolunt</strong></span> <span class='ocrx_word' id='word_1_133' title='bbox 363 1374 420 1403; x_wconf 87' lang='lat' dir='ltr'><strong>aut</strong></span> <span class='ocrx_word' id='word_1_134' title='bbox 433 1372 591 1411; x_wconf 87' lang='lat' dir='ltr'><strong>nesciunt,</strong></span> <span class='ocrx_word' id='word_1_135' title='bbox 605 1374 636 1404; x_wconf 91' lang='lat' dir='ltr'><strong>et</strong></span> <span class='ocrx_word' id='word_1_136' title='bbox 649 1382 686 1404; x_wconf 93' lang='lat' dir='ltr'><strong>eo</strong></span> <span class='ocrx_word' id='word_1_137' title='bbox 694 1373 763 1414; x_wconf 93' lang='lat' dir='ltr'><strong>ipso</strong></span> <span class='ocrx_word' id='word_1_138' title='bbox 773 1383 806 1404; x_wconf 90' lang='lat' dir='ltr'><strong>se</strong></span> <span class='ocrx_word' id='word_1_139' title='bbox 819 1374 859 1405; x_wconf 86' lang='lat' dir='ltr'><strong>ad</strong></span> <span class='ocrx_word' id='word_1_140' title='bbox 871 1374 933 1405; x_wconf 88' lang='lat' dir='ltr'><strong>hoc</strong></span> 
     </span>
     <span class='ocr_line' id='line_1_23' title="bbox 151 1426 932 1466; baseline 0.003 -9"><span class='ocrx_word' id='word_1_141' title='bbox 151 1426 324 1458; x_wconf 87' lang='lat' dir='ltr'><strong>ostendunt</strong></span> <span class='ocrx_word' id='word_1_142' title='bbox 345 1429 376 1458; x_wconf 87' lang='lat' dir='ltr'><strong>et</strong></span> <span class='ocrx_word' id='word_1_143' title='bbox 394 1427 533 1458; x_wconf 87' lang='lat' dir='ltr'><strong>reddunt</strong></span> <span class='ocrx_word' id='word_1_144' title='bbox 553 1427 714 1466; x_wconf 86' lang='lat' dir='ltr'><strong>indignos.</strong></span> <span class='ocrx_word' id='word_1_145' title='bbox 739 1427 821 1459; x_wconf 89' lang='lat' dir='ltr'><strong>Nam</strong></span> <span class='ocrx_word' id='word_1_146' title='bbox 842 1428 869 1458; x_wconf 90' lang='lat' dir='ltr'><strong>si</strong></span> <span class='ocrx_word' id='word_1_147' title='bbox 883 1428 932 1459; x_wconf 90' lang='lat' dir='ltr'><strong>di-</strong></span> 
     </span>
     <span class='ocr_line' id='line_1_24' title="bbox 153 1480 933 1521; baseline 0.004 -10"><span class='ocrx_word' id='word_1_148' title='bbox 153 1480 211 1519; x_wconf 89' lang='lat' dir='ltr'><strong>gni</strong></span> <span class='ocrx_word' id='word_1_149' title='bbox 224 1480 346 1512; x_wconf 81' lang='lat' dir='ltr'><strong>fuerint</strong></span> <span class='ocrx_word' id='word_1_150' title='bbox 360 1483 391 1512; x_wconf 91' lang='lat' dir='ltr'><strong>et</strong></span> <span class='ocrx_word' id='word_1_151' title='bbox 405 1481 521 1521; x_wconf 90' lang='lat' dir='ltr'><strong>idonei,</strong></span> <span class='ocrx_word' id='word_1_152' title='bbox 539 1490 605 1512; x_wconf 93' lang='lat' dir='ltr'><strong>non</strong></span> <span class='ocrx_word' id='word_1_153' title='bbox 627 1481 743 1513; x_wconf 87' lang='lat' dir='ltr'><strong>debent</strong></span> <span class='ocrx_word' id='word_1_154' title='bbox 756 1491 790 1513; x_wconf 89' lang='lat' dir='ltr'><strong>se</strong></span> <span class='ocrx_word' id='word_1_155' title='bbox 814 1483 854 1513; x_wconf 86' lang='lat' dir='ltr'><strong>ad</strong></span> <span class='ocrx_word' id='word_1_156' title='bbox 872 1483 933 1514; x_wconf 92' lang='lat' dir='ltr'><strong>hoc</strong></span> 
     </span>
     <span class='ocr_line' id='line_1_25' title="bbox 151 1534 930 1578; baseline 0.004 -13"><span class='ocrx_word' id='word_1_157' title='bbox 151 1534 312 1574; x_wconf 84' lang='lat' dir='ltr'><strong>ingerere,</strong></span> <span class='ocrx_word' id='word_1_158' title='bbox 329 1535 384 1567; x_wconf 89' lang='lat' dir='ltr'><strong>sed</strong></span> <span class='ocrx_word' id='word_1_159' title='bbox 399 1536 540 1568; x_wconf 86' lang='lat' dir='ltr'><strong>modeste</strong></span> <span class='ocrx_word' id='word_1_160' title='bbox 555 1539 732 1576; x_wconf 74' lang='lat' dir='ltr'><strong>expectare,</strong></span> <span class='ocrx_word' id='word_1_161' title='bbox 751 1546 930 1578; x_wconf 82' lang='lat' dir='ltr'><strong>quousque,</strong></span> 
     </span>
     <span class='ocr_line' id='line_1_26' title="bbox 150 1590 933 1632; baseline 0.004 -11"><span class='ocrx_word' id='word_1_162' title='bbox 150 1599 209 1630; x_wconf 87' lang='lat' dir='ltr'><strong>per</strong></span> <span class='ocrx_word' id='word_1_163' title='bbox 220 1590 461 1630; x_wconf 83' lang='lat' dir='ltr'><strong>inspirationem</strong></span> <span class='ocrx_word' id='word_1_164' title='bbox 475 1591 542 1630; x_wconf 90' lang='lat' dir='ltr'><strong>Dei,</strong></span> <span class='ocrx_word' id='word_1_165' title='bbox 560 1601 579 1622; x_wconf 87' lang='lat' dir='ltr'><strong>a</strong></span> <span class='ocrx_word' id='word_1_166' title='bbox 594 1591 734 1632; x_wconf 83' lang='lat' dir='ltr'><strong>praelatis</strong></span> <span class='ocrx_word' id='word_1_167' title='bbox 749 1592 814 1623; x_wconf 92' lang='lat' dir='ltr'><strong>suis</strong></span> <span class='ocrx_word' id='word_1_168' title='bbox 828 1595 859 1624; x_wconf 90' lang='lat' dir='ltr'><strong>et</strong></span> <span class='ocrx_word' id='word_1_169' title='bbox 872 1593 933 1624; x_wconf 84' lang='lat' dir='ltr'><strong>fra-</strong></span> 
     </span>
     <span class='ocr_line' id='line_1_27' title="bbox 150 1642 932 1684; baseline 0.005 -11"><span class='ocrx_word' id='word_1_170' title='bbox 150 1642 254 1674; x_wconf 80' lang='lat' dir='ltr'><strong>tribus</strong></span> <span class='ocrx_word' id='word_1_171' title='bbox 273 1643 314 1674; x_wconf 86' lang='lat' dir='ltr'><strong>ad</strong></span> <span class='ocrx_word' id='word_1_172' title='bbox 336 1643 397 1675; x_wconf 87' lang='lat' dir='ltr'><strong>hoc</strong></span> <span class='ocrx_word' id='word_1_173' title='bbox 418 1653 477 1675; x_wconf 83' lang='lat' dir='ltr'><strong>suo</strong></span> <span class='ocrx_word' id='word_1_174' title='bbox 498 1646 642 1684; x_wconf 86' lang='lat' dir='ltr'><strong>tempore</strong></span> <span class='ocrx_word' id='word_1_175' title='bbox 663 1647 881 1677; x_wconf 80' lang='lat' dir='ltr'><strong>assumantur.</strong></span> <span class='ocrx_word' id='word_1_176' title='bbox 898 1645 932 1677; x_wconf 91' lang='lat' dir='ltr'><strong>Si</strong></span> 
     </span>
     <span class='ocr_line' id='line_1_28' title="bbox 149 1697 933 1738; baseline 0.005 -11"><span class='ocrx_word' id='word_1_177' title='bbox 149 1698 259 1728; x_wconf 86' lang='lat' dir='ltr'><strong>autem</strong></span> <span class='ocrx_word' id='word_1_178' title='bbox 277 1697 403 1737; x_wconf 88' lang='lat' dir='ltr'><strong>indigni</strong></span> <span class='ocrx_word' id='word_1_179' title='bbox 423 1697 476 1729; x_wconf 86' lang='lat' dir='ltr'><strong>vel</strong></span> <span class='ocrx_word' id='word_1_180' title='bbox 498 1698 644 1729; x_wconf 90' lang='lat' dir='ltr'><strong>nondum</strong></span> <span class='ocrx_word' id='word_1_181' title='bbox 666 1698 784 1738; x_wconf 87' lang='lat' dir='ltr'><strong>idonei,</strong></span> <span class='ocrx_word' id='word_1_182' title='bbox 809 1700 887 1731; x_wconf 86' lang='lat' dir='ltr'><strong>tunc</strong></span> <span class='ocrx_word' id='word_1_183' title='bbox 906 1700 933 1731; x_wconf 89' lang='lat' dir='ltr'><strong>si</strong></span> 
     </span>
     <span class='ocr_line' id='line_1_29' title="bbox 150 1751 928 1794; baseline 0.005 -13"><span class='ocrx_word' id='word_1_184' title='bbox 150 1759 184 1782; x_wconf 91' lang='lat' dir='ltr'><strong>se</strong></span> <span class='ocrx_word' id='word_1_185' title='bbox 199 1751 364 1791; x_wconf 86' lang='lat' dir='ltr'><strong>ingerunt,</strong></span> <span class='ocrx_word' id='word_1_186' title='bbox 390 1751 496 1792; x_wconf 89' lang='lat' dir='ltr'><strong>primo</strong></span> <span class='ocrx_word' id='word_1_187' title='bbox 511 1752 640 1793; x_wconf 89' lang='lat' dir='ltr'><strong>quidem</strong></span> <span class='ocrx_word' id='word_1_188' title='bbox 662 1753 825 1784; x_wconf 87' lang='lat' dir='ltr'><strong>temerarii</strong></span> <span class='ocrx_word' id='word_1_189' title='bbox 843 1756 928 1794; x_wconf 87' lang='lat' dir='ltr'><strong>sunt,</strong></span> 
     </span>
     <span class='ocr_line' id='line_1_30' title="bbox 150 1805 929 1846; baseline 0.004 -10"><span class='ocrx_word' id='word_1_190' title='bbox 150 1805 248 1846; x_wconf 88' lang='lat' dir='ltr'><strong>quod,</strong></span> <span class='ocrx_word' id='word_1_191' title='bbox 273 1807 447 1845; x_wconf 80' lang='lat' dir='ltr'><strong>antequam</strong></span> <span class='ocrx_word' id='word_1_192' title='bbox 468 1808 637 1846; x_wconf 88' lang='lat' dir='ltr'><strong>vocentur,</strong></span> <span class='ocrx_word' id='word_1_193' title='bbox 663 1807 703 1838; x_wconf 86' lang='lat' dir='ltr'><strong>ad</strong></span> <span class='ocrx_word' id='word_1_194' title='bbox 718 1809 844 1838; x_wconf 90' lang='lat' dir='ltr'><strong>tantum</strong></span> <span class='ocrx_word' id='word_1_195' title='bbox 859 1808 929 1839; x_wconf 85' lang='lat' dir='ltr'><strong>offi-</strong></span> 
     </span>
     <span class='ocr_line' id='line_1_31' title="bbox 149 1859 929 1900; baseline 0.004 -10"><span class='ocrx_word' id='word_1_196' title='bbox 149 1859 236 1891; x_wconf 89' lang='lat' dir='ltr'><strong>cium</strong></span> <span class='ocrx_word' id='word_1_197' title='bbox 246 1868 376 1891; x_wconf 90' lang='lat' dir='ltr'><strong>currere</strong></span> <span class='ocrx_word' id='word_1_198' title='bbox 388 1862 601 1900; x_wconf 82' lang='lat' dir='ltr'><strong>praesumunt.</strong></span> <span class='ocrx_word' id='word_1_199' title='bbox 615 1860 703 1892; x_wconf 88' lang='lat' dir='ltr'><strong>Unde</strong></span> <span class='ocrx_word' id='word_1_200' title='bbox 715 1861 910 1893; x_wconf 84' lang='lat' dir='ltr'><strong>Hieremias¹</strong></span> <span class='ocrx_word' id='word_1_201' title='bbox 923 1874 929 1894; x_wconf 91' lang='lat'><strong>:</strong></span> 
     </span>
     <span class='ocr_line' id='line_1_32' title="bbox 148 1914 929 1956; baseline 0.005 -11"><span class='ocrx_word' id='word_1_202' title='bbox 148 1914 219 1954; x_wconf 77' lang='lat' dir='ltr'><strong>Ipsi</strong></span> <span class='ocrx_word' id='word_1_203' title='bbox 238 1914 419 1952; x_wconf 78' lang='lat' dir='ltr'><strong>currebant,</strong></span> <span class='ocrx_word' id='word_1_204' title='bbox 441 1923 512 1946; x_wconf 82' lang='lat' dir='ltr'><strong>cum</strong></span> <span class='ocrx_word' id='word_1_205' title='bbox 531 1923 586 1955; x_wconf 72' lang='lat' dir='ltr'><strong>eqo</strong></span> <span class='ocrx_word' id='word_1_206' title='bbox 602 1923 668 1947; x_wconf 86' lang='lat' dir='ltr'><strong>non</strong></span> <span class='ocrx_word' id='word_1_207' title='bbox 689 1916 847 1948; x_wconf 75' lang='lat' dir='ltr'><strong>mitterem</strong></span> <span class='ocrx_word' id='word_1_208' title='bbox 866 1924 929 1956; x_wconf 82' lang='lat' dir='ltr'><strong>eos,</strong></span> 
     </span>
     <span class='ocr_line' id='line_1_33' title="bbox 149 1968 930 2013; baseline 0.006 -15"><span class='ocrx_word' id='word_1_209' title='bbox 149 1968 266 1999; x_wconf 88' lang='lat' dir='ltr'><strong>scilicet</strong></span> <span class='ocrx_word' id='word_1_210' title='bbox 289 1968 473 2009; x_wconf 79' lang='lat' dir='ltr'><strong>praedicare.</strong></span> <span class='ocrx_word' id='word_1_211' title='bbox 493 1969 539 2013; x_wconf 76' lang='lat' dir='ltr'><strong>¹Et</strong></span> <span class='ocrx_word' id='word_1_212' title='bbox 561 1969 681 2001; x_wconf 88' lang='lat' dir='ltr'><strong>Paulus</strong></span> <span class='ocrx_word' id='word_1_213' title='bbox 702 1970 712 1986; x_wconf 82' lang='lat'><strong>²</strong></span> <span class='ocrx_word' id='word_1_214' title='bbox 733 1981 740 2001; x_wconf 90' lang='lat'>:</span> <span class='ocrx_word' id='word_1_215' title='bbox 767 1970 930 2009; x_wconf 78' lang='lat' dir='ltr'><strong>Quomodo</strong></span> 
     </span>
     <span class='ocr_line' id='line_1_34' title="bbox 146 2022 927 2063; baseline 0.004 -9"><span class='ocrx_word' id='word_1_216' title='bbox 146 2022 387 2063; x_wconf 72' lang='lat' dir='ltr'><strong>praedicabunt,</strong></span> <span class='ocrx_word' id='word_1_217' title='bbox 404 2024 474 2055; x_wconf 81' lang='lat' dir='ltr'><strong>m‘sz·</strong></span> <span class='ocrx_word' id='word_1_218' title='bbox 487 2024 686 2056; x_wconf 72' lang='lat' dir='ltr'><strong>mittantur?</strong></span> <span class='ocrx_word' id='word_1_219' title='bbox 703 2024 790 2056; x_wconf 86' lang='lat' dir='ltr'><strong>Idem</strong></span> <span class='ocrx_word' id='word_1_220' title='bbox 808 2025 884 2057; x_wconf 82' lang='lat' dir='ltr'><strong>alibi</strong></span> <span class='ocrx_word' id='word_1_221' title='bbox 897 2027 927 2058; x_wconf 84' lang='lat'><strong>³:</strong></span> 
     </span>
     <span class='ocr_line' id='line_1_35' title="bbox 147 2078 930 2120; baseline 0.003 -10"><span class='ocrx_word' id='word_1_222' title='bbox 147 2078 211 2110; x_wconf 81' lang='lat' dir='ltr'><strong>Nec</strong></span> <span class='ocrx_word' id='word_1_223' title='bbox 226 2078 399 2118; x_wconf 75' lang='lat' dir='ltr'><strong>quisquam</strong></span> <span class='ocrx_word' id='word_1_224' title='bbox 414 2079 514 2111; x_wconf 74' lang='lat' dir='ltr'><strong>sumit</strong></span> <span class='ocrx_word' id='word_1_225' title='bbox 527 2078 592 2111; x_wconf 71' lang='lat' dir='ltr'><strong>sibi</strong></span> <span class='ocrx_word' id='word_1_226' title='bbox 613 2079 777 2118; x_wconf 78' lang='lat' dir='ltr'><strong>honorem,</strong></span> <span class='ocrx_word' id='word_1_227' title='bbox 803 2079 858 2112; x_wconf 81' lang='lat' dir='ltr'><strong>sed</strong></span> <span class='ocrx_word' id='word_1_228' title='bbox 872 2081 930 2120; x_wconf 74' lang='lat' dir='ltr'><strong>qui</strong></span> 
     </span>
     <span class='ocr_line' id='line_1_36' title="bbox 146 2132 930 2173; baseline 0.003 -9"><span class='ocrx_word' id='word_1_229' title='bbox 146 2135 278 2165; x_wconf 76' lang='lat' dir='ltr'><strong>vocatur</strong></span> <span class='ocrx_word' id='word_1_230' title='bbox 293 2140 313 2164; x_wconf 88' lang='lat' dir='ltr'><strong>a</strong></span> <span class='ocrx_word' id='word_1_231' title='bbox 328 2132 390 2164; x_wconf 86' lang='lat' dir='ltr'><strong>Deo</strong></span> <span class='ocrx_word' id='word_1_232' title='bbox 412 2135 566 2173; x_wconf 79' lang='lat' dir='ltr'><strong>tanquam</strong></span> <span class='ocrx_word' id='word_1_233' title='bbox 582 2133 702 2166; x_wconf 79' lang='lat' dir='ltr'><strong>Aaron.</strong></span> <span class='ocrx_word' id='word_1_234' title='bbox 726 2133 764 2164; x_wconf 87' lang='lat' dir='ltr'><strong>Et</strong></span> <span class='ocrx_word' id='word_1_235' title='bbox 785 2133 930 2166; x_wconf 82' lang='lat' dir='ltr'><strong>Christus</strong></span> 
     </span>
     <span class='ocr_line' id='line_1_37' title="bbox 146 2186 927 2228; baseline 0.006 -11"><span class='ocrx_word' id='word_1_236' title='bbox 146 2186 222 2218; x_wconf 90' lang='lat' dir='ltr'><strong>dicit</strong></span> <span class='ocrx_word' id='word_1_237' title='bbox 235 2187 269 2217; x_wconf 88' lang='lat' dir='ltr'><strong>in</strong></span> <span class='ocrx_word' id='word_1_238' title='bbox 284 2187 405 2218; x_wconf 85' lang='lat' dir='ltr'><strong>Joanne</strong></span> <span class='ocrx_word' id='word_1_239' title='bbox 419 2190 438 2218; x_wconf 60' lang='lat'><strong>²:</strong></span> <span class='ocrx_word' id='word_1_240' title='bbox 455 2187 560 2227; x_wconf 76' lang='lat' dir='ltr'><strong>Neque</strong></span> <span class='ocrx_word' id='word_1_241' title='bbox 574 2189 660 2220; x_wconf 78' lang='lat' dir='ltr'><strong>enim</strong></span> <span class='ocrx_word' id='word_1_242' title='bbox 670 2197 689 2220; x_wconf 88' lang='lat' dir='ltr'><strong>a</strong></span> <span class='ocrx_word' id='word_1_243' title='bbox 706 2189 828 2228; x_wconf 77' lang='lat' dir='ltr'><strong>meipso</strong></span> <span class='ocrx_word' id='word_1_244' title='bbox 841 2191 927 2228; x_wconf 79' lang='lat' dir='ltr'><strong>veni,</strong></span> 
     </span>
     <span class='ocr_line' id='line_1_38' title="bbox 145 2240 928 2280; baseline 0.004 -8"><span class='ocrx_word' id='word_1_245' title='bbox 145 2240 203 2272; x_wconf 79' lang='lat' dir='ltr'><strong>sed</strong></span> <span class='ocrx_word' id='word_1_246' title='bbox 216 2241 267 2273; x_wconf 78' lang='lat' dir='ltr'><strong>ille</strong></span> <span class='ocrx_word' id='word_1_247' title='bbox 284 2249 332 2273; x_wconf 82' lang='lat' dir='ltr'><strong>me</strong></span> <span class='ocrx_word' id='word_1_248' title='bbox 345 2241 447 2280; x_wconf 72' lang='lat' dir='ltr'><strong>misit,</strong></span> <span class='ocrx_word' id='word_1_249' title='bbox 460 2241 579 2273; x_wconf 87' lang='lat' dir='ltr'><strong>scilicet</strong></span> <span class='ocrx_word' id='word_1_250' title='bbox 595 2242 698 2273; x_wconf 82' lang='lat' dir='ltr'><strong>Pater.</strong></span> <span class='ocrx_word' id='word_1_251' title='bbox 717 2242 863 2275; x_wconf 88' lang='lat' dir='ltr'><strong>Secundo</strong></span> <span class='ocrx_word' id='word_1_252' title='bbox 877 2253 928 2275; x_wconf 92' lang='lat' dir='ltr'><strong>su-</strong></span> 
     </span>
     <span class='ocr_line' id='line_1_39' title="bbox 145 2295 927 2337; baseline 0.004 -11"><span class='ocrx_word' id='word_1_253' title='bbox 145 2296 248 2337; x_wconf 85' lang='lat' dir='ltr'><strong>perbi,</strong></span> <span class='ocrx_word' id='word_1_254' title='bbox 269 2296 346 2336; x_wconf 85' lang='lat' dir='ltr'><strong>quia</strong></span> <span class='ocrx_word' id='word_1_255' title='bbox 367 2295 486 2336; x_wconf 85' lang='lat' dir='ltr'><strong>seipsos</strong></span> <span class='ocrx_word' id='word_1_256' title='bbox 504 2298 655 2336; x_wconf 83' lang='lat' dir='ltr'><strong>reputant</strong></span> <span class='ocrx_word' id='word_1_257' title='bbox 669 2297 787 2336; x_wconf 82' lang='lat' dir='ltr'><strong>dignos</strong></span> <span class='ocrx_word' id='word_1_258' title='bbox 809 2300 840 2329; x_wconf 92' lang='lat' dir='ltr'><strong>et</strong></span> <span class='ocrx_word' id='word_1_259' title='bbox 859 2298 927 2330; x_wconf 86' lang='lat' dir='ltr'><strong>ido-</strong></span> 
     </span>
     <span class='ocr_line' id='line_1_40' title="bbox 146 2349 928 2391; baseline 0.003 -9"><span class='ocrx_word' id='word_1_260' title='bbox 146 2360 224 2382; x_wconf 90' lang='lat' dir='ltr'><strong>neos</strong></span> <span class='ocrx_word' id='word_1_261' title='bbox 239 2351 279 2382; x_wconf 88' lang='lat' dir='ltr'><strong>ad</strong></span> <span class='ocrx_word' id='word_1_262' title='bbox 293 2350 378 2391; x_wconf 88' lang='lat' dir='ltr'><strong>quod</strong></span> <span class='ocrx_word' id='word_1_263' title='bbox 395 2351 474 2382; x_wconf 84' lang='lat' dir='ltr'><strong>sorte</strong></span> <span class='ocrx_word' id='word_1_264' title='bbox 486 2360 545 2382; x_wconf 88' lang='lat' dir='ltr'><strong>nec</strong></span> <span class='ocrx_word' id='word_1_265' title='bbox 558 2349 652 2390; x_wconf 77' lang='lat' dir='ltr'><strong>Deus,</strong></span> <span class='ocrx_word' id='word_1_266' title='bbox 668 2361 727 2382; x_wconf 84' lang='lat' dir='ltr'><strong>nec</strong></span> <span class='ocrx_word' id='word_1_267' title='bbox 741 2352 864 2391; x_wconf 77' lang='lat' dir='ltr'><strong>fratres,</strong></span> <span class='ocrx_word' id='word_1_268' title='bbox 876 2353 928 2384; x_wconf 90' lang='lat' dir='ltr'><strong>vel</strong></span> 
     </span>
     <span class='ocr_line' id='line_1_41' title="bbox 145 2404 925 2447; baseline 0.004 -12"><span class='ocrx_word' id='word_1_269' title='bbox 145 2404 269 2445; x_wconf 83' lang='lat' dir='ltr'><strong>praelati</strong></span> <span class='ocrx_word' id='word_1_270' title='bbox 279 2405 329 2436; x_wconf 92' lang='lat' dir='ltr'><strong>sui</strong></span> <span class='ocrx_word' id='word_1_271' title='bbox 335 2404 481 2445; x_wconf 70' lang='lat' dir='ltr'><strong>Judicant</strong></span> <span class='ocrx_word' id='word_1_272' title='bbox 491 2414 545 2436; x_wconf 90' lang='lat' dir='ltr'><strong>eos</strong></span> <span class='ocrx_word' id='word_1_273' title='bbox 555 2405 696 2445; x_wconf 86' lang='lat' dir='ltr'><strong>idoneos,</strong></span> <span class='ocrx_word' id='word_1_274' title='bbox 706 2406 788 2437; x_wconf 85' lang='lat' dir='ltr'><strong>sicut</strong></span> <span class='ocrx_word' id='word_1_275' title='bbox 796 2407 897 2438; x_wconf 87' lang='lat' dir='ltr'><strong>Chore</strong></span> <span class='ocrx_word' id='word_1_276' title='bbox 904 2408 925 2447; x_wconf 83' lang='lat'><strong>⁵,</strong></span> 
     </span>
     <span class='ocr_line' id='line_1_42' title="bbox 145 2459 927 2499; baseline 0.005 -10"><span class='ocrx_word' id='word_1_277' title='bbox 145 2459 201 2499; x_wconf 88' lang='lat' dir='ltr'><strong>qui</strong></span> <span class='ocrx_word' id='word_1_278' title='bbox 215 2459 320 2491; x_wconf 89' lang='lat' dir='ltr'><strong>voluit</strong></span> <span class='ocrx_word' id='word_1_279' title='bbox 333 2459 393 2490; x_wconf 88' lang='lat' dir='ltr'><strong>sihi</strong></span> <span class='ocrx_word' id='word_1_280' title='bbox 408 2459 620 2490; x_wconf 80' lang='lat' dir='ltr'><strong>sacerdotium</strong></span> <span class='ocrx_word' id='word_1_281' title='bbox 629 2460 809 2492; x_wconf 84' lang='lat' dir='ltr'><strong>vendicare.</strong></span> <span class='ocrx_word' id='word_1_282' title='bbox 822 2461 927 2493; x_wconf 87' lang='lat' dir='ltr'><strong>Tertio</strong></span> 
     </span>
     <span class='ocr_line' id='line_1_43' title="bbox 146 2513 927 2553; baseline 0.005 -10"><span class='ocrx_word' id='word_1_283' title='bbox 146 2513 245 2552; x_wconf 86' lang='lat' dir='ltr'><strong>stulti,</strong></span> <span class='ocrx_word' id='word_1_284' title='bbox 262 2513 340 2553; x_wconf 90' lang='lat' dir='ltr'><strong>quia</strong></span> <span class='ocrx_word' id='word_1_285' title='bbox 357 2522 431 2544; x_wconf 88' lang='lat' dir='ltr'><strong>cum</strong></span> <span class='ocrx_word' id='word_1_286' title='bbox 445 2513 520 2544; x_wconf 80' lang='lat' dir='ltr'><strong>talia</strong></span> <span class='ocrx_word' id='word_1_287' title='bbox 537 2513 639 2544; x_wconf 80' lang='lat' dir='ltr'><strong>officia</strong></span> <span class='ocrx_word' id='word_1_288' title='bbox 653 2514 716 2544; x_wconf 88' lang='lat' dir='ltr'><strong>sint</strong></span> <span class='ocrx_word' id='word_1_289' title='bbox 730 2515 851 2547; x_wconf 85' lang='lat' dir='ltr'><strong>occasio</strong></span> <span class='ocrx_word' id='word_1_290' title='bbox 862 2518 927 2547; x_wconf 85' lang='lat' dir='ltr'><strong>ten-</strong></span> 
     </span>
     <span class='ocr_line' id='line_1_44' title="bbox 146 2567 927 2608; baseline 0.004 -10"><span class='ocrx_word' id='word_1_291' title='bbox 146 2567 274 2598; x_wconf 84' lang='lat' dir='ltr'><strong>tationis</strong></span> <span class='ocrx_word' id='word_1_292' title='bbox 280 2577 337 2608; x_wconf 87' lang='lat' dir='ltr'><strong>per</strong></span> <span class='ocrx_word' id='word_1_293' title='bbox 345 2568 474 2598; x_wconf 81' lang='lat' dir='ltr'><strong>inanem</strong></span> <span class='ocrx_word' id='word_1_294' title='bbox 484 2567 635 2608; x_wconf 83' lang='lat' dir='ltr'><strong>gloriam,</strong></span> <span class='ocrx_word' id='word_1_295' title='bbox 643 2569 823 2608; x_wconf 85' lang='lat' dir='ltr'><strong>avaritiam,</strong></span> <span class='ocrx_word' id='word_1_296' title='bbox 832 2570 927 2601; x_wconf 77' lang='lat' dir='ltr'><strong>luxu-</strong></span> 
     </span>
     <span class='ocr_line' id='line_1_45' title="bbox 146 2622 924 2661; baseline 0.005 -9"><span class='ocrx_word' id='word_1_297' title='bbox 146 2622 241 2661; x_wconf 83' lang='lat' dir='ltr'><strong>riam,</strong></span> <span class='ocrx_word' id='word_1_298' title='bbox 263 2623 394 2654; x_wconf 75' lang='lat' dir='ltr'><strong>noxiam</strong></span> <span class='ocrx_word' id='word_1_299' title='bbox 416 2622 608 2661; x_wconf 84' lang='lat' dir='ltr'><strong>libertatem,</strong></span> <span class='ocrx_word' id='word_1_300' title='bbox 630 2624 661 2654; x_wconf 92' lang='lat' dir='ltr'><strong>et</strong></span> <span class='ocrx_word' id='word_1_301' title='bbox 676 2623 812 2655; x_wconf 82' lang='lat' dir='ltr'><strong>internae</strong></span> <span class='ocrx_word' id='word_1_302' title='bbox 827 2624 924 2657; x_wconf 89' lang='lat' dir='ltr'><strong>devo-</strong></span> 
     </span>
    </p>
   </div>
   <div class='ocr_carea' id='block_1_3' title="bbox 147 2703 924 2773">
    <p class='ocr_par' dir='ltr' id='par_1_3' title="bbox 147 2703 924 2773">
     <span class='ocr_line' id='line_1_46' title="bbox 179 2703 924 2738; baseline 0.004 -10"><span class='ocrx_word' id='word_1_303' title='bbox 179 2703 306 2734; x_wconf 77' lang='lat' dir='ltr'><strong>¹Jerem.‚</strong></span> <span class='ocrx_word' id='word_1_304' title='bbox 326 2709 404 2736; x_wconf 76' lang='lat' dir='ltr'><strong>xxm,</strong></span> <span class='ocrx_word' id='word_1_305' title='bbox 423 2706 462 2729; x_wconf 71' lang='lat'><strong>21.</strong></span> <span class='ocrx_word' id='word_1_306' title='bbox 480 2717 511 2722; x_wconf 89' lang='lat'><em>—</em></span> <span class='ocrx_word' id='word_1_307' title='bbox 530 2705 540 2722; x_wconf 80' lang='lat'>2</span> <span class='ocrx_word' id='word_1_308' title='bbox 558 2705 637 2735; x_wconf 65' lang='lat' dir='ltr'><strong>Rom„</strong></span> <span class='ocrx_word' id='word_1_309' title='bbox 658 2710 688 2736; x_wconf 78' lang='lat' dir='ltr'><strong>x,</strong></span> <span class='ocrx_word' id='word_1_310' title='bbox 708 2706 745 2729; x_wconf 75' lang='lat'><strong>15.</strong></span> <span class='ocrx_word' id='word_1_311' title='bbox 761 2717 790 2723; x_wconf 89' lang='lat'><em>-</em></span> <span class='ocrx_word' id='word_1_312' title='bbox 809 2705 820 2722; x_wconf 74' lang='lat'>³</span> <span class='ocrx_word' id='word_1_313' title='bbox 839 2706 924 2738; x_wconf 78' lang='lat' dir='ltr'><strong>Hebr.‚</strong></span> 
     </span>
     <span class='ocr_line' id='line_1_47' title="bbox 147 2739 892 2773; baseline 0.007 -11"><span class='ocrx_word' id='word_1_314' title='bbox 147 2745 172 2771; x_wconf 89' lang='lat' dir='ltr'><strong>v,</strong></span> <span class='ocrx_word' id='word_1_315' title='bbox 188 2740 211 2764; x_wconf 90' lang='lat'><strong>3.</strong></span> <span class='ocrx_word' id='word_1_316' title='bbox 223 2753 254 2758; x_wconf 95' lang='lat'><em>-</em></span> <span class='ocrx_word' id='word_1_317' title='bbox 269 2739 277 2754; x_wconf 71' lang='lat'><strong><em>⁴</em></strong></span> <span class='ocrx_word' id='word_1_318' title='bbox 292 2740 374 2772; x_wconf 74' lang='lat' dir='ltr'><strong>leam,</strong></span> <span class='ocrx_word' id='word_1_319' title='bbox 388 2746 436 2772; x_wconf 82' lang='lat' dir='ltr'><strong>vu,</strong></span> <span class='ocrx_word' id='word_1_320' title='bbox 452 2742 491 2766; x_wconf 75' lang='lat'><strong>28.</strong></span> <span class='ocrx_word' id='word_1_321' title='bbox 505 2755 531 2759; x_wconf 86' lang='lat'><strong>-—</strong></span> <span class='ocrx_word' id='word_1_322' title='bbox 549 2741 558 2758; x_wconf 79' lang='lat'>⁵</span> <span class='ocrx_word' id='word_1_323' title='bbox 569 2741 656 2772; x_wconf 70' lang='lat' dir='ltr'><strong>Num„</strong></span> <span class='ocrx_word' id='word_1_324' title='bbox 671 2747 725 2773; x_wconf 65' lang='grc' dir='ltr'><strong>ΧΠ,</strong></span> <span class='ocrx_word' id='word_1_325' title='bbox 739 2748 787 2773; x_wconf 89' lang='lat' dir='ltr'><strong>per</strong></span> <span class='ocrx_word' id='word_1_326' title='bbox 801 2743 892 2767; x_wconf 89' lang='lat' dir='ltr'><strong>totum.</strong></span> 
     </span>
    </p>
   </div>
   <div class='ocr_carea' id='block_1_4' title="bbox 1715 230 1775 261">
    <p class='ocr_par' dir='ltr' id='par_1_4' title="bbox 1715 230 1775 261">
     <span class='ocr_line' id='line_1_48' title="bbox 1715 230 1775 261; baseline 0 -1"><span class='ocrx_word' id='word_1_327' title='bbox 1715 230 1775 261; x_wconf 78' lang='lat'><strong>527</strong></span> 
     </span>
    </p>
   </div>
   <div class='ocr_carea' id='block_1_5' title="bbox 989 288 1776 1088">
    <p class='ocr_par' dir='ltr' id='par_1_5' title="bbox 989 288 1776 1088">
     <span class='ocr_line' id='line_1_49' title="bbox 993 288 1773 337; baseline 0.012 -18"><span class='ocrx_word' id='word_1_328' title='bbox 993 288 1089 320; x_wconf 91' lang='lat' dir='ltr'><strong>tionis</strong></span> <span class='ocrx_word' id='word_1_329' title='bbox 1104 291 1346 333; x_wconf 85' lang='lat' dir='ltr'><strong>extinctionem,</strong></span> <span class='ocrx_word' id='word_1_330' title='bbox 1369 294 1401 325; x_wconf 86' lang='lat' dir='ltr'><strong>et</strong></span> <span class='ocrx_word' id='word_1_331' title='bbox 1417 293 1480 326; x_wconf 86' lang='lat' dir='ltr'><strong>alia</strong></span> <span class='ocrx_word' id='word_1_332' title='bbox 1501 294 1597 335; x_wconf 88' lang='lat' dir='ltr'><strong>plura</strong></span> <span class='ocrx_word' id='word_1_333' title='bbox 1618 295 1773 337; x_wconf 87' lang='lat' dir='ltr'><strong>pericula,</strong></span> 
     </span>
     <span class='ocr_line' id='line_1_50' title="bbox 993 344 1776 390; baseline 0.01 -16"><span class='ocrx_word' id='word_1_334' title='bbox 993 344 1078 384; x_wconf 88' lang='lat' dir='ltr'><strong>quod</strong></span> <span class='ocrx_word' id='word_1_335' title='bbox 1094 345 1221 386; x_wconf 86' lang='lat' dir='ltr'><strong>ipsimet</strong></span> <span class='ocrx_word' id='word_1_336' title='bbox 1235 356 1268 379; x_wconf 92' lang='lat' dir='ltr'><strong>se</strong></span> <span class='ocrx_word' id='word_1_337' title='bbox 1280 348 1398 380; x_wconf 89' lang='lat' dir='ltr'><strong>talibus</strong></span> <span class='ocrx_word' id='word_1_338' title='bbox 1412 348 1540 380; x_wconf 89' lang='lat' dir='ltr'><strong>incaute</strong></span> <span class='ocrx_word' id='word_1_339' title='bbox 1551 349 1715 390; x_wconf 85' lang='lat' dir='ltr'><strong>ingerunt,</strong></span> <span class='ocrx_word' id='word_1_340' title='bbox 1729 351 1776 382; x_wconf 93' lang='lat' dir='ltr'><strong>ni-</strong></span> 
     </span>
     <span class='ocr_line' id='line_1_51' title="bbox 993 398 1775 443; baseline 0.01 -15"><span class='ocrx_word' id='word_1_341' title='bbox 993 398 1054 428; x_wconf 91' lang='lat' dir='ltr'><strong>mis</strong></span> <span class='ocrx_word' id='word_1_342' title='bbox 1068 399 1160 432; x_wconf 86' lang='lat' dir='ltr'><strong>stulte</strong></span> <span class='ocrx_word' id='word_1_343' title='bbox 1182 410 1215 432; x_wconf 89' lang='lat' dir='ltr'><strong>se</strong></span> <span class='ocrx_word' id='word_1_344' title='bbox 1231 402 1326 434; x_wconf 85' lang='lat' dir='ltr'><strong>tantis</strong></span> <span class='ocrx_word' id='word_1_345' title='bbox 1344 403 1492 443; x_wconf 86' lang='lat' dir='ltr'><strong>periculis</strong></span> <span class='ocrx_word' id='word_1_346' title='bbox 1505 403 1574 435; x_wconf 90' lang='lat' dir='ltr'><strong>sine</strong></span> <span class='ocrx_word' id='word_1_347' title='bbox 1589 404 1775 437; x_wconf 86' lang='lat' dir='ltr'><strong>necessitate</strong></span> 
     </span>
     <span class='ocr_line' id='line_1_52' title="bbox 993 456 1776 498; baseline 0.009 -15"><span class='ocrx_word' id='word_1_348' title='bbox 993 456 1172 492; x_wconf 83' lang='lat' dir='ltr'><strong>exponunt,</strong></span> <span class='ocrx_word' id='word_1_349' title='bbox 1189 464 1263 487; x_wconf 88' lang='lat' dir='ltr'><strong>cum</strong></span> <span class='ocrx_word' id='word_1_350' title='bbox 1281 457 1393 497; x_wconf 85' lang='lat' dir='ltr'><strong>fugere</strong></span> <span class='ocrx_word' id='word_1_351' title='bbox 1405 457 1513 498; x_wconf 84' lang='lat' dir='ltr'><strong>magis</strong></span> <span class='ocrx_word' id='word_1_352' title='bbox 1527 457 1679 489; x_wconf 87' lang='lat' dir='ltr'><strong>deberent</strong></span> <span class='ocrx_word' id='word_1_353' title='bbox 1693 467 1712 489; x_wconf 91' lang='lat' dir='ltr'><strong>a</strong></span> <span class='ocrx_word' id='word_1_354' title='bbox 1723 467 1776 498; x_wconf 88' lang='lat' dir='ltr'><strong>pe-</strong></span> 
     </span>
     <span class='ocr_line' id='line_1_53' title="bbox 991 506 1775 554; baseline 0.01 -18"><span class='ocrx_word' id='word_1_355' title='bbox 991 506 1104 546; x_wconf 88' lang='lat' dir='ltr'><strong>riculo,</strong></span> <span class='ocrx_word' id='word_1_356' title='bbox 1123 517 1220 548; x_wconf 89' lang='lat' dir='ltr'><strong>quam</strong></span> <span class='ocrx_word' id='word_1_357' title='bbox 1236 509 1315 542; x_wconf 90' lang='lat' dir='ltr'><strong>illud</strong></span> <span class='ocrx_word' id='word_1_358' title='bbox 1329 513 1490 552; x_wconf 85' lang='lat' dir='ltr'><strong>appetere,</strong></span> <span class='ocrx_word' id='word_1_359' title='bbox 1511 512 1688 544; x_wconf 85' lang='lat' dir='ltr'><strong>nescientes</strong></span> <span class='ocrx_word' id='word_1_360' title='bbox 1711 522 1775 554; x_wconf 89' lang='lat' dir='ltr'><strong>quo</strong></span> 
     </span>
     <span class='ocr_line' id='line_1_54' title="bbox 993 560 1773 606; baseline 0.012 -16"><span class='ocrx_word' id='word_1_361' title='bbox 993 560 1083 592; x_wconf 83' lang='lat' dir='ltr'><strong>exitu</strong></span> <span class='ocrx_word' id='word_1_362' title='bbox 1103 561 1234 603; x_wconf 84' lang='lat' dir='ltr'><strong>bellum,</strong></span> <span class='ocrx_word' id='word_1_363' title='bbox 1259 565 1344 605; x_wconf 89' lang='lat' dir='ltr'><strong>quod</strong></span> <span class='ocrx_word' id='word_1_364' title='bbox 1365 566 1425 597; x_wconf 88' lang='lat' dir='ltr'><strong>sibi</strong></span> <span class='ocrx_word' id='word_1_365' title='bbox 1440 567 1611 606; x_wconf 85' lang='lat' dir='ltr'><strong>concitant,</strong></span> <span class='ocrx_word' id='word_1_366' title='bbox 1629 567 1773 599; x_wconf 86' lang='lat' dir='ltr'><strong>finiatur.</strong></span> 
     </span>
     <span class='ocr_line' id='line_1_55' title="bbox 992 613 1776 662; baseline 0.011 -17"><span class='ocrx_word' id='word_1_367' title='bbox 992 613 1122 654; x_wconf 84' lang='lat' dir='ltr'><strong>Quarto,</strong></span> <span class='ocrx_word' id='word_1_368' title='bbox 1152 625 1219 648; x_wconf 90' lang='lat' dir='ltr'><strong>non</strong></span> <span class='ocrx_word' id='word_1_369' title='bbox 1247 622 1356 651; x_wconf 87' lang='lat' dir='ltr'><strong>carent</strong></span> <span class='ocrx_word' id='word_1_370' title='bbox 1383 630 1515 653; x_wconf 88' lang='lat' dir='ltr'><strong>rancore</strong></span> <span class='ocrx_word' id='word_1_371' title='bbox 1547 621 1690 662; x_wconf 81' lang='lat' dir='ltr'><strong>invidiae,</strong></span> <span class='ocrx_word' id='word_1_372' title='bbox 1723 622 1776 654; x_wconf 89' lang='lat' dir='ltr'><strong>vel</strong></span> 
     </span>
     <span class='ocr_line' id='line_1_56' title="bbox 992 671 1775 717; baseline 0.013 -18"><span class='ocrx_word' id='word_1_373' title='bbox 992 671 1103 700; x_wconf 83' lang='lat' dir='ltr'><strong>contra</strong></span> <span class='ocrx_word' id='word_1_374' title='bbox 1117 679 1182 710; x_wconf 91' lang='lat' dir='ltr'><strong>eos,</strong></span> <span class='ocrx_word' id='word_1_375' title='bbox 1196 673 1252 712; x_wconf 90' lang='lat' dir='ltr'><strong>qui</strong></span> <span class='ocrx_word' id='word_1_376' title='bbox 1265 673 1304 705; x_wconf 88' lang='lat' dir='ltr'><strong>ad</strong></span> <span class='ocrx_word' id='word_1_377' title='bbox 1314 673 1385 706; x_wconf 81' lang='lat' dir='ltr'><strong>haec</strong></span> <span class='ocrx_word' id='word_1_378' title='bbox 1397 676 1503 707; x_wconf 79' lang='lat' dir='ltr'><strong>officia</strong></span> <span class='ocrx_word' id='word_1_379' title='bbox 1518 684 1572 707; x_wconf 90' lang='lat' dir='ltr'><strong>eos</strong></span> <span class='ocrx_word' id='word_1_380' title='bbox 1584 685 1775 717; x_wconf 88' lang='lat' dir='ltr'><strong>promovere</strong></span> 
     </span>
     <span class='ocr_line' id='line_1_57' title="bbox 991 726 1776 771; baseline 0.011 -17"><span class='ocrx_word' id='word_1_381' title='bbox 991 726 1125 764; x_wconf 89' lang='lat' dir='ltr'><strong>possunt</strong></span> <span class='ocrx_word' id='word_1_382' title='bbox 1141 727 1172 756; x_wconf 88' lang='lat' dir='ltr'><strong>et</strong></span> <span class='ocrx_word' id='word_1_383' title='bbox 1185 735 1251 757; x_wconf 92' lang='lat' dir='ltr'><strong>non</strong></span> <span class='ocrx_word' id='word_1_384' title='bbox 1266 727 1398 767; x_wconf 85' lang='lat' dir='ltr'><strong>faciunt,</strong></span> <span class='ocrx_word' id='word_1_385' title='bbox 1414 729 1466 760; x_wconf 89' lang='lat' dir='ltr'><strong>vel</strong></span> <span class='ocrx_word' id='word_1_386' title='bbox 1480 730 1536 770; x_wconf 91' lang='lat' dir='ltr'><strong>qui</strong></span> <span class='ocrx_word' id='word_1_387' title='bbox 1548 730 1627 762; x_wconf 84' lang='lat' dir='ltr'><strong>forte</strong></span> <span class='ocrx_word' id='word_1_388' title='bbox 1642 731 1776 771; x_wconf 85' lang='lat' dir='ltr'><strong>impedi-</strong></span> 
     </span>
     <span class='ocr_line' id='line_1_58' title="bbox 991 779 1771 826; baseline 0.012 -18"><span class='ocrx_word' id='word_1_389' title='bbox 991 781 1120 817; x_wconf 88' lang='lat' dir='ltr'><strong>verunt,</strong></span> <span class='ocrx_word' id='word_1_390' title='bbox 1143 779 1339 820; x_wconf 85' lang='lat' dir='ltr'><strong>imputantes</strong></span> <span class='ocrx_word' id='word_1_391' title='bbox 1366 782 1496 814; x_wconf 89' lang='lat' dir='ltr'><strong>illorum</strong></span> <span class='ocrx_word' id='word_1_392' title='bbox 1524 784 1771 826; x_wconf 76' lang='lat' dir='ltr'><strong>malevolentiae,</strong></span> 
     </span>
     <span class='ocr_line' id='line_1_59' title="bbox 990 832 1775 879; baseline 0.011 -17"><span class='ocrx_word' id='word_1_393' title='bbox 990 832 1098 872; x_wconf 86' lang='lat' dir='ltr'><strong>magis</strong></span> <span class='ocrx_word' id='word_1_394' title='bbox 1118 842 1217 874; x_wconf 87' lang='lat' dir='ltr'><strong>quam</strong></span> <span class='ocrx_word' id='word_1_395' title='bbox 1238 845 1307 867; x_wconf 75' lang='lat' dir='ltr'><strong>suae</strong></span> <span class='ocrx_word' id='word_1_396' title='bbox 1332 836 1582 878; x_wconf 70' lang='lat' dir='ltr'><strong>insufficientiae,</strong></span> <span class='ocrx_word' id='word_1_397' title='bbox 1608 839 1694 879; x_wconf 88' lang='lat' dir='ltr'><strong>quod</strong></span> <span class='ocrx_word' id='word_1_398' title='bbox 1708 849 1775 871; x_wconf 88' lang='lat' dir='ltr'><strong>non</strong></span> 
     </span>
     <span class='ocr_line' id='line_1_60' title="bbox 990 888 1773 929; baseline 0.013 -16"><span class='ocrx_word' id='word_1_399' title='bbox 990 888 1233 926; x_wconf 89' lang='lat' dir='ltr'><strong>promoventur,</strong></span> <span class='ocrx_word' id='word_1_400' title='bbox 1247 897 1322 919; x_wconf 91' lang='lat' dir='ltr'><strong>eum</strong></span> <span class='ocrx_word' id='word_1_401' title='bbox 1331 888 1391 929; x_wconf 88' lang='lat' dir='ltr'><strong>ipsi</strong></span> <span class='ocrx_word' id='word_1_402' title='bbox 1402 889 1464 920; x_wconf 86' lang='lat' dir='ltr'><strong>sibi</strong></span> <span class='ocrx_word' id='word_1_403' title='bbox 1475 890 1644 922; x_wconf 88' lang='lat' dir='ltr'><strong>videantur</strong></span> <span class='ocrx_word' id='word_1_404' title='bbox 1654 891 1692 922; x_wconf 89' lang='lat' dir='ltr'><strong>ad</strong></span> <span class='ocrx_word' id='word_1_405' title='bbox 1701 891 1773 922; x_wconf 85' lang='lat' dir='ltr'><strong>haec</strong></span> 
     </span>
     <span class='ocr_line' id='line_1_61' title="bbox 990 937 1774 986; baseline 0.011 -18"><span class='ocrx_word' id='word_1_406' title='bbox 990 937 1164 978; x_wconf 81' lang='lat' dir='ltr'><strong>digniores,</strong></span> <span class='ocrx_word' id='word_1_407' title='bbox 1186 950 1286 981; x_wconf 86' lang='lat' dir='ltr'><strong>quam</strong></span> <span class='ocrx_word' id='word_1_408' title='bbox 1304 942 1363 981; x_wconf 86' lang='lat' dir='ltr'><strong>illi,</strong></span> <span class='ocrx_word' id='word_1_409' title='bbox 1379 952 1461 984; x_wconf 88' lang='lat' dir='ltr'><strong>quos</strong></span> <span class='ocrx_word' id='word_1_410' title='bbox 1481 944 1592 976; x_wconf 88' lang='lat' dir='ltr'><strong>vident</strong></span> <span class='ocrx_word' id='word_1_411' title='bbox 1605 945 1675 985; x_wconf 87' lang='lat' dir='ltr'><strong>jam</strong></span> <span class='ocrx_word' id='word_1_412' title='bbox 1695 954 1774 986; x_wconf 87' lang='lat' dir='ltr'><strong>pro-</strong></span> 
     </span>
     <span class='ocr_line' id='line_1_62' title="bbox 991 992 1774 1035; baseline 0.01 -15"><span class='ocrx_word' id='word_1_413' title='bbox 991 992 1094 1021; x_wconf 90' lang='lat' dir='ltr'><strong>motos</strong></span> <span class='ocrx_word' id='word_1_414' title='bbox 1117 1000 1196 1032; x_wconf 89' lang='lat' dir='ltr'><strong>esse,</strong></span> <span class='ocrx_word' id='word_1_415' title='bbox 1221 993 1340 1033; x_wconf 87' lang='lat' dir='ltr'><strong>quibus</strong></span> <span class='ocrx_word' id='word_1_416' title='bbox 1363 995 1397 1026; x_wconf 90' lang='lat' dir='ltr'><strong>in</strong></span> <span class='ocrx_word' id='word_1_417' title='bbox 1420 996 1564 1035; x_wconf 87' lang='lat' dir='ltr'><strong>scientia,</strong></span> <span class='ocrx_word' id='word_1_418' title='bbox 1591 999 1622 1028; x_wconf 91' lang='lat' dir='ltr'><strong>et</strong></span> <span class='ocrx_word' id='word_1_419' title='bbox 1643 996 1714 1028; x_wconf 84' lang='lat' dir='ltr'><strong>aliis</strong></span> <span class='ocrx_word' id='word_1_420' title='bbox 1740 1006 1774 1029; x_wconf 90' lang='lat' dir='ltr'><strong>se</strong></span> 
     </span>
     <span class='ocr_line' id='line_1_63' title="bbox 989 1045 1305 1088; baseline 0.016 -13"><span class='ocrx_word' id='word_1_421' title='bbox 989 1045 1141 1085; x_wconf 85' lang='lat' dir='ltr'><strong>reputant</strong></span> <span class='ocrx_word' id='word_1_422' title='bbox 1154 1047 1305 1088; x_wconf 76' lang='lat' dir='ltr'><strong>aptiores·</strong></span> 
     </span>
    </p>
   </div>
   <div class='ocr_carea' id='block_1_6' title="bbox 1258 1143 1505 1181">
    <p class='ocr_par' dir='ltr' id='par_1_6' title="bbox 1258 1143 1505 1181">
     <span class='ocr_line' id='line_1_64' title="bbox 1258 1143 1505 1181; baseline 0.012 -10"><span class='ocrx_word' id='word_1_423' title='bbox 1258 1143 1377 1177; x_wconf 80' lang='lat' dir='ltr'><strong>Quoestz&#39;o</strong></span> <span class='ocrx_word' id='word_1_424' title='bbox 1397 1147 1505 1181; x_wconf 81' lang='lat' dir='ltr'><strong>quinta.</strong></span> 
     </span>
    </p>
   </div>
   <div class='ocr_carea' id='block_1_7' title="bbox 987 1208 1775 1946">
    <p class='ocr_par' dir='ltr' id='par_1_7' title="bbox 987 1208 1775 1946">
     <span class='ocr_line' id='line_1_65' title="bbox 1031 1208 1774 1250; baseline 0.011 -10"><span class='ocrx_word' id='word_1_425' title='bbox 1031 1208 1110 1240; x_wconf 89' lang='lat' dir='ltr'><strong>Cum</strong></span> <span class='ocrx_word' id='word_1_426' title='bbox 1124 1210 1322 1250; x_wconf 88' lang='lat' dir='ltr'><strong>prudentum</strong></span> <span class='ocrx_word' id='word_1_427' title='bbox 1337 1213 1378 1244; x_wconf 89' lang='lat' dir='ltr'><strong>sit</strong></span> <span class='ocrx_word' id='word_1_428' title='bbox 1391 1223 1458 1245; x_wconf 91' lang='lat' dir='ltr'><strong>non</strong></span> <span class='ocrx_word' id='word_1_429' title='bbox 1471 1214 1585 1246; x_wconf 87' lang='lat' dir='ltr'><strong>leviter</strong></span> <span class='ocrx_word' id='word_1_430' title='bbox 1600 1216 1774 1248; x_wconf 78' lang='lat' dir='ltr'><strong>retractare</strong></span> 
     </span>
     <span class='ocr_line' id='line_1_66' title="bbox 989 1264 1774 1309; baseline 0.013 -16"><span class='ocrx_word' id='word_1_431' title='bbox 989 1271 1063 1303; x_wconf 86' lang='lat' dir='ltr'><strong>quae</strong></span> <span class='ocrx_word' id='word_1_432' title='bbox 1078 1264 1210 1304; x_wconf 86' lang='lat' dir='ltr'><strong>faciunt,</strong></span> <span class='ocrx_word' id='word_1_433' title='bbox 1228 1267 1283 1298; x_wconf 90' lang='lat' dir='ltr'><strong>sed</strong></span> <span class='ocrx_word' id='word_1_434' title='bbox 1305 1269 1377 1299; x_wconf 87' lang='lat' dir='ltr'><strong>ante</strong></span> <span class='ocrx_word' id='word_1_435' title='bbox 1402 1268 1572 1309; x_wconf 86' lang='lat' dir='ltr'><strong>diligenter</strong></span> <span class='ocrx_word' id='word_1_436' title='bbox 1597 1270 1774 1303; x_wconf 87' lang='lat' dir='ltr'><strong>deliberare</strong></span> 
     </span>
     <span class='ocr_line' id='line_1_67' title="bbox 989 1316 1775 1363; baseline 0.013 -16"><span class='ocrx_word' id='word_1_437' title='bbox 989 1316 1151 1358; x_wconf 81' lang='lat' dir='ltr'><strong>facienda,</strong></span> <span class='ocrx_word' id='word_1_438' title='bbox 1167 1329 1208 1351; x_wconf 89' lang='lat' dir='ltr'><strong>ne</strong></span> <span class='ocrx_word' id='word_1_439' title='bbox 1237 1324 1346 1360; x_wconf 86' lang='lat' dir='ltr'><strong>postea</strong></span> <span class='ocrx_word' id='word_1_440' title='bbox 1372 1325 1518 1362; x_wconf 85' lang='lat' dir='ltr'><strong>oporteat</strong></span> <span class='ocrx_word' id='word_1_441' title='bbox 1541 1333 1711 1363; x_wconf 84' lang='lat' dir='ltr'><strong>revocare,</strong></span> <span class='ocrx_word' id='word_1_442' title='bbox 1743 1327 1775 1356; x_wconf 87' lang='lat' dir='ltr'><strong>et</strong></span> 
     </span>
     <span class='ocr_line' id='line_1_68' title="bbox 989 1373 1775 1417; baseline 0.01 -15"><span class='ocrx_word' id='word_1_443' title='bbox 989 1380 1047 1402; x_wconf 93' lang='lat' dir='ltr'><strong>vos</strong></span> <span class='ocrx_word' id='word_1_444' title='bbox 1069 1373 1162 1404; x_wconf 90' lang='lat' dir='ltr'><strong>toties</strong></span> <span class='ocrx_word' id='word_1_445' title='bbox 1186 1376 1316 1406; x_wconf 88' lang='lat' dir='ltr'><strong>mutetis</strong></span> <span class='ocrx_word' id='word_1_446' title='bbox 1342 1376 1491 1417; x_wconf 71' lang='lat' dir='ltr'><strong>praelatos</strong></span> <span class='ocrx_word' id='word_1_447' title='bbox 1515 1377 1659 1417; x_wconf 84' lang='lat' dir='ltr'><strong>Ordinis,</strong></span> <span class='ocrx_word' id='word_1_448' title='bbox 1681 1379 1775 1411; x_wconf 90' lang='lat' dir='ltr'><strong>vide-</strong></span> 
     </span>
     <span class='ocr_line' id='line_1_69' title="bbox 989 1426 1772 1466; baseline 0.011 -11"><span class='ocrx_word' id='word_1_449' title='bbox 989 1426 1071 1456; x_wconf 88' lang='lat' dir='ltr'><strong>mini</strong></span> <span class='ocrx_word' id='word_1_450' title='bbox 1093 1430 1148 1458; x_wconf 87' lang='lat' dir='ltr'><strong>aut</strong></span> <span class='ocrx_word' id='word_1_451' title='bbox 1167 1428 1398 1462; x_wconf 86' lang='lat' dir='ltr'><strong>inconsiderate</strong></span> <span class='ocrx_word' id='word_1_452' title='bbox 1421 1432 1615 1464; x_wconf 84' lang='lat' dir='ltr'><strong>constituere</strong></span> <span class='ocrx_word' id='word_1_453' title='bbox 1640 1433 1772 1466; x_wconf 89' lang='lat' dir='ltr'><strong>inutiles</strong></span> 
     </span>
     <span class='ocr_line' id='line_1_70' title="bbox 993 1479 1773 1524; baseline 0.013 -15"><span class='ocrx_word' id='word_1_454' title='bbox 993 1479 1033 1510; x_wconf 88' lang='lat' dir='ltr'><strong>ad</strong></span> <span class='ocrx_word' id='word_1_455' title='bbox 1045 1482 1172 1513; x_wconf 84' lang='lat' dir='ltr'><strong>tantum</strong></span> <span class='ocrx_word' id='word_1_456' title='bbox 1187 1483 1341 1524; x_wconf 84' lang='lat' dir='ltr'><strong>officium,</strong></span> <span class='ocrx_word' id='word_1_457' title='bbox 1365 1486 1420 1516; x_wconf 88' lang='lat' dir='ltr'><strong>aut</strong></span> <span class='ocrx_word' id='word_1_458' title='bbox 1436 1485 1505 1517; x_wconf 89' lang='lat' dir='ltr'><strong>sine</strong></span> <span class='ocrx_word' id='word_1_459' title='bbox 1529 1487 1653 1518; x_wconf 86' lang='lat' dir='ltr'><strong>ratione</strong></span> <span class='ocrx_word' id='word_1_460' title='bbox 1678 1487 1773 1519; x_wconf 90' lang='lat' dir='ltr'><strong>utiles</strong></span> 
     </span>
     <span class='ocr_line' id='line_1_71' title="bbox 989 1533 1774 1578; baseline 0.013 -15"><span class='ocrx_word' id='word_1_461' title='bbox 989 1533 1135 1574; x_wconf 86' lang='lat' dir='ltr'><strong>dejicere,</strong></span> <span class='ocrx_word' id='word_1_462' title='bbox 1153 1538 1184 1567; x_wconf 87' lang='lat' dir='ltr'><strong>et</strong></span> <span class='ocrx_word' id='word_1_463' title='bbox 1196 1537 1282 1577; x_wconf 88' lang='lat' dir='ltr'><strong>quod</strong></span> <span class='ocrx_word' id='word_1_464' title='bbox 1297 1540 1344 1569; x_wconf 83' lang='lat' dir='ltr'><strong>est</strong></span> <span class='ocrx_word' id='word_1_465' title='bbox 1359 1538 1491 1578; x_wconf 86' lang='lat' dir='ltr'><strong>signum</strong></span> <span class='ocrx_word' id='word_1_466' title='bbox 1505 1540 1727 1572; x_wconf 78' lang='lat' dir='ltr'><strong>inconstantiae</strong></span> <span class='ocrx_word' id='word_1_467' title='bbox 1742 1543 1774 1572; x_wconf 92' lang='lat' dir='ltr'><strong>et</strong></span> 
     </span>
     <span class='ocr_line' id='line_1_72' title="bbox 988 1587 1773 1636; baseline 0.013 -19"><span class='ocrx_word' id='word_1_468' title='bbox 988 1587 1209 1630; x_wconf 76' lang='lat' dir='ltr'><strong>impatientiae,</strong></span> <span class='ocrx_word' id='word_1_469' title='bbox 1226 1593 1311 1632; x_wconf 87' lang='lat' dir='ltr'><strong>quod</strong></span> <span class='ocrx_word' id='word_1_470' title='bbox 1332 1602 1397 1625; x_wconf 88' lang='lat' dir='ltr'><strong>non</strong></span> <span class='ocrx_word' id='word_1_471' title='bbox 1411 1595 1538 1634; x_wconf 84' lang='lat' dir='ltr'><strong>possitis</strong></span> <span class='ocrx_word' id='word_1_472' title='bbox 1553 1595 1619 1636; x_wconf 84' lang='lat' dir='ltr'><strong>pati</strong></span> <span class='ocrx_word' id='word_1_473' title='bbox 1634 1598 1773 1627; x_wconf 85' lang='lat' dir='ltr'><strong>rectores</strong></span> 
     </span>
     <span class='ocr_line' id='line_1_73' title="bbox 988 1641 1773 1690; baseline 0.011 -18"><span class='ocrx_word' id='word_1_474' title='bbox 988 1641 1130 1682; x_wconf 85' lang='lat' dir='ltr'><strong>idoneos,</strong></span> <span class='ocrx_word' id='word_1_475' title='bbox 1152 1655 1234 1685; x_wconf 90' lang='lat' dir='ltr'><strong>quos</strong></span> <span class='ocrx_word' id='word_1_476' title='bbox 1256 1646 1410 1687; x_wconf 85' lang='lat' dir='ltr'><strong>injuriose</strong></span> <span class='ocrx_word' id='word_1_477' title='bbox 1435 1648 1582 1689; x_wconf 86' lang='lat' dir='ltr'><strong>abjicitis,</strong></span> <span class='ocrx_word' id='word_1_478' title='bbox 1607 1652 1663 1681; x_wconf 88' lang='lat' dir='ltr'><strong>aut</strong></span> <span class='ocrx_word' id='word_1_479' title='bbox 1685 1649 1773 1690; x_wconf 91' lang='lat' dir='ltr'><strong>quod</strong></span> 
     </span>
     <span class='ocr_line' id='line_1_74' title="bbox 988 1695 1773 1743; baseline 0.013 -17"><span class='ocrx_word' id='word_1_480' title='bbox 988 1695 1022 1726; x_wconf 90' lang='lat' dir='ltr'><strong>in</strong></span> <span class='ocrx_word' id='word_1_481' title='bbox 1037 1697 1141 1729; x_wconf 85' lang='lat' dir='ltr'><strong>officio</strong></span> <span class='ocrx_word' id='word_1_482' title='bbox 1156 1699 1200 1730; x_wconf 82' lang='lat' dir='ltr'><strong>ita</strong></span> <span class='ocrx_word' id='word_1_483' title='bbox 1214 1701 1357 1740; x_wconf 88' lang='lat' dir='ltr'><strong>perversi</strong></span> <span class='ocrx_word' id='word_1_484' title='bbox 1369 1702 1459 1741; x_wconf 85' lang='lat' dir='ltr'><strong>fiant,</strong></span> <span class='ocrx_word' id='word_1_485' title='bbox 1475 1702 1562 1743; x_wconf 85' lang='lat' dir='ltr'><strong>quod</strong></span> <span class='ocrx_word' id='word_1_486' title='bbox 1576 1704 1690 1735; x_wconf 88' lang='lat' dir='ltr'><strong>merito</strong></span> <span class='ocrx_word' id='word_1_487' title='bbox 1705 1713 1773 1736; x_wconf 91' lang='lat' dir='ltr'><strong>non</strong></span> 
     </span>
     <span class='ocr_line' id='line_1_75' title="bbox 989 1750 1774 1799; baseline 0.013 -18"><span class='ocrx_word' id='word_1_488' title='bbox 989 1750 1124 1783; x_wconf 84' lang='lat' dir='ltr'><strong>debeant</strong></span> <span class='ocrx_word' id='word_1_489' title='bbox 1138 1753 1171 1784; x_wconf 91' lang='lat' dir='ltr'><strong>in</strong></span> <span class='ocrx_word' id='word_1_490' title='bbox 1186 1763 1224 1785; x_wconf 91' lang='lat' dir='ltr'><strong>eo</strong></span> <span class='ocrx_word' id='word_1_491' title='bbox 1239 1754 1358 1786; x_wconf 88' lang='lat' dir='ltr'><strong>diutius</strong></span> <span class='ocrx_word' id='word_1_492' title='bbox 1373 1756 1511 1795; x_wconf 87' lang='lat' dir='ltr'><strong>tolerari,</strong></span> <span class='ocrx_word' id='word_1_493' title='bbox 1529 1760 1584 1789; x_wconf 87' lang='lat' dir='ltr'><strong>aut</strong></span> <span class='ocrx_word' id='word_1_494' title='bbox 1596 1759 1680 1799; x_wconf 90' lang='lat' dir='ltr'><strong>quod</strong></span> <span class='ocrx_word' id='word_1_495' title='bbox 1706 1761 1774 1790; x_wconf 89' lang='lat' dir='ltr'><strong>tam</strong></span> 
     </span>
     <span class='ocr_line' id='line_1_76' title="bbox 987 1807 1774 1853; baseline 0.01 -18"><span class='ocrx_word' id='word_1_496' title='bbox 987 1814 1106 1845; x_wconf 85' lang='lat' dir='ltr'><strong>paucos</strong></span> <span class='ocrx_word' id='word_1_497' title='bbox 1121 1807 1263 1840; x_wconf 84' lang='lat' dir='ltr'><strong>habeatis</strong></span> <span class='ocrx_word' id='word_1_498' title='bbox 1287 1809 1321 1840; x_wconf 90' lang='lat' dir='ltr'><strong>in</strong></span> <span class='ocrx_word' id='word_1_499' title='bbox 1343 1810 1459 1842; x_wconf 88' lang='lat' dir='ltr'><strong>Ordine</strong></span> <span class='ocrx_word' id='word_1_500' title='bbox 1481 1821 1540 1852; x_wconf 87' lang='lat' dir='ltr'><strong>pro</strong></span> <span class='ocrx_word' id='word_1_501' title='bbox 1561 1812 1665 1844; x_wconf 85' lang='lat' dir='ltr'><strong>officio</strong></span> <span class='ocrx_word' id='word_1_502' title='bbox 1683 1813 1774 1853; x_wconf 85' lang='lat' dir='ltr'><strong>regi-</strong></span> 
     </span>
     <span class='ocr_line' id='line_1_77' title="bbox 988 1860 1773 1907; baseline 0.014 -18"><span class='ocrx_word' id='word_1_503' title='bbox 988 1860 1085 1890; x_wconf 91' lang='lat' dir='ltr'><strong>minis</strong></span> <span class='ocrx_word' id='word_1_504' title='bbox 1107 1861 1248 1901; x_wconf 89' lang='lat' dir='ltr'><strong>idoneos,</strong></span> <span class='ocrx_word' id='word_1_505' title='bbox 1276 1864 1362 1904; x_wconf 90' lang='lat' dir='ltr'><strong>quod</strong></span> <span class='ocrx_word' id='word_1_506' title='bbox 1387 1874 1514 1906; x_wconf 90' lang='lat' dir='ltr'><strong>semper</strong></span> <span class='ocrx_word' id='word_1_507' title='bbox 1535 1867 1680 1907; x_wconf 82' lang='lat' dir='ltr'><strong>quaeritis</strong></span> <span class='ocrx_word' id='word_1_508' title='bbox 1703 1877 1773 1899; x_wconf 91' lang='lat' dir='ltr'><strong>me-</strong></span> 
     </span>
     <span class='ocr_line' id='line_1_78' title="bbox 987 1912 1094 1946; baseline 0.028 -3"><span class='ocrx_word' id='word_1_509' title='bbox 987 1912 1094 1946; x_wconf 89' lang='lat' dir='ltr'><strong>liores.</strong></span> 
     </span>
    </p>
   </div>
   <div class='ocr_carea' id='block_1_8' title="bbox 984 1963 1771 2613">
    <p class='ocr_par' dir='ltr' id='par_1_8' title="bbox 1299 1963 1457 1999">
     <span class='ocr_line' id='line_1_79' title="bbox 1299 1963 1457 1999; baseline 0.013 -9"><span class='ocrx_word' id='word_1_510' title='bbox 1299 1963 1457 1999; x_wconf 77' lang='lat' dir='ltr'><strong>Responsio.</strong></span> 
     </span>
    </p>

    <p class='ocr_par' dir='ltr' id='par_1_9' title="bbox 984 2022 1771 2613">
     <span class='ocr_line' id='line_1_80' title="bbox 1027 2022 1771 2065; baseline 0.015 -12"><span class='ocrx_word' id='word_1_511' title='bbox 1027 2022 1117 2054; x_wconf 90' lang='lat' dir='ltr'><strong>Sicut</strong></span> <span class='ocrx_word' id='word_1_512' title='bbox 1137 2032 1236 2065; x_wconf 84' lang='lat' dir='ltr'><strong>supra</strong></span> <span class='ocrx_word' id='word_1_513' title='bbox 1261 2026 1300 2057; x_wconf 90' lang='lat' dir='ltr'><strong>de</strong></span> <span class='ocrx_word' id='word_1_514' title='bbox 1321 2027 1434 2059; x_wconf 84' lang='lat' dir='ltr'><strong>officiis</strong></span> <span class='ocrx_word' id='word_1_515' title='bbox 1464 2031 1495 2060; x_wconf 90' lang='lat' dir='ltr'><strong>et</strong></span> <span class='ocrx_word' id='word_1_516' title='bbox 1517 2030 1771 2064; x_wconf 87' lang='lat' dir='ltr'><strong>confessionibus</strong></span> 
     </span>
     <span class='ocr_line' id='line_1_81' title="bbox 987 2077 1770 2121; baseline 0.015 -14"><span class='ocrx_word' id='word_1_517' title='bbox 987 2077 1110 2109; x_wconf 85' lang='lat' dir='ltr'><strong>dictum</strong></span> <span class='ocrx_word' id='word_1_518' title='bbox 1125 2081 1183 2118; x_wconf 85' lang='lat' dir='ltr'><strong>est,</strong></span> <span class='ocrx_word' id='word_1_519' title='bbox 1206 2081 1315 2121; x_wconf 89' lang='lat' dir='ltr'><strong>plures</strong></span> <span class='ocrx_word' id='word_1_520' title='bbox 1338 2084 1535 2116; x_wconf 88' lang='lat' dir='ltr'><strong>conditiones</strong></span> <span class='ocrx_word' id='word_1_521' title='bbox 1551 2085 1590 2116; x_wconf 87' lang='lat' dir='ltr'><strong>ad</strong></span> <span class='ocrx_word' id='word_1_522' title='bbox 1612 2086 1682 2118; x_wconf 85' lang='lat' dir='ltr'><strong>haec</strong></span> <span class='ocrx_word' id='word_1_523' title='bbox 1702 2087 1770 2119; x_wconf 88' lang='lat' dir='ltr'><strong>fore</strong></span> 
     </span>
     <span class='ocr_line' id='line_1_82' title="bbox 986 2134 1768 2180; baseline 0.015 -18"><span class='ocrx_word' id='word_1_524' title='bbox 986 2134 1191 2174; x_wconf 85' lang='lat' dir='ltr'><strong>necessarias,</strong></span> <span class='ocrx_word' id='word_1_525' title='bbox 1217 2135 1262 2167; x_wconf 86' lang='lat' dir='ltr'><strong>ita</strong></span> <span class='ocrx_word' id='word_1_526' title='bbox 1281 2137 1319 2168; x_wconf 87' lang='lat' dir='ltr'><strong>de</strong></span> <span class='ocrx_word' id='word_1_527' title='bbox 1341 2138 1444 2170; x_wconf 79' lang='lat' dir='ltr'><strong>officio</strong></span> <span class='ocrx_word' id='word_1_528' title='bbox 1460 2140 1629 2180; x_wconf 79' lang='lat' dir='ltr'><strong>regiminis</strong></span> <span class='ocrx_word' id='word_1_529' title='bbox 1644 2142 1768 2174; x_wconf 86' lang='lat' dir='ltr'><strong>anima-</strong></span> 
     </span>
     <span class='ocr_line' id='line_1_83' title="bbox 986 2190 1771 2237; baseline 0.014 -20"><span class='ocrx_word' id='word_1_530' title='bbox 986 2196 1061 2218; x_wconf 90' lang='lat' dir='ltr'><strong>rum</strong></span> <span class='ocrx_word' id='word_1_531' title='bbox 1076 2190 1122 2218; x_wconf 91' lang='lat' dir='ltr'><strong>est</strong></span> <span class='ocrx_word' id='word_1_532' title='bbox 1132 2190 1321 2222; x_wconf 87' lang='lat' dir='ltr'><strong>tenendum.</strong></span> <span class='ocrx_word' id='word_1_533' title='bbox 1338 2191 1526 2232; x_wconf 87' lang='lat' dir='ltr'><strong>Requiritur</strong></span> <span class='ocrx_word' id='word_1_534' title='bbox 1540 2195 1627 2226; x_wconf 91' lang='lat' dir='ltr'><strong>enim</strong></span> <span class='ocrx_word' id='word_1_535' title='bbox 1642 2195 1676 2227; x_wconf 90' lang='lat' dir='ltr'><strong>in</strong></span> <span class='ocrx_word' id='word_1_536' title='bbox 1691 2206 1771 2237; x_wconf 87' lang='lat' dir='ltr'><strong>prae-</strong></span> 
     </span>
     <span class='ocr_line' id='line_1_84' title="bbox 985 2243 1770 2287; baseline 0.014 -14"><span class='ocrx_word' id='word_1_537' title='bbox 985 2243 1048 2274; x_wconf 83' lang='lat' dir='ltr'><strong>lato</strong></span> <span class='ocrx_word' id='word_1_538' title='bbox 1059 2247 1087 2275; x_wconf 83' lang='lat'><strong>1.</strong></span> <span class='ocrx_word' id='word_1_539' title='bbox 1099 2245 1201 2276; x_wconf 80' lang='lat' dir='ltr'><strong>aetatis</strong></span> <span class='ocrx_word' id='word_1_540' title='bbox 1209 2247 1393 2287; x_wconf 82' lang='lat' dir='ltr'><strong>maturitas3</strong></span> <span class='ocrx_word' id='word_1_541' title='bbox 1407 2251 1436 2280; x_wconf 75' lang='lat'><strong>⁶2.</strong></span> <span class='ocrx_word' id='word_1_542' title='bbox 1450 2249 1585 2281; x_wconf 86' lang='lat' dir='ltr'><strong>honesta</strong></span> <span class='ocrx_word' id='word_1_543' title='bbox 1595 2251 1770 2283; x_wconf 86' lang='lat' dir='ltr'><strong>admodum</strong></span> 
     </span>
     <span class='ocr_line' id='line_1_85' title="bbox 985 2299 1767 2345; baseline 0.013 -18"><span class='ocrx_word' id='word_1_544' title='bbox 985 2299 1214 2338; x_wconf 84' lang='lat' dir='ltr'><strong>personalitas;</strong></span> <span class='ocrx_word' id='word_1_545' title='bbox 1251 2303 1280 2332; x_wconf 88' lang='lat'><strong>3.</strong></span> <span class='ocrx_word' id='word_1_546' title='bbox 1310 2302 1386 2334; x_wconf 73' lang='lat' dir='ltr'><strong>vitae</strong></span> <span class='ocrx_word' id='word_1_547' title='bbox 1431 2303 1751 2345; x_wconf 84' lang='lat' dir='ltr'><strong>irreprehensibilitas</strong></span> <span class='ocrx_word' id='word_1_548' title='bbox 1759 2317 1767 2344; x_wconf 78' lang='lat'>3</span> 
     </span>
     <span class='ocr_line' id='line_1_86' title="bbox 985 2354 1769 2393; baseline 0.013 -12"><span class='ocrx_word' id='word_1_549' title='bbox 985 2354 1110 2392; x_wconf 86' lang='lat' dir='ltr'><strong>quarto,</strong></span> <span class='ocrx_word' id='word_1_550' title='bbox 1137 2354 1224 2393; x_wconf 87' lang='lat' dir='ltr'><strong>quod</strong></span> <span class='ocrx_word' id='word_1_551' title='bbox 1250 2364 1314 2386; x_wconf 89' lang='lat' dir='ltr'><strong>non</strong></span> <span class='ocrx_word' id='word_1_552' title='bbox 1341 2357 1380 2388; x_wconf 87' lang='lat' dir='ltr'><strong>sit</strong></span> <span class='ocrx_word' id='word_1_553' title='bbox 1403 2357 1501 2389; x_wconf 86' lang='lat' dir='ltr'><strong>idiota</strong></span> <span class='ocrx_word' id='word_1_554' title='bbox 1523 2359 1557 2389; x_wconf 90' lang='lat' dir='ltr'><strong>in</strong></span> <span class='ocrx_word' id='word_1_555' title='bbox 1586 2359 1769 2391; x_wconf 86' lang='lat' dir='ltr'><strong>litterarum</strong></span> 
     </span>
     <span class='ocr_line' id='line_1_87' title="bbox 985 2405 1767 2454; baseline 0.014 -19"><span class='ocrx_word' id='word_1_556' title='bbox 985 2405 1115 2437; x_wconf 77' lang='lat' dir='ltr'><strong>scientia</strong></span> <span class='ocrx_word' id='word_1_557' title='bbox 1123 2417 1131 2444; x_wconf 85' lang='lat'>;</span> <span class='ocrx_word' id='word_1_558' title='bbox 1156 2407 1278 2448; x_wconf 79' lang='lat' dir='ltr'><strong>quinto,</strong></span> <span class='ocrx_word' id='word_1_559' title='bbox 1305 2411 1392 2450; x_wconf 85' lang='lat' dir='ltr'><strong>quod</strong></span> <span class='ocrx_word' id='word_1_560' title='bbox 1415 2412 1455 2443; x_wconf 87' lang='lat' dir='ltr'><strong>sit</strong></span> <span class='ocrx_word' id='word_1_561' title='bbox 1477 2412 1631 2445; x_wconf 85' lang='lat' dir='ltr'><strong>discretus</strong></span> <span class='ocrx_word' id='word_1_562' title='bbox 1648 2416 1679 2445; x_wconf 88' lang='lat' dir='ltr'><strong>et</strong></span> <span class='ocrx_word' id='word_1_563' title='bbox 1693 2423 1767 2454; x_wconf 91' lang='lat' dir='ltr'><strong>pro-</strong></span> 
     </span>
     <span class='ocr_line' id='line_1_88' title="bbox 984 2459 1770 2508; baseline 0.011 -17"><span class='ocrx_word' id='word_1_564' title='bbox 984 2459 1079 2491; x_wconf 80' lang='lat' dir='ltr'><strong>vidus</strong></span> <span class='ocrx_word' id='word_1_565' title='bbox 1095 2470 1137 2491; x_wconf 77' lang='lat' dir='ltr'><strong>ex</strong></span> <span class='ocrx_word' id='word_1_566' title='bbox 1151 2463 1290 2494; x_wconf 88' lang='lat' dir='ltr'><strong>naturali</strong></span> <span class='ocrx_word' id='word_1_567' title='bbox 1305 2464 1478 2505; x_wconf 83' lang='lat' dir='ltr'><strong>industria3</strong></span> <span class='ocrx_word' id='word_1_568' title='bbox 1497 2470 1600 2507; x_wconf 82' lang='lat' dir='ltr'><strong>sexto,</strong></span> <span class='ocrx_word' id='word_1_569' title='bbox 1625 2469 1711 2508; x_wconf 86' lang='lat' dir='ltr'><strong>quod</strong></span> <span class='ocrx_word' id='word_1_570' title='bbox 1730 2468 1770 2500; x_wconf 77' lang='lat' dir='ltr'><strong>sit</strong></span> 
     </span>
     <span class='ocr_line' id='line_1_89' title="bbox 985 2514 1767 2563; baseline 0.013 -19"><span class='ocrx_word' id='word_1_571' title='bbox 985 2514 1100 2545; x_wconf 82' lang='lat' dir='ltr'><strong>zelator</strong></span> <span class='ocrx_word' id='word_1_572' title='bbox 1112 2516 1248 2554; x_wconf 73' lang='lat' dir='ltr'><strong>justitiae</strong></span> <span class='ocrx_word' id='word_1_573' title='bbox 1263 2519 1294 2548; x_wconf 85' lang='lat' dir='ltr'><strong>et</strong></span> <span class='ocrx_word' id='word_1_574' title='bbox 1309 2517 1432 2550; x_wconf 87' lang='lat' dir='ltr'><strong>Ordinis</strong></span> <span class='ocrx_word' id='word_1_575' title='bbox 1457 2521 1650 2561; x_wconf 83' lang='lat' dir='ltr'><strong>disciplinae3</strong></span> <span class='ocrx_word' id='word_1_576' title='bbox 1670 2523 1767 2563; x_wconf 87' lang='lat' dir='ltr'><strong>septi-</strong></span> 
     </span>
     <span class='ocr_line' id='line_1_90' title="bbox 984 2569 1768 2613; baseline 0.013 -15"><span class='ocrx_word' id='word_1_577' title='bbox 984 2578 1050 2607; x_wconf 89' lang='lat' dir='ltr'><strong>mo,</strong></span> <span class='ocrx_word' id='word_1_578' title='bbox 1074 2569 1161 2608; x_wconf 85' lang='lat' dir='ltr'><strong>quod</strong></span> <span class='ocrx_word' id='word_1_579' title='bbox 1186 2570 1228 2600; x_wconf 86' lang='lat' dir='ltr'><strong>sit</strong></span> <span class='ocrx_word' id='word_1_580' title='bbox 1252 2572 1424 2603; x_wconf 79' lang='lat' dir='ltr'><strong>tractabilis</strong></span> <span class='ocrx_word' id='word_1_581' title='bbox 1438 2583 1496 2613; x_wconf 87' lang='lat' dir='ltr'><strong>per</strong></span> <span class='ocrx_word' id='word_1_582' title='bbox 1510 2576 1768 2607; x_wconf 89' lang='lat' dir='ltr'><strong>mansuetudinis</strong></span> 
     </span>
    </p>
   </div>
   <div class='ocr_carea' id='block_1_9' title="bbox 1785 2043 1893 2221">
    <p class='ocr_par' dir='ltr' id='par_1_10' title="bbox 1785 2043 1893 2196">
     <span class='ocr_line' id='line_1_91' title="bbox 1785 2043 1893 2065; baseline 0.009 -1"><span class='ocrx_word' id='word_1_583' title='bbox 1785 2044 1812 2064; x_wconf 88' lang='lat' dir='ltr'><strong>In</strong></span> <span class='ocrx_word' id='word_1_584' title='bbox 1821 2043 1893 2065; x_wconf 82' lang='lat' dir='ltr'><strong>officio</strong></span> 
     </span>
     <span class='ocr_line' id='line_1_92' title="bbox 1791 2075 1883 2102; baseline 0.011 -7"><span class='ocrx_word' id='word_1_585' title='bbox 1791 2075 1883 2102; x_wconf 82' lang='lat' dir='ltr'><strong>regimi-</strong></span> 
     </span>
     <span class='ocr_line' id='line_1_93' title="bbox 1785 2106 1893 2133; baseline 0.009 -7"><span class='ocrx_word' id='word_1_586' title='bbox 1785 2106 1820 2126; x_wconf 86' lang='lat' dir='ltr'><strong>nis</strong></span> <span class='ocrx_word' id='word_1_587' title='bbox 1843 2113 1893 2133; x_wconf 79' lang='lat' dir='ltr'><strong>quae</strong></span> 
     </span>
     <span class='ocr_line' id='line_1_94' title="bbox 1818 2137 1862 2157; baseline 0 0"><span class='ocrx_word' id='word_1_588' title='bbox 1818 2137 1862 2157; x_wconf 80' lang='lat' dir='ltr'><strong>sint</strong></span> 
     </span>
     <span class='ocr_line' id='line_1_95' title="bbox 1786 2171 1891 2196; baseline 0 -7"><span class='ocrx_word' id='word_1_589' title='bbox 1786 2171 1891 2196; x_wconf 80' lang='lat' dir='ltr'><strong>spectan-</strong></span> 
     </span>
    </p>

    <p class='ocr_par' dir='ltr' id='par_1_11' title="bbox 1785 2200 1821 2221">
     <span class='ocr_line' id='line_1_96' title="bbox 1785 2200 1821 2221; baseline -0.028 0"><span class='ocrx_word' id='word_1_590' title='bbox 1785 2200 1821 2221; x_wconf 80' lang='lat' dir='ltr'><strong>da.</strong></span> 
     </span>
    </p>
   </div>
   <div class='ocr_carea' id='block_1_10' title="bbox 983 2622 1790 2672">
    <p class='ocr_par' dir='ltr' id='par_1_12' title="bbox 983 2622 1790 2672">
     <span class='ocr_line' id='line_1_97' title="bbox 983 2622 1790 2672; baseline 0.014 -19"><span class='ocrx_word' id='word_1_591' title='bbox 983 2622 1161 2662; x_wconf 79' lang='lat' dir='ltr'><strong>lenitatem3</strong></span> <span class='ocrx_word' id='word_1_592' title='bbox 1177 2627 1300 2665; x_wconf 77' lang='lat' dir='ltr'><strong>octavo,</strong></span> <span class='ocrx_word' id='word_1_593' title='bbox 1314 2627 1398 2667; x_wconf 84' lang='lat' dir='ltr'><strong>quod</strong></span> <span class='ocrx_word' id='word_1_594' title='bbox 1412 2628 1453 2659; x_wconf 91' lang='lat' dir='ltr'><strong>sit</strong></span> <span class='ocrx_word' id='word_1_595' title='bbox 1467 2631 1688 2670; x_wconf 83' lang='lat' dir='ltr'><strong>compassivus</strong></span> <span class='ocrx_word' id='word_1_596' title='bbox 1702 2631 1769 2672; x_wconf 89' lang='lat' dir='ltr'><strong>pie·</strong></span> <span class='ocrx_word' id='word_1_597' title='bbox 1787 2640 1790 2642; x_wconf 86' lang='lat'>·</span> 
     </span>
    </p>
   </div>
   <div class='ocr_carea' id='block_1_11' title="bbox 984 2677 1768 2782">
    <p class='ocr_par' dir='ltr' id='par_1_13' title="bbox 984 2677 1768 2782">
     <span class='ocr_line' id='line_1_98' title="bbox 984 2677 1768 2724; baseline 0.013 -17"><span class='ocrx_word' id='word_1_598' title='bbox 984 2679 1048 2708; x_wconf 86' lang='lat' dir='ltr'><strong>tate</strong></span> <span class='ocrx_word' id='word_1_599' title='bbox 1066 2677 1221 2718; x_wconf 83' lang='lat' dir='ltr'><strong>fraterna;</strong></span> <span class='ocrx_word' id='word_1_600' title='bbox 1248 2689 1344 2719; x_wconf 90' lang='lat' dir='ltr'><strong>nono,</strong></span> <span class='ocrx_word' id='word_1_601' title='bbox 1362 2682 1447 2722; x_wconf 87' lang='lat' dir='ltr'><strong>quod</strong></span> <span class='ocrx_word' id='word_1_602' title='bbox 1473 2683 1513 2714; x_wconf 90' lang='lat' dir='ltr'><strong>sit</strong></span> <span class='ocrx_word' id='word_1_603' title='bbox 1534 2684 1680 2724; x_wconf 81' lang='lat' dir='ltr'><strong>devotus,</strong></span> <span class='ocrx_word' id='word_1_604' title='bbox 1706 2686 1768 2717; x_wconf 88' lang='lat' dir='ltr'><strong>ha-</strong></span> 
     </span>
     <span class='ocr_line' id='line_1_99' title="bbox 984 2734 1767 2782; baseline 0.013 -18"><span class='ocrx_word' id='word_1_605' title='bbox 984 2734 1062 2765; x_wconf 80' lang='lat' dir='ltr'><strong>bens</strong></span> <span class='ocrx_word' id='word_1_606' title='bbox 1091 2736 1243 2767; x_wconf 83' lang='lat' dir='ltr'><strong>orationis</strong></span> <span class='ocrx_word' id='word_1_607' title='bbox 1267 2746 1374 2777; x_wconf 86' lang='lat' dir='ltr'><strong>usum,</strong></span> <span class='ocrx_word' id='word_1_608' title='bbox 1401 2740 1432 2769; x_wconf 89' lang='lat' dir='ltr'><strong>et</strong></span> <span class='ocrx_word' id='word_1_609' title='bbox 1456 2740 1645 2773; x_wconf 83' lang='lat' dir='ltr'><strong>fiducialiter</strong></span> <span class='ocrx_word' id='word_1_610' title='bbox 1667 2750 1767 2782; x_wconf 84' lang='lat' dir='ltr'><strong>agens</strong></span> 
     </span>
    </p>
   </div>
  </div>
 </body>
</html>
