2029 3052
388 353 784 411 LAUDISMUS
825 353 917 409 DE
962 353 1233 410 SANCTA
1275 341 1542 410 CRUCE¹

790 641 918 679 ARGU
928 642 960 679 M
970 641 1063 679 ENT
1073 641 1098 679 U
1108 641 1140 679 M

837 724 891 760 (Ea.-
904 723 969 752 edit.
983 722 1090 758 vatic.)

200 810 289 844 Laus
303 810 365 843 ista
385 808 427 843 de
443 808 549 843 Cruce
564 806 762 853 rhythmicae
779 805 1004 840 consonantias
1023 805 1112 850 leges
1133 809 1245 839 exacte
1265 805 1430 848 observat,
1445 804 1561 839 eodem
1585 805 1653 839 fere
1673 805 1771 839 modo

153 868 346 914 composita,
361 879 429 913 quo
443 878 540 913 prosa
555 866 626 909 illa,
645 865 714 900 sive
729 865 915 911 sequentia,
932 875 1034 910 quam
1049 863 1087 897 B.
1104 863 1249 898 Thomas
1271 863 1424 910 Aquinas
1448 863 1640 898 modulatus
1659 867 1721 906 est,
1737 867 1770 897 et

154 927 242 962 canit
255 926 399 961 Ecclesia
414 926 448 960 in
464 925 546 959 festo
561 924 715 970 Corporis
728 923 863 958 Christi.
879 923 988 964 Quam
1005 933 1082 957 vero
1097 922 1230 967 elegans
1244 923 1280 956 in
1303 921 1411 968 prosis
1434 921 1646 956 modulandis
1669 921 1771 956 fuerit

155 986 280 1020 Auctor
299 988 422 1029 noster,
447 984 516 1018 haec
540 994 608 1018 una
635 994 702 1017 nou
726 982 905 1016 obscurum
928 985 1166 1026 argumentum
1192 983 1334 1026 praestat.
1365 979 1450 1014 Nam
1477 983 1596 1025 praeter
1621 979 1772 1024 rhythmi

155 1044 412 1086 observantiam,
429 1043 663 1089 mysteriorum
679 1052 813 1086 quoque
837 1040 1050 1074 sanctissimae
1066 1039 1182 1074 Crucis
1201 1038 1462 1085 profunditatem
1477 1037 1622 1072 dilucide
1637 1048 1772 1071 enarra-

157 1107 224 1137 tam
248 1102 490 1148 complectitur,
515 1112 642 1147 nosque
665 1101 706 1134 ad
735 1098 997 1133 recordationem
1025 1102 1058 1132 et
1086 1097 1334 1132 meditationem
1362 1095 1600 1130 beneficiorum
1624 1095 1772 1130 humano

158 1161 272 1206 generi
291 1172 349 1207 per
363 1161 485 1195 Christi
500 1171 632 1194 crucem
647 1159 845 1193 collatorum
860 1157 942 1191 adeo
956 1156 1110 1190 ardenter
1125 1156 1257 1198 excitat,
1275 1159 1313 1189 ut
1327 1154 1423 1188 facile
1436 1153 1581 1200 quisque
1596 1153 1775 1198 intelligat,

158 1232 260 1266 quam
276 1232 316 1254 ex
331 1219 460 1253 intimis
474 1218 582 1253 cordis
596 1217 777 1252 visceribus
791 1227 922 1262 prosam
937 1215 1023 1250 hanc
1036 1214 1192 1250 cecinerit
1205 1214 1443 1248 Bonaventura
1456 1212 1698 1246 sanctissimus.

322 1460 490 1490 Recordare
503 1460 610 1487 sanctae
624 1458 734 1493 crucis,

285 1508 340 1542 Qui
355 1507 515 1544 perfectam
532 1506 623 1534 vitam
636 1505 730 1539 ducis,

288 1555 436 1584 Delectare
444 1553 564 1590 jugiter.

321 1603 434 1631 Sanctae
448 1601 547 1629 Crucis
565 1599 735 1634 recordare,

286 1651 319 1678 Et
332 1650 362 1678 in
378 1650 443 1686 ipsa
459 1648 613 1680 meditare,

286 1696 503 1726 insatiabiliter.

324 1745 384 1772 Stes
397 1744 427 1772 in
441 1744 532 1772 Cruce
547 1742 661 1772 Christo
677 1743 752 1771 duce

290 1793 386 1820 Donec
402 1790 477 1819 vivis
489 1790 520 1818 in
534 1790 590 1818 hac
600 1790 666 1818 lucc

289 1838 377 1868 Modo
392 1837 606 1874 proculdubio.

324 1888 388 1914 Non
405 1885 550 1922 quiescas,
567 1891 629 1912 non
646 1886 776 1920 tepescas
793 1893 799 1911 :

291 1934 322 1961 ln
336 1933 394 1961 hoe
409 1939 535 1967 crescas,
552 1933 583 1959 ut
597 1931 726 1959 calescas

290 1980 395 2008 Cordis
410 1979 570 2007 desiderio.

329 2030 402 2055 Ama
417 2028 552 2060 Crucem,
569 2025 674 2053 mundi
689 2025 798 2058 lucem,

293 2076 325 2102 Et
339 2073 465 2101 habebis
480 2072 627 2101 Christum
643 2072 751 2100 ducem

295 2123 347 2149 i'er
364 2122 473 2149 aeterna
488 2119 607 2147 saecula.

329 2169 419 2196 Cruce
433 2175 541 2204 corpus
556 2166 764 2201 circumcinge,

296 2216 374 2243 nane
389 2214 568 2249 constringe,
584 2221 674 2242 manu
689 2213 789 2249 pinge,

297 2261 508 2297 consignando
524 2261 650 2296 singula.

333 2311 389 2338 Cor
404 2308 435 2336 in
453 2310 554 2343 Cruce,
571 2310 647 2336 Crux
664 2308 692 2335 in
709 2307 809 2342 corde,

297 2356 416 2392 Absque
432 2355 519 2383 sorde
536 2355 571 2382 sit
586 2363 655 2382 cum
670 2354 758 2382 sorde
775 2355 822 2389 (a),

299 2404 369 2438 Quae
383 2401 578 2438 tranquillum
593 2400 689 2429 faeiat.

335 2450 447 2485 Lingua
466 2456 539 2476 crux
555 2448 708 2482 efficiatur,

301 2500 425 2526 Crucem
440 2497 559 2533 promat
574 2497 602 2523 et
614 2495 764 2531 loquatur,

302 2546 334 2573 Et
349 2551 505 2580 nunquam
520 2542 647 2571 deficiat.

1124 1453 1263 1489 Quodam
1275 1452 1379 1481 intimo
1392 1460 1510 1489 sapore,

1124 1502 1174 1530 Det
1189 1500 1240 1529 tibi
1257 1500 1458 1528 dulcedinem.

1161 1549 1238 1577 Crux
1253 1547 1282 1575 in
1297 1546 1441 1576 memhris
1455 1546 1635 1581 dominetur,

1126 1597 1158 1624 Et
1173 1595 1285 1631 ubique
1301 1594 1424 1622 situetur

1127 1644 1204 1672 intra
1221 1644 1316 1670 totum
1327 1641 1491 1669 hominem.

1162 1691 1218 1718 Cor
1233 1697 1251 1718 a
1265 1689 1356 1717 Cruce
1373 1687 1540 1722 sorbeatur,

1127 1739 1159 1766 Et
1173 1737 1204 1764 in
1219 1736 1302 1764 illam
1316 1735 1459 1772 rapiatur,

1127 1783 1244 1812 Amoris
1257 1782 1406 1811 incendio.

1164 1831 1306 1867 Dissipata
1321 1829 1417 1858 carnis
1431 1829 1506 1864 rixa,

1130 1880 1209 1908 Mens
1225 1878 1258 1905 sit
1274 1879 1334 1905 tota
1348 1875 1491 1905 crucisma

1131 1924 1258 1962 Spiritali
1275 1923 1398 1960 gaudio.

1167 1971 1330 2008 Speciaiem
1346 1971 1387 1999 ier
1401 1977 1535 1999 amorem

1132 2022 1162 2048 Et
1172 2018 1357 2055 praecipuum
1373 2017 1519 2046 honorem

1132 2066 1217 2095 Cruci
1233 2065 1400 2094 salutiferae.

1167 2115 1241 2142 Cum
1256 2112 1371 2140 fervore
1387 2110 1599 2144 medullarum,

1133 2161 1208 2189 Nixu
1222 2159 1331 2187 virium
1346 2160 1476 2192 tuarum,

1135 2207 1211 2236 Velis
1225 2206 1302 2234 hanc
1318 2205 1452 2240 diligere.

1169 2256 1200 2282 in
1214 2253 1355 2289 proeclara
1371 2260 1455 2280 cruce
1468 2250 1564 2285 stude,

1135 2303 1167 2330 Et
1181 2301 1210 2329 in
1227 2301 1291 2337 ipsa
1305 2302 1331 2328 te
1348 2298 1468 2327 reclude

1136 2350 1239 2383 Magna
1254 2355 1322 2375 cum
1335 2346 1443 2374 izrtitia.

1171 2395 1283 2423 Christo
1299 2394 1338 2421 sis
1353 2393 1488 2421 confixus
1502 2391 1592 2425 cruci,

1137 2445 1169 2471 Ut
1183 2443 1224 2470 sic
1238 2441 1338 2470 valeas
1352 2440 1475 2477 perduci

1138 2491 1242 2518 Secum
1258 2489 1297 2517 ad
1312 2487 1451 2516 coelestia.

1172 2538 1273 2570 Quaerc
1289 2542 1418 2569 crucem,
1432 2540 1530 2569 quaere
1544 2531 1654 2565 clavos,

339 2593 415 2620 crux
431 2591 460 2619 in
476 2590 576 2625 60Γάθὲ
593 2597 665 2618 crux
683 2596 713 2616 m
729 2596 792 2622 ore>
1015 2614 1056 2630 an.
1082 2608 1151 2635 11311,
1172 2607 1234 2629 tom.
1257 2603 1292 2633 11;
1315 2602 1374 2627 edit.
1396 2600 1474 2630 Lugd.
1497 2606 1538 2623 un.
1562 2600 1633 2628 1617,
1657 2605 1714 2629 pag.
1734 2600 1795 2629 iiim

1017 2642 1077 2666 odit.
1096 2642 1171 2671 νοω,
1187 2648 1218 2664 nn
1249 2641 1316 2669 1735,
1333 2641 1394 2662 tnui.
1414 2636 1478 2663 xm,
1495 2642 1553 2665 png.
1571 2635 1626 2658 3:513,

1050 2685 1082 2715 (a)
1099 2684 1160 2710 Caet.
1177 2683 1240 2708 edit.
1257 2681 1346 2707 eorde.
1361 2693 1391 2699 —·
1407 2678 1440 2710 (b)
1459 2678 1520 2702 item
1540 2677 1628 2701 vitam.

209 2656 213 2670 ¹
248 2656 291 2685 Cs'.
319 2654 384 2679 Edit.
409 2654 540 2683 Argentin.
567 2660 608 2677 nn.
635 2653 707 2680 1195,
738 2654 802 2682 part.
831 2652 867 2679 tt;
895 2651 958 2674 odit.

179 2691 269 2722 tatic„
297 2698 338 2715 au.
367 2692 436 2722 ¹506,
465 2693 527 2715 tom.
555 2690 604 2721 Vi,
631 2696 688 2720 pag.
720 2689 777 2718 4233
804 2687 864 2711 edit.
895 2687 959 2711 ch.
