<?xml version="1.0" encoding="UTF-8"?>
<!DOCTYPE html PUBLIC "-//W3C//DTD XHTML 1.0 Transitional//EN"
    "http://www.w3.org/TR/xhtml1/DTD/xhtml1-transitional.dtd">
<html xmlns="http://www.w3.org/1999/xhtml" xml:lang="en" lang="en">
 <head>
  <title>
</title>
<meta http-equiv="Content-Type" content="text/html;charset=utf-8" />
  <meta name='ocr-system' content='tesseract 3.04.00' />
  <meta name='ocr-capabilities' content='ocr_page ocr_carea ocr_par ocr_line ocrx_word'/>
</head>
<body>
  <div class='ocr_page' id='page_1' title='image "./operaomniasixtiv14bonauoft/operaomniasixtiv14bonauoft_0352.png"; bbox 0 0 2029 3052; ppageno 0'>
   <div class='ocr_carea' id='block_1_1' title="bbox 239 223 300 253">
    <p class='ocr_par' dir='ltr' id='par_1_1' title="bbox 239 223 300 253">
     <span class='ocr_line' id='line_1_1' title="bbox 239 223 300 253; baseline 0 0"><span class='ocrx_word' id='word_1_1' title='bbox 239 223 300 253; x_wconf 69' lang='lat'><strong>314</strong></span> 
     </span>
    </p>
   </div>
   <div class='ocr_carea' id='block_1_2' title="bbox 233 287 1021 2751">
    <p class='ocr_par' dir='ltr' id='par_1_2' title="bbox 234 287 1018 1130">
     <span class='ocr_line' id='line_1_2' title="bbox 237 287 1015 331; baseline -0.001 -11"><span class='ocrx_word' id='word_1_2' title='bbox 237 290 336 328; x_wconf 88' lang='lat' dir='ltr'><strong>moto,</strong></span> <span class='ocrx_word' id='word_1_3' title='bbox 353 296 426 321; x_wconf 88' lang='lat' dir='ltr'><strong>ossa</strong></span> <span class='ocrx_word' id='word_1_4' title='bbox 434 289 662 331; x_wconf 83' lang='lat' dir='ltr'><strong>pulcherrima,</strong></span> <span class='ocrx_word' id='word_1_5' title='bbox 678 289 710 320; x_wconf 90' lang='lat' dir='ltr'><strong>et</strong></span> <span class='ocrx_word' id='word_1_6' title='bbox 718 287 894 319; x_wconf 81' lang='lat' dir='ltr'><strong>redolentia</strong></span> <span class='ocrx_word' id='word_1_7' title='bbox 905 287 1015 327; x_wconf 86' lang='lat' dir='ltr'><strong>nimis,</strong></span> 
     </span>
     <span class='ocr_line' id='line_1_3' title="bbox 237 341 1018 383; baseline -0.001 -9"><span class='ocrx_word' id='word_1_8' title='bbox 237 352 303 374; x_wconf 90' lang='lat' dir='ltr'><strong>non</strong></span> <span class='ocrx_word' id='word_1_9' title='bbox 317 343 386 375; x_wconf 88' lang='lat' dir='ltr'><strong>sine</strong></span> <span class='ocrx_word' id='word_1_10' title='bbox 399 343 610 375; x_wconf 75' lang='lat' dir='ltr'><strong>admiratione</strong></span> <span class='ocrx_word' id='word_1_11' title='bbox 621 342 785 383; x_wconf 87' lang='lat' dir='ltr'><strong>reperiunt</strong></span> <span class='ocrx_word' id='word_1_12' title='bbox 793 341 955 374; x_wconf 86' lang='lat' dir='ltr'><strong>intuentes</strong></span> <span class='ocrx_word' id='word_1_13' title='bbox 969 351 1018 374; x_wconf 89' lang='lat' dir='ltr'><strong>re-</strong></span> 
     </span>
     <span class='ocr_line' id='line_1_4' title="bbox 237 395 1017 439; baseline 0 -11"><span class='ocrx_word' id='word_1_14' title='bbox 237 396 365 439; x_wconf 86' lang='lat' dir='ltr'><strong>liquias,</strong></span> <span class='ocrx_word' id='word_1_15' title='bbox 380 407 462 439; x_wconf 84' lang='lat' dir='ltr'><strong>quas</strong></span> <span class='ocrx_word' id='word_1_16' title='bbox 483 406 549 429; x_wconf 89' lang='lat' dir='ltr'><strong>non</strong></span> <span class='ocrx_word' id='word_1_17' title='bbox 570 395 713 428; x_wconf 88' lang='lat' dir='ltr'><strong>hominis</strong></span> <span class='ocrx_word' id='word_1_18' title='bbox 734 404 861 435; x_wconf 76' lang='lat' dir='ltr'><strong>manuS,</strong></span> <span class='ocrx_word' id='word_1_19' title='bbox 885 395 941 428; x_wconf 88' lang='lat' dir='ltr'><strong>sed</strong></span> <span class='ocrx_word' id='word_1_20' title='bbox 962 395 1017 428; x_wconf 89' lang='lat' dir='ltr'><strong>Dei</strong></span> 
     </span>
     <span class='ocr_line' id='line_1_5' title="bbox 237 449 1017 491; baseline -0.001 -8"><span class='ocrx_word' id='word_1_21' title='bbox 237 451 340 483; x_wconf 86' lang='lat' dir='ltr'><strong>virtus</strong></span> <span class='ocrx_word' id='word_1_22' title='bbox 354 452 514 483; x_wconf 83' lang='lat' dir='ltr'><strong>attulerat.</strong></span> <span class='ocrx_word' id='word_1_23' title='bbox 531 450 691 482; x_wconf 88' lang='lat' dir='ltr'><strong>Reversus</strong></span> <span class='ocrx_word' id='word_1_24' title='bbox 706 449 804 490; x_wconf 89' lang='lat' dir='ltr'><strong>paulo</strong></span> <span class='ocrx_word' id='word_1_25' title='bbox 817 451 888 491; x_wconf 87' lang='lat' dir='ltr'><strong>post</strong></span> <span class='ocrx_word' id='word_1_26' title='bbox 901 450 954 482; x_wconf 87' lang='lat' dir='ltr'><strong>vir</strong></span> <span class='ocrx_word' id='word_1_27' title='bbox 967 450 1017 482; x_wconf 88' lang='lat' dir='ltr'><strong>de-</strong></span> 
     </span>
     <span class='ocr_line' id='line_1_6' title="bbox 237 503 1017 545; baseline -0.004 -8"><span class='ocrx_word' id='word_1_28' title='bbox 237 506 334 538; x_wconf 87' lang='lat' dir='ltr'><strong>votus</strong></span> <span class='ocrx_word' id='word_1_29' title='bbox 347 505 520 545; x_wconf 77' lang='lat' dir='ltr'>diligenter</span> <span class='ocrx_word' id='word_1_30' title='bbox 529 505 625 544; x_wconf 87' lang='lat' dir='ltr'><strong>coepit</strong></span> <span class='ocrx_word' id='word_1_31' title='bbox 634 503 817 544; x_wconf 82' lang='lat' dir='ltr'><strong>exquirere,</strong></span> <span class='ocrx_word' id='word_1_32' title='bbox 829 503 866 542; x_wconf 88' lang='lat' dir='ltr'><strong>si,</strong></span> <span class='ocrx_word' id='word_1_33' title='bbox 881 503 967 544; x_wconf 90' lang='lat' dir='ltr'><strong>quod</strong></span> <span class='ocrx_word' id='word_1_34' title='bbox 977 503 1017 535; x_wconf 90' lang='lat' dir='ltr'><strong>de</strong></span> 
     </span>
     <span class='ocr_line' id='line_1_7' title="bbox 236 555 1017 598; baseline -0.003 -9"><span class='ocrx_word' id='word_1_35' title='bbox 236 558 380 598; x_wconf 88' lang='lat' dir='ltr'><strong>reliquiis</strong></span> <span class='ocrx_word' id='word_1_36' title='bbox 403 558 622 596; x_wconf 86' lang='lat' dir='ltr'><strong>mandaverat,</strong></span> <span class='ocrx_word' id='word_1_37' title='bbox 641 559 724 588; x_wconf 88' lang='lat' dir='ltr'><strong>esset</strong></span> <span class='ocrx_word' id='word_1_38' title='bbox 745 556 927 597; x_wconf 89' lang='lat' dir='ltr'><strong>impletum.</strong></span> <span class='ocrx_word' id='word_1_39' title='bbox 952 555 1017 587; x_wconf 84' lang='lat' dir='ltr'><strong>Ve-</strong></span> 
     </span>
     <span class='ocr_line' id='line_1_8' title="bbox 236 609 1017 652; baseline -0.004 -9"><span class='ocrx_word' id='word_1_40' title='bbox 236 620 312 643; x_wconf 86' lang='lat' dir='ltr'><strong>rum</strong></span> <span class='ocrx_word' id='word_1_41' title='bbox 343 611 499 652; x_wconf 85' lang='lat' dir='ltr'><strong>neglectae</strong></span> <span class='ocrx_word' id='word_1_42' title='bbox 531 610 720 643; x_wconf 77' lang='lat' dir='ltr'><strong>obedientiae</strong></span> <span class='ocrx_word' id='word_1_43' title='bbox 747 609 874 651; x_wconf 88' lang='lat' dir='ltr'><strong>culpam</strong></span> <span class='ocrx_word' id='word_1_44' title='bbox 904 609 1017 640; x_wconf 80' lang='lat' dir='ltr'><strong>fratres</strong></span> 
     </span>
     <span class='ocr_line' id='line_1_9' title="bbox 236 664 1017 704; baseline -0.005 -7"><span class='ocrx_word' id='word_1_45' title='bbox 236 665 422 697; x_wconf 85' lang='lat' dir='ltr'><strong>confitentes</strong></span> <span class='ocrx_word' id='word_1_46' title='bbox 452 665 635 703; x_wconf 88' lang='lat' dir='ltr'><strong>humiliter,</strong></span> <span class='ocrx_word' id='word_1_47' title='bbox 663 673 737 695; x_wconf 89' lang='lat' dir='ltr'><strong>cum</strong></span> <span class='ocrx_word' id='word_1_48' title='bbox 767 672 861 704; x_wconf 84' lang='lat' dir='ltr'><strong>poena</strong></span> <span class='ocrx_word' id='word_1_49' title='bbox 888 664 1017 695; x_wconf 90' lang='lat' dir='ltr'><strong>veniam</strong></span> 
     </span>
     <span class='ocr_line' id='line_1_10' title="bbox 236 716 1017 751; baseline -0.005 0"><span class='ocrx_word' id='word_1_50' title='bbox 236 721 436 751; x_wconf 88' lang='lat' dir='ltr'><strong>meruerunt.</strong></span> <span class='ocrx_word' id='word_1_51' title='bbox 461 719 501 751; x_wconf 90' lang='lat' dir='ltr'><strong>Et</strong></span> <span class='ocrx_word' id='word_1_52' title='bbox 524 719 569 751; x_wconf 86' lang='lat' dir='ltr'><strong>ait</strong></span> <span class='ocrx_word' id='word_1_53' title='bbox 585 719 636 751; x_wconf 90' lang='lat' dir='ltr'><strong>vir</strong></span> <span class='ocrx_word' id='word_1_54' title='bbox 660 720 788 750; x_wconf 85' lang='lat' dir='ltr'><strong>sanctus</strong></span> <span class='ocrx_word' id='word_1_55' title='bbox 803 728 811 749; x_wconf 76' lang='lat' dir='ltr'><strong><em>z</em></strong></span> <span class='ocrx_word' id='word_1_56' title='bbox 828 716 1017 749; x_wconf 85' lang='lat' dir='ltr'><strong>Benedictus</strong></span> 
     </span>
     <span class='ocr_line' id='line_1_11' title="bbox 235 772 1018 815; baseline -0.006 -8"><span class='ocrx_word' id='word_1_57' title='bbox 235 775 391 807; x_wconf 85' lang='lat' dir='ltr'>Dominus</span> <span class='ocrx_word' id='word_1_58' title='bbox 411 775 493 807; x_wconf 87' lang='lat' dir='ltr'><strong>Deus</strong></span> <span class='ocrx_word' id='word_1_59' title='bbox 511 784 615 814; x_wconf 90' lang='lat' dir='ltr'><strong>meus,</strong></span> <span class='ocrx_word' id='word_1_60' title='bbox 641 774 699 815; x_wconf 90' lang='lat' dir='ltr'><strong>qui</strong></span> <span class='ocrx_word' id='word_1_61' title='bbox 718 783 775 814; x_wconf 89' lang='lat' dir='ltr'><strong>per</strong></span> <span class='ocrx_word' id='word_1_62' title='bbox 794 773 936 812; x_wconf 85' lang='lat' dir='ltr'><strong>seipsum</strong></span> <span class='ocrx_word' id='word_1_63' title='bbox 955 772 1018 803; x_wconf 91' lang='lat' dir='ltr'><strong>im-</strong></span> 
     </span>
     <span class='ocr_line' id='line_1_12' title="bbox 235 827 1017 871; baseline -0.004 -10"><span class='ocrx_word' id='word_1_64' title='bbox 235 829 345 871; x_wconf 88' lang='lat' dir='ltr'><strong>plevit,</strong></span> <span class='ocrx_word' id='word_1_65' title='bbox 362 829 449 870; x_wconf 89' lang='lat' dir='ltr'><strong>quod</strong></span> <span class='ocrx_word' id='word_1_66' title='bbox 468 838 527 861; x_wconf 90' lang='lat' dir='ltr'><strong>vos</strong></span> <span class='ocrx_word' id='word_1_67' title='bbox 548 829 649 860; x_wconf 87' lang='lat' dir='ltr'><strong>facere</strong></span> <span class='ocrx_word' id='word_1_68' title='bbox 663 827 828 860; x_wconf 84' lang='lat' dir='ltr'><strong>debuistis.</strong></span> <span class='ocrx_word' id='word_1_69' title='bbox 845 827 1017 859; x_wconf 87' lang='lat' dir='ltr'><strong>Considera</strong></span> 
     </span>
     <span class='ocr_line' id='line_1_13' title="bbox 235 882 1017 924; baseline -0.004 -9"><span class='ocrx_word' id='word_1_70' title='bbox 235 883 408 924; x_wconf 83' lang='lat' dir='ltr'><strong>diligenter</strong></span> <span class='ocrx_word' id='word_1_71' title='bbox 422 883 541 915; x_wconf 83' lang='lat' dir='ltr'><strong>divinae</strong></span> <span class='ocrx_word' id='word_1_72' title='bbox 565 882 774 924; x_wconf 86' lang='lat' dir='ltr'><strong>providentiae</strong></span> <span class='ocrx_word' id='word_1_73' title='bbox 798 890 910 913; x_wconf 89' lang='lat' dir='ltr'><strong>curam</strong></span> <span class='ocrx_word' id='word_1_74' title='bbox 933 882 1017 913; x_wconf 88' lang='lat' dir='ltr'><strong>cirea</strong></span> 
     </span>
     <span class='ocr_line' id='line_1_14' title="bbox 236 935 1016 978; baseline -0.004 -9"><span class='ocrx_word' id='word_1_75' title='bbox 236 938 403 978; x_wconf 85' lang='lat' dir='ltr'><strong>pulverem</strong></span> <span class='ocrx_word' id='word_1_76' title='bbox 431 939 577 969; x_wconf 88' lang='lat' dir='ltr'><strong>nostrum</strong></span> <span class='ocrx_word' id='word_1_77' title='bbox 590 961 599 976; x_wconf 89' lang='lat'>,</span> <span class='ocrx_word' id='word_1_78' title='bbox 634 938 665 968; x_wconf 89' lang='lat' dir='ltr'><strong>et</strong></span> <span class='ocrx_word' id='word_1_79' title='bbox 694 936 828 968; x_wconf 89' lang='lat' dir='ltr'><strong>humilis</strong></span> <span class='ocrx_word' id='word_1_80' title='bbox 857 935 1016 967; x_wconf 86' lang='lat' dir='ltr'><strong>Francisci</strong></span> 
     </span>
     <span class='ocr_line' id='line_1_15' title="bbox 235 990 1014 1032; baseline -0.001 -10"><span class='ocrx_word' id='word_1_81' title='bbox 235 991 443 1023; x_wconf 80' lang='lat' dir='ltr'><strong>excellentem</strong></span> <span class='ocrx_word' id='word_1_82' title='bbox 455 991 488 1022; x_wconf 88' lang='lat' dir='ltr'><strong>in</strong></span> <span class='ocrx_word' id='word_1_83' title='bbox 498 991 598 1023; x_wconf 88' lang='lat' dir='ltr'><strong>oculis</strong></span> <span class='ocrx_word' id='word_1_84' title='bbox 614 991 667 1022; x_wconf 82' lang='lat' dir='ltr'><strong>Dei</strong></span> <span class='ocrx_word' id='word_1_85' title='bbox 679 990 838 1032; x_wconf 83' lang='lat' dir='ltr'><strong>perpende</strong></span> <span class='ocrx_word' id='word_1_86' title='bbox 851 990 1014 1022; x_wconf 89' lang='lat' dir='ltr'><strong>virtutem.</strong></span> 
     </span>
     <span class='ocr_line' id='line_1_16' title="bbox 234 1043 1018 1086; baseline -0.003 -10"><span class='ocrx_word' id='word_1_87' title='bbox 234 1044 315 1076; x_wconf 85' lang='lat' dir='ltr'><strong>Nam</strong></span> <span class='ocrx_word' id='word_1_88' title='bbox 339 1046 433 1085; x_wconf 81' lang='lat' dir='ltr'><strong>cujus</strong></span> <span class='ocrx_word' id='word_1_89' title='bbox 451 1045 550 1085; x_wconf 90' lang='lat' dir='ltr'><strong>jussis</strong></span> <span class='ocrx_word' id='word_1_90' title='bbox 578 1054 642 1076; x_wconf 93' lang='lat' dir='ltr'><strong>non</strong></span> <span class='ocrx_word' id='word_1_91' title='bbox 666 1044 774 1086; x_wconf 86' lang='lat' dir='ltr'><strong>paruit</strong></span> <span class='ocrx_word' id='word_1_92' title='bbox 798 1045 908 1082; x_wconf 85' lang='lat' dir='ltr'><strong>homo,</strong></span> <span class='ocrx_word' id='word_1_93' title='bbox 934 1043 1018 1074; x_wconf 91' lang='lat' dir='ltr'><strong>votis</strong></span> 
     </span>
     <span class='ocr_line' id='line_1_17' title="bbox 234 1098 485 1130; baseline 0.004 -1"><span class='ocrx_word' id='word_1_94' title='bbox 234 1098 375 1130; x_wconf 83' lang='lat' dir='ltr'><strong>obedivit</strong></span> <span class='ocrx_word' id='word_1_95' title='bbox 390 1098 485 1130; x_wconf 91' lang='lat' dir='ltr'><strong>Deus.</strong></span> 
     </span>
    </p>

    <p class='ocr_par' dir='ltr' id='par_1_3' title="bbox 233 1151 1021 2751">
     <span class='ocr_line' id='line_1_18' title="bbox 275 1151 1015 1192; baseline -0.001 -9"><span class='ocrx_word' id='word_1_96' title='bbox 275 1151 419 1190; x_wconf 84' lang='lat' dir='ltr'><strong>Quodam</strong></span> <span class='ocrx_word' id='word_1_97' title='bbox 431 1155 572 1192; x_wconf 86' lang='lat' dir='ltr'><strong>tempore</strong></span> <span class='ocrx_word' id='word_1_98' title='bbox 587 1152 760 1184; x_wconf 81' lang='lat' dir='ltr'><strong>deveniens</strong></span> <span class='ocrx_word' id='word_1_99' title='bbox 776 1151 921 1190; x_wconf 89' lang='lat' dir='ltr'><strong>lmolam,</strong></span> <span class='ocrx_word' id='word_1_100' title='bbox 935 1151 1015 1182; x_wconf 88' lang='lat' dir='ltr'><strong>civi-</strong></span> 
     </span>
     <span class='ocr_line' id='line_1_19' title="bbox 234 1206 1014 1247; baseline -0.001 -10"><span class='ocrx_word' id='word_1_101' title='bbox 234 1206 308 1237; x_wconf 88' lang='lat' dir='ltr'><strong>tatis</strong></span> <span class='ocrx_word' id='word_1_102' title='bbox 322 1206 507 1247; x_wconf 84' lang='lat' dir='ltr'><strong>episcopum</strong></span> <span class='ocrx_word' id='word_1_103' title='bbox 523 1206 610 1245; x_wconf 84' lang='lat' dir='ltr'><strong>adiit,</strong></span> <span class='ocrx_word' id='word_1_104' title='bbox 621 1206 850 1246; x_wconf 82' lang='lat' dir='ltr'><strong>humiliterque</strong></span> <span class='ocrx_word' id='word_1_105' title='bbox 862 1206 1014 1246; x_wconf 82' lang='lat' dir='ltr'><strong>poposcit,</strong></span> 
     </span>
     <span class='ocr_line' id='line_1_20' title="bbox 233 1259 1016 1300; baseline -0.001 -9"><span class='ocrx_word' id='word_1_106' title='bbox 233 1262 270 1291; x_wconf 87' lang='lat' dir='ltr'><strong>ut</strong></span> <span class='ocrx_word' id='word_1_107' title='bbox 290 1269 365 1291; x_wconf 89' lang='lat' dir='ltr'><strong>cum</strong></span> <span class='ocrx_word' id='word_1_108' title='bbox 389 1260 490 1300; x_wconf 88' lang='lat' dir='ltr'><strong>ipsius</strong></span> <span class='ocrx_word' id='word_1_109' title='bbox 514 1259 712 1300; x_wconf 82' lang='lat' dir='ltr'><strong>beneplacito</strong></span> <span class='ocrx_word' id='word_1_110' title='bbox 735 1262 839 1300; x_wconf 88' lang='lat' dir='ltr'><strong>posset</strong></span> <span class='ocrx_word' id='word_1_111' title='bbox 861 1260 1016 1300; x_wconf 89' lang='lat' dir='ltr'><strong>populum</strong></span> 
     </span>
     <span class='ocr_line' id='line_1_21' title="bbox 233 1313 1013 1354; baseline -0.001 -9"><span class='ocrx_word' id='word_1_112' title='bbox 233 1314 272 1345; x_wconf 88' lang='lat' dir='ltr'><strong>ad</strong></span> <span class='ocrx_word' id='word_1_113' title='bbox 295 1314 551 1354; x_wconf 63' lang='lat' dir='ltr'><strong>praedicationem</strong></span> <span class='ocrx_word' id='word_1_114' title='bbox 568 1323 682 1344; x_wconf 84' lang='lat' dir='ltr'><strong>vocare</strong></span> <span class='ocrx_word' id='word_1_115' title='bbox 701 1324 708 1344; x_wconf 74' lang='grc' dir='ltr'>ι</span> <span class='ocrx_word' id='word_1_116' title='bbox 730 1313 865 1351; x_wconf 76' lang='lat' dir='ltr'><strong>Sufficit,</strong></span> <span class='ocrx_word' id='word_1_117' title='bbox 890 1313 1013 1353; x_wconf 86' lang='lat' dir='ltr'><strong>inquit,</strong></span> 
     </span>
     <span class='ocr_line' id='line_1_22' title="bbox 234 1367 1014 1408; baseline -0.001 -10"><span class='ocrx_word' id='word_1_118' title='bbox 234 1368 341 1406; x_wconf 81' lang='lat' dir='ltr'><strong>frater,</strong></span> <span class='ocrx_word' id='word_1_119' title='bbox 358 1367 442 1408; x_wconf 91' lang='lat' dir='ltr'><strong>quod</strong></span> <span class='ocrx_word' id='word_1_120' title='bbox 456 1376 518 1407; x_wconf 79' lang='lat' dir='ltr'><strong>ego</strong></span> <span class='ocrx_word' id='word_1_121' title='bbox 535 1367 705 1408; x_wconf 63' lang='lat' dir='ltr'><strong>praedicem</strong></span> <span class='ocrx_word' id='word_1_122' title='bbox 730 1367 847 1407; x_wconf 89' lang='lat' dir='ltr'><strong>populo</strong></span> <span class='ocrx_word' id='word_1_123' title='bbox 863 1375 945 1398; x_wconf 87' lang='lat' dir='ltr'><strong>meo.</strong></span> <span class='ocrx_word' id='word_1_124' title='bbox 965 1367 1014 1398; x_wconf 94' lang='lat' dir='ltr'><strong>ln-</strong></span> 
     </span>
     <span class='ocr_line' id='line_1_23' title="bbox 234 1420 1017 1462; baseline -0.001 -10"><span class='ocrx_word' id='word_1_125' title='bbox 234 1421 366 1453; x_wconf 82' lang='lat' dir='ltr'><strong>clinavit</strong></span> <span class='ocrx_word' id='word_1_126' title='bbox 380 1423 475 1462; x_wconf 83' lang='lat' dir='ltr'><strong>caput</strong></span> <span class='ocrx_word' id='word_1_127' title='bbox 489 1430 584 1452; x_wconf 90' lang='lat' dir='ltr'><strong>verus</strong></span> <span class='ocrx_word' id='word_1_128' title='bbox 600 1420 744 1457; x_wconf 79' lang='lat' dir='ltr'><strong>humilis,</strong></span> <span class='ocrx_word' id='word_1_129' title='bbox 760 1422 789 1451; x_wconf 84' lang='lat' dir='ltr'><strong>et</strong></span> <span class='ocrx_word' id='word_1_130' title='bbox 808 1420 891 1451; x_wconf 77' lang='lat' dir='ltr'><strong>foras</strong></span> <span class='ocrx_word' id='word_1_131' title='bbox 911 1430 1017 1459; x_wconf 77' lang='lat' dir='ltr'><strong>egres-</strong></span> 
     </span>
     <span class='ocr_line' id='line_1_24' title="bbox 234 1474 1014 1515; baseline -0.001 -9"><span class='ocrx_word' id='word_1_132' title='bbox 234 1484 300 1514; x_wconf 86' lang='lat' dir='ltr'><strong>sus,</strong></span> <span class='ocrx_word' id='word_1_133' title='bbox 319 1477 388 1515; x_wconf 82' lang='lat' dir='ltr'><strong>post</strong></span> <span class='ocrx_word' id='word_1_134' title='bbox 403 1474 561 1506; x_wconf 84' lang='lat' dir='ltr'><strong>modicam</strong></span> <span class='ocrx_word' id='word_1_135' title='bbox 583 1474 695 1504; x_wconf 89' lang='lat' dir='ltr'><strong>horam</strong></span> <span class='ocrx_word' id='word_1_136' title='bbox 719 1474 903 1511; x_wconf 60' lang='lat' dir='ltr'><strong>regreditur</strong></span> <span class='ocrx_word' id='word_1_137' title='bbox 919 1474 1014 1505; x_wconf 88' lang='lat' dir='ltr'><strong>intro.</strong></span> 
     </span>
     <span class='ocr_line' id='line_1_25' title="bbox 235 1527 1005 1569; baseline -0.001 -10"><span class='ocrx_word' id='word_1_138' title='bbox 235 1529 261 1559; x_wconf 91' lang='lat' dir='ltr'><strong>A</strong></span> <span class='ocrx_word' id='word_1_139' title='bbox 277 1537 350 1569; x_wconf 84' lang='lat' dir='ltr'><strong>quo,</strong></span> <span class='ocrx_word' id='word_1_140' title='bbox 369 1537 441 1559; x_wconf 88' lang='lat' dir='ltr'><strong>cum</strong></span> <span class='ocrx_word' id='word_1_141' title='bbox 454 1527 626 1568; x_wconf 81' lang='lat' dir='ltr'><strong>Episcopus</strong></span> <span class='ocrx_word' id='word_1_142' title='bbox 641 1527 732 1568; x_wconf 81' lang='lat' dir='ltr'><strong>quasi</strong></span> <span class='ocrx_word' id='word_1_143' title='bbox 748 1527 894 1558; x_wconf 86' lang='lat' dir='ltr'><strong>turbatus</strong></span> <span class='ocrx_word' id='word_1_144' title='bbox 914 1528 1005 1568; x_wconf 81' lang='lat' dir='ltr'><strong>requi</strong></span> 
     </span>
     <span class='ocr_line' id='line_1_26' title="bbox 235 1581 1016 1622; baseline -0.001 -9"><span class='ocrx_word' id='word_1_145' title='bbox 235 1584 330 1620; x_wconf 83' lang='lat' dir='ltr'><strong>reret,</strong></span> <span class='ocrx_word' id='word_1_146' title='bbox 347 1582 423 1622; x_wconf 77' lang='lat' dir='ltr'><strong>quid</strong></span> <span class='ocrx_word' id='word_1_147' title='bbox 440 1582 552 1613; x_wconf 84' lang='lat' dir='ltr'><strong>iterato</strong></span> <span class='ocrx_word' id='word_1_148' title='bbox 568 1584 674 1618; x_wconf 81' lang='lat' dir='ltr'><strong>petere</strong></span> <span class='ocrx_word' id='word_1_149' title='bbox 693 1581 798 1616; x_wconf 59' lang='lat' dir='ltr'><strong>vellet,</strong></span> <span class='ocrx_word' id='word_1_150' title='bbox 820 1581 937 1611; x_wconf 87' lang='lat' dir='ltr'><strong>humili</strong></span> <span class='ocrx_word' id='word_1_151' title='bbox 951 1584 1016 1612; x_wconf 87' lang='lat' dir='ltr'><strong>tam</strong></span> 
     </span>
     <span class='ocr_line' id='line_1_27' title="bbox 235 1635 1016 1676; baseline -0.001 -10"><span class='ocrx_word' id='word_1_152' title='bbox 235 1636 341 1674; x_wconf 85' lang='lat' dir='ltr'><strong>corde,</strong></span> <span class='ocrx_word' id='word_1_153' title='bbox 363 1645 461 1676; x_wconf 82' lang='lat' dir='ltr'><strong>qnam</strong></span> <span class='ocrx_word' id='word_1_154' title='bbox 487 1645 576 1672; x_wconf 80' lang='lat' dir='ltr'><strong>voce,</strong></span> <span class='ocrx_word' id='word_1_155' title='bbox 596 1635 761 1675; x_wconf 69' lang='lat' dir='ltr'><strong>respondit</strong></span> <span class='ocrx_word' id='word_1_156' title='bbox 782 1645 788 1665; x_wconf 79' lang='lat' dir='ltr'>z</span> <span class='ocrx_word' id='word_1_157' title='bbox 817 1635 961 1671; x_wconf 79' lang='lat' dir='ltr'><strong>Domine,</strong></span> <span class='ocrx_word' id='word_1_158' title='bbox 991 1636 1016 1665; x_wconf 86' lang='lat' dir='ltr'><strong>si</strong></span> 
     </span>
     <span class='ocr_line' id='line_1_28' title="bbox 235 1690 1018 1730; baseline -0.001 -9"><span class='ocrx_word' id='word_1_159' title='bbox 235 1692 324 1730; x_wconf 83' lang='lat' dir='ltr'><strong>pater</strong></span> <span class='ocrx_word' id='word_1_160' title='bbox 340 1690 443 1720; x_wconf 84' lang='lat' dir='ltr'><strong>tilium</strong></span> <span class='ocrx_word' id='word_1_161' title='bbox 460 1699 526 1721; x_wconf 91' lang='lat' dir='ltr'><strong>uno</strong></span> <span class='ocrx_word' id='word_1_162' title='bbox 541 1690 693 1729; x_wconf 68' lang='lat' dir='ltr'><strong>repulerit</strong></span> <span class='ocrx_word' id='word_1_163' title='bbox 709 1690 800 1727; x_wconf 81' lang='lat' dir='ltr'><strong>ostio,</strong></span> <span class='ocrx_word' id='word_1_164' title='bbox 819 1690 881 1719; x_wconf 86' lang='lat' dir='ltr'><strong>alio</strong></span> <span class='ocrx_word' id='word_1_165' title='bbox 896 1690 954 1720; x_wconf 89' lang='lat' dir='ltr'><strong>sibi</strong></span> <span class='ocrx_word' id='word_1_166' title='bbox 971 1699 1018 1720; x_wconf 86' lang='lat' dir='ltr'><strong>re·</strong></span> 
     </span>
     <span class='ocr_line' id='line_1_29' title="bbox 236 1743 1017 1783; baseline -0.001 -9"><span class='ocrx_word' id='word_1_167' title='bbox 236 1744 421 1774; x_wconf 87' lang='lat' dir='ltr'><strong>intrandum</strong></span> <span class='ocrx_word' id='word_1_168' title='bbox 435 1746 492 1775; x_wconf 84' lang='lat' dir='ltr'><strong>est.</strong></span> <span class='ocrx_word' id='word_1_169' title='bbox 512 1743 702 1774; x_wconf 77' lang='lat' dir='ltr'><strong>Ilumilitalc</strong></span> <span class='ocrx_word' id='word_1_170' title='bbox 719 1743 822 1773; x_wconf 73' lang='lat' dir='ltr'><strong>virtus</strong></span> <span class='ocrx_word' id='word_1_171' title='bbox 833 1743 1017 1783; x_wconf 77' lang='lat' dir='ltr'><strong>Episcopus,</strong></span> 
     </span>
     <span class='ocr_line' id='line_1_30' title="bbox 235 1796 1016 1837; baseline 0 -10"><span class='ocrx_word' id='word_1_172' title='bbox 235 1797 331 1828; x_wconf 86' lang='lat' dir='ltr'><strong>alacri</strong></span> <span class='ocrx_word' id='word_1_173' title='bbox 347 1797 438 1828; x_wconf 87' lang='lat' dir='ltr'><strong>vultu</strong></span> <span class='ocrx_word' id='word_1_174' title='bbox 454 1806 528 1828; x_wconf 75' lang='lat' dir='ltr'><strong>cum</strong></span> <span class='ocrx_word' id='word_1_175' title='bbox 546 1797 715 1837; x_wconf 83' lang='lat' dir='ltr'><strong>amplexus</strong></span> <span class='ocrx_word' id='word_1_176' title='bbox 729 1798 788 1833; x_wconf 81' lang='lat' dir='ltr'><strong>est,</strong></span> <span class='ocrx_word' id='word_1_177' title='bbox 804 1796 912 1827; x_wconf 77' lang='lat' dir='ltr'><strong>dicens</strong></span> <span class='ocrx_word' id='word_1_178' title='bbox 932 1808 938 1827; x_wconf 90' lang='grc'>;</span> <span class='ocrx_word' id='word_1_179' title='bbox 957 1796 1016 1833; x_wconf 77' lang='lat' dir='ltr'><strong>Tu,</strong></span> 
     </span>
     <span class='ocr_line' id='line_1_31' title="bbox 236 1850 1017 1891; baseline -0.001 -9"><span class='ocrx_word' id='word_1_180' title='bbox 236 1854 265 1882; x_wconf 90' lang='lat' dir='ltr'><strong>et</strong></span> <span class='ocrx_word' id='word_1_181' title='bbox 281 1860 393 1882; x_wconf 87' lang='lat' dir='ltr'><strong>omnes</strong></span> <span class='ocrx_word' id='word_1_182' title='bbox 408 1851 519 1882; x_wconf 78' lang='lat' dir='ltr'><strong>fratres</strong></span> <span class='ocrx_word' id='word_1_183' title='bbox 533 1852 591 1887; x_wconf 90' lang='lat' dir='ltr'><strong>tui,</strong></span> <span class='ocrx_word' id='word_1_184' title='bbox 606 1850 645 1881; x_wconf 90' lang='lat' dir='ltr'><strong>de</strong></span> <span class='ocrx_word' id='word_1_185' title='bbox 656 1853 771 1881; x_wconf 70' lang='lat' dir='ltr'><strong>caetero</strong></span> <span class='ocrx_word' id='word_1_186' title='bbox 787 1851 818 1881; x_wconf 92' lang='lat' dir='ltr'><strong>in</strong></span> <span class='ocrx_word' id='word_1_187' title='bbox 832 1851 1017 1891; x_wconf 81' lang='lat' dir='ltr'><strong>episcopatu</strong></span> 
     </span>
     <span class='ocr_line' id='line_1_32' title="bbox 237 1904 1019 1945; baseline 0 -9"><span class='ocrx_word' id='word_1_188' title='bbox 237 1915 308 1937; x_wconf 90' lang='lat' dir='ltr'><strong>meo</strong></span> <span class='ocrx_word' id='word_1_189' title='bbox 324 1905 467 1945; x_wconf 80' lang='lat' dir='ltr'><strong>generali</strong></span> <span class='ocrx_word' id='word_1_190' title='bbox 491 1914 562 1935; x_wconf 85' lang='lat' dir='ltr'><strong>mea</strong></span> <span class='ocrx_word' id='word_1_191' title='bbox 584 1904 706 1935; x_wconf 66' lang='lat' dir='ltr'><strong>lim-ntia</strong></span> <span class='ocrx_word' id='word_1_192' title='bbox 732 1904 920 1945; x_wconf 68' lang='lat' dir='ltr'><strong>pra‘dieetis,</strong></span> <span class='ocrx_word' id='word_1_193' title='bbox 943 1906 1019 1945; x_wconf 83' lang='lat' dir='ltr'><strong>qnia</strong></span> 
     </span>
     <span class='ocr_line' id='line_1_33' title="bbox 236 1959 1020 1999; baseline 0 -9"><span class='ocrx_word' id='word_1_194' title='bbox 236 1959 314 1990; x_wconf 87' lang='lat' dir='ltr'><strong>illud</strong></span> <span class='ocrx_word' id='word_1_195' title='bbox 334 1959 500 1990; x_wconf 72' lang='lat' dir='ltr'><strong>humilitas</strong></span> <span class='ocrx_word' id='word_1_196' title='bbox 523 1962 628 1989; x_wconf 73' lang='lat' dir='ltr'><strong>sancta</strong></span> <span class='ocrx_word' id='word_1_197' title='bbox 659 1959 847 1999; x_wconf 78' lang='lat' dir='ltr'><strong>promeruit.</strong></span> <span class='ocrx_word' id='word_1_198' title='bbox 879 1959 1020 1997; x_wconf 67' lang='lat' dir='ltr'><strong>Conligit</strong></span> 
     </span>
     <span class='ocr_line' id='line_1_34' title="bbox 237 2013 1018 2052; baseline 0 -8"><span class='ocrx_word' id='word_1_199' title='bbox 237 2013 342 2052; x_wconf 86' lang='lat' dir='ltr'><strong>ipsum</strong></span> <span class='ocrx_word' id='word_1_200' title='bbox 372 2013 544 2052; x_wconf 81' lang='lat' dir='ltr'><strong>aliqnando</strong></span> <span class='ocrx_word' id='word_1_201' title='bbox 574 2013 717 2043; x_wconf 71' lang='lat' dir='ltr'><strong>Aretinm</strong></span> <span class='ocrx_word' id='word_1_202' title='bbox 747 2013 913 2051; x_wconf 79' lang='lat' dir='ltr'><strong>devenire,</strong></span> <span class='ocrx_word' id='word_1_203' title='bbox 945 2023 1018 2044; x_wconf 86' lang='lat' dir='ltr'><strong>cum</strong></span> 
     </span>
     <span class='ocr_line' id='line_1_35' title="bbox 238 2067 1017 2107; baseline 0.001 -11"><span class='ocrx_word' id='word_1_204' title='bbox 238 2068 303 2097; x_wconf 82' lang='lat' dir='ltr'><strong>tota</strong></span> <span class='ocrx_word' id='word_1_205' title='bbox 321 2067 433 2098; x_wconf 81' lang='lat' dir='ltr'><strong>civitas</strong></span> <span class='ocrx_word' id='word_1_206' title='bbox 450 2067 599 2097; x_wconf 86' lang='lat' dir='ltr'><strong>intestino</strong></span> <span class='ocrx_word' id='word_1_207' title='bbox 620 2067 702 2097; x_wconf 76' lang='lat' dir='ltr'><strong>bello</strong></span> <span class='ocrx_word' id='word_1_208' title='bbox 726 2070 872 2106; x_wconf 82' lang='lat' dir='ltr'><strong>quassata</strong></span> <span class='ocrx_word' id='word_1_209' title='bbox 889 2069 1017 2107; x_wconf 82' lang='lat' dir='ltr'><strong>prop&#39;ni-</strong></span> 
     </span>
     <span class='ocr_line' id='line_1_36' title="bbox 238 2120 1020 2161; baseline 0 -11"><span class='ocrx_word' id='word_1_210' title='bbox 238 2129 341 2160; x_wconf 85' lang='lat' dir='ltr'><strong>quum</strong></span> <span class='ocrx_word' id='word_1_211' title='bbox 368 2120 417 2150; x_wconf 88' lang='lat' dir='ltr'><strong>sni</strong></span> <span class='ocrx_word' id='word_1_212' title='bbox 442 2121 624 2151; x_wconf 85' lang='lat' dir='ltr'><strong>minabatur</strong></span> <span class='ocrx_word' id='word_1_213' title='bbox 649 2120 820 2151; x_wconf 72' lang='lat' dir='ltr'><strong>excidium.</strong></span> <span class='ocrx_word' id='word_1_214' title='bbox 840 2120 1020 2161; x_wconf 83' lang='lat' dir='ltr'><strong>llospitatns</strong></span> 
     </span>
     <span class='ocr_line' id='line_1_37' title="bbox 239 2174 1020 2214; baseline 0 -10"><span class='ocrx_word' id='word_1_215' title='bbox 239 2183 316 2204; x_wconf 88' lang='lat' dir='ltr'><strong>vcro</strong></span> <span class='ocrx_word' id='word_1_216' title='bbox 331 2174 362 2203; x_wconf 93' lang='lat' dir='ltr'><strong>in</strong></span> <span class='ocrx_word' id='word_1_217' title='bbox 377 2174 542 2212; x_wconf 85' lang='lat' dir='ltr'><strong>suburbio,</strong></span> <span class='ocrx_word' id='word_1_218' title='bbox 558 2174 636 2204; x_wconf 85' lang='lat' dir='ltr'><strong>vidit</strong></span> <span class='ocrx_word' id='word_1_219' title='bbox 651 2183 747 2214; x_wconf 88' lang='lat' dir='ltr'><strong>snpra</strong></span> <span class='ocrx_word' id='word_1_220' title='bbox 759 2174 919 2205; x_wconf 76' lang='lat' dir='ltr'><strong>civitatem</strong></span> <span class='ocrx_word' id='word_1_221' title='bbox 933 2175 1020 2204; x_wconf 72' lang='lat' dir='ltr'><strong>exul-</strong></span> 
     </span>
     <span class='ocr_line' id='line_1_38' title="bbox 239 2228 1021 2267; baseline 0.001 -9"><span class='ocrx_word' id='word_1_222' title='bbox 239 2229 339 2258; x_wconf 82' lang='lat' dir='ltr'><strong>tantes</strong></span> <span class='ocrx_word' id='word_1_223' title='bbox 354 2228 528 2265; x_wconf 67' lang='lat' dir='ltr'><strong>dromones,</strong></span> <span class='ocrx_word' id='word_1_224' title='bbox 546 2238 580 2258; x_wconf 74' lang='lat' dir='ltr'><strong>ar</strong></span> <span class='ocrx_word' id='word_1_225' title='bbox 597 2228 798 2267; x_wconf 68' lang='lat' dir='ltr'><strong>perturbatos</strong></span> <span class='ocrx_word' id='word_1_226' title='bbox 811 2228 895 2258; x_wconf 74' lang='lat' dir='ltr'><strong>rives</strong></span> <span class='ocrx_word' id='word_1_227' title='bbox 910 2229 946 2259; x_wconf 79' lang='lat' dir='ltr'><strong>a1l</strong></span> <span class='ocrx_word' id='word_1_228' title='bbox 964 2237 1021 2259; x_wconf 71' lang='lat' dir='ltr'><strong>ca}-</strong></span> 
     </span>
     <span class='ocr_line' id='line_1_39' title="bbox 240 2281 1021 2313; baseline 0 -1"><span class='ocrx_word' id='word_1_229' title='bbox 240 2281 312 2313; x_wconf 77' lang='lat' dir='ltr'><strong>dem</strong></span> <span class='ocrx_word' id='word_1_230' title='bbox 329 2284 474 2312; x_wconf 87' lang='lat' dir='ltr'><strong>mutuam</strong></span> <span class='ocrx_word' id='word_1_231' title='bbox 491 2282 705 2312; x_wconf 71' lang='lat' dir='ltr'><strong>succedentes.</strong></span> <span class='ocrx_word' id='word_1_232' title='bbox 723 2282 758 2312; x_wconf 69' lang='lat' dir='ltr'><strong>lJt</strong></span> <span class='ocrx_word' id='word_1_233' title='bbox 775 2284 883 2312; x_wconf 75' lang='lat' dir='ltr'><strong>antem</strong></span> <span class='ocrx_word' id='word_1_234' title='bbox 898 2282 1021 2313; x_wconf 75' lang='lat' dir='ltr'><strong>seditio-</strong></span> 
     </span>
     <span class='ocr_line' id='line_1_40' title="bbox 239 2335 1019 2375; baseline 0.001 -10"><span class='ocrx_word' id='word_1_235' title='bbox 239 2345 289 2366; x_wconf 84' lang='lat' dir='ltr'><strong>sas</strong></span> <span class='ocrx_word' id='word_1_236' title='bbox 311 2335 380 2366; x_wconf 85' lang='lat' dir='ltr'><strong>illas</strong></span> <span class='ocrx_word' id='word_1_237' title='bbox 395 2336 552 2374; x_wconf 69' lang='lat' dir='ltr'><strong>ell&#39;ugaret</strong></span> <span class='ocrx_word' id='word_1_238' title='bbox 569 2345 677 2365; x_wconf 68' lang='lat' dir='ltr'><strong>aereas</strong></span> <span class='ocrx_word' id='word_1_239' title='bbox 694 2338 872 2375; x_wconf 64' lang='lat' dir='ltr'><strong>potestates,</strong></span> <span class='ocrx_word' id='word_1_240' title='bbox 890 2336 1019 2366; x_wconf 81' lang='lat' dir='ltr'><strong>fratrem</strong></span> 
     </span>
     <span class='ocr_line' id='line_1_41' title="bbox 240 2389 1018 2429; baseline 0.001 -10"><span class='ocrx_word' id='word_1_241' title='bbox 240 2389 444 2427; x_wconf 82' lang='lat' dir='ltr'><strong>Silvestrum,</strong></span> <span class='ocrx_word' id='word_1_242' title='bbox 460 2389 651 2419; x_wconf 66' lang='lat' dir='ltr'><strong>colnmbinae</strong></span> <span class='ocrx_word' id='word_1_243' title='bbox 674 2389 884 2429; x_wconf 67' lang='lat' dir='ltr'><strong>simplicitatis</strong></span> <span class='ocrx_word' id='word_1_244' title='bbox 899 2390 1018 2427; x_wconf 80' lang='lat' dir='ltr'><strong>virum,</strong></span> 
     </span>
     <span class='ocr_line' id='line_1_42' title="bbox 239 2443 1019 2483; baseline -0.001 -9"><span class='ocrx_word' id='word_1_245' title='bbox 239 2443 331 2483; x_wconf 77' lang='lat' dir='ltr'><strong>quasi</strong></span> <span class='ocrx_word' id='word_1_246' title='bbox 357 2452 537 2483; x_wconf 59' lang='lat' dir='ltr'><strong>praeconem</strong></span> <span class='ocrx_word' id='word_1_247' title='bbox 568 2443 719 2482; x_wconf 74' lang='lat' dir='ltr'><strong>pra-misit</strong></span> <span class='ocrx_word' id='word_1_248' title='bbox 731 2467 739 2479; x_wconf 70' lang='lat'><em>,</em></span> <span class='ocrx_word' id='word_1_249' title='bbox 768 2443 874 2473; x_wconf 59' lang='lat' dir='ltr'><strong>nivens</strong></span> <span class='ocrx_word' id='word_1_250' title='bbox 901 2454 907 2473; x_wconf 75' lang='grc' dir='ltr'>ε</span> <span class='ocrx_word' id='word_1_251' title='bbox 935 2443 1019 2473; x_wconf 65' lang='lat' dir='ltr'><strong>Vade</strong></span> 
     </span>
     <span class='ocr_line' id='line_1_43' title="bbox 240 2496 1019 2536; baseline -0.001 -9"><span class='ocrx_word' id='word_1_252' title='bbox 240 2499 314 2527; x_wconf 79' lang='lat' dir='ltr'><strong>ante</strong></span> <span class='ocrx_word' id='word_1_253' title='bbox 331 2500 455 2536; x_wconf 88' lang='lat' dir='ltr'><strong>portam</strong></span> <span class='ocrx_word' id='word_1_254' title='bbox 477 2496 624 2533; x_wconf 74' lang='lat' dir='ltr'><strong>civitatis,</strong></span> <span class='ocrx_word' id='word_1_255' title='bbox 642 2499 670 2526; x_wconf 73' lang='lat' dir='ltr'><strong>et</strong></span> <span class='ocrx_word' id='word_1_256' title='bbox 686 2506 726 2526; x_wconf 70' lang='lat' dir='ltr'><strong>vx</strong></span> <span class='ocrx_word' id='word_1_257' title='bbox 743 2500 830 2535; x_wconf 82' lang='lat' dir='ltr'><strong>parte</strong></span> <span class='ocrx_word' id='word_1_258' title='bbox 849 2497 898 2527; x_wconf 75' lang='lat' dir='ltr'><strong>nei</strong></span> <span class='ocrx_word' id='word_1_259' title='bbox 915 2497 1019 2527; x_wconf 86' lang='lat' dir='ltr'><strong>omni-</strong></span> 
     </span>
     <span class='ocr_line' id='line_1_44' title="bbox 241 2549 1019 2590; baseline -0.003 -9"><span class='ocrx_word' id='word_1_260' title='bbox 241 2551 379 2590; x_wconf 77' lang='lat' dir='ltr'><strong>potentis</strong></span> <span class='ocrx_word' id='word_1_261' title='bbox 402 2550 602 2581; x_wconf 67' lang='lat' dir='ltr'><strong>daemonibus</strong></span> <span class='ocrx_word' id='word_1_262' title='bbox 628 2549 659 2579; x_wconf 89' lang='lat' dir='ltr'><strong>in</strong></span> <span class='ocrx_word' id='word_1_263' title='bbox 686 2549 802 2579; x_wconf 72' lang='lat' dir='ltr'><strong>virtute</strong></span> <span class='ocrx_word' id='word_1_264' title='bbox 831 2550 1019 2580; x_wconf 63' lang='lat' dir='ltr'><strong>obedientia}</strong></span> 
     </span>
     <span class='ocr_line' id='line_1_45' title="bbox 241 2603 1020 2644; baseline 0.001 -10"><span class='ocrx_word' id='word_1_265' title='bbox 241 2604 390 2644; x_wconf 67' lang='lat' dir='ltr'><strong>praecipe,</strong></span> <span class='ocrx_word' id='word_1_266' title='bbox 408 2607 442 2635; x_wconf 87' lang='lat' dir='ltr'><strong>ut</strong></span> <span class='ocrx_word' id='word_1_267' title='bbox 456 2606 571 2635; x_wconf 78' lang='lat' dir='ltr'><strong>exeant</strong></span> <span class='ocrx_word' id='word_1_268' title='bbox 582 2603 776 2633; x_wconf 65' lang='lat' dir='ltr'><strong>festinanter.</strong></span> <span class='ocrx_word' id='word_1_269' title='bbox 794 2604 953 2634; x_wconf 66' lang='lat' dir='ltr'><strong>Accelerat</strong></span> <span class='ocrx_word' id='word_1_270' title='bbox 969 2614 1020 2635; x_wconf 76' lang='lat' dir='ltr'><strong>ve-</strong></span> 
     </span>
     <span class='ocr_line' id='line_1_46' title="bbox 241 2657 1021 2697; baseline 0 -9"><span class='ocrx_word' id='word_1_271' title='bbox 241 2667 296 2688; x_wconf 85' lang='lat' dir='ltr'><strong>rus</strong></span> <span class='ocrx_word' id='word_1_272' title='bbox 311 2658 460 2688; x_wconf 72' lang='lat' dir='ltr'><strong>obediens</strong></span> <span class='ocrx_word' id='word_1_273' title='bbox 472 2657 569 2697; x_wconf 85' lang='lat' dir='ltr'><strong>patris</strong></span> <span class='ocrx_word' id='word_1_274' title='bbox 579 2658 668 2696; x_wconf 61' lang='lat' dir='ltr'><strong>‚iussa</strong></span> <span class='ocrx_word' id='word_1_275' title='bbox 679 2658 841 2696; x_wconf 70' lang='lat' dir='ltr'><strong>perlicere,</strong></span> <span class='ocrx_word' id='word_1_276' title='bbox 857 2660 884 2687; x_wconf 84' lang='lat' dir='ltr'><strong>et</strong></span> <span class='ocrx_word' id='word_1_277' title='bbox 903 2667 1021 2697; x_wconf 68' lang='lat' dir='ltr'><strong>przeoc-</strong></span> 
     </span>
     <span class='ocr_line' id='line_1_47' title="bbox 242 2710 1020 2751; baseline 0 -10"><span class='ocrx_word' id='word_1_278' title='bbox 242 2720 363 2751; x_wconf 84' lang='lat' dir='ltr'><strong>cupans</strong></span> <span class='ocrx_word' id='word_1_279' title='bbox 379 2711 410 2741; x_wconf 96' lang='lat' dir='ltr'><strong>in</strong></span> <span class='ocrx_word' id='word_1_280' title='bbox 425 2711 570 2742; x_wconf 79' lang='lat' dir='ltr'><strong>laudibus</strong></span> <span class='ocrx_word' id='word_1_281' title='bbox 584 2711 696 2741; x_wconf 75' lang='lat' dir='ltr'><strong>faeiem</strong></span> <span class='ocrx_word' id='word_1_282' title='bbox 711 2710 848 2749; x_wconf 81' lang='lat' dir='ltr'><strong>Domini,</strong></span> <span class='ocrx_word' id='word_1_283' title='bbox 865 2714 936 2741; x_wconf 84' lang='lat' dir='ltr'><strong>ante</strong></span> <span class='ocrx_word' id='word_1_284' title='bbox 951 2721 1020 2751; x_wconf 88' lang='lat' dir='ltr'><strong>por-</strong></span> 
     </span>
    </p>
   </div>
   <div class='ocr_carea' id='block_1_3' title="bbox 803 218 1288 253">
    <p class='ocr_par' dir='ltr' id='par_1_4' title="bbox 803 218 1288 253">
     <span class='ocr_line' id='line_1_48' title="bbox 803 218 1288 253; baseline 0.004 -3"><span class='ocrx_word' id='word_1_285' title='bbox 803 218 992 251; x_wconf 87' lang='lat' dir='ltr'><strong>LEGENDA</strong></span> <span class='ocrx_word' id='word_1_286' title='bbox 1013 219 1047 252; x_wconf 92' lang='lat' dir='ltr'><strong>S.</strong></span> <span class='ocrx_word' id='word_1_287' title='bbox 1069 218 1288 253; x_wconf 79' lang='lat' dir='ltr'>FRANCISCI.</span> 
     </span>
    </p>
   </div>
   <div class='ocr_carea' id='block_1_4' title="bbox 1073 287 1858 2749">
    <p class='ocr_par' dir='ltr' id='par_1_5' title="bbox 1073 287 1858 2749">
     <span class='ocr_line' id='line_1_49' title="bbox 1073 287 1853 333; baseline 0.01 -14"><span class='ocrx_word' id='word_1_288' title='bbox 1073 288 1142 333; x_wconf 81' lang='lat' dir='ltr'><strong>tam</strong></span> <span class='ocrx_word' id='word_1_289' title='bbox 1166 287 1304 320; x_wconf 87' lang='lat' dir='ltr'><strong>civitatis</strong></span> <span class='ocrx_word' id='word_1_290' title='bbox 1316 289 1414 331; x_wconf 85' lang='lat' dir='ltr'><strong>coepit</strong></span> <span class='ocrx_word' id='word_1_291' title='bbox 1435 290 1577 323; x_wconf 83' lang='lat' dir='ltr'><strong>clamare</strong></span> <span class='ocrx_word' id='word_1_292' title='bbox 1603 290 1748 325; x_wconf 71' lang='lat' dir='ltr'><strong>valenter</strong></span> <span class='ocrx_word' id='word_1_293' title='bbox 1768 304 1780 326; x_wconf 90' lang='lat'><strong>·.</strong></span> <span class='ocrx_word' id='word_1_294' title='bbox 1803 295 1853 328; x_wconf 88' lang='lat' dir='ltr'><strong>Ex</strong></span> 
     </span>
     <span class='ocr_line' id='line_1_50' title="bbox 1073 342 1855 390; baseline 0.01 -17"><span class='ocrx_word' id='word_1_295' title='bbox 1073 343 1164 382; x_wconf 78' lang='lat' dir='ltr'><strong>parte</strong></span> <span class='ocrx_word' id='word_1_296' title='bbox 1177 342 1408 384; x_wconf 88' lang='lat' dir='ltr'><strong>omnipotentis</strong></span> <span class='ocrx_word' id='word_1_297' title='bbox 1432 343 1499 383; x_wconf 89' lang='lat' dir='ltr'><strong>Dei,</strong></span> <span class='ocrx_word' id='word_1_298' title='bbox 1524 345 1556 376; x_wconf 81' lang='lat' dir='ltr'><strong>et</strong></span> <span class='ocrx_word' id='word_1_299' title='bbox 1572 345 1670 385; x_wconf 84' lang='lat' dir='ltr'><strong>jussu</strong></span> <span class='ocrx_word' id='word_1_300' title='bbox 1683 347 1770 379; x_wconf 82' lang='lat' dir='ltr'><strong>servi</strong></span> <span class='ocrx_word' id='word_1_301' title='bbox 1783 349 1855 390; x_wconf 72' lang='lat' dir='ltr'><strong>eius</strong></span> 
     </span>
     <span class='ocr_line' id='line_1_51' title="bbox 1073 394 1856 439; baseline 0.011 -13"><span class='ocrx_word' id='word_1_302' title='bbox 1073 394 1249 435; x_wconf 87' lang='lat' dir='ltr'><strong>Francisei,</strong></span> <span class='ocrx_word' id='word_1_303' title='bbox 1269 397 1381 437; x_wconf 88' lang='lat' dir='ltr'><strong>procul</strong></span> <span class='ocrx_word' id='word_1_304' title='bbox 1401 397 1478 430; x_wconf 88' lang='lat' dir='ltr'><strong>hinc</strong></span> <span class='ocrx_word' id='word_1_305' title='bbox 1499 398 1668 439; x_wconf 84' lang='lat' dir='ltr'><strong>discedite,</strong></span> <span class='ocrx_word' id='word_1_306' title='bbox 1692 400 1856 436; x_wconf 79' lang='lat' dir='ltr'><strong>daemones</strong></span> 
     </span>
     <span class='ocr_line' id='line_1_52' title="bbox 1073 448 1854 494; baseline 0.012 -15"><span class='ocrx_word' id='word_1_307' title='bbox 1073 448 1230 480; x_wconf 86' lang='lat' dir='ltr'><strong>universi.</strong></span> <span class='ocrx_word' id='word_1_308' title='bbox 1253 449 1344 482; x_wconf 89' lang='lat' dir='ltr'><strong>Redit</strong></span> <span class='ocrx_word' id='word_1_309' title='bbox 1363 451 1403 483; x_wconf 83' lang='lat' dir='ltr'><strong>ad</strong></span> <span class='ocrx_word' id='word_1_310' title='bbox 1425 460 1536 493; x_wconf 83' lang='lat' dir='ltr'><strong>pacem</strong></span> <span class='ocrx_word' id='word_1_311' title='bbox 1553 453 1707 486; x_wconf 88' lang='lat' dir='ltr'><strong>continuo</strong></span> <span class='ocrx_word' id='word_1_312' title='bbox 1721 454 1854 494; x_wconf 80' lang='lat' dir='ltr'><strong>civitas,</strong></span> 
     </span>
     <span class='ocr_line' id='line_1_53' title="bbox 1073 502 1855 545; baseline 0.012 -13"><span class='ocrx_word' id='word_1_313' title='bbox 1073 503 1105 533; x_wconf 91' lang='lat' dir='ltr'><strong>et</strong></span> <span class='ocrx_word' id='word_1_314' title='bbox 1118 502 1256 534; x_wconf 83' lang='lat' dir='ltr'><strong>civitatis</strong></span> <span class='ocrx_word' id='word_1_315' title='bbox 1271 503 1305 534; x_wconf 92' lang='lat' dir='ltr'><strong>in</strong></span> <span class='ocrx_word' id='word_1_316' title='bbox 1324 513 1358 536; x_wconf 88' lang='lat' dir='ltr'><strong>se</strong></span> <span class='ocrx_word' id='word_1_317' title='bbox 1373 506 1451 545; x_wconf 74' lang='lat' dir='ltr'><strong>Jura</strong></span> <span class='ocrx_word' id='word_1_318' title='bbox 1465 506 1552 539; x_wconf 86' lang='lat' dir='ltr'><strong>cives</strong></span> <span class='ocrx_word' id='word_1_319' title='bbox 1565 516 1680 539; x_wconf 89' lang='lat' dir='ltr'><strong>omnes</strong></span> <span class='ocrx_word' id='word_1_320' title='bbox 1694 517 1770 540; x_wconf 89' lang='lat' dir='ltr'><strong>cum</strong></span> <span class='ocrx_word' id='word_1_321' title='bbox 1785 518 1855 541; x_wconf 83' lang='lat' dir='ltr'><strong>ma-</strong></span> 
     </span>
     <span class='ocr_line' id='line_1_54' title="bbox 1075 555 1857 604; baseline 0.014 -19"><span class='ocrx_word' id='word_1_322' title='bbox 1075 563 1141 595; x_wconf 83' lang='lat' dir='ltr'><strong>gna</strong></span> <span class='ocrx_word' id='word_1_323' title='bbox 1150 555 1380 597; x_wconf 72' lang='lat' dir='ltr'><strong>tranquillitate</strong></span> <span class='ocrx_word' id='word_1_324' title='bbox 1388 559 1573 592; x_wconf 80' lang='lat' dir='ltr'><strong>reformant.</strong></span> <span class='ocrx_word' id='word_1_325' title='bbox 1586 560 1728 602; x_wconf 82' lang='lat' dir='ltr'><strong>Expulsa</strong></span> <span class='ocrx_word' id='word_1_326' title='bbox 1737 563 1857 604; x_wconf 83' lang='lat' dir='ltr'><strong>quippe</strong></span> 
     </span>
     <span class='ocr_line' id='line_1_55' title="bbox 1073 609 1857 657; baseline 0.011 -17"><span class='ocrx_word' id='word_1_327' title='bbox 1073 609 1259 642; x_wconf 81' lang='lat' dir='ltr'><strong>daemonum</strong></span> <span class='ocrx_word' id='word_1_328' title='bbox 1284 612 1456 645; x_wconf 83' lang='lat' dir='ltr'><strong>furibunda</strong></span> <span class='ocrx_word' id='word_1_329' title='bbox 1476 615 1638 655; x_wconf 85' lang='lat' dir='ltr'><strong>superbia,</strong></span> <span class='ocrx_word' id='word_1_330' title='bbox 1654 625 1728 657; x_wconf 79' lang='lat' dir='ltr'><strong>quae</strong></span> <span class='ocrx_word' id='word_1_331' title='bbox 1742 616 1857 649; x_wconf 81' lang='lat' dir='ltr'><strong>civita-</strong></span> 
     </span>
     <span class='ocr_line' id='line_1_56' title="bbox 1073 663 1856 712; baseline 0.011 -18"><span class='ocrx_word' id='word_1_332' title='bbox 1073 665 1139 695; x_wconf 85' lang='lat' dir='ltr'><strong>tem</strong></span> <span class='ocrx_word' id='word_1_333' title='bbox 1156 663 1245 695; x_wconf 83' lang='lat' dir='ltr'><strong>illam</strong></span> <span class='ocrx_word' id='word_1_334' title='bbox 1260 664 1350 697; x_wconf 91' lang='lat' dir='ltr'><strong>velut</strong></span> <span class='ocrx_word' id='word_1_335' title='bbox 1363 666 1527 700; x_wconf 88' lang='lat' dir='ltr'><strong>obsidione</strong></span> <span class='ocrx_word' id='word_1_336' title='bbox 1541 668 1728 709; x_wconf 84' lang='lat' dir='ltr'><strong>vallaverat,</strong></span> <span class='ocrx_word' id='word_1_337' title='bbox 1744 679 1856 712; x_wconf 89' lang='lat' dir='ltr'><strong>super—</strong></span> 
     </span>
     <span class='ocr_line' id='line_1_57' title="bbox 1074 717 1857 762; baseline 0.011 -14"><span class='ocrx_word' id='word_1_338' title='bbox 1074 717 1208 750; x_wconf 85' lang='lat' dir='ltr'><strong>veniens</strong></span> <span class='ocrx_word' id='word_1_339' title='bbox 1225 719 1381 760; x_wconf 84' lang='lat' dir='ltr'><strong>sapientia</strong></span> <span class='ocrx_word' id='word_1_340' title='bbox 1402 722 1565 762; x_wconf 88' lang='lat' dir='ltr'><strong>pauperis,</strong></span> <span class='ocrx_word' id='word_1_341' title='bbox 1587 722 1734 756; x_wconf 86' lang='lat' dir='ltr'><strong>videlicet</strong></span> <span class='ocrx_word' id='word_1_342' title='bbox 1753 723 1857 756; x_wconf 85' lang='lat' dir='ltr'><strong>Fran-</strong></span> 
     </span>
     <span class='ocr_line' id='line_1_58' title="bbox 1073 771 1858 819; baseline 0.01 -17"><span class='ocrx_word' id='word_1_343' title='bbox 1073 771 1147 803; x_wconf 90' lang='lat' dir='ltr'><strong>cisci</strong></span> <span class='ocrx_word' id='word_1_344' title='bbox 1169 772 1347 813; x_wconf 86' lang='lat' dir='ltr'><strong>humilitas,</strong></span> <span class='ocrx_word' id='word_1_345' title='bbox 1371 784 1482 815; x_wconf 85' lang='lat' dir='ltr'><strong>pacem</strong></span> <span class='ocrx_word' id='word_1_346' title='bbox 1503 776 1649 816; x_wconf 88' lang='lat' dir='ltr'><strong>reddidit,</strong></span> <span class='ocrx_word' id='word_1_347' title='bbox 1676 778 1858 819; x_wconf 87' lang='lat' dir='ltr'><strong>urbemque</strong></span> 
     </span>
     <span class='ocr_line' id='line_1_59' title="bbox 1073 826 1858 873; baseline 0.01 -17"><span class='ocrx_word' id='word_1_348' title='bbox 1073 826 1220 858; x_wconf 87' lang='lat' dir='ltr'><strong>salvavit.</strong></span> <span class='ocrx_word' id='word_1_349' title='bbox 1233 826 1370 859; x_wconf 87' lang='lat' dir='ltr'><strong>Humilis</strong></span> <span class='ocrx_word' id='word_1_350' title='bbox 1378 829 1464 860; x_wconf 90' lang='lat' dir='ltr'><strong>enim</strong></span> <span class='ocrx_word' id='word_1_351' title='bbox 1473 829 1660 863; x_wconf 67' lang='lat' dir='ltr'><strong>obedientiae</strong></span> <span class='ocrx_word' id='word_1_352' title='bbox 1672 831 1774 863; x_wconf 83' lang='lat' dir='ltr'><strong>ardua</strong></span> <span class='ocrx_word' id='word_1_353' title='bbox 1785 841 1858 873; x_wconf 89' lang='lat' dir='ltr'><strong>pro-</strong></span> 
     </span>
     <span class='ocr_line' id='line_1_60' title="bbox 1074 881 1857 924; baseline 0.009 -14"><span class='ocrx_word' id='word_1_354' title='bbox 1074 882 1218 912; x_wconf 87' lang='lat' dir='ltr'><strong>merente</strong></span> <span class='ocrx_word' id='word_1_355' title='bbox 1232 881 1364 920; x_wconf 80' lang='lat' dir='ltr'><strong>v1rtute,</strong></span> <span class='ocrx_word' id='word_1_356' title='bbox 1381 891 1477 923; x_wconf 90' lang='lat' dir='ltr'><strong>super</strong></span> <span class='ocrx_word' id='word_1_357' title='bbox 1490 883 1623 924; x_wconf 87' lang='lat' dir='ltr'><strong>spiritus</strong></span> <span class='ocrx_word' id='word_1_358' title='bbox 1639 883 1710 916; x_wconf 93' lang='lat' dir='ltr'><strong>illos</strong></span> <span class='ocrx_word' id='word_1_359' title='bbox 1723 885 1857 917; x_wconf 86' lang='lat' dir='ltr'><strong>rebelles</strong></span> 
     </span>
     <span class='ocr_line' id='line_1_61' title="bbox 1074 934 1857 977; baseline 0.009 -14"><span class='ocrx_word' id='word_1_360' title='bbox 1074 934 1171 973; x_wconf 89' lang='lat' dir='ltr'><strong>atque</strong></span> <span class='ocrx_word' id='word_1_361' title='bbox 1186 936 1353 974; x_wconf 89' lang='lat' dir='ltr'><strong>protervos</strong></span> <span class='ocrx_word' id='word_1_362' title='bbox 1369 938 1432 967; x_wconf 83' lang='lat' dir='ltr'><strong>tam</strong></span> <span class='ocrx_word' id='word_1_363' title='bbox 1449 938 1676 977; x_wconf 86' lang='lat' dir='ltr'><strong>potestativum</strong></span> <span class='ocrx_word' id='word_1_364' title='bbox 1686 938 1793 970; x_wconf 80' lang='lat' dir='ltr'><strong>fuerat.</strong></span> <span class='ocrx_word' id='word_1_365' title='bbox 1805 947 1857 970; x_wconf 84' lang='lat' dir='ltr'><strong>as-</strong></span> 
     </span>
     <span class='ocr_line' id='line_1_62' title="bbox 1073 988 1857 1034; baseline 0.008 -16"><span class='ocrx_word' id='word_1_366' title='bbox 1073 989 1202 1019; x_wconf 89' lang='lat' dir='ltr'><strong>secutus</strong></span> <span class='ocrx_word' id='word_1_367' title='bbox 1215 988 1401 1029; x_wconf 90' lang='lat' dir='ltr'><strong>imperium,</strong></span> <span class='ocrx_word' id='word_1_368' title='bbox 1410 992 1446 1022; x_wconf 90' lang='lat' dir='ltr'><strong>ut</strong></span> <span class='ocrx_word' id='word_1_369' title='bbox 1458 993 1490 1022; x_wconf 89' lang='lat' dir='ltr'><strong>et</strong></span> <span class='ocrx_word' id='word_1_370' title='bbox 1500 990 1643 1031; x_wconf 87' lang='lat' dir='ltr'><strong>ipsorum</strong></span> <span class='ocrx_word' id='word_1_371' title='bbox 1654 992 1773 1024; x_wconf 82' lang='lat' dir='ltr'><strong>feroces</strong></span> <span class='ocrx_word' id='word_1_372' title='bbox 1783 1001 1857 1034; x_wconf 86' lang='lat' dir='ltr'><strong>pro-</strong></span> 
     </span>
     <span class='ocr_line' id='line_1_63' title="bbox 1073 1041 1858 1084; baseline 0.006 -12"><span class='ocrx_word' id='word_1_373' title='bbox 1073 1041 1192 1072; x_wconf 82' lang='lat' dir='ltr'><strong>tervias</strong></span> <span class='ocrx_word' id='word_1_374' title='bbox 1215 1045 1389 1083; x_wconf 87' lang='lat' dir='ltr'><strong>premeret,</strong></span> <span class='ocrx_word' id='word_1_375' title='bbox 1415 1045 1447 1075; x_wconf 88' lang='lat' dir='ltr'><strong>et</strong></span> <span class='ocrx_word' id='word_1_376' title='bbox 1468 1043 1670 1084; x_wconf 83' lang='lat' dir='ltr'><strong>importunas</strong></span> <span class='ocrx_word' id='word_1_377' title='bbox 1687 1045 1858 1078; x_wconf 84' lang='lat' dir='ltr'><strong>violentias</strong></span> 
     </span>
     <span class='ocr_line' id='line_1_64' title="bbox 1073 1095 1853 1139; baseline 0.006 -13"><span class='ocrx_word' id='word_1_378' title='bbox 1073 1095 1285 1136; x_wconf 82' lang='lat' dir='ltr'><strong>propulsaret.</strong></span> <span class='ocrx_word' id='word_1_379' title='bbox 1316 1095 1461 1136; x_wconf 85' lang='lat' dir='ltr'><strong>Fugiunt</strong></span> <span class='ocrx_word' id='word_1_380' title='bbox 1481 1097 1612 1138; x_wconf 89' lang='lat' dir='ltr'><strong>quidem</strong></span> <span class='ocrx_word' id='word_1_381' title='bbox 1636 1098 1765 1139; x_wconf 89' lang='lat' dir='ltr'><strong>superbi</strong></span> <span class='ocrx_word' id='word_1_382' title='bbox 1784 1098 1853 1130; x_wconf 79' lang='lat' dir='ltr'><strong>‹1ae-</strong></span> 
     </span>
     <span class='ocr_line' id='line_1_65' title="bbox 1073 1149 1851 1190; baseline 0.005 -10"><span class='ocrx_word' id='word_1_383' title='bbox 1073 1158 1185 1181; x_wconf 91' lang='lat' dir='ltr'><strong>mones</strong></span> <span class='ocrx_word' id='word_1_384' title='bbox 1199 1149 1340 1181; x_wconf 84' lang='lat' dir='ltr'><strong>excelsas</strong></span> <span class='ocrx_word' id='word_1_385' title='bbox 1353 1150 1486 1182; x_wconf 87' lang='lat' dir='ltr'><strong>virtutes</strong></span> <span class='ocrx_word' id='word_1_386' title='bbox 1502 1150 1684 1190; x_wconf 87' lang='lat' dir='ltr'><strong>humilium,</strong></span> <span class='ocrx_word' id='word_1_387' title='bbox 1702 1152 1761 1183; x_wconf 91' lang='lat' dir='ltr'><strong>nisi</strong></span> <span class='ocrx_word' id='word_1_388' title='bbox 1776 1161 1851 1184; x_wconf 91' lang='lat' dir='ltr'><strong>cum</strong></span> 
     </span>
     <span class='ocr_line' id='line_1_66' title="bbox 1074 1204 1858 1238; baseline 0.004 -3"><span class='ocrx_word' id='word_1_389' title='bbox 1074 1204 1235 1236; x_wconf 84' lang='lat' dir='ltr'><strong>interdum</strong></span> <span class='ocrx_word' id='word_1_390' title='bbox 1257 1205 1296 1235; x_wconf 88' lang='lat' dir='ltr'><strong>ad</strong></span> <span class='ocrx_word' id='word_1_391' title='bbox 1325 1204 1514 1236; x_wconf 88' lang='lat' dir='ltr'><strong>humilitatis</strong></span> <span class='ocrx_word' id='word_1_392' title='bbox 1542 1206 1720 1238; x_wconf 86' lang='lat' dir='ltr'><strong>custodiam</strong></span> <span class='ocrx_word' id='word_1_393' title='bbox 1746 1206 1858 1238; x_wconf 85' lang='lat' dir='ltr'><strong>divina</strong></span> 
     </span>
     <span class='ocr_line' id='line_1_67' title="bbox 1073 1258 1858 1299; baseline 0.006 -11"><span class='ocrx_word' id='word_1_394' title='bbox 1073 1267 1127 1289; x_wconf 90' lang='lat' dir='ltr'><strong>eos</strong></span> <span class='ocrx_word' id='word_1_395' title='bbox 1142 1258 1312 1289; x_wconf 84' lang='lat' dir='ltr'><strong>clementia</strong></span> <span class='ocrx_word' id='word_1_396' title='bbox 1328 1258 1518 1298; x_wconf 86' lang='lat' dir='ltr'><strong>colaphizari</strong></span> <span class='ocrx_word' id='word_1_397' title='bbox 1538 1259 1705 1299; x_wconf 83' lang='lat' dir='ltr'><strong>permittit,</strong></span> <span class='ocrx_word' id='word_1_398' title='bbox 1728 1260 1811 1292; x_wconf 87' lang='lat' dir='ltr'><strong>sieut</strong></span> <span class='ocrx_word' id='word_1_399' title='bbox 1826 1263 1858 1293; x_wconf 82' lang='lat' dir='ltr'><strong>et</strong></span> 
     </span>
     <span class='ocr_line' id='line_1_68' title="bbox 1075 1311 1856 1353; baseline 0.004 -10"><span class='ocrx_word' id='word_1_400' title='bbox 1075 1312 1194 1343; x_wconf 90' lang='lat' dir='ltr'><strong>Paulus</strong></span> <span class='ocrx_word' id='word_1_401' title='bbox 1209 1311 1379 1352; x_wconf 83' lang='lat' dir='ltr'><strong>Apostolus</strong></span> <span class='ocrx_word' id='word_1_402' title='bbox 1394 1312 1433 1343; x_wconf 89' lang='lat' dir='ltr'><strong>de</strong></span> <span class='ocrx_word' id='word_1_403' title='bbox 1447 1312 1551 1353; x_wconf 85' lang='lat' dir='ltr'><strong>seipso</strong></span> <span class='ocrx_word' id='word_1_404' title='bbox 1571 1313 1690 1351; x_wconf 87' lang='lat' dir='ltr'><strong>scribit,</strong></span> <span class='ocrx_word' id='word_1_405' title='bbox 1706 1316 1737 1345; x_wconf 91' lang='lat' dir='ltr'><strong>et</strong></span> <span class='ocrx_word' id='word_1_406' title='bbox 1753 1313 1856 1346; x_wconf 83' lang='lat' dir='ltr'><strong>Fran-</strong></span> 
     </span>
     <span class='ocr_line' id='line_1_69' title="bbox 1073 1366 1855 1408; baseline 0.004 -11"><span class='ocrx_word' id='word_1_407' title='bbox 1073 1366 1175 1398; x_wconf 89' lang='lat' dir='ltr'><strong>ciscus</strong></span> <span class='ocrx_word' id='word_1_408' title='bbox 1190 1366 1411 1406; x_wconf 82' lang='lat' dir='ltr'><strong>experimento</strong></span> <span class='ocrx_word' id='word_1_409' title='bbox 1426 1367 1584 1407; x_wconf 89' lang='lat' dir='ltr'><strong>probavit.</strong></span> <span class='ocrx_word' id='word_1_410' title='bbox 1611 1367 1755 1408; x_wconf 82' lang='lat' dir='ltr'><strong>Rogatus</strong></span> <span class='ocrx_word' id='word_1_411' title='bbox 1768 1369 1855 1400; x_wconf 88' lang='lat' dir='ltr'><strong>enim</strong></span> 
     </span>
     <span class='ocr_line' id='line_1_70' title="bbox 1073 1419 1856 1460; baseline 0.004 -9"><span class='ocrx_word' id='word_1_412' title='bbox 1073 1429 1092 1451; x_wconf 86' lang='lat' dir='ltr'><strong>a</strong></span> <span class='ocrx_word' id='word_1_413' title='bbox 1108 1420 1241 1451; x_wconf 84' lang='lat' dir='ltr'><strong>Domino</strong></span> <span class='ocrx_word' id='word_1_414' title='bbox 1257 1419 1361 1451; x_wconf 88' lang='lat' dir='ltr'><strong>Leone</strong></span> <span class='ocrx_word' id='word_1_415' title='bbox 1384 1420 1540 1451; x_wconf 85' lang='lat' dir='ltr'><strong>Cardinali</strong></span> <span class='ocrx_word' id='word_1_416' title='bbox 1562 1420 1596 1452; x_wconf 89' lang='lat' dir='ltr'><strong>S.</strong></span> <span class='ocrx_word' id='word_1_417' title='bbox 1617 1420 1737 1460; x_wconf 79' lang='lat' dir='ltr'><strong>Crucis,</strong></span> <span class='ocrx_word' id='word_1_418' title='bbox 1754 1424 1792 1453; x_wconf 91' lang='lat' dir='ltr'><strong>ut</strong></span> <span class='ocrx_word' id='word_1_419' title='bbox 1806 1432 1856 1454; x_wconf 84' lang='lat' dir='ltr'><strong>se-</strong></span> 
     </span>
     <span class='ocr_line' id='line_1_71' title="bbox 1073 1475 1858 1516; baseline 0.003 -11"><span class='ocrx_word' id='word_1_420' title='bbox 1073 1484 1148 1506; x_wconf 86' lang='lat' dir='ltr'><strong>cum</strong></span> <span class='ocrx_word' id='word_1_421' title='bbox 1155 1475 1353 1514; x_wconf 86' lang='lat' dir='ltr'><strong>aliquantum</strong></span> <span class='ocrx_word' id='word_1_422' title='bbox 1365 1477 1545 1505; x_wconf 84' lang='lat' dir='ltr'><strong>moraretur</strong></span> <span class='ocrx_word' id='word_1_423' title='bbox 1554 1475 1586 1505; x_wconf 93' lang='lat' dir='ltr'><strong>in</strong></span> <span class='ocrx_word' id='word_1_424' title='bbox 1594 1475 1686 1514; x_wconf 83' lang='lat' dir='ltr'><strong>urbe,</strong></span> <span class='ocrx_word' id='word_1_425' title='bbox 1697 1475 1858 1516; x_wconf 89' lang='lat' dir='ltr'><strong>acquievit</strong></span> 
     </span>
     <span class='ocr_line' id='line_1_72' title="bbox 1074 1528 1854 1568; baseline 0.001 -8"><span class='ocrx_word' id='word_1_426' title='bbox 1074 1528 1241 1560; x_wconf 85' lang='lat' dir='ltr'><strong>humiliter</strong></span> <span class='ocrx_word' id='word_1_427' title='bbox 1255 1528 1296 1559; x_wconf 86' lang='lat' dir='ltr'><strong>ob</strong></span> <span class='ocrx_word' id='word_1_428' title='bbox 1311 1528 1409 1568; x_wconf 88' lang='lat' dir='ltr'><strong>ipsius</strong></span> <span class='ocrx_word' id='word_1_429' title='bbox 1425 1529 1637 1559; x_wconf 85' lang='lat' dir='ltr'><strong>reverentiam</strong></span> <span class='ocrx_word' id='word_1_430' title='bbox 1653 1531 1685 1560; x_wconf 84' lang='lat' dir='ltr'><strong>et</strong></span> <span class='ocrx_word' id='word_1_431' title='bbox 1695 1539 1854 1561; x_wconf 88' lang='lat' dir='ltr'><strong>amorem.</strong></span> 
     </span>
     <span class='ocr_line' id='line_1_73' title="bbox 1075 1582 1858 1622; baseline 0.003 -9"><span class='ocrx_word' id='word_1_432' title='bbox 1075 1582 1181 1613; x_wconf 86' lang='lat' dir='ltr'><strong>Prima</strong></span> <span class='ocrx_word' id='word_1_433' title='bbox 1198 1582 1300 1621; x_wconf 67' lang='lat' dir='ltr'><strong>igitur</strong></span> <span class='ocrx_word' id='word_1_434' title='bbox 1315 1584 1417 1620; x_wconf 86' lang='lat' dir='ltr'><strong>nocte,</strong></span> <span class='ocrx_word' id='word_1_435' title='bbox 1430 1591 1503 1612; x_wconf 85' lang='lat' dir='ltr'><strong>cum</strong></span> <span class='ocrx_word' id='word_1_436' title='bbox 1516 1585 1585 1622; x_wconf 88' lang='lat' dir='ltr'><strong>post</strong></span> <span class='ocrx_word' id='word_1_437' title='bbox 1599 1583 1777 1615; x_wconf 82' lang='lat' dir='ltr'><strong>orationem</strong></span> <span class='ocrx_word' id='word_1_438' title='bbox 1791 1583 1858 1615; x_wconf 85' lang='lat' dir='ltr'><strong>vel-</strong></span> 
     </span>
     <span class='ocr_line' id='line_1_74' title="bbox 1075 1636 1857 1676; baseline 0.001 -9"><span class='ocrx_word' id='word_1_439' title='bbox 1075 1637 1115 1668; x_wconf 88' lang='lat' dir='ltr'><strong>let</strong></span> <span class='ocrx_word' id='word_1_440' title='bbox 1143 1637 1318 1676; x_wconf 54' lang='lat' dir='ltr'><strong>[wiese-erc,</strong></span> <span class='ocrx_word' id='word_1_441' title='bbox 1347 1639 1606 1675; x_wconf 79' lang='lat' dir='ltr'><strong>supervenerunt</strong></span> <span class='ocrx_word' id='word_1_442' title='bbox 1635 1636 1797 1668; x_wconf 77' lang='lat' dir='ltr'><strong>daemones</strong></span> <span class='ocrx_word' id='word_1_443' title='bbox 1825 1637 1857 1668; x_wconf 89' lang='lat' dir='ltr'><strong>in</strong></span> 
     </span>
     <span class='ocr_line' id='line_1_75' title="bbox 1074 1689 1857 1731; baseline 0.001 -10"><span class='ocrx_word' id='word_1_444' title='bbox 1074 1690 1189 1721; x_wconf 80' lang='lat' dir='ltr'><strong>Christi</strong></span> <span class='ocrx_word' id='word_1_445' title='bbox 1201 1690 1334 1720; x_wconf 81' lang='lat' dir='ltr'><strong>militem</strong></span> <span class='ocrx_word' id='word_1_446' title='bbox 1347 1689 1496 1720; x_wconf 84' lang='lat' dir='ltr'><strong>atrociter</strong></span> <span class='ocrx_word' id='word_1_447' title='bbox 1512 1690 1718 1728; x_wconf 79' lang='lat' dir='ltr'><strong>insurgentes</strong></span> <span class='ocrx_word' id='word_1_448' title='bbox 1736 1701 1743 1722; x_wconf 74' lang='grc' dir='ltr'><strong>ι</strong></span> <span class='ocrx_word' id='word_1_449' title='bbox 1759 1699 1857 1731; x_wconf 84' lang='lat' dir='ltr'><strong>quem</strong></span> 
     </span>
     <span class='ocr_line' id='line_1_76' title="bbox 1074 1743 1856 1781; baseline 0 -6"><span class='ocrx_word' id='word_1_450' title='bbox 1074 1753 1146 1775; x_wconf 82' lang='lat' dir='ltr'><strong>cuin</strong></span> <span class='ocrx_word' id='word_1_451' title='bbox 1163 1743 1219 1773; x_wconf 90' lang='lat' dir='ltr'><strong>diu</strong></span> <span class='ocrx_word' id='word_1_452' title='bbox 1236 1743 1467 1780; x_wconf 71' lang='lat' dir='ltr'><strong>verbm-assent,</strong></span> <span class='ocrx_word' id='word_1_453' title='bbox 1485 1752 1521 1773; x_wconf 86' lang='lat' dir='ltr'><strong>ae</strong></span> <span class='ocrx_word' id='word_1_454' title='bbox 1538 1744 1629 1781; x_wconf 88' lang='lat' dir='ltr'><strong>dure,</strong></span> <span class='ocrx_word' id='word_1_455' title='bbox 1648 1744 1688 1775; x_wconf 88' lang='lat' dir='ltr'><strong>ad</strong></span> <span class='ocrx_word' id='word_1_456' title='bbox 1706 1744 1856 1776; x_wconf 87' lang='lat' dir='ltr'><strong>ultimum</strong></span> 
     </span>
     <span class='ocr_line' id='line_1_77' title="bbox 1074 1796 1856 1838; baseline 0.003 -10"><span class='ocrx_word' id='word_1_457' title='bbox 1074 1798 1165 1838; x_wconf 86' lang='lat' dir='ltr'><strong>qnasi</strong></span> <span class='ocrx_word' id='word_1_458' title='bbox 1179 1797 1371 1827; x_wconf 64' lang='lat' dir='ltr'><strong>seminecem</strong></span> <span class='ocrx_word' id='word_1_459' title='bbox 1386 1796 1596 1836; x_wconf 85' lang='lat' dir='ltr'><strong>reliquerunt.</strong></span> <span class='ocrx_word' id='word_1_460' title='bbox 1615 1797 1856 1830; x_wconf 83' lang='lat' dir='ltr'><strong>Discedentibus</strong></span> 
     </span>
     <span class='ocr_line' id='line_1_78' title="bbox 1075 1850 1857 1889; baseline 0.001 -7"><span class='ocrx_word' id='word_1_461' title='bbox 1075 1852 1156 1889; x_wconf 80' lang='lat' dir='ltr'><strong>illis,</strong></span> <span class='ocrx_word' id='word_1_462' title='bbox 1182 1851 1286 1881; x_wconf 85' lang='lat' dir='ltr'><strong>socius</strong></span> <span class='ocrx_word' id='word_1_463' title='bbox 1310 1852 1441 1881; x_wconf 78' lang='lat' dir='ltr'><strong>vocatus</strong></span> <span class='ocrx_word' id='word_1_464' title='bbox 1462 1850 1609 1887; x_wconf 85' lang='lat' dir='ltr'><strong>advenit,</strong></span> <span class='ocrx_word' id='word_1_465' title='bbox 1632 1850 1682 1882; x_wconf 88' lang='lat' dir='ltr'><strong>cui</strong></span> <span class='ocrx_word' id='word_1_466' title='bbox 1705 1860 1780 1882; x_wconf 91' lang='lat' dir='ltr'><strong>cum</strong></span> <span class='ocrx_word' id='word_1_467' title='bbox 1808 1852 1857 1883; x_wconf 93' lang='lat' dir='ltr'><strong>vir</strong></span> 
     </span>
     <span class='ocr_line' id='line_1_79' title="bbox 1076 1904 1854 1944; baseline 0 -8"><span class='ocrx_word' id='word_1_468' title='bbox 1076 1905 1129 1936; x_wconf 83' lang='lat' dir='ltr'><strong>Dei</strong></span> <span class='ocrx_word' id='word_1_469' title='bbox 1147 1905 1190 1936; x_wconf 89' lang='lat' dir='ltr'><strong>rei</strong></span> <span class='ocrx_word' id='word_1_470' title='bbox 1203 1906 1361 1935; x_wconf 73' lang='lat' dir='ltr'><strong>narrasset</strong></span> <span class='ocrx_word' id='word_1_471' title='bbox 1379 1907 1542 1942; x_wconf 81' lang='lat' dir='ltr'><strong>eventum,</strong></span> <span class='ocrx_word' id='word_1_472' title='bbox 1561 1904 1775 1944; x_wconf 77' lang='lat' dir='ltr'><strong>subjungens,</strong></span> <span class='ocrx_word' id='word_1_473' title='bbox 1790 1906 1854 1937; x_wconf 86' lang='lat' dir='ltr'><strong>ait:</strong></span> 
     </span>
     <span class='ocr_line' id='line_1_80' title="bbox 1076 1957 1858 1999; baseline 0.001 -10"><span class='ocrx_word' id='word_1_474' title='bbox 1076 1959 1184 1996; x_wconf 77' lang='lat' dir='ltr'><strong>Credo,</strong></span> <span class='ocrx_word' id='word_1_475' title='bbox 1203 1958 1309 1995; x_wconf 78' lang='lat' dir='ltr'><strong>frater,</strong></span> <span class='ocrx_word' id='word_1_476' title='bbox 1328 1958 1412 1997; x_wconf 88' lang='lat' dir='ltr'><strong>quod</strong></span> <span class='ocrx_word' id='word_1_477' title='bbox 1427 1957 1600 1996; x_wconf 72' lang='lat' dir='ltr'><strong>daemones,</strong></span> <span class='ocrx_word' id='word_1_478' title='bbox 1617 1959 1672 1998; x_wconf 89' lang='lat' dir='ltr'><strong>qni</strong></span> <span class='ocrx_word' id='word_1_479' title='bbox 1689 1958 1769 1989; x_wconf 90' lang='lat' dir='ltr'><strong>nihil</strong></span> <span class='ocrx_word' id='word_1_480' title='bbox 1784 1968 1858 1999; x_wconf 91' lang='lat' dir='ltr'><strong>pos-</strong></span> 
     </span>
     <span class='ocr_line' id='line_1_81' title="bbox 1075 2012 1857 2053; baseline 0.003 -11"><span class='ocrx_word' id='word_1_481' title='bbox 1075 2016 1161 2051; x_wconf 84' lang='lat' dir='ltr'><strong>sunt,</strong></span> <span class='ocrx_word' id='word_1_482' title='bbox 1179 2012 1238 2042; x_wconf 84' lang='lat' dir='ltr'><strong>nisi</strong></span> <span class='ocrx_word' id='word_1_483' title='bbox 1260 2014 1416 2051; x_wconf 85' lang='lat' dir='ltr'><strong>qnantum</strong></span> <span class='ocrx_word' id='word_1_484' title='bbox 1443 2012 1641 2052; x_wconf 83' lang='lat' dir='ltr'><strong>providentia</strong></span> <span class='ocrx_word' id='word_1_485' title='bbox 1656 2022 1794 2053; x_wconf 85' lang='lat' dir='ltr'><strong>superna</strong></span> <span class='ocrx_word' id='word_1_486' title='bbox 1808 2013 1857 2045; x_wconf 89' lang='lat' dir='ltr'><strong>di-</strong></span> 
     </span>
     <span class='ocr_line' id='line_1_82' title="bbox 1076 2066 1855 2107; baseline 0.001 -10"><span class='ocrx_word' id='word_1_487' title='bbox 1076 2067 1191 2107; x_wconf 83' lang='lat' dir='ltr'><strong>sponit,</strong></span> <span class='ocrx_word' id='word_1_488' title='bbox 1208 2066 1278 2096; x_wconf 69' lang='lat' dir='ltr'><strong>ideo</strong></span> <span class='ocrx_word' id='word_1_489' title='bbox 1294 2066 1325 2096; x_wconf 93' lang='lat' dir='ltr'><strong>in</strong></span> <span class='ocrx_word' id='word_1_490' title='bbox 1344 2075 1394 2096; x_wconf 90' lang='lat' dir='ltr'><strong>me</strong></span> <span class='ocrx_word' id='word_1_491' title='bbox 1410 2075 1496 2097; x_wconf 86' lang='lat' dir='ltr'><strong>nunc</strong></span> <span class='ocrx_word' id='word_1_492' title='bbox 1510 2069 1574 2096; x_wconf 89' lang='lat' dir='ltr'><strong>tam</strong></span> <span class='ocrx_word' id='word_1_493' title='bbox 1595 2067 1740 2098; x_wconf 79' lang='lat' dir='ltr'><strong>ferociter</strong></span> <span class='ocrx_word' id='word_1_494' title='bbox 1755 2068 1855 2099; x_wconf 90' lang='lat' dir='ltr'><strong>irrue-</strong></span> 
     </span>
     <span class='ocr_line' id='line_1_83' title="bbox 1077 2121 1857 2161; baseline 0.001 -10"><span class='ocrx_word' id='word_1_495' title='bbox 1077 2125 1163 2158; x_wconf 85' lang='lat' dir='ltr'><strong>runt,</strong></span> <span class='ocrx_word' id='word_1_496' title='bbox 1181 2121 1255 2161; x_wconf 86' lang='lat' dir='ltr'><strong>quia</strong></span> <span class='ocrx_word' id='word_1_497' title='bbox 1271 2130 1334 2151; x_wconf 89' lang='lat' dir='ltr'><strong>non</strong></span> <span class='ocrx_word' id='word_1_498' title='bbox 1352 2121 1468 2150; x_wconf 88' lang='lat' dir='ltr'><strong>bonam</strong></span> <span class='ocrx_word' id='word_1_499' title='bbox 1483 2129 1571 2160; x_wconf 79' lang='lat' dir='ltr'><strong>spem</strong></span> <span class='ocrx_word' id='word_1_500' title='bbox 1588 2121 1714 2160; x_wconf 77' lang='lat' dir='ltr'><strong>praesert</strong></span> <span class='ocrx_word' id='word_1_501' title='bbox 1734 2121 1857 2152; x_wconf 87' lang='lat' dir='ltr'><strong>mansio</strong></span> 
     </span>
     <span class='ocr_line' id='line_1_84' title="bbox 1076 2173 1857 2215; baseline -0.001 -9"><span class='ocrx_word' id='word_1_502' title='bbox 1076 2185 1147 2206; x_wconf 81' lang='lat' dir='ltr'><strong>mea</strong></span> <span class='ocrx_word' id='word_1_503' title='bbox 1159 2176 1190 2205; x_wconf 92' lang='lat' dir='ltr'><strong>in</strong></span> <span class='ocrx_word' id='word_1_504' title='bbox 1207 2175 1296 2206; x_wconf 84' lang='lat' dir='ltr'><strong>curia</strong></span> <span class='ocrx_word' id='word_1_505' title='bbox 1311 2177 1550 2211; x_wconf 64' lang='lat' dir='ltr'><strong>magnatorum.</strong></span> <span class='ocrx_word' id='word_1_506' title='bbox 1569 2173 1693 2205; x_wconf 84' lang='lat' dir='ltr'><strong>Fratres</strong></span> <span class='ocrx_word' id='word_1_507' title='bbox 1709 2174 1783 2211; x_wconf 85' lang='lat' dir='ltr'><strong>mei,</strong></span> <span class='ocrx_word' id='word_1_508' title='bbox 1799 2175 1857 2215; x_wconf 89' lang='lat' dir='ltr'><strong>qui</strong></span> 
     </span>
     <span class='ocr_line' id='line_1_85' title="bbox 1076 2228 1855 2269; baseline -0.001 -10"><span class='ocrx_word' id='word_1_509' title='bbox 1076 2230 1110 2260; x_wconf 92' lang='lat' dir='ltr'><strong>in</strong></span> <span class='ocrx_word' id='word_1_510' title='bbox 1122 2229 1196 2259; x_wconf 83' lang='lat' dir='ltr'><strong>locis</strong></span> <span class='ocrx_word' id='word_1_511' title='bbox 1209 2228 1411 2269; x_wconf 66' lang='lat' dir='ltr'><strong>pauperculis</strong></span> <span class='ocrx_word' id='word_1_512' title='bbox 1424 2230 1674 2266; x_wconf 79' lang='lat' dir='ltr'><strong>commorantur,</strong></span> <span class='ocrx_word' id='word_1_513' title='bbox 1689 2228 1855 2259; x_wconf 79' lang='lat' dir='ltr'><strong>audientes</strong></span> 
     </span>
     <span class='ocr_line' id='line_1_86' title="bbox 1077 2281 1857 2321; baseline -0.001 -9"><span class='ocrx_word' id='word_1_514' title='bbox 1077 2292 1127 2313; x_wconf 84' lang='lat' dir='ltr'><strong>me</strong></span> <span class='ocrx_word' id='word_1_515' title='bbox 1147 2292 1219 2312; x_wconf 82' lang='lat' dir='ltr'><strong>cun]</strong></span> <span class='ocrx_word' id='word_1_516' title='bbox 1245 2282 1465 2312; x_wconf 72' lang='lat' dir='ltr'><strong>(Iar-linalibus</strong></span> <span class='ocrx_word' id='word_1_517' title='bbox 1490 2290 1576 2319; x_wconf 80' lang='lat' dir='ltr'><strong>esse,</strong></span> <span class='ocrx_word' id='word_1_518' title='bbox 1607 2281 1857 2321; x_wconf 86' lang='lat' dir='ltr'><strong>suspicabuntur</strong></span> 
     </span>
     <span class='ocr_line' id='line_1_87' title="bbox 1076 2334 1855 2375; baseline -0.004 -8"><span class='ocrx_word' id='word_1_519' title='bbox 1076 2337 1206 2367; x_wconf 77' lang='lat' dir='ltr'><strong>forsitan</strong></span> <span class='ocrx_word' id='word_1_520' title='bbox 1222 2336 1374 2375; x_wconf 71' lang='lat' dir='ltr'><strong>implicari</strong></span> <span class='ocrx_word' id='word_1_521' title='bbox 1395 2335 1576 2373; x_wconf 85' lang='lat' dir='ltr'><strong>mundanis,</strong></span> <span class='ocrx_word' id='word_1_522' title='bbox 1598 2335 1702 2365; x_wconf 71' lang='lat' dir='ltr'><strong>ell&#39;erri</strong></span> <span class='ocrx_word' id='word_1_523' title='bbox 1725 2334 1855 2365; x_wconf 89' lang='lat' dir='ltr'><strong>honori-</strong></span> 
     </span>
     <span class='ocr_line' id='line_1_88' title="bbox 1076 2387 1854 2427; baseline -0.003 -8"><span class='ocrx_word' id='word_1_524' title='bbox 1076 2390 1148 2427; x_wconf 82' lang='lat' dir='ltr'><strong>bus,</strong></span> <span class='ocrx_word' id='word_1_525' title='bbox 1164 2393 1195 2420; x_wconf 79' lang='lat' dir='ltr'><strong>et</strong></span> <span class='ocrx_word' id='word_1_526' title='bbox 1208 2389 1326 2419; x_wconf 74' lang='lat' dir='ltr'><strong>deliciis</strong></span> <span class='ocrx_word' id='word_1_527' title='bbox 1342 2388 1518 2419; x_wconf 87' lang='lat' dir='ltr'><strong>abundare.</strong></span> <span class='ocrx_word' id='word_1_528' title='bbox 1536 2388 1606 2418; x_wconf 85' lang='lat' dir='ltr'><strong>ldeo</strong></span> <span class='ocrx_word' id='word_1_529' title='bbox 1619 2387 1854 2427; x_wconf 72' lang='lat' dir='ltr'><strong>meliusJudico</strong></span> 
     </span>
     <span class='ocr_line' id='line_1_89' title="bbox 1075 2441 1854 2482; baseline -0.004 -9"><span class='ocrx_word' id='word_1_530' title='bbox 1075 2452 1161 2480; x_wconf 79' lang='lat' dir='ltr'><strong>eum,</strong></span> <span class='ocrx_word' id='word_1_531' title='bbox 1181 2443 1235 2482; x_wconf 85' lang='lat' dir='ltr'><strong>qni</strong></span> <span class='ocrx_word' id='word_1_532' title='bbox 1254 2443 1383 2482; x_wconf 84' lang='lat' dir='ltr'><strong>ponitur</strong></span> <span class='ocrx_word' id='word_1_533' title='bbox 1400 2442 1432 2472; x_wconf 92' lang='lat' dir='ltr'><strong>in</strong></span> <span class='ocrx_word' id='word_1_534' title='bbox 1450 2442 1645 2481; x_wconf 79' lang='lat' dir='ltr'><strong>exemplum,</strong></span> <span class='ocrx_word' id='word_1_535' title='bbox 1667 2441 1778 2479; x_wconf 84' lang='lat' dir='ltr'><strong>sugere</strong></span> <span class='ocrx_word' id='word_1_536' title='bbox 1798 2450 1854 2471; x_wconf 92' lang='lat' dir='ltr'><strong>cu-</strong></span> 
     </span>
     <span class='ocr_line' id='line_1_90' title="bbox 1075 2494 1855 2527; baseline -0.003 0"><span class='ocrx_word' id='word_1_537' title='bbox 1075 2497 1137 2527; x_wconf 82' lang='lat' dir='ltr'><strong>rias</strong></span> <span class='ocrx_word' id='word_1_538' title='bbox 1153 2499 1181 2527; x_wconf 84' lang='lat' dir='ltr'><strong>et</strong></span> <span class='ocrx_word' id='word_1_539' title='bbox 1203 2496 1366 2527; x_wconf 86' lang='lat' dir='ltr'><strong>humiliter</strong></span> <span class='ocrx_word' id='word_1_540' title='bbox 1386 2496 1467 2526; x_wconf 82' lang='lat' dir='ltr'><strong>iuter</strong></span> <span class='ocrx_word' id='word_1_541' title='bbox 1482 2495 1619 2526; x_wconf 81' lang='lat' dir='ltr'><strong>humiles</strong></span> <span class='ocrx_word' id='word_1_542' title='bbox 1637 2494 1669 2524; x_wconf 92' lang='lat' dir='ltr'><strong>in</strong></span> <span class='ocrx_word' id='word_1_543' title='bbox 1684 2494 1760 2524; x_wconf 90' lang='lat' dir='ltr'><strong>locis</strong></span> <span class='ocrx_word' id='word_1_544' title='bbox 1777 2503 1855 2525; x_wconf 88' lang='lat' dir='ltr'><strong>con-</strong></span> 
     </span>
     <span class='ocr_line' id='line_1_91' title="bbox 1076 2548 1855 2587; baseline -0.001 -7"><span class='ocrx_word' id='word_1_545' title='bbox 1076 2551 1196 2581; x_wconf 77' lang='lat' dir='ltr'><strong>versari</strong></span> <span class='ocrx_word' id='word_1_546' title='bbox 1216 2550 1405 2587; x_wconf 75' lang='lat' dir='ltr'><strong>humilibus,</strong></span> <span class='ocrx_word' id='word_1_547' title='bbox 1423 2552 1457 2580; x_wconf 93' lang='lat' dir='ltr'><strong>ut</strong></span> <span class='ocrx_word' id='word_1_548' title='bbox 1472 2549 1661 2579; x_wconf 77' lang='lat' dir='ltr'><strong>sustinentes</strong></span> <span class='ocrx_word' id='word_1_549' title='bbox 1685 2548 1855 2587; x_wconf 77' lang='lat' dir='ltr'><strong>penuriam</strong></span> 
     </span>
     <span class='ocr_line' id='line_1_92' title="bbox 1076 2600 1857 2641; baseline -0.001 -7"><span class='ocrx_word' id='word_1_550' title='bbox 1076 2604 1171 2634; x_wconf 75' lang='lat' dir='ltr'><strong>fortes</strong></span> <span class='ocrx_word' id='word_1_551' title='bbox 1197 2604 1323 2641; x_wconf 80' lang='lat' dir='ltr'><strong>efficiat,</strong></span> <span class='ocrx_word' id='word_1_552' title='bbox 1351 2603 1467 2633; x_wconf 91' lang='lat' dir='ltr'><strong>similia</strong></span> <span class='ocrx_word' id='word_1_553' title='bbox 1495 2600 1689 2632; x_wconf 86' lang='lat' dir='ltr'><strong>sustinendo.</strong></span> <span class='ocrx_word' id='word_1_554' title='bbox 1716 2601 1857 2633; x_wconf 82' lang='lat' dir='ltr'><strong>Veniunt</strong></span> 
     </span>
     <span class='ocr_line' id='line_1_93' title="bbox 1076 2654 1854 2696; baseline -0.003 -8"><span class='ocrx_word' id='word_1_555' title='bbox 1076 2667 1155 2696; x_wconf 77' lang='lat' dir='ltr'><strong>ergo</strong></span> <span class='ocrx_word' id='word_1_556' title='bbox 1172 2666 1276 2695; x_wconf 78' lang='lat' dir='ltr'><strong>mane,</strong></span> <span class='ocrx_word' id='word_1_557' title='bbox 1295 2659 1323 2687; x_wconf 90' lang='lat' dir='ltr'><strong>et</strong></span> <span class='ocrx_word' id='word_1_558' title='bbox 1340 2655 1454 2687; x_wconf 86' lang='lat' dir='ltr'><strong>humili</strong></span> <span class='ocrx_word' id='word_1_559' title='bbox 1466 2654 1669 2686; x_wconf 74' lang='lat' dir='ltr'><strong>excusatione</strong></span> <span class='ocrx_word' id='word_1_560' title='bbox 1681 2655 1854 2695; x_wconf 82' lang='lat' dir='ltr'><strong>proposita,</strong></span> 
     </span>
     <span class='ocr_line' id='line_1_94' title="bbox 1077 2708 1856 2749; baseline -0.003 -7"><span class='ocrx_word' id='word_1_561' title='bbox 1077 2712 1146 2742; x_wconf 84' lang='lat' dir='ltr'><strong>vale</strong></span> <span class='ocrx_word' id='word_1_562' title='bbox 1170 2711 1289 2741; x_wconf 78' lang='lat' dir='ltr'><strong>faciunt</strong></span> <span class='ocrx_word' id='word_1_563' title='bbox 1317 2708 1485 2740; x_wconf 75' lang='lat' dir='ltr'><strong>Cardinali.</strong></span> <span class='ocrx_word' id='word_1_564' title='bbox 1517 2708 1718 2740; x_wconf 81' lang='lat' dir='ltr'><strong>Abhorrebat</strong></span> <span class='ocrx_word' id='word_1_565' title='bbox 1742 2718 1856 2749; x_wconf 85' lang='lat' dir='ltr'><strong>nempe</strong></span> 
     </span>
    </p>
   </div>
  </div>
 </body>
</html>
