2060 3052
270 199 310 229 26

270 273 348 294 sum.
363 273 378 292 n
393 264 428 293 Et
439 262 592 293 concludit
609 270 645 292 cx
663 261 822 300 praemissis
842 259 1003 298 Apostolus
1015 258 1025 276 ¹
1041 268 1050 288 :

275 321 290 339 ιι
303 311 459 341 Plenitudo
473 318 545 347 ergo
565 310 640 346 legis
655 312 698 338 est
712 308 842 338 dilectio.
863 317 878 335 n
899 306 983 337 Ratio
997 306 1052 335 hu-

270 360 320 396 jus
331 358 499 395 argumenti
513 359 557 386 est
571 367 579 386 :
594 357 650 392 Qui
665 356 745 385 enim
756 355 854 392 diligit
866 354 1051 392 proximum,

272 407 356 443 optat
379 406 405 435 ei
431 406 567 440 bonum,
590 407 619 433 et
637 411 698 433 non
722 402 837 431 malum
852 411 860 431 ε
875 410 948 438 ergo
970 409 1051 434 eum,

273 461 364 490 quem
376 453 482 489 diligit,
497 460 559 481 non
574 451 682 481 occidit
692 473 700 486 ,
717 458 772 479 uec
784 451 888 479 contra
907 457 976 478 eum
992 448 1052 477 fur-

273 503 337 529 tum
351 499 524 535 committit,
542 507 597 528 nec
620 500 724 527 contra
747 505 818 526 eum
842 497 951 526 falsum
975 496 1054 525 testi-

273 548 410 576 monium
425 547 506 582 dicit,
521 554 576 575 nec
589 553 637 574 res
655 546 720 582 ejus
743 547 870 582 occupat
891 543 986 573 modo
1005 543 1052 572 in-

273 595 385 630 debito,
400 603 455 623 nec
468 593 598 629 furatur,
619 601 674 622 nec
690 591 889 630 concupiscit,
914 593 943 620 et
958 591 1001 619 sic
1015 591 1054 620 de

274 641 349 670 aliis.
364 643 440 677 Ergo
455 641 507 678 qui
520 640 693 677 proximum
703 639 810 676 diligit,
821 639 959 667 universa
969 646 1054 667 man-

274 689 344 717 data
359 688 504 724 custodit;
520 689 548 716 et
569 695 623 724 per
637 694 824 724 consequens
838 686 935 723 legem
950 685 1054 722 imple-

273 737 324 764 vit.
336 737 368 764 Et
381 738 541 772 propterea
553 735 657 764 beatus
666 736 795 764 ioannes
807 733 975 770 Apostolus,
985 740 1054 761 cum

274 783 314 812 ad
329 782 501 820 sepulcrum
517 783 566 819 (a),
585 782 672 810 vivus
694 781 793 810 adhuc
815 788 953 818 corpore,
969 780 1055 808 disci-

274 829 415 866 pulorum
444 829 584 858 manibus
608 830 791 866 portaretur,
820 827 859 856 ad
888 827 1056 864 quamlibet

274 885 400 914 pausam
414 877 532 906 dicebat
547 876 558 892 ²
574 887 580 905 :
599 887 613 903 «
628 876 722 905 Filioli
735 897 742 911 ,
759 875 886 904 invicem
900 875 1023 911 diligite.
1040 885 1054 902 n

275 925 408 961 Cumque
423 924 466 952 illi
487 926 671 961 quaererent,
687 931 780 960 quare
804 922 880 951 illud
895 922 994 950 solum
1009 921 1055 950 di-

276 974 365 1008 ceret,
381 972 421 1000 ait
437 982 443 1000 :
463 983 476 998 «
493 973 577 1007 Quia,
595 972 619 1000 si
633 972 690 1000 hoc
706 971 803 1000 solum
817 971 878 1006 fiat,
894 970 1002 999 sufficit
1017 970 1056 999 ad

276 1020 410 1048 salutem.
428 1030 441 1046 n
458 1022 553 1057 Turpe
573 1021 632 1056 est,
648 1019 762 1047 foedum
786 1021 844 1054 cst,
862 1026 922 1047 non
937 1025 1056 1046 servare

276 1067 353 1095 hanc
367 1067 465 1103 legem
481 1067 594 1101 Christi,
609 1075 678 1096 cum
693 1066 829 1096 Saraceni
841 1066 939 1102 legem
954 1065 1057 1094 obser-

276 1116 348 1143 vant
362 1116 422 1142 tam
437 1115 564 1143 fideliter
585 1114 770 1143 machometi.
794 1115 841 1142 Est
859 1113 939 1141 euim
954 1113 1057 1141 absur-

277 1162 367 1197 dum,
395 1164 423 1190 et
449 1164 535 1190 rectoe
558 1161 665 1201 rationi
689 1161 887 1195 contrarium,
913 1163 944 1188 ut
959 1160 1057 1196 legem

278 1209 358 1237 illam
369 1217 429 1237 non
446 1209 640 1238 observemus
653 1217 708 1236 nos
723 1208 788 1243 tilii,
800 1216 855 1245 pro
871 1216 931 1244 qua
947 1208 1057 1236 confir-

277 1257 388 1285 manda
415 1259 482 1284 sunt
504 1257 613 1284 mortui
634 1263 732 1292 patres
751 1256 859 1290 nostri,
879 1256 953 1283 sicut
969 1263 1059 1292 apos-

279 1304 340 1339 toli,
356 1306 512 1341 martyres,
528 1306 555 1331 et.
570 1303 654 1331 multi
670 1303 731 1337 alii,
748 1305 776 1331 et
791 1303 874 1339 quod
892 1303 1058 1331 maximum

278 1354 330 1386 est,
346 1352 474 1380 Christus
489 1351 576 1379 Filius
597 1351 644 1378 Dei
658 1351 729 1378 vivi.
744 1352 816 1379 Nam
831 1351 987 1379 brutorum
1004 1350 1059 1378 filii

278 1399 359 1434 leges
373 1400 400 1426 et
415 1398 596 1426 documenta
607 1400 725 1434 patrum
736 1397 777 1425 sic
791 1397 820 1425 in
833 1397 916 1426 omni
926 1400 1058 1434 tempore

278 1449 408 1480 servant,
424 1446 506 1482 quod
522 1446 560 1474 ab
577 1446 619 1473 eis
634 1445 718 1473 nullo
733 1448 819 1481 pacto
840 1445 1001 1477 declinant,
1017 1446 1062 1473 si-

279 1497 328 1522 cut
342 1493 480 1530 exempla
505 1493 735 1521 innumerabilia
757 1493 955 1521 manifestant.
979 1495 1060 1527 Quo-

280 1541 372 1569 modo
388 1549 458 1576 ergo
475 1540 527 1568 filii
544 1541 591 1568 hei
612 1548 671 1568 nou
689 1540 849 1568 observant
872 1541 935 1576 ejus
951 1540 1059 1575 legem,

280 1597 348 1617 cum
369 1588 543 1616 animalium
566 1587 617 1615 tilii
643 1587 683 1615 sic
706 1590 823 1615 servant
848 1587 1061 1616 inviolabiliter

279 1635 377 1671 legem
392 1635 493 1663 bruti?
508 1635 564 1663 Sed
580 1637 682 1662 contra
697 1642 748 1661 eos
764 1634 881 1666 dicitur,
898 1635 1007 1662 Abacuc
1022 1635 1032 1652 ³
1052 1644 1057 1662 :

285 1693 297 1708 «
314 1683 476 1710 nilncerata
497 1684 539 1709 est
559 1682 616 1709 lex.
634 1692 647 1707 »
671 1681 835 1709 Bernartius
851 1681 859 1696 ⁸
875 1691 880 1709 :
901 1681 1061 1715 «Quotidie

281 1730 426 1766 prosterni
455 1732 578 1766 possunt
603 1729 683 1764 leges
711 1729 740 1756 in
768 1729 891 1765 pluteis:
922 1730 974 1756 sed
1002 1737 1061 1757 nou

281 1779 349 1805 sunt
367 1777 560 1805 observantes
582 1777 695 1811 eas(t1),
716 1784 777 1804 non
797 1776 889 1811 litigia
915 1776 1061 1811 sedantes,

282 1825 334 1852 sed
353 1824 452 1859 jurgia
474 1825 736 1851 commoventes.»
758 1823 838 1850 ttndc
861 1823 1012 1851 l‘salmista
1027 1825 1060 1850 ⁵:

285 1882 297 1897 α
320 1872 517 1899 Narraverunt
546 1870 617 1897 mihi
648 1870 741 1907 iniqui
769 1870 981 1905 sabulutiones;
1010 1871 1063 1899 sed

283 1926 343 1946 non
359 1920 389 1946 ut
404 1918 450 1945 lex
467 1921 526 1945 tua.
544 1928 557 1943 n
572 1919 582 1934 ⁶
600 1930 611 1942 n
629 1919 683 1945 Lex
708 1929 720 1943 n
746 1918 825 1945 enim
846 1929 859 1943 (ι
877 1918 989 1946 Domini
1012 1919 1063 1945 im-

283 1966 440 2000 maculata,
458 1968 633 1993 convertens
649 1966 772 1993 animus.
792 1976 804 1990 n

318 2013 431 2045 TerliO‚
447 2012 567 2040 dilectio
593 2012 722 2040 fraterna
738 2015 778 2040 cst
794 2012 906 2040 Christo
921 2013 1064 2040 assimila-

284 2060 353 2094 tiva,
370 2060 437 2087 etin
458 2068 526 2086 eum
557 2059 804 2087 transformatis-a.
831 2060 959 2087 Christus
985 2060 1063 2088 enim

284 2107 314 2134 in
330 2108 444 2134 tantum
460 2106 631 2142 proximum
649 2107 769 2141 amavit,
778 2110 808 2134 ut
823 2115 919 2143 proco
935 2116 965 2135 se
977 2108 1063 2135 morti

286 2154 448 2181 tradiderit.
475 2153 554 2181 Unde
585 2153 690 2181 dicitur
712 2153 721 2168 ⁷
745 2163 751 2182 :
771 2166 782 2179 u
799 2154 913 2190 Reliqui
939 2155 1064 2182 domum

285 2208 395 2235 meam,
411 2200 508 2228 (timisi
525 2201 725 2228 haereditatem
743 2210 854 2235 meam,
881 2201 949 2229 dedi
976 2201 1065 2229 dilee-

284 2250 342 2275 tam
358 2247 488 2275 animam
505 2256 603 2275 mcum
629 2248 656 2275 iu
674 2248 813 2275 manibus
832 2248 1030 2276 inimicorum.
1049 2260 1061 2274 n

283 2296 369 2329 Ergo,
386 2295 436 2330 qui
453 2296 575 2330 propter
596 2294 740 2322 Christum
757 2303 823 2322 vere
845 2295 939 2329 diligit
964 2296 1065 2331 proxi-

281 2349 375 2376 mum,
392 2341 521 2368 maxime
537 2344 616 2368 amat
638 2342 783 2368 Christum
802 2351 807 2368 ε
826 2343 897 2378 quia
914 2343 923 2357 ⁸
944 2345 1065 2379 propter

283 2388 365 2423 quod
383 2387 622 2423 unumquodque
640 2388 707 2422 talc,
725 2391 752 2415 ct
768 2389 842 2416 illud
858 2390 961 2424 magis.
975 2390 1065 2425 Magis

283 2435 363 2462 enim
379 2443 420 2468 sc,
437 2443 527 2471 quam
548 2435 699 2462 medicum
724 2435 837 2470 diligit,
861 2445 951 2471 quem
967 2437 1064 2464 solum

318 2497 324 2512 Ι
341 2498 420 2526 Rom..
437 2503 496 2527 xltl,
514 2500 550 2521 10.
569 2498 617 2515 —2
637 2498 697 2521 llwc
717 2497 794 2521 vorm
811 2498 946 2528 desumpta
962 2499 1064 2529 quiden}

284 2534 338 2556 tum
353 2540 383 2557 ex
400 2534 512 2564 epistulis
527 2534 644 2564 Jonuuis,
658 2536 712 2557 tum
726 2541 755 2557 rx
768 2534 871 2557 historin
883 2535 1067 2563 ‹·r‹·l‹=si:1stirn;

284 2570 405 2592 caeterum
430 2576 460 2593 ea
484 2569 551 2593 dicta
573 2570 649 2594 fuisse
670 2569 702 2593 ab
723 2577 768 2600 eo,
787 2571 847 2593 duni
872 2571 903 2593 ud
926 2571 1065 2601 svpulaev-um

285 2604 360 2628 vivus
378 2607 535 2635 portaretur,
551 2606 611 2629 nihil
629 2608 665 2629 est
687 2606 755 2636 quod
777 2606 875 2636 proin-t.
892 2619 920 2623 —
940 2608 947 2619 ³
963 2607 1065 2634 ΙΙιιΙιιιικ,

288 2646 304 2668 ι,
322 2642 344 2663 4.
357 2654 386 2658 -
404 2641 409 2654 ⁴
424 2642 498 2665 Beru.
518 2655 542 2657 -u
559 2642 568 2657 ⁵
585 2642 869 2666 1¹,mt.·zxvu=.s:‘‚.-
884 2642 1065 2668 ⁸1¹¹nl.xvu¹,

289 2676 311 2699 S,
329 2689 359 2693 —
380 2676 388 2691 7
404 2677 505 2707 Jerem„
523 2683 574 2707 xit,
593 2678 615 2701 Ἰ.
634 2691 662 2694 —-
682 2678 692 2693 ⁸
712 2678 775 2701 Arist
792 2695 797 2707 ,
819 2678 824 2700 l
843 2677 936 2701 vost—r.
954 2678 1067 2707 Auoltsl„

663 192 873 227 SERMONES
894 191 945 224 DE
966 189 1137 224 SANGTts
1158 190 1200 224 IN
1220 189 1415 224 comtum.
1441 190 1492 224 lx.

1107 258 1149 288 ob
1160 266 1281 288 causam
1295 267 1357 288 sum
1373 258 1476 288 salutis
1494 257 1601 294 diligit.
1622 258 1657 286 Et
1677 256 1773 294 magis
1790 256 1888 294 diligit

1106 314 1230 344 equum,
1245 314 1340 344 quam
1354 314 1462 335 aurum
1472 327 1482 342 ,
1496 305 1549 342 qui
1564 312 1673 334 aurum
1695 303 1748 332 dat
1763 305 1889 342 propter

1107 361 1230 391 equum.
1246 355 1322 390 Ergo
1344 352 1370 381 si
1388 352 1456 390 quis
1480 353 1562 381 amat
1587 351 1779 388 proximum,
1806 352 1889 380 amat

1107 400 1254 429 Clu-istum
1263 410 1272 436 ς
1288 401 1317 429 et
1333 399 1479 428 Christum
1497 398 1649 433 amando,
1662 397 1777 426 Christo
1798 405 1830 426 se
1843 396 1889 426 fa-

1108 447 1146 476 cit
1158 447 1297 476 similem.
1312 447 1388 482 Quia
1401 454 1488 475 amor
1501 447 1545 474 est
1557 446 1602 474 vis
1617 445 1771 480 imitativa,
1785 444 1832 473 vis
1841 451 1889 473 as-

1107 495 1278 530 similativa,
1292 497 1322 524 et
1336 495 1382 523 vis
1395 494 1644 523 transformauva.
1660 493 1742 522 Unde
1757 494 1840 529 llugo
1855 493 1887 521 ⁸:

1111 554 1126 570 (ι
1139 543 1217 578 Scio,
1231 544 1333 572 anima
1346 551 1415 572 mea
1426 564 1434 578 ‚
1455 543 1539 580 quod
1559 551 1646 572 amor
1669 544 1713 571 est
1734 541 1793 570 vita
1812 544 1864 570 tua
1880 550 1888 570 ι

1109 591 1259 628 quidquid
1281 591 1394 627 diligit,
1417 589 1644 619 similitudinem
1666 589 1732 625 eius
1747 588 1889 618 transfor-

1108 639 1180 666 mat.
1194 647 1209 664 ιι
1224 637 1301 666 Talis
1315 639 1359 666 est
1372 637 1474 666 anima
1487 637 1549 665 sine
1562 636 1665 665 divino
1680 643 1801 670 amore,
1812 642 1889 672 qua·

1109 685 1144 713 lis
1158 687 1202 713 est
1213 684 1306 713 carbo
1320 685 1383 713 siue
1397 685 1466 720 igne
1481 693 1488 713 :
1506 692 1578 712 nam
1601 683 1694 712 carbo
1707 682 1817 718 ignitus
1835 682 1890 717 est,

1109 733 1234 770 pulcher
1253 735 1282 761 et
1299 732 1493 770 splendidus,
1518 731 1590 768 quia
1612 731 1675 768 igni
1698 730 1890 766 simillimus;

1109 780 1163 809 sed
1178 780 1356 817 expoliatus,
1370 781 1504 808 remanet
1515 779 1704 815 nigerrimus,
1724 781 1753 806 et
1766 780 1891 813 tangen-

1111 827 1183 856 tium
1192 836 1223 856 se
1237 827 1402 856 intectivus.
1415 826 1555 855 Similiter
1565 826 1666 854 anima
1675 825 1780 854 divino
1788 832 1891 853 umore

1110 875 1230 903 incensa
1241 896 1249 910 ‚
1265 876 1293 902 et
1307 873 1481 902 medullitus
1494 875 1658 910 penetrata,
1673 872 1706 901 fit
1720 874 1781 901 tota
1794 871 1893 908 splen-

1113 922 1201 957 dida,
1218 924 1246 950 et
1259 921 1372 950 Christo
1387 920 1554 955 simillima;
1568 920 1621 948 sed
1637 919 1739 948 anima
1751 919 1808 947 hoc
1823 919 1892 954 igne

1112 969 1272 1006 expoliata,
1289 970 1348 997 tota
1368 968 1400 996 fit
1420 967 1530 1004 frigida
1553 969 1582 995 et
1602 966 1698 1002 nigra,
1714 968 1742 994 et
1757 967 1816 994 Deo
1831 973 1893 994 non

1112 1016 1226 1044 similis.
1240 1015 1321 1044 Unde
1336 1015 1444 1044 dicitur
1459 1024 1465 1043 :
1481 1015 1556 1043 Talis
1568 1016 1612 1042 est
1629 1014 1731 1042 anima
1749 1012 1891 1048 hominis,

1113 1063 1210 1100 qualis
1224 1066 1267 1092 est
1281 1062 1401 1091 dilectio
1416 1063 1490 1099 ejus.
1507 1062 1535 1090 Si
1556 1064 1671 1090 terrena
1691 1060 1801 1096 diligis,
1817 1062 1895 1088 terra

1113 1119 1162 1145 es;
1179 1111 1203 1138 si
1218 1110 1327 1138 coelum
1343 1109 1458 1146 diligis,
1475 1109 1584 1137 coelum
1599 1116 1640 1136 es.
1665 1108 1693 1136 Si
1713 1109 1813 1136 autem
1829 1106 1896 1135 dili-

1115 1158 1159 1193 gis
1175 1159 1280 1190 Deum,
1305 1165 1366 1185 non
1391 1156 1489 1185 audeo
1517 1155 1617 1184 dicere
1641 1155 1724 1192 quod
1749 1156 1823 1183 Deus
1837 1154 1893 1191 sis;

1114 1205 1166 1233 sed
1190 1204 1261 1233 audi
1283 1205 1476 1241 prophetam,
1505 1203 1556 1240 qui
1581 1203 1621 1231 ait
1643 1203 1664 1220 ²⁰
1681 1212 1687 1230 .-
1707 1212 1720 1228 ιι
1735 1204 1796 1238 Ego
1820 1201 1894 1236 dixi,

1115 1252 1156 1280 dii
1185 1251 1267 1285 estis,
1292 1254 1319 1280 et
1352 1251 1404 1278 tilii
1429 1250 1541 1278 Excelsi
1574 1257 1688 1278 omnes.
1713 1261 1726 1274 n
1758 1249 1827 1278 Mira
1853 1250 1897 1277 est

1116 1299 1207 1327 virtus
1221 1299 1350 1333 amoris,
1365 1306 1432 1335 quoe
1446 1299 1596 1326 amantem
1621 1297 1650 1324 in
1677 1298 1809 1341 amatum
1828 1303 1898 1324 con-

1116 1346 1210 1380 vertit,
1226 1348 1253 1374 et
1268 1346 1421 1374 hominem
1439 1346 1528 1372 Deum
1543 1343 1623 1378 facit,
1635 1351 1696 1372 non
1711 1345 1829 1377 natura,
1843 1343 1898 1372 sed

1117 1393 1223 1429 gratia:
1234 1393 1315 1429 quia,
1324 1394 1399 1420 sieut
1405 1392 1477 1420 dicit
1487 1392 1612 1426 Boetius,
1624 1392 1848 1420 &Consolatione
1857 1390 1876 1408 ¹¹
1888 1399 1896 1419 :

1119 1443 1250 1469 «Natura
1265 1448 1342 1468 unus
1363 1442 1406 1468 est
1425 1441 1515 1474 Deus;
1541 1439 1593 1466 sed
1613 1438 1839 1475 participatione
1855 1437 1900 1465 ni-

1117 1488 1157 1516 lnl
1174 1488 1312 1525 prohibet
1324 1496 1387 1516 esse
1403 1495 1495 1524 quam
1511 1486 1666 1522 plurimos.
1683 1495 1697 1511 n
1711 1485 1791 1513 Unde
1803 1485 1899 1513 Domi·

1117 1544 1173 1564 nus
1188 1535 1261 1563 dixit
1275 1535 1313 1563 ad
1331 1536 1450 1571 Moysen
1467 1533 1487 1550 ¹¹
1504 1544 1529 1560 :a
1542 1535 1612 1561 Ecce
1621 1533 1758 1561 constitui
1771 1535 1797 1560 te
1808 1532 1899 1560 deum

1119 1583 1288 1611 Pharaonis
1306 1594 1318 1608 »
1337 1582 1393 1610 Sed
1415 1581 1563 1618 numquid
1579 1581 1632 1608 tibi
1647 1588 1755 1617 parum
1770 1580 1898 1615 videtur,

1119 1632 1192 1658 dum
1208 1638 1261 1666 per
1277 1637 1411 1657 amorem
1431 1629 1536 1656 similis
1557 1624 1590 1655 tis
1613 1628 1644 1663 (ν)
1667 1628 1808 1655 summo?
1823 1627 1900 1661 Quid

1119 1678 1176 1706 hoc
1191 1677 1343 1705 nobilius?
1359 1676 1432 1713 quid
1456 1675 1587 1703 melius?
1609 1674 1682 1711 quid
1707 1674 1900 1702 fructuosius?

1120 1727 1191 1753 Nam
1214 1723 1379 1752 secundum
1406 1722 1618 1758 Philosophum
1638 1722 1659 1739 ¹³
1681 1731 1687 1749 :
1707 1731 1720 1747 α
1736 1721 1767 1749 ld
1782 1729 1900 1757 semper

1120 1776 1161 1801 est
1176 1772 1301 1806 melius,
1322 1771 1405 1808 quod
1427 1770 1542 1799 meliori
1567 1760 1702 1797 similius.
1718 1779 1731 1793 ι»
1750 1768 1900 1805 Numquid

1120 1828 1185 1848 notr
1196 1820 1315 1856 aquila,
1332 1820 1368 1847 dc
1384 1818 1428 1846 sui
1444 1821 1550 1846 natura
1562 1839 1570 1852 ‚
1585 1817 1682 1845 tilium
1697 1816 1734 1844 de
1759 1815 1830 1843 nido
1850 1815 1902 1844 ab·

1117 1869 1189 1904 jicit,
1204 1870 1231 1895 et
1245 1875 1304 1895 non
1321 1867 1429 1904 pascit,
1445 1874 1534 1902 quem
1557 1873 1617 1892 sure
1642 1866 1753 1891 naturae
1774 1862 1901 1890 dissimi-

1121 1915 1178 1943 lem
1207 1924 1267 1943 esse
1290 1915 1399 1947 ceruit,
1415 1921 1451 1941 eo
1473 1912 1555 1949 quod
1583 1911 1728 1948 respicere
1750 1910 1844 1938 sotem
1870 1909 1900 1938 in

1121 1966 1185 1991 rota
1203 1970 1260 1990 non
1277 1961 1391 1998 possit?
1414 1962 1486 1988 Nam
1510 1962 1537 1987 et
1559 1959 1640 1987 corvi
1664 1958 1806 1994 parvulos
1831 1965 1900 1985 suos

1122 2019 1181 2038 non
1203 2011 1343 2046 pascunt,
1360 2008 1455 2035 donec
1481 2015 1532 2034 eos
1555 2005 1666 2033 similes
1689 2005 1744 2032 sihi
1759 2013 1822 2033 esse
1837 2012 1900 2032 cer-

1122 2049 1209 2087 nunt:
1226 2056 1277 2083 sed
1295 2063 1379 2089 mox,
1405 2062 1473 2081 cum
1493 2053 1531 2081 ad
1553 2053 1596 2080 sui
1619 2052 1842 2079 similitudinem
1859 2051 1901 2079 ni-

1122 2113 1253 2140 grescere
1283 2103 1442 2139 incipiunt,
1477 2109 1544 2129 cum
1576 2100 1775 2128 sollieitudine
1809 2100 1902 2128 multa

1123 2154 1256 2189 pascunt.
1273 2151 1369 2179 Sciant
1392 2157 1464 2183 ergo
1486 2156 1604 2181 omnen
1629 2147 1679 2183 qui
1703 2155 1771 2174 cum
1794 2147 1902 2176 sanctis

1123 2198 1270 2235 apostolis
1284 2197 1454 2234 proximum
1467 2203 1527 2222 non
1541 2193 1769 2229 diligunt,quod
1782 2196 1902 2230 propter

1122 2248 1179 2275 hoc
1209 2248 1266 2274 Deo
1296 2245 1406 2272 similes
1431 2251 1490 2270 uon
1516 2242 1655 2276 exisu1nt5
1679 2244 1708 2269 et
1731 2242 1813 2278 quod
1828 2243 1903 2278 abji-

1123 2294 1219 2322 ciendi
1235 2294 1313 2326 sunt,
1331 2291 1411 2319 velut
1426 2290 1525 2326 pullus
1541 2289 1665 2325 aquilae,
1687 2292 1730 2323 et,
1750 2289 1825 2317 sicut
1839 2297 1903 2318 cor-

1123 2349 1229 2370 vorum
1243 2339 1334 2376 pulli,
1352 2347 1369 2366 a
1387 2340 1444 2366 ltoo
1461 2338 1539 2374 pasci
1556 2337 1636 2372 digni
1653 2339 1733 2371 sunt;
1750 2340 1777 2365 et
1791 2337 1846 2364 sibi
1862 2337 1902 2373 (d)

1123 2387 1281 2416 dissimiles
1306 2394 1366 2414 esse
1393 2385 1582 2413 inveniuntur
1603 2384 1633 2411 in
1654 2385 1726 2418 tine,
1754 2383 1901 2418 abjiciun-

1123 2462 1144 2478 c.
1166 2460 1198 2483 u,
1223 2455 1272 2477 text
1311 2454 1333 2475 .¹'›.
1360 2465 1383 2468 —
1409 2454 1419 2468 ἱ·
1439 2453 1503 2480 nug,
1527 2463 1556 2468 —
1579 2451 1597 2466 ¹⁰
1621 2449 1689 2474 Psal.
1712 2455 1804 2477 mxxv,
1830 2452 1852 2472 u.
1874 2462 1900 2466 -

1124 2491 1140 2507 ¹¹
1165 2491 1245 2519 nom,
1271 2489 1301 2512 (lu
1322 2488 1421 2513 Consul.
1448 2488 1514 2511 Phil.
1540 2501 1570 2504 —
1594 2487 1610 2502 '¹
1639 2485 1728 2514 Esod..
1755 2491 1805 2514 vit,
1834 2489 1852 2510 l.
1874 2500 1898 2503 --

1124 2527 1144 2543 ¹³
1165 2527 1251 2556 Arist„
1275 2525 1341 2556 Τομ,
1365 2525 1407 2548 hb.
1435 2525 1476 2553 ΙΙΙ,
1497 2532 1520 2548 c.
1546 2529 1574 2553 tl,
1599 2522 1648 2546 loc.
1672 2523 1711 2549 32,
1736 2524 1759 2545 vt
1779 2521 1808 2544 rb:
1829 2522 1899 2550 (“(ιἸ.,

1124 2563 1166 2587 ΙίΙ).
1185 2563 1214 2593 ll,
1230 2564 1293 2586 text.
1309 2563 1331 2586 ti.

1156 2607 1189 2636 (a)
1211 2605 1284 2628 Forte
1304 2604 1353 2635 leq.
1375 2602 1522 2632 ecclesiam,
1542 2609 1572 2624 ex
1591 2601 1707 2629 theron,
1724 2601 1747 2623 m
1771 2601 1850 2631 k'lust.
1870 2601 1904 2624 nd

1126 2642 1194 2670 Gal..
1212 2641 1254 2664 tu..
1273 2640 1313 2666 tv,
1331 2647 1353 2664 c.
1371 2646 1406 2662 xi.
1419 2652 1448 2657 —
1466 2638 1499 2666 (h)
1515 2638 1574 2660 '‘a-l.
1591 2636 1652 2659 «virt.
1665 2643 1731 2660 eam.
1749 2649 1776 2653 —
1791 2637 1822 2667 (c)
1840 2636 1901 2661 Coet.

1125 2678 1185 2701 edd.
1202 2677 1244 2701 sis.
1262 2690 1290 2693 —
1306 2676 1341 2707 (d)
1360 2676 1415 2706 bey.
1431 2675 1451 2698 si
1464 2674 1495 2698 ei.

1943 1965 2022 1987 Exem-

1916 1997 1959 2023 plu.
