2029 3052
930 233 1061 266 CAPUT
1083 235 1136 267 ΙΙΙ.

224 299 418 339 promeruit,
436 300 502 331 tam
523 299 686 341 prioritate
707 299 876 340 temporis,
903 310 1001 340 qnam

224 352 395 393 privilegio
413 353 597 385 sanctitatis.
614 353 672 384 Hic
685 353 771 384 enim
786 353 869 385 servi
885 352 1002 384 Christi

224 406 395 438 sanctitate
410 408 581 447 comperta,
604 406 704 447 ipsius
729 406 876 447 exemplo
893 406 1000 447 dispo--

224 469 304 491 nens
317 460 451 500 perfecte
466 462 669 492 contemnere
690 460 859 496 mundum,
881 461 921 491 ab
945 470 1001 492 eo-

224 513 309 552 dem,
325 513 463 554 qualiter
478 514 509 546 id
522 515 697 555 perficeret,
710 514 881 546 consilium
897 514 1004 555 requi-

224 567 309 599 sivit.
337 566 405 604 Quo
430 568 550 607 audito,
572 568 627 600 Dei
648 569 786 600 famulus
806 577 863 608 pro
889 568 1003 608 primae

223 619 323 660 prolis
338 623 491 662 conceptu
507 621 614 653 Sancti
629 623 768 663 Spiritus
789 623 1003 654 consolatione

224 673 365 715 repletus
384 685 390 705 :
409 675 438 705 A
458 674 521 706 Deo
545 677 601 715 est,
618 677 734 716 inquit,
750 677 812 707 hoc
833 677 1003 708 consilium

224 727 468 767 requirendum.
485 727 691 760 Intraverunt
698 730 831 770 proinde
840 730 1004 762 ecclesiam

224 779 257 811 S.
271 779 402 819 Nicolai,
420 790 516 812 mane
527 783 596 822 ¹iam
610 782 703 820 facto,
719 785 750 814 et
764 784 908 815 oratione
922 793 1005 824 prae-

223 832 333 872 missa,
350 833 451 864 cultor
466 834 630 866 Trinitatis
644 835 831 867 Franciscus
842 838 890 868 ter
903 837 1006 869 Evan-

223 885 385 926 geliorum
400 887 522 918 librum
536 889 672 929 apernit,
690 890 778 921 trino
798 899 973 930 exposcens
986 901 1005 922 a

223 939 287 972 Deo
298 941 478 973 testimonio
486 944 632 973 sanctum
643 942 795 975 Bernardi
806 944 1002 984 propositum

224 994 419 1026 confirmari.
452 995 489 1026 In
513 996 618 1036 prima
641 996 715 1027 libri
739 998 903 1038 apertione
926 998 1005 1030 illud

224 1048 362 1079 occurrit
379 1059 386 1080 :
402 1048 441 1079 Si
453 1050 504 1082 vis
517 1050 677 1090 perfectus
688 1058 764 1090 esse,
779 1051 874 1090 vade,
889 1054 918 1084 et
929 1060 1004 1084 ven-

225 1101 264 1134 de
278 1103 399 1141 omnia,
413 1111 484 1143 quoe
497 1103 603 1142 habes,
615 1108 645 1137 et
655 1104 700 1137 da
717 1106 914 1146 pauperibus
929 1106 950 1137 ¹.
970 1106 1006 1137 In

224 1157 364 1189 secunda
379 1169 385 1189 ε
402 1158 495 1191 Nihil
510 1160 654 1193 tuleritis
679 1161 716 1192 in
731 1162 823 1194 vz'ct2.
853 1161 889 1192 In
914 1162 1007 1193 tertia

225 1219 302 1242 vero
319 1220 327 1242 :
343 1212 407 1249 Qui
425 1212 493 1245 vult
514 1215 621 1246 venire
643 1217 716 1254 post
733 1223 793 1253 me,
810 1215 943 1256 abneget
959 1224 1005 1248 se-

224 1266 407 1305 metipsum,
426 1269 455 1297 et
470 1267 559 1299 tollat
576 1275 701 1300 crucem
715 1277 818 1308 suam,
842 1272 871 1301 et
890 1277 1004 1309 sequa·-

225 1320 278 1350 tur
292 1327 340 1351 me
353 1319 374 1351 ³.
393 1319 468 1351 Haec
483 1322 540 1359 est,
557 1321 601 1352 ait
615 1322 666 1353 vir
680 1325 818 1361 sanctus,
835 1322 901 1355 vita
917 1326 947 1354 et
960 1332 1008 1354 re-

226 1372 304 1412 gula
321 1375 441 1413 nostra,
456 1375 668 1416 omniumque
683 1376 739 1416 qui
753 1378 872 1408 nostrae
892 1377 1004 1408 volue-

223 1426 289 1457 rint
307 1427 449 1459 societati
473 1429 638 1469 conjungi.
665 1429 751 1461 Vade
774 1430 888 1469 igitur,
914 1431 941 1461 si
957 1431 1006 1463 vis

223 1480 381 1520 perfectus
393 1491 472 1522 esse,
490 1486 521 1514 et
540 1484 666 1524 perfice,
689 1494 762 1525 quae
784 1485 911 1516 audisti.
936 1485 1007 1516 Non

224 1534 327 1566 multo
343 1539 425 1576 post,
449 1537 569 1569 vocatis
593 1538 705 1569 eodem
728 1538 843 1578 spiritu
862 1539 1007 1579 quinque

223 1587 314 1627 viris,
336 1589 476 1621 filiorum
495 1590 657 1622 Francisci
681 1592 826 1623 senarius
849 1601 1006 1623 numerus

224 1641 401 1682 completus
415 1646 485 1676 est:
510 1644 594 1676 inter
617 1654 698 1685 quos
722 1646 854 1677 tertium
876 1647 1007 1677 sortitus

223 1696 270 1725 est
284 1695 391 1727 locum
408 1700 537 1729 sanctus
549 1700 639 1739 pater
653 1699 812 1739 AEgidius,
829 1700 879 1732 vir
894 1700 1006 1740 utique

224 1748 287 1780 Deo
300 1749 426 1790 plenus,
444 1754 475 1782 et
489 1752 606 1783 celebri
622 1754 777 1784 memoria
791 1753 914 1793 dignus
928 1764 935 1784 z
952 1754 1007 1784 hic

224 1803 344 1834 etenim
378 1806 584 1845 postmodum
622 1807 781 1839 virtutum
816 1807 1006 1838 sublimium

225 1857 452 1889 exercitatione
473 1859 659 1899 praeclarus,
683 1860 764 1891 sicut
785 1860 924 1892 famulus
945 1861 1006 1892 Do-

224 1909 305 1940 mini
322 1910 360 1942 de
372 1911 441 1951 ipso
457 1913 618 1952 praedixit,
635 1923 820 1954 quanquam
836 1916 917 1945 esset
929 1914 1006 1945 idio-

224 1964 257 1994 ta
275 1965 307 1994 et
331 1964 481 2005 simpleX,
507 1966 547 1997 ad
571 1967 705 1998 excelsae
728 1967 1006 2007 contemplationis

225 2017 419 2050 sublimatus
445 2022 492 2051 est
523 2021 688 2052 verticem.
715 2020 797 2053 Nam
823 2031 880 2062 per
904 2022 1007 2053 multa

225 2071 385 2103 curricula
399 2075 583 2114 temporum
607 2084 737 2106 sursum
757 2075 934 2106 actionibus
956 2075 1006 2107 in-

226 2127 384 2157 cessanter
405 2127 483 2158 adeo
504 2128 623 2159 crebris
644 2129 678 2158 in
700 2128 801 2160 Deum
822 2129 1006 2169 rapiebatur

228 2179 420 2218 excessibus,
437 2182 711 2221 quemadmodum
726 2184 757 2214 et
770 2192 833 2222 ego
847 2183 914 2222 ipse
929 2192 1007 2214 ocu-

227 2230 290 2261 lata
303 2232 366 2263 fide
380 2236 544 2275 conspexi,
558 2238 594 2267 ut
606 2237 712 2276 magis
728 2239 912 2268 censeretur
922 2237 1007 2268 inter

227 2283 376 2317 homines
390 2287 491 2319 vitam
507 2290 688 2329 angelicam
707 2300 814 2330 agere,
829 2300 928 2330 quam
942 2291 1004 2322 hu-

228 2349 370 2374 manam.
387 2343 444 2375 Illo
459 2354 588 2385 quoque
598 2349 741 2387 tempore
756 2347 883 2378 cuidam
905 2355 1007 2377 sacer-

227 2394 293 2426 doti
314 2396 451 2429 civitatis
467 2399 590 2438 Assisii,
609 2400 739 2431 nomine
766 2399 931 2439 Silvestre,
947 2401 1005 2431 ho-

228 2450 328 2481 nestae
352 2452 602 2484 conversationis
624 2454 707 2492 viro,
732 2454 882 2493 quaedam
906 2463 925 2485 a
945 2454 1005 2485 Do—

227 2502 316 2534 mino
339 2503 400 2535 fuit
420 2509 546 2537 ostensa
571 2506 654 2538 visio
675 2515 742 2538 non
761 2508 903 2540 tacenda.
928 2507 1007 2539 Cum

228 2555 315 2587 enim
336 2558 470 2589 modum
495 2562 526 2591 et
550 2560 637 2592 viam
662 2560 830 2599 Francisci,
856 2562 1008 2593 fratrum-

228 2617 292 2648 que
307 2619 441 2643 suorum
455 2613 600 2646 humano
619 2614 735 2654 spiritu
754 2615 952 2655 abhorreret,
967 2625 1008 2647 ne

260 2690 270 2706 ²
294 2691 395 2720 Mattla„
417 2700 474 2724 mx,
499 2697 538 2720 21.
553 2708 584 2713 —
603 2696 614 2712 2
635 2696 704 2727 Luc„
724 2702 763 2727 1x,
785 2698 807 2721 3.
826 2709 854 2715 —
875 2697 883 2710 ³
904 2697 1006 2728 Mattlz„

229 2729 283 2756 xw,
299 2727 338 2750 24.

1779 239 1833 269 301

1056 304 1289 343 periclitaretur
1316 314 1374 346 pro
1397 305 1577 337 temeritate
1605 305 1739 346 Judicii,
1769 314 1837 337 res-

1057 360 1150 396 pectu
1169 358 1230 389 fuit
1253 368 1402 400 supernae
1425 359 1539 399 gratiae
1560 359 1720 391 visitatus.
1743 358 1837 391 Vide-

1057 409 1111 440 bat
1123 420 1263 452 namque
1279 413 1312 444 in
1331 413 1451 444 somnis
1471 415 1571 445 totam
1593 413 1706 444 Assisii
1725 412 1836 444 civita-

1057 464 1122 494 tem
1133 474 1151 494 a
1165 465 1303 497 dracone
1317 476 1436 506 magno
1448 466 1652 506 circumdari,
1665 476 1731 507 prae
1745 467 1839 506 cujus

1058 518 1282 557 magnitudine
1310 521 1427 558 nimia,
1455 522 1519 552 tota
1547 521 1639 560 regio
1670 520 1839 552 videbatur

1057 574 1250 606 exterminio
1266 576 1441 615 subjacere.
1458 577 1676 608 Contuebatur
1698 576 1840 617 posthaec

1058 636 1185 658 crucem
1212 629 1387 668 quamdam
1417 639 1549 661 auream
1579 640 1620 662 ex
1648 639 1702 662 ore
1730 639 1839 671 proce-

1058 680 1185 712 dentem
1219 682 1395 722 Francisci‚
1428 684 1521 723 cujus
1551 685 1722 715 summitas
1746 685 1842 715 coelos

1058 735 1224 775 tangebat,
1241 737 1398 777 cujusque
1413 737 1544 768 brachia
1566 740 1716 777 protensa
1734 738 1768 769 in
1792 738 1841 769 la-

1059 790 1130 819 tum
1146 799 1248 830 usque
1270 790 1310 821 ad
1335 791 1451 822 mundi
1474 791 1556 822 fines
1574 791 1767 823 videbantur
1789 802 1842 823 ex-

1059 842 1156 882 tendi,
1180 843 1220 874 ad
1244 845 1337 884 cujus
1357 845 1454 875 etiam
1482 847 1646 884 aspectum
1673 845 1842 885 praefulgi-

1059 897 1137 928 dum
1154 897 1248 929 draco
1263 898 1315 929 ille
1332 900 1413 930 teter
1427 901 1458 930 et
1479 899 1631 930 horridus
1648 900 1774 940 penitus
1788 900 1842 931 fu-

1060 951 1210 991 gabatur.
1228 951 1293 983 Hoc
1308 952 1386 984 dum
1410 953 1471 984 sibi
1486 953 1579 984 tertio
1595 956 1841 993 monstraretur,

1060 1004 1210 1036 divinum
1225 1005 1413 1036 existimans
1423 1015 1491 1037 esse
1506 1007 1685 1046 oraculum,
1700 1008 1769 1039 viro
1787 1007 1843 1038 Dei

1062 1059 1093 1089 et
1106 1058 1259 1091 fratribus
1274 1059 1341 1090 suis
1356 1069 1414 1100 per
1436 1060 1584 1092 ordinem
1607 1061 1787 1099 enarravit;
1807 1070 1844 1092 ac

1061 1121 1126 1143 non
1152 1112 1256 1144 multo
1282 1116 1353 1154 post
1380 1116 1523 1155 tempore
1556 1115 1716 1146 mundum
1746 1115 1843 1146 relin-

1061 1175 1176 1206 quens,
1198 1168 1344 1207 vestigiis
1369 1168 1483 1200 Christi
1510 1169 1554 1200 sic
1577 1169 1712 1209 perfecte
1734 1169 1843 1200 adhae-

1062 1220 1114 1258 sit,
1131 1221 1217 1260 quod
1238 1221 1303 1253 vita
1320 1222 1419 1262 ipsius
1434 1222 1468 1253 in
1488 1223 1606 1254 Ordine
1624 1223 1844 1254 authenticam

1062 1274 1165 1305 reddit
1178 1284 1262 1313 eam,
1283 1284 1383 1315 quam
1406 1276 1437 1306 in
1462 1277 1578 1308 saeculo
1602 1277 1769 1314 habuerat,
1793 1277 1846 1309 vi-

1062 1328 1196 1359 sionem.
1222 1328 1271 1359 Ex
1296 1329 1397 1369 hujus
1419 1330 1551 1361 visionis
1579 1331 1692 1362 auditu
1717 1331 1767 1362 vir
1789 1330 1845 1362 Dei

1061 1391 1126 1412 non
1141 1382 1175 1412 in
1190 1382 1295 1422 gloria
1315 1385 1362 1414 est
1376 1383 1478 1414 elatus
1498 1384 1656 1423 humana3
1673 1384 1728 1415 sed
1752 1385 1844 1415 boni-

1062 1438 1161 1466 tatem
1182 1436 1236 1467 Dei
1260 1437 1295 1467 in
1320 1437 1387 1468 suis
1410 1437 1573 1468 beneficiis
1596 1447 1845 1478 recognoscens,

1062 1489 1176 1520 fortius
1191 1490 1352 1521 animatus
1367 1493 1415 1522 est
1430 1491 1469 1522 ad
1484 1492 1583 1523 hostis
1597 1492 1722 1532 antiqui
1733 1492 1848 1532 fugan-

1063 1543 1137 1574 dam
1162 1544 1358 1583 versutiam,
1384 1547 1415 1576 et
1437 1547 1541 1576 crucis
1565 1545 1680 1576 Christi
1708 1546 1846 1586 gloriam

1063 1597 1313 1637 praedicandam.
1339 1598 1482 1635 Quadam
1505 1601 1614 1630 autem
1631 1600 1693 1637 die,
1719 1600 1797 1631 dum
1813 1600 1847 1630 in

1062 1650 1203 1690 quodam
1218 1651 1358 1682 solitario
1373 1652 1441 1683 loco
1458 1661 1560 1684 annos
1575 1662 1650 1684 suos
1669 1653 1703 1684 in
1727 1654 1847 1684 amari-

1062 1704 1173 1735 tudIne
1188 1705 1370 1744 recogitans
1384 1706 1573 1746 deploraret,
1593 1708 1693 1738 sancti
1707 1706 1847 1747 Spiritus

1061 1758 1096 1788 in
1110 1767 1186 1789 enm
1196 1760 1443 1799 superveniente
1453 1760 1576 1800 laetitia,
1594 1762 1785 1792 certificatus
1796 1764 1843 1793 est

1063 1811 1102 1842 de
1115 1812 1305 1844 remissione
1320 1813 1464 1853 plenaria
1478 1815 1626 1845 omnium
1641 1815 1843 1846 delictorum.

1064 1865 1184 1906 Raptus
1198 1866 1310 1898 deinde
1325 1876 1422 1908 supra
1436 1877 1481 1907 se,
1503 1878 1539 1899 ac
1558 1869 1591 1899 in
1606 1870 1766 1909 quoddam
1783 1870 1842 1900 mi'-

1063 1919 1202 1950 randum
1237 1920 1347 1952 lumen
1376 1923 1461 1953 totus
1492 1923 1678 1963 absorptus,
1715 1924 1844 1955 dilatato

1063 1974 1180 2004 mentis
1194 1973 1279 2013 sinu,
1304 1984 1378 2014 quae
1401 1975 1485 2006 circa
1499 1984 1531 2007 se
1553 1978 1585 2008 et
1603 1977 1686 2008 filios
1705 1986 1778 2008 suos
1792 1978 1844 2008 fu-

1063 2028 1136 2057 tura
1150 2029 1252 2066 erant,
1270 2028 1451 2060 luculenter
1465 2030 1598 2070 aspexit.
1623 2029 1695 2061 Post
1718 2031 1779 2062 hoc
1794 2041 1845 2062 re-

1064 2089 1176 2112 versus
1191 2081 1231 2112 ad
1247 2082 1357 2113 fratres
1373 2094 1379 2114 z
1398 2082 1638 2122 Confortamini,
1657 2084 1711 2123 ait,
1728 2084 1846 2114 charis-

1063 2134 1153 2172 simi,
1171 2136 1202 2165 et
1217 2135 1354 2174 gaudete
1369 2136 1403 2166 in
1419 2136 1563 2175 Domino,
1578 2146 1647 2175 nec,
1664 2137 1739 2177 quia
1752 2138 1845 2178 pauci

1063 2188 1151 2226 estis,
1171 2189 1353 2220 efficiamini
1372 2189 1496 2228 tristes,
1522 2199 1626 2230 neque
1645 2200 1703 2222 vos
1728 2193 1845 2222 terreat

1064 2250 1135 2272 mea
1150 2242 1203 2273 vel
1217 2244 1323 2273 vestra
1346 2243 1530 2283 simplicitas
1547 2255 1553 2274 z
1577 2245 1745 2283 quoniam,
1763 2246 1844 2276 sicut

1064 2294 1144 2325 mibi
1157 2304 1175 2325 a
1194 2294 1330 2327 Domino
1350 2296 1383 2326 in
1406 2296 1539 2328 veritate
1557 2299 1720 2328 ostensum
1739 2301 1796 2337 est,
1813 2301 1844 2329 et

1064 2349 1098 2379 in
1119 2357 1275 2388 magnam
1304 2349 1544 2381 multitudinem
1568 2351 1661 2381 faciet
1682 2360 1741 2382 nos
1762 2351 1844 2382 Deus

1064 2410 1213 2440 crescere,
1230 2411 1363 2442 suaeque
1378 2403 1606 2434 benedictionis
1619 2405 1724 2443 gratia
1738 2405 1845 2436 multi-

1064 2455 1185 2495 pliciter
1199 2455 1354 2487 dilatabit.

1104 2508 1224 2540 Eodem
1236 2518 1364 2549 quoque
1379 2511 1521 2550 tempore
1537 2511 1676 2550 quodam
1686 2512 1749 2543 alio
1759 2513 1844 2544 bono

1064 2562 1135 2594 viro
1163 2562 1364 2603 Religionem
1383 2564 1541 2603 intrante,
1568 2565 1608 2596 ad
1627 2566 1844 2606 septenarium

1065 2625 1240 2647 numerum
1255 2617 1317 2649 viri
1332 2617 1387 2648 Dei
1408 2617 1533 2648 soboles
1547 2618 1713 2651 benedicta
1731 2630 1844 2661 perve-

1065 2669 1124 2700 nit.
1141 2669 1230 2702 Tunc
1245 2671 1317 2711 pius
1332 2673 1421 2710 pater
1435 2680 1547 2703 omnes
1562 2673 1601 2704 ad
1616 2683 1649 2705 se
1670 2674 1754 2706 filios
1769 2685 1844 2707 con-

1066 2725 1206 2763 vocavit,
1224 2727 1254 2755 et
1269 2725 1361 2764 plura
1374 2726 1419 2756 eis
1435 2725 1473 2756 de
1496 2735 1599 2765 regno
1626 2727 1691 2766 Dei,
1712 2729 1750 2760 de
1770 2739 1845 2761 con-
