<?xml version="1.0" encoding="UTF-8"?>
<!DOCTYPE html PUBLIC "-//W3C//DTD XHTML 1.0 Transitional//EN"
    "http://www.w3.org/TR/xhtml1/DTD/xhtml1-transitional.dtd">
<html xmlns="http://www.w3.org/1999/xhtml" xml:lang="en" lang="en">
 <head>
  <title>
</title>
<meta http-equiv="Content-Type" content="text/html;charset=utf-8" />
  <meta name='ocr-system' content='tesseract 3.04.00' />
  <meta name='ocr-capabilities' content='ocr_page ocr_carea ocr_par ocr_line ocrx_word'/>
</head>
<body>
  <div class='ocr_page' id='page_1' title='image "./operaomniasixtiv14bonauoft/operaomniasixtiv14bonauoft_0456.png"; bbox 0 0 2029 3052; ppageno 0'>
   <div class='ocr_carea' id='block_1_1' title="bbox 227 231 287 261">
    <p class='ocr_par' dir='ltr' id='par_1_1' title="bbox 227 231 287 261">
     <span class='ocr_line' id='line_1_1' title="bbox 227 231 287 261; baseline 0 0"><span class='ocrx_word' id='word_1_1' title='bbox 227 231 287 261; x_wconf 79' lang='lat'><strong>418</strong></span> 
     </span>
    </p>
   </div>
   <div class='ocr_carea' id='block_1_2' title="bbox 229 290 1038 2658">
    <p class='ocr_par' dir='ltr' id='par_1_2' title="bbox 229 290 1038 2658">
     <span class='ocr_line' id='line_1_2' title="bbox 230 290 1009 333; baseline -0.009 -5"><span class='ocrx_word' id='word_1_2' title='bbox 230 296 411 332; x_wconf 85' lang='lat' dir='ltr'><strong>vinitatem‚</strong></span> <span class='ocrx_word' id='word_1_3' title='bbox 426 293 480 325; x_wconf 86' lang='lat' dir='ltr'><strong>sed</strong></span> <span class='ocrx_word' id='word_1_4' title='bbox 495 292 536 324; x_wconf 89' lang='lat' dir='ltr'><strong>ad</strong></span> <span class='ocrx_word' id='word_1_5' title='bbox 557 292 629 333; x_wconf 87' lang='lat' dir='ltr'><strong>ejus</strong></span> <span class='ocrx_word' id='word_1_6' title='bbox 652 290 875 323; x_wconf 86' lang='lat' dir='ltr'><strong>tantummodo</strong></span> <span class='ocrx_word' id='word_1_7' title='bbox 895 290 1009 322; x_wconf 88' lang='lat' dir='ltr'><strong>huma-</strong></span> 
     </span>
     <span class='ocr_line' id='line_1_3' title="bbox 229 344 1007 389; baseline -0.01 -7"><span class='ocrx_word' id='word_1_8' title='bbox 229 351 375 388; x_wconf 80' lang='lat' dir='ltr'><strong>nitatem,</strong></span> <span class='ocrx_word' id='word_1_9' title='bbox 385 347 556 389; x_wconf 83' lang='lat' dir='ltr'><strong>praefatum</strong></span> <span class='ocrx_word' id='word_1_10' title='bbox 565 346 703 378; x_wconf 84' lang='lat' dir='ltr'><strong>verbum</strong></span> <span class='ocrx_word' id='word_1_11' title='bbox 713 353 782 377; x_wconf 87' lang='lat' dir='ltr'><strong>esse</strong></span> <span class='ocrx_word' id='word_1_12' title='bbox 790 344 1007 376; x_wconf 87' lang='lat' dir='ltr'><strong>referendum.</strong></span> 
     </span>
     <span class='ocr_line' id='line_1_4' title="bbox 229 397 1008 440; baseline -0.009 -4"><span class='ocrx_word' id='word_1_13' title='bbox 229 403 347 436; x_wconf 80' lang='lat' dir='ltr'><strong>Errant</strong></span> <span class='ocrx_word' id='word_1_14' title='bbox 360 401 572 436; x_wconf 83' lang='lat' dir='ltr'><strong>nihilominus</strong></span> <span class='ocrx_word' id='word_1_15' title='bbox 592 399 704 439; x_wconf 88' lang='lat' dir='ltr'><strong>sancti,</strong></span> <span class='ocrx_word' id='word_1_16' title='bbox 729 399 786 440; x_wconf 92' lang='lat' dir='ltr'><strong>qui</strong></span> <span class='ocrx_word' id='word_1_17' title='bbox 805 398 919 430; x_wconf 85' lang='lat' dir='ltr'>Christi</span> <span class='ocrx_word' id='word_1_18' title='bbox 942 397 1008 430; x_wconf 91' lang='lat' dir='ltr'><strong>elo-</strong></span> 
     </span>
     <span class='ocr_line' id='line_1_5' title="bbox 230 453 1008 498; baseline -0.008 -9"><span class='ocrx_word' id='word_1_19' title='bbox 230 457 308 498; x_wconf 89' lang='lat' dir='ltr'><strong>quia</strong></span> <span class='ocrx_word' id='word_1_20' title='bbox 319 455 530 498; x_wconf 83' lang='lat' dir='ltr'><strong>explanando,</strong></span> <span class='ocrx_word' id='word_1_21' title='bbox 547 456 579 486; x_wconf 81' lang='lat' dir='ltr'><strong>et</strong></span> <span class='ocrx_word' id='word_1_22' title='bbox 591 453 818 494; x_wconf 88' lang='lat' dir='ltr'><strong>distinguendo</strong></span> <span class='ocrx_word' id='word_1_23' title='bbox 830 454 1008 494; x_wconf 86' lang='lat' dir='ltr'><strong>exponunt,</strong></span> 
     </span>
     <span class='ocr_line' id='line_1_6' title="bbox 232 507 1010 552; baseline -0.008 -8"><span class='ocrx_word' id='word_1_24' title='bbox 232 513 264 543; x_wconf 89' lang='lat' dir='ltr'><strong>et</strong></span> <span class='ocrx_word' id='word_1_25' title='bbox 277 510 466 552; x_wconf 88' lang='lat' dir='ltr'><strong>exponendo</strong></span> <span class='ocrx_word' id='word_1_26' title='bbox 484 509 746 549; x_wconf 83' lang='lat' dir='ltr'><strong>interpretantur.</strong></span> <span class='ocrx_word' id='word_1_27' title='bbox 767 507 859 539; x_wconf 88' lang='lat' dir='ltr'><strong>Errat</strong></span> <span class='ocrx_word' id='word_1_28' title='bbox 880 509 911 538; x_wconf 93' lang='lat' dir='ltr'><strong>et</strong></span> <span class='ocrx_word' id='word_1_29' title='bbox 930 507 1010 547; x_wconf 91' lang='lat' dir='ltr'><strong>ipse,</strong></span> 
     </span>
     <span class='ocr_line' id='line_1_7' title="bbox 233 561 1013 606; baseline -0.008 -9"><span class='ocrx_word' id='word_1_30' title='bbox 233 565 289 606; x_wconf 89' lang='lat' dir='ltr'><strong>qui</strong></span> <span class='ocrx_word' id='word_1_31' title='bbox 303 565 534 605; x_wconf 88' lang='lat' dir='ltr'><strong>consequenter</strong></span> <span class='ocrx_word' id='word_1_32' title='bbox 548 563 582 594; x_wconf 91' lang='lat' dir='ltr'><strong>in</strong></span> <span class='ocrx_word' id='word_1_33' title='bbox 596 563 658 595; x_wconf 90' lang='lat' dir='ltr'><strong>hoc</strong></span> <span class='ocrx_word' id='word_1_34' title='bbox 676 562 777 594; x_wconf 89' lang='lat' dir='ltr'><strong>verbo</strong></span> <span class='ocrx_word' id='word_1_35' title='bbox 791 561 888 594; x_wconf 87' lang='lat' dir='ltr'><strong>etiam</strong></span> <span class='ocrx_word' id='word_1_36' title='bbox 903 561 1013 593; x_wconf 89' lang='lat' dir='ltr'><strong>distin-</strong></span> 
     </span>
     <span class='ocr_line' id='line_1_8' title="bbox 234 614 1014 660; baseline -0.009 -9"><span class='ocrx_word' id='word_1_37' title='bbox 234 619 433 660; x_wconf 86' lang='lat' dir='ltr'><strong>guitdicens‚</strong></span> <span class='ocrx_word' id='word_1_38' title='bbox 451 617 537 658; x_wconf 87' lang='lat' dir='ltr'><strong>quod</strong></span> <span class='ocrx_word' id='word_1_39' title='bbox 551 625 615 648; x_wconf 89' lang='lat' dir='ltr'><strong>non</strong></span> <span class='ocrx_word' id='word_1_40' title='bbox 627 615 820 656; x_wconf 77' lang='lat' dir='ltr'><strong>intelligitur</strong></span> <span class='ocrx_word' id='word_1_41' title='bbox 834 615 874 646; x_wconf 91' lang='lat' dir='ltr'><strong>de</strong></span> <span class='ocrx_word' id='word_1_42' title='bbox 890 614 1014 646; x_wconf 90' lang='lat' dir='ltr'><strong>actibus</strong></span> 
     </span>
     <span class='ocr_line' id='line_1_9' title="bbox 234 667 1015 714; baseline -0.009 -9"><span class='ocrx_word' id='word_1_43' title='bbox 234 673 449 714; x_wconf 79' lang='lat' dir='ltr'><strong>spectantibus</strong></span> <span class='ocrx_word' id='word_1_44' title='bbox 461 671 501 703; x_wconf 86' lang='lat' dir='ltr'><strong>ad</strong></span> <span class='ocrx_word' id='word_1_45' title='bbox 518 671 682 712; x_wconf 85' lang='lat' dir='ltr'><strong>graduum</strong></span> <span class='ocrx_word' id='word_1_46' title='bbox 695 672 727 702; x_wconf 85' lang='lat' dir='ltr'><strong>et</strong></span> <span class='ocrx_word' id='word_1_47' title='bbox 739 669 938 710; x_wconf 80' lang='lat' dir='ltr'><strong>dignitatum</strong></span> <span class='ocrx_word' id='word_1_48' title='bbox 952 667 1015 699; x_wconf 88' lang='lat' dir='ltr'><strong>dis-</strong></span> 
     </span>
     <span class='ocr_line' id='line_1_10' title="bbox 234 722 1016 765; baseline -0.009 -6"><span class='ocrx_word' id='word_1_49' title='bbox 234 727 435 765; x_wconf 81' lang='lat' dir='ltr'><strong>tinctionem,</strong></span> <span class='ocrx_word' id='word_1_50' title='bbox 449 725 505 757; x_wconf 81' lang='lat' dir='ltr'><strong>setl</strong></span> <span class='ocrx_word' id='word_1_51' title='bbox 519 725 558 757; x_wconf 90' lang='lat' dir='ltr'><strong>de</strong></span> <span class='ocrx_word' id='word_1_52' title='bbox 578 724 648 756; x_wconf 91' lang='lat' dir='ltr'><strong>aliis</strong></span> <span class='ocrx_word' id='word_1_53' title='bbox 661 726 798 755; x_wconf 86' lang='lat' dir='ltr'><strong>tantum.</strong></span> <span class='ocrx_word' id='word_1_54' title='bbox 821 722 943 754; x_wconf 82' lang='lat' dir='ltr'><strong>Verum</strong></span> <span class='ocrx_word' id='word_1_55' title='bbox 957 730 1016 752; x_wconf 91' lang='lat' dir='ltr'><strong>nec</strong></span> 
     </span>
     <span class='ocr_line' id='line_1_11' title="bbox 235 775 1014 818; baseline -0.01 -5"><span class='ocrx_word' id='word_1_56' title='bbox 235 781 287 812; x_wconf 88' lang='lat' dir='ltr'><strong>his</strong></span> <span class='ocrx_word' id='word_1_57' title='bbox 294 782 462 813; x_wconf 90' lang='lat' dir='ltr'><strong>contentus</strong></span> <span class='ocrx_word' id='word_1_58' title='bbox 471 779 624 817; x_wconf 87' lang='lat' dir='ltr'><strong>stultitiis,</strong></span> <span class='ocrx_word' id='word_1_59' title='bbox 632 777 804 818; x_wconf 85' lang='lat' dir='ltr'><strong>subjungit</strong></span> <span class='ocrx_word' id='word_1_60' title='bbox 817 778 849 807; x_wconf 83' lang='lat' dir='ltr'><strong>et</strong></span> <span class='ocrx_word' id='word_1_61' title='bbox 863 775 952 812; x_wconf 86' lang='lat' dir='ltr'><strong>alias,</strong></span> <span class='ocrx_word' id='word_1_62' title='bbox 963 784 1014 806; x_wconf 89' lang='lat' dir='ltr'><strong>as-</strong></span> 
     </span>
     <span class='ocr_line' id='line_1_12' title="bbox 237 829 1017 875; baseline -0.01 -8"><span class='ocrx_word' id='word_1_63' title='bbox 237 844 362 873; x_wconf 85' lang='lat' dir='ltr'><strong>serens,</strong></span> <span class='ocrx_word' id='word_1_64' title='bbox 387 833 475 875; x_wconf 85' lang='lat' dir='ltr'><strong>quod</strong></span> <span class='ocrx_word' id='word_1_65' title='bbox 499 833 603 864; x_wconf 83' lang='lat' dir='ltr'><strong>dicere</strong></span> <span class='ocrx_word' id='word_1_66' title='bbox 627 832 728 863; x_wconf 89' lang='lat' dir='ltr'><strong>Deum</strong></span> <span class='ocrx_word' id='word_1_67' title='bbox 753 829 873 870; x_wconf 89' lang='lat' dir='ltr'><strong>aliquid</strong></span> <span class='ocrx_word' id='word_1_68' title='bbox 895 837 1017 870; x_wconf 82' lang='lat' dir='ltr'><strong>praece-</strong></span> 
     </span>
     <span class='ocr_line' id='line_1_13' title="bbox 237 882 1018 929; baseline -0.009 -9"><span class='ocrx_word' id='word_1_69' title='bbox 237 889 319 929; x_wconf 89' lang='lat' dir='ltr'><strong>pisse</strong></span> <span class='ocrx_word' id='word_1_70' title='bbox 342 887 507 929; x_wconf 83' lang='lat' dir='ltr'><strong>perfectis,</strong></span> <span class='ocrx_word' id='word_1_71' title='bbox 532 895 598 917; x_wconf 91' lang='lat' dir='ltr'><strong>non</strong></span> <span class='ocrx_word' id='word_1_72' title='bbox 623 884 833 925; x_wconf 79' lang='lat' dir='ltr'><strong>imperfectiS,</strong></span> <span class='ocrx_word' id='word_1_73' title='bbox 859 892 950 914; x_wconf 88' lang='lat' dir='ltr'><strong>error</strong></span> <span class='ocrx_word' id='word_1_74' title='bbox 977 882 1018 913; x_wconf 88' lang='lat' dir='ltr'><strong>sit</strong></span> 
     </span>
     <span class='ocr_line' id='line_1_14' title="bbox 238 936 1018 978; baseline -0.008 -5"><span class='ocrx_word' id='word_1_75' title='bbox 238 941 506 978; x_wconf 69' lang='lat' dir='ltr'><strong>Manichaeorum,</strong></span> <span class='ocrx_word' id='word_1_76' title='bbox 526 942 558 971; x_wconf 90' lang='lat' dir='ltr'><strong>et</strong></span> <span class='ocrx_word' id='word_1_77' title='bbox 580 948 632 971; x_wconf 87' lang='lat' dir='ltr'><strong>res</strong></span> <span class='ocrx_word' id='word_1_78' title='bbox 652 938 764 978; x_wconf 83' lang='lat' dir='ltr'><strong>magni</strong></span> <span class='ocrx_word' id='word_1_79' title='bbox 791 936 934 978; x_wconf 90' lang='lat' dir='ltr'><strong>periculi,</strong></span> <span class='ocrx_word' id='word_1_80' title='bbox 952 945 1018 967; x_wconf 90' lang='lat' dir='ltr'><strong>non</strong></span> 
     </span>
     <span class='ocr_line' id='line_1_15' title="bbox 239 992 1020 1035; baseline -0.006 -8"><span class='ocrx_word' id='word_1_81' title='bbox 239 996 416 1034; x_wconf 85' lang='lat' dir='ltr'><strong>attendens,</strong></span> <span class='ocrx_word' id='word_1_82' title='bbox 430 994 518 1035; x_wconf 87' lang='lat' dir='ltr'><strong>quod</strong></span> <span class='ocrx_word' id='word_1_83' title='bbox 531 1002 619 1025; x_wconf 84' lang='lat' dir='ltr'><strong>sacer</strong></span> <span class='ocrx_word' id='word_1_84' title='bbox 628 993 704 1024; x_wconf 91' lang='lat' dir='ltr'><strong>dicit</strong></span> <span class='ocrx_word' id='word_1_85' title='bbox 716 992 933 1032; x_wconf 87' lang='lat' dir='ltr'><strong>Hieronymus</strong></span> <span class='ocrx_word' id='word_1_86' title='bbox 948 998 1020 1024; x_wconf 84' lang='lat' dir='ltr'><strong>con-</strong></span> 
     </span>
     <span class='ocr_line' id='line_1_16' title="bbox 240 1045 1016 1084; baseline -0.01 -1"><span class='ocrx_word' id='word_1_87' title='bbox 240 1053 293 1083; x_wconf 82' lang='lat' dir='ltr'><strong>tra</strong></span> <span class='ocrx_word' id='word_1_88' title='bbox 307 1050 520 1082; x_wconf 80' lang='lat' dir='ltr'><strong>Jovim&#39;anum</strong></span> <span class='ocrx_word' id='word_1_89' title='bbox 532 1047 616 1078; x_wconf 90' lang='lat' dir='ltr'><strong>libro</strong></span> <span class='ocrx_word' id='word_1_90' title='bbox 631 1046 786 1084; x_wconf 60' lang='lat' dir='ltr'><strong>secundm</strong></span> <span class='ocrx_word' id='word_1_91' title='bbox 803 1045 878 1077; x_wconf 86' lang='lat' dir='ltr'><strong>dicit</strong></span> <span class='ocrx_word' id='word_1_92' title='bbox 889 1045 976 1076; x_wconf 89' lang='lat' dir='ltr'><strong>enim</strong></span> <span class='ocrx_word' id='word_1_93' title='bbox 988 1048 995 1064; x_wconf 87' lang='lat'><strong>¹</strong></span> <span class='ocrx_word' id='word_1_94' title='bbox 1009 1056 1016 1076; x_wconf 91' lang='lat'>:</span> 
     </span>
     <span class='ocr_line' id='line_1_17' title="bbox 245 1099 1021 1144; baseline -0.005 -11"><span class='ocrx_word' id='word_1_95' title='bbox 245 1116 259 1133; x_wconf 87' lang='lat'>«</span> <span class='ocrx_word' id='word_1_96' title='bbox 274 1103 437 1144; x_wconf 86' lang='lat' dir='ltr'><strong>Numquid</strong></span> <span class='ocrx_word' id='word_1_97' title='bbox 447 1102 598 1134; x_wconf 88' lang='lat' dir='ltr'><strong>omnibus</strong></span> <span class='ocrx_word' id='word_1_98' title='bbox 608 1102 804 1142; x_wconf 85' lang='lat' dir='ltr'><strong>praeceptum</strong></span> <span class='ocrx_word' id='word_1_99' title='bbox 817 1101 876 1137; x_wconf 88' lang='lat' dir='ltr'><strong>est,</strong></span> <span class='ocrx_word' id='word_1_100' title='bbox 886 1108 928 1130; x_wconf 90' lang='lat' dir='ltr'><strong>ne</strong></span> <span class='ocrx_word' id='word_1_101' title='bbox 940 1099 1021 1130; x_wconf 85' lang='lat' dir='ltr'><strong>duas</strong></span> 
     </span>
     <span class='ocr_line' id='line_1_18' title="bbox 242 1153 1021 1194; baseline -0.008 -5"><span class='ocrx_word' id='word_1_102' title='bbox 242 1157 366 1189; x_wconf 81' lang='lat' dir='ltr'><strong>tunicas</strong></span> <span class='ocrx_word' id='word_1_103' title='bbox 387 1156 543 1194; x_wconf 83' lang='lat' dir='ltr'><strong>habeant,</strong></span> <span class='ocrx_word' id='word_1_104' title='bbox 569 1164 610 1186; x_wconf 91' lang='lat' dir='ltr'><strong>ne</strong></span> <span class='ocrx_word' id='word_1_105' title='bbox 634 1154 720 1186; x_wconf 91' lang='lat' dir='ltr'><strong>cibos</strong></span> <span class='ocrx_word' id='word_1_106' title='bbox 743 1153 777 1184; x_wconf 92' lang='lat' dir='ltr'><strong>in</strong></span> <span class='ocrx_word' id='word_1_107' title='bbox 801 1161 895 1193; x_wconf 84' lang='lat' dir='ltr'><strong>pera,</strong></span> <span class='ocrx_word' id='word_1_108' title='bbox 921 1162 964 1184; x_wconf 80' lang='lat' dir='ltr'><strong>aes</strong></span> <span class='ocrx_word' id='word_1_109' title='bbox 988 1153 1021 1183; x_wconf 90' lang='lat' dir='ltr'><strong>in</strong></span> 
     </span>
     <span class='ocr_line' id='line_1_19' title="bbox 242 1207 1023 1250; baseline -0.005 -8"><span class='ocrx_word' id='word_1_110' title='bbox 242 1220 333 1250; x_wconf 89' lang='lat' dir='ltr'><strong>zona,</strong></span> <span class='ocrx_word' id='word_1_111' title='bbox 355 1210 568 1241; x_wconf 86' lang='lat' dir='ltr'><strong>calceamenta</strong></span> <span class='ocrx_word' id='word_1_112' title='bbox 592 1209 626 1239; x_wconf 94' lang='lat' dir='ltr'><strong>in</strong></span> <span class='ocrx_word' id='word_1_113' title='bbox 650 1207 796 1249; x_wconf 78' lang='lat' dir='ltr'><strong>pedibus,</strong></span> <span class='ocrx_word' id='word_1_114' title='bbox 821 1209 857 1238; x_wconf 92' lang='lat' dir='ltr'><strong>ut</strong></span> <span class='ocrx_word' id='word_1_115' title='bbox 881 1207 1023 1238; x_wconf 81' lang='lat' dir='ltr'><strong>vendant</strong></span> 
     </span>
     <span class='ocr_line' id='line_1_20' title="bbox 244 1261 1022 1305; baseline -0.008 -8"><span class='ocrx_word' id='word_1_116' title='bbox 244 1265 393 1297; x_wconf 88' lang='lat' dir='ltr'><strong>universa</strong></span> <span class='ocrx_word' id='word_1_117' title='bbox 407 1273 480 1305; x_wconf 79' lang='lat' dir='ltr'><strong>quae</strong></span> <span class='ocrx_word' id='word_1_118' title='bbox 496 1263 627 1301; x_wconf 83' lang='lat' dir='ltr'><strong>habent,</strong></span> <span class='ocrx_word' id='word_1_119' title='bbox 644 1264 676 1293; x_wconf 89' lang='lat' dir='ltr'><strong>et</strong></span> <span class='ocrx_word' id='word_1_120' title='bbox 691 1264 869 1302; x_wconf 84' lang='lat' dir='ltr'><strong>sequantur</strong></span> <span class='ocrx_word' id='word_1_121' title='bbox 888 1261 1022 1292; x_wconf 80' lang='lat' dir='ltr'><strong>Jesum‘?</strong></span> 
     </span>
     <span class='ocr_line' id='line_1_21' title="bbox 244 1315 1024 1358; baseline -0.005 -8"><span class='ocrx_word' id='word_1_122' title='bbox 244 1319 304 1350; x_wconf 84' lang='lat' dir='ltr'><strong>Sed</strong></span> <span class='ocrx_word' id='word_1_123' title='bbox 317 1319 355 1349; x_wconf 93' lang='lat' dir='ltr'><strong>iis</strong></span> <span class='ocrx_word' id='word_1_124' title='bbox 368 1318 424 1358; x_wconf 89' lang='lat' dir='ltr'><strong>qui</strong></span> <span class='ocrx_word' id='word_1_125' title='bbox 437 1317 550 1349; x_wconf 87' lang='lat' dir='ltr'><strong>volunt</strong></span> <span class='ocrx_word' id='word_1_126' title='bbox 563 1326 631 1348; x_wconf 84' lang='lat' dir='ltr'><strong>csse</strong></span> <span class='ocrx_word' id='word_1_127' title='bbox 645 1315 773 1356; x_wconf 88' lang='lat' dir='ltr'><strong>perfecti</strong></span> <span class='ocrx_word' id='word_1_128' title='bbox 785 1326 792 1353; x_wconf 87' lang='lat'>;</span> <span class='ocrx_word' id='word_1_129' title='bbox 809 1315 953 1355; x_wconf 86' lang='lat' dir='ltr'><strong>alioquin</strong></span> <span class='ocrx_word' id='word_1_130' title='bbox 966 1324 1024 1346; x_wconf 94' lang='lat' dir='ltr'><strong>cur</strong></span> 
     </span>
     <span class='ocr_line' id='line_1_22' title="bbox 244 1370 1025 1412; baseline -0.006 -7"><span class='ocrx_word' id='word_1_131' title='bbox 244 1383 263 1405; x_wconf 89' lang='lat' dir='ltr'><strong>a</strong></span> <span class='ocrx_word' id='word_1_132' title='bbox 277 1373 397 1405; x_wconf 84' lang='lat' dir='ltr'><strong>Joanne</strong></span> <span class='ocrx_word' id='word_1_133' title='bbox 407 1372 557 1412; x_wconf 76' lang='lat' dir='ltr'><strong>Baptista,</strong></span> <span class='ocrx_word' id='word_1_134' title='bbox 568 1371 655 1402; x_wconf 88' lang='lat' dir='ltr'><strong>aliud</strong></span> <span class='ocrx_word' id='word_1_135' title='bbox 667 1370 832 1409; x_wconf 77' lang='lat' dir='ltr'><strong>militibus,</strong></span> <span class='ocrx_word' id='word_1_136' title='bbox 846 1370 932 1400; x_wconf 88' lang='lat' dir='ltr'><strong>aliud</strong></span> <span class='ocrx_word' id='word_1_137' title='bbox 946 1379 1025 1410; x_wconf 69' lang='lat' dir='ltr'><strong>prcc-</strong></span> 
     </span>
     <span class='ocr_line' id='line_1_23' title="bbox 247 1423 1025 1468; baseline -0.006 -9"><span class='ocrx_word' id='word_1_138' title='bbox 247 1428 362 1468; x_wconf 89' lang='lat' dir='ltr'><strong>cipitur</strong></span> <span class='ocrx_word' id='word_1_139' title='bbox 373 1426 570 1467; x_wconf 81' lang='lat' dir='ltr'><strong>publicanis?</strong></span> <span class='ocrx_word' id='word_1_140' title='bbox 585 1436 600 1454; x_wconf 71' lang='grc'><strong>1)</strong></span> <span class='ocrx_word' id='word_1_141' title='bbox 616 1425 690 1456; x_wconf 71' lang='lat' dir='ltr'><strong>llaec</strong></span> <span class='ocrx_word' id='word_1_142' title='bbox 707 1424 934 1464; x_wconf 85' lang='lat' dir='ltr'><strong>llicrouymus.</strong></span> <span class='ocrx_word' id='word_1_143' title='bbox 952 1423 1025 1461; x_wconf 82' lang='lat' dir='ltr'><strong>Qui-</strong></span> 
     </span>
     <span class='ocr_line' id='line_1_24' title="bbox 248 1478 1026 1523; baseline -0.008 -9"><span class='ocrx_word' id='word_1_144' title='bbox 248 1484 308 1514; x_wconf 87' lang='lat' dir='ltr'><strong>bus</strong></span> <span class='ocrx_word' id='word_1_145' title='bbox 318 1484 462 1523; x_wconf 86' lang='lat' dir='ltr'><strong>patenter</strong></span> <span class='ocrx_word' id='word_1_146' title='bbox 469 1480 616 1519; x_wconf 74' lang='lat' dir='ltr'><strong>ostendit,</strong></span> <span class='ocrx_word' id='word_1_147' title='bbox 628 1481 711 1511; x_wconf 84' lang='lat' dir='ltr'><strong>hanc</strong></span> <span class='ocrx_word' id='word_1_148' title='bbox 726 1488 832 1516; x_wconf 87' lang='lat' dir='ltr'><strong>suam,</strong></span> <span class='ocrx_word' id='word_1_149' title='bbox 844 1479 909 1509; x_wconf 88' lang='lat' dir='ltr'><strong>imo</strong></span> <span class='ocrx_word' id='word_1_150' title='bbox 924 1478 1026 1519; x_wconf 87' lang='lat' dir='ltr'><strong>Scrip-</strong></span> 
     </span>
     <span class='ocr_line' id='line_1_25' title="bbox 247 1533 1026 1574; baseline -0.008 -5"><span class='ocrx_word' id='word_1_151' title='bbox 247 1539 395 1569; x_wconf 86' lang='lat' dir='ltr'><strong>turarum</strong></span> <span class='ocrx_word' id='word_1_152' title='bbox 407 1545 475 1567; x_wconf 85' lang='lat' dir='ltr'><strong>esse</strong></span> <span class='ocrx_word' id='word_1_153' title='bbox 484 1535 686 1572; x_wconf 85' lang='lat' dir='ltr'><strong>sententiam,</strong></span> <span class='ocrx_word' id='word_1_154' title='bbox 700 1543 799 1574; x_wconf 87' lang='lat' dir='ltr'><strong>quam</strong></span> <span class='ocrx_word' id='word_1_155' title='bbox 811 1533 862 1564; x_wconf 87' lang='lat' dir='ltr'><strong>hic</strong></span> <span class='ocrx_word' id='word_1_156' title='bbox 879 1533 1026 1564; x_wconf 86' lang='lat' dir='ltr'><strong>novellus</strong></span> 
     </span>
     <span class='ocr_line' id='line_1_26' title="bbox 247 1589 1024 1630; baseline -0.008 -7"><span class='ocrx_word' id='word_1_157' title='bbox 247 1592 366 1630; x_wconf 89' lang='lat' dir='ltr'><strong>doctor,</strong></span> <span class='ocrx_word' id='word_1_158' title='bbox 385 1590 545 1622; x_wconf 87' lang='lat' dir='ltr'><strong>Joviniani</strong></span> <span class='ocrx_word' id='word_1_159' title='bbox 563 1598 734 1620; x_wconf 79' lang='lat' dir='ltr'><strong>erroneum</strong></span> <span class='ocrx_word' id='word_1_160' title='bbox 752 1589 871 1628; x_wconf 81' lang='lat' dir='ltr'><strong>dogma</strong></span> <span class='ocrx_word' id='word_1_161' title='bbox 886 1590 1024 1626; x_wconf 82' lang='lat' dir='ltr'><strong>secutus,</strong></span> 
     </span>
     <span class='ocr_line' id='line_1_27' title="bbox 247 1641 1027 1683; baseline -0.008 -6"><span class='ocrx_word' id='word_1_162' title='bbox 247 1646 434 1677; x_wconf 70' lang='lat' dir='ltr'><strong>haereticam</strong></span> <span class='ocrx_word' id='word_1_163' title='bbox 447 1644 558 1675; x_wconf 87' lang='lat' dir='ltr'><strong>asserit</strong></span> <span class='ocrx_word' id='word_1_164' title='bbox 569 1646 599 1674; x_wconf 85' lang='lat' dir='ltr'><strong>et</strong></span> <span class='ocrx_word' id='word_1_165' title='bbox 609 1642 830 1683; x_wconf 82' lang='lat' dir='ltr'><strong>periculosam.</strong></span> <span class='ocrx_word' id='word_1_166' title='bbox 849 1642 932 1672; x_wconf 77' lang='lat' dir='ltr'><strong>Sanc</strong></span> <span class='ocrx_word' id='word_1_167' title='bbox 943 1641 1027 1681; x_wconf 89' lang='lat' dir='ltr'><strong>quod</strong></span> 
     </span>
     <span class='ocr_line' id='line_1_28' title="bbox 248 1699 1027 1740; baseline -0.009 -7"><span class='ocrx_word' id='word_1_168' title='bbox 248 1702 346 1740; x_wconf 85' lang='lat' dir='ltr'><strong>addit,</strong></span> <span class='ocrx_word' id='word_1_169' title='bbox 368 1700 526 1732; x_wconf 86' lang='lat' dir='ltr'><strong>mandatis</strong></span> <span class='ocrx_word' id='word_1_170' title='bbox 547 1699 711 1730; x_wconf 80' lang='lat' dir='ltr'><strong>hominem</strong></span> <span class='ocrx_word' id='word_1_171' title='bbox 728 1699 948 1738; x_wconf 78' lang='lat' dir='ltr'><strong>imperfectum</strong></span> <span class='ocrx_word' id='word_1_172' title='bbox 963 1706 1027 1727; x_wconf 86' lang='lat' dir='ltr'><strong>uon</strong></span> 
     </span>
     <span class='ocr_line' id='line_1_29' title="bbox 249 1752 1029 1796; baseline -0.01 -8"><span class='ocrx_word' id='word_1_173' title='bbox 249 1757 342 1795; x_wconf 85' lang='lat' dir='ltr'><strong>effici,</strong></span> <span class='ocrx_word' id='word_1_174' title='bbox 360 1756 438 1796; x_wconf 84' lang='lat' dir='ltr'><strong>quia</strong></span> <span class='ocrx_word' id='word_1_175' title='bbox 459 1754 648 1786; x_wconf 83' lang='lat' dir='ltr'><strong>mandatum</strong></span> <span class='ocrx_word' id='word_1_176' title='bbox 670 1755 828 1789; x_wconf 85' lang='lat' dir='ltr'><strong>sanctum,</strong></span> <span class='ocrx_word' id='word_1_177' title='bbox 855 1752 975 1782; x_wconf 88' lang='lat' dir='ltr'><strong>bonum</strong></span> <span class='ocrx_word' id='word_1_178' title='bbox 998 1753 1029 1781; x_wconf 88' lang='lat' dir='ltr'><strong>et</strong></span> 
     </span>
     <span class='ocr_line' id='line_1_30' title="bbox 248 1805 1027 1851; baseline -0.009 -9"><span class='ocrx_word' id='word_1_179' title='bbox 248 1812 376 1851; x_wconf 80' lang='lat' dir='ltr'><strong>justum</strong></span> <span class='ocrx_word' id='word_1_180' title='bbox 389 1819 454 1841; x_wconf 90' lang='lat' dir='ltr'><strong>non</strong></span> <span class='ocrx_word' id='word_1_181' title='bbox 467 1810 618 1848; x_wconf 86' lang='lat' dir='ltr'><strong>operatur</strong></span> <span class='ocrx_word' id='word_1_182' title='bbox 633 1809 781 1844; x_wconf 86' lang='lat' dir='ltr'><strong>mortem,</strong></span> <span class='ocrx_word' id='word_1_183' title='bbox 795 1806 849 1837; x_wconf 88' lang='lat' dir='ltr'><strong>sed</strong></span> <span class='ocrx_word' id='word_1_184' title='bbox 862 1805 1027 1844; x_wconf 86' lang='lat' dir='ltr'><strong>imperfec-</strong></span> 
     </span>
     <span class='ocr_line' id='line_1_31' title="bbox 251 1860 1028 1904; baseline -0.008 -8"><span class='ocrx_word' id='word_1_185' title='bbox 251 1865 295 1896; x_wconf 87' lang='lat' dir='ltr'><strong>tio</strong></span> <span class='ocrx_word' id='word_1_186' title='bbox 310 1873 397 1895; x_wconf 86' lang='lat' dir='ltr'><strong>mors</strong></span> <span class='ocrx_word' id='word_1_187' title='bbox 407 1863 555 1904; x_wconf 78' lang='lat' dir='ltr'><strong>quaedam</strong></span> <span class='ocrx_word' id='word_1_188' title='bbox 570 1863 629 1899; x_wconf 87' lang='lat' dir='ltr'><strong>est,</strong></span> <span class='ocrx_word' id='word_1_189' title='bbox 647 1860 812 1891; x_wconf 82' lang='lat' dir='ltr'><strong>manifeste</strong></span> <span class='ocrx_word' id='word_1_190' title='bbox 827 1869 940 1891; x_wconf 82' lang='lat' dir='ltr'><strong>verum</strong></span> <span class='ocrx_word' id='word_1_191' title='bbox 956 1868 1028 1899; x_wconf 89' lang='lat' dir='ltr'><strong>pro-</strong></span> 
     </span>
     <span class='ocr_line' id='line_1_32' title="bbox 253 1913 1031 1959; baseline -0.01 -9"><span class='ocrx_word' id='word_1_192' title='bbox 253 1920 331 1950; x_wconf 87' lang='lat' dir='ltr'><strong>bans</strong></span> <span class='ocrx_word' id='word_1_193' title='bbox 345 1928 401 1959; x_wconf 87' lang='lat' dir='ltr'><strong>per</strong></span> <span class='ocrx_word' id='word_1_194' title='bbox 423 1917 589 1948; x_wconf 84' lang='lat' dir='ltr'><strong>manifeste</strong></span> <span class='ocrx_word' id='word_1_195' title='bbox 604 1915 731 1952; x_wconf 85' lang='lat' dir='ltr'><strong>falsum,</strong></span> <span class='ocrx_word' id='word_1_196' title='bbox 748 1914 845 1945; x_wconf 86' lang='lat' dir='ltr'><strong>simul</strong></span> <span class='ocrx_word' id='word_1_197' title='bbox 860 1914 909 1944; x_wconf 88' lang='lat' dir='ltr'><strong>sui</strong></span> <span class='ocrx_word' id='word_1_198' title='bbox 932 1913 1031 1953; x_wconf 87' lang='lat' dir='ltr'><strong>ipsius</strong></span> 
     </span>
     <span class='ocr_line' id='line_1_33' title="bbox 253 1967 1030 2013; baseline -0.009 -9"><span class='ocrx_word' id='word_1_199' title='bbox 253 1971 503 2013; x_wconf 79' lang='lat' dir='ltr'><strong>imprudentiam</strong></span> <span class='ocrx_word' id='word_1_200' title='bbox 519 1970 667 2007; x_wconf 76' lang='lat' dir='ltr'><strong>declarat,</strong></span> <span class='ocrx_word' id='word_1_201' title='bbox 684 1971 714 1999; x_wconf 87' lang='lat' dir='ltr'><strong>ct</strong></span> <span class='ocrx_word' id='word_1_202' title='bbox 731 1977 884 1999; x_wconf 81' lang='lat' dir='ltr'><strong>errorem.</strong></span> <span class='ocrx_word' id='word_1_203' title='bbox 903 1967 1030 1998; x_wconf 82' lang='lat' dir='ltr'><strong>Certum</strong></span> 
     </span>
     <span class='ocr_line' id='line_1_34' title="bbox 254 2021 1032 2064; baseline -0.01 -6"><span class='ocrx_word' id='word_1_204' title='bbox 254 2027 339 2058; x_wconf 89' lang='lat' dir='ltr'><strong>enim</strong></span> <span class='ocrx_word' id='word_1_205' title='bbox 366 2028 430 2063; x_wconf 88' lang='lat' dir='ltr'><strong>est,</strong></span> <span class='ocrx_word' id='word_1_206' title='bbox 456 2024 541 2064; x_wconf 89' lang='lat' dir='ltr'><strong>quod</strong></span> <span class='ocrx_word' id='word_1_207' title='bbox 568 2023 717 2054; x_wconf 78' lang='lat' dir='ltr'><strong>mandata</strong></span> <span class='ocrx_word' id='word_1_208' title='bbox 746 2031 805 2052; x_wconf 88' lang='lat' dir='ltr'><strong>nec</strong></span> <span class='ocrx_word' id='word_1_209' title='bbox 833 2021 1032 2061; x_wconf 76' lang='lat' dir='ltr'><strong>imperfectos</strong></span> 
     </span>
     <span class='ocr_line' id='line_1_35' title="bbox 256 2074 1033 2118; baseline -0.009 -7"><span class='ocrx_word' id='word_1_210' title='bbox 256 2081 384 2118; x_wconf 85' lang='lat' dir='ltr'><strong>faciunt,</strong></span> <span class='ocrx_word' id='word_1_211' title='bbox 400 2088 458 2110; x_wconf 89' lang='lat' dir='ltr'><strong>nec</strong></span> <span class='ocrx_word' id='word_1_212' title='bbox 473 2078 638 2118; x_wconf 83' lang='lat' dir='ltr'><strong>perfectos,</strong></span> <span class='ocrx_word' id='word_1_213' title='bbox 655 2085 730 2107; x_wconf 87' lang='lat' dir='ltr'><strong>cum</strong></span> <span class='ocrx_word' id='word_1_214' title='bbox 742 2078 807 2106; x_wconf 86' lang='lat' dir='ltr'><strong>tam</strong></span> <span class='ocrx_word' id='word_1_215' title='bbox 819 2076 863 2113; x_wconf 84' lang='lat' dir='ltr'><strong>hi,</strong></span> <span class='ocrx_word' id='word_1_216' title='bbox 880 2084 977 2115; x_wconf 86' lang='lat' dir='ltr'><strong>quam</strong></span> <span class='ocrx_word' id='word_1_217' title='bbox 988 2074 1033 2105; x_wconf 90' lang='lat' dir='ltr'><strong>illi</strong></span> 
     </span>
     <span class='ocr_line' id='line_1_36' title="bbox 256 2128 1031 2168; baseline -0.009 -3"><span class='ocrx_word' id='word_1_218' title='bbox 256 2134 294 2165; x_wconf 88' lang='lat' dir='ltr'><strong>ad</strong></span> <span class='ocrx_word' id='word_1_219' title='bbox 314 2142 428 2164; x_wconf 86' lang='lat' dir='ltr'><strong>eorum</strong></span> <span class='ocrx_word' id='word_1_220' title='bbox 447 2130 685 2163; x_wconf 84' lang='lat' dir='ltr'><strong>observantiam</strong></span> <span class='ocrx_word' id='word_1_221' title='bbox 703 2129 935 2168; x_wconf 80' lang='lat' dir='ltr'><strong>astringantur.</strong></span> <span class='ocrx_word' id='word_1_222' title='bbox 958 2128 1031 2159; x_wconf 82' lang='lat' dir='ltr'><strong>Ccr-</strong></span> 
     </span>
     <span class='ocr_line' id='line_1_37' title="bbox 256 2182 1035 2225; baseline -0.009 -6"><span class='ocrx_word' id='word_1_223' title='bbox 256 2191 327 2219; x_wconf 86' lang='lat' dir='ltr'><strong>tum</strong></span> <span class='ocrx_word' id='word_1_224' title='bbox 348 2189 395 2218; x_wconf 88' lang='lat' dir='ltr'><strong>cst</strong></span> <span class='ocrx_word' id='word_1_225' title='bbox 415 2186 525 2219; x_wconf 79' lang='lat' dir='ltr'><strong>ctiam,</strong></span> <span class='ocrx_word' id='word_1_226' title='bbox 554 2184 638 2225; x_wconf 88' lang='lat' dir='ltr'><strong>quod</strong></span> <span class='ocrx_word' id='word_1_227' title='bbox 659 2183 853 2223; x_wconf 76' lang='lat' dir='ltr'><strong>imperfectio</strong></span> <span class='ocrx_word' id='word_1_228' title='bbox 875 2192 893 2213; x_wconf 86' lang='lat' dir='ltr'><strong>a</strong></span> <span class='ocrx_word' id='word_1_229' title='bbox 918 2182 1035 2222; x_wconf 84' lang='lat' dir='ltr'><strong>perfec-</strong></span> 
     </span>
     <span class='ocr_line' id='line_1_38' title="bbox 258 2236 1033 2279; baseline -0.009 -6"><span class='ocrx_word' id='word_1_230' title='bbox 258 2243 341 2274; x_wconf 62' lang='lat' dir='ltr'><strong>tioni·</strong></span> <span class='ocrx_word' id='word_1_231' title='bbox 354 2251 418 2272; x_wconf 90' lang='lat' dir='ltr'><strong>non</strong></span> <span class='ocrx_word' id='word_1_232' title='bbox 432 2241 597 2279; x_wconf 62' lang='lat' dir='ltr'><strong>discrepat,</strong></span> <span class='ocrx_word' id='word_1_233' title='bbox 614 2238 697 2269; x_wconf 79' lang='lat' dir='ltr'><strong>sicut</strong></span> <span class='ocrx_word' id='word_1_234' title='bbox 711 2247 797 2268; x_wconf 89' lang='lat' dir='ltr'><strong>mors</strong></span> <span class='ocrx_word' id='word_1_235' title='bbox 816 2246 835 2268; x_wconf 89' lang='lat' dir='ltr'><strong>a</strong></span> <span class='ocrx_word' id='word_1_236' title='bbox 849 2237 915 2267; x_wconf 70' lang='lat' dir='ltr'><strong>vita</strong></span> <span class='ocrx_word' id='word_1_237' title='bbox 929 2236 1033 2267; x_wconf 84' lang='lat' dir='ltr'><strong>distat.</strong></span> 
     </span>
     <span class='ocr_line' id='line_1_39' title="bbox 259 2293 1037 2333; baseline -0.009 -6"><span class='ocrx_word' id='word_1_238' title='bbox 259 2296 292 2327; x_wconf 79' lang='lat' dir='ltr'><strong>Si</strong></span> <span class='ocrx_word' id='word_1_239' title='bbox 312 2295 398 2327; x_wconf 90' lang='lat' dir='ltr'><strong>enim</strong></span> <span class='ocrx_word' id='word_1_240' title='bbox 413 2297 443 2325; x_wconf 80' lang='lat' dir='ltr'><strong>ct</strong></span> <span class='ocrx_word' id='word_1_241' title='bbox 458 2293 652 2333; x_wconf 65' lang='lat' dir='ltr'><strong>imperfectio</strong></span> <span class='ocrx_word' id='word_1_242' title='bbox 672 2301 759 2323; x_wconf 87' lang='lat' dir='ltr'><strong>mors</strong></span> <span class='ocrx_word' id='word_1_243' title='bbox 773 2294 830 2330; x_wconf 80' lang='lat' dir='ltr'><strong>est,</strong></span> <span class='ocrx_word' id='word_1_244' title='bbox 848 2294 903 2322; x_wconf 85' lang='lat' dir='ltr'><strong>aut</strong></span> <span class='ocrx_word' id='word_1_245' title='bbox 925 2299 1037 2331; x_wconf 74' lang='lat' dir='ltr'><strong>poena-</strong></span> 
     </span>
     <span class='ocr_line' id='line_1_40' title="bbox 259 2345 1036 2388; baseline -0.008 -7"><span class='ocrx_word' id='word_1_246' title='bbox 259 2351 308 2388; x_wconf 82' lang='lat' dir='ltr'><strong>lis,</strong></span> <span class='ocrx_word' id='word_1_247' title='bbox 324 2351 379 2381; x_wconf 81' lang='lat' dir='ltr'><strong>aut</strong></span> <span class='ocrx_word' id='word_1_248' title='bbox 393 2348 558 2388; x_wconf 85' lang='lat' dir='ltr'><strong>culpabilis</strong></span> <span class='ocrx_word' id='word_1_249' title='bbox 573 2358 579 2378; x_wconf 90' lang='lat'>:</span> <span class='ocrx_word' id='word_1_250' title='bbox 599 2347 624 2377; x_wconf 87' lang='lat' dir='ltr'><strong>si</strong></span> <span class='ocrx_word' id='word_1_251' title='bbox 641 2346 785 2386; x_wconf 72' lang='lat' dir='ltr'><strong>poenalis,</strong></span> <span class='ocrx_word' id='word_1_252' title='bbox 809 2346 919 2377; x_wconf 87' lang='lat' dir='ltr'><strong>nullus</strong></span> <span class='ocrx_word' id='word_1_253' title='bbox 940 2348 987 2376; x_wconf 89' lang='lat' dir='ltr'><strong>est</strong></span> <span class='ocrx_word' id='word_1_254' title='bbox 1004 2345 1036 2375; x_wconf 94' lang='lat' dir='ltr'><strong>in</strong></span> 
     </span>
     <span class='ocr_line' id='line_1_41' title="bbox 259 2398 1035 2443; baseline -0.008 -8"><span class='ocrx_word' id='word_1_255' title='bbox 259 2405 319 2435; x_wconf 85' lang='lat' dir='ltr'><strong>hac</strong></span> <span class='ocrx_word' id='word_1_256' title='bbox 333 2404 399 2435; x_wconf 84' lang='lat' dir='ltr'><strong>vita</strong></span> <span class='ocrx_word' id='word_1_257' title='bbox 410 2402 578 2443; x_wconf 82' lang='lat' dir='ltr'><strong>perfectus,</strong></span> <span class='ocrx_word' id='word_1_258' title='bbox 602 2410 661 2431; x_wconf 80' lang='lat' dir='ltr'><strong>nec</strong></span> <span class='ocrx_word' id='word_1_259' title='bbox 675 2401 772 2431; x_wconf 82' lang='lat' dir='ltr'><strong>ctiam</strong></span> <span class='ocrx_word' id='word_1_260' title='bbox 789 2400 853 2439; x_wconf 84' lang='lat' dir='ltr'><strong>ipsc</strong></span> <span class='ocrx_word' id='word_1_261' title='bbox 876 2398 1035 2436; x_wconf 82' lang='lat' dir='ltr'><strong>Cliristus;</strong></span> 
     </span>
     <span class='ocr_line' id='line_1_42' title="bbox 260 2452 1038 2498; baseline -0.009 -9"><span class='ocrx_word' id='word_1_262' title='bbox 260 2459 285 2489; x_wconf 88' lang='lat' dir='ltr'><strong>si</strong></span> <span class='ocrx_word' id='word_1_263' title='bbox 305 2457 480 2498; x_wconf 87' lang='lat' dir='ltr'><strong>culpabilis,</strong></span> <span class='ocrx_word' id='word_1_264' title='bbox 504 2455 558 2485; x_wconf 80' lang='lat' dir='ltr'><strong>scd</strong></span> <span class='ocrx_word' id='word_1_265' title='bbox 582 2463 668 2485; x_wconf 81' lang='lat' dir='ltr'><strong>mors</strong></span> <span class='ocrx_word' id='word_1_266' title='bbox 692 2453 859 2493; x_wconf 81' lang='lat' dir='ltr'><strong>culpabilis</strong></span> <span class='ocrx_word' id='word_1_267' title='bbox 884 2455 930 2483; x_wconf 79' lang='lat' dir='ltr'><strong>est</strong></span> <span class='ocrx_word' id='word_1_268' title='bbox 945 2452 1038 2492; x_wconf 83' lang='lat' dir='ltr'><strong>culpa</strong></span> 
     </span>
     <span class='ocr_line' id='line_1_43' title="bbox 259 2507 1038 2550; baseline -0.009 -6"><span class='ocrx_word' id='word_1_269' title='bbox 259 2512 418 2550; x_wconf 78' lang='lat' dir='ltr'><strong>mortalis3</strong></span> <span class='ocrx_word' id='word_1_270' title='bbox 436 2510 545 2541; x_wconf 89' lang='lat' dir='ltr'><strong>nullus</strong></span> <span class='ocrx_word' id='word_1_271' title='bbox 564 2511 610 2540; x_wconf 88' lang='lat' dir='ltr'><strong>cst</strong></span> <span class='ocrx_word' id='word_1_272' title='bbox 632 2508 732 2546; x_wconf 76' lang='lat' dir='ltr'><strong>igitur</strong></span> <span class='ocrx_word' id='word_1_273' title='bbox 753 2507 965 2547; x_wconf 81' lang='lat' dir='ltr'><strong>imperfectus,</strong></span> <span class='ocrx_word' id='word_1_274' title='bbox 982 2507 1038 2546; x_wconf 91' lang='lat' dir='ltr'><strong>qui</strong></span> 
     </span>
     <span class='ocr_line' id='line_1_44' title="bbox 260 2562 1037 2606; baseline -0.009 -8"><span class='ocrx_word' id='word_1_275' title='bbox 260 2576 325 2597; x_wconf 89' lang='lat' dir='ltr'><strong>non</strong></span> <span class='ocrx_word' id='word_1_276' title='bbox 341 2567 381 2597; x_wconf 86' lang='lat' dir='ltr'><strong>sit.</strong></span> <span class='ocrx_word' id='word_1_277' title='bbox 395 2575 451 2606; x_wconf 89' lang='lat' dir='ltr'><strong>per</strong></span> <span class='ocrx_word' id='word_1_278' title='bbox 467 2563 600 2596; x_wconf 83' lang='lat' dir='ltr'><strong>mortale</strong></span> <span class='ocrx_word' id='word_1_279' title='bbox 615 2564 778 2603; x_wconf 83' lang='lat' dir='ltr'><strong>peccatum</strong></span> <span class='ocrx_word' id='word_1_280' title='bbox 799 2562 864 2592; x_wconf 85' lang='lat' dir='ltr'><strong>vita</strong></span> <span class='ocrx_word' id='word_1_281' title='bbox 881 2562 1037 2601; x_wconf 86' lang='lat' dir='ltr'><strong>privatus.</strong></span> 
     </span>
     <span class='ocr_line' id='line_1_45' title="bbox 261 2615 1037 2658; baseline -0.008 -7"><span class='ocrx_word' id='word_1_282' title='bbox 261 2621 349 2658; x_wconf 76' lang='lat' dir='ltr'><strong>Quod</strong></span> <span class='ocrx_word' id='word_1_283' title='bbox 363 2620 390 2650; x_wconf 93' lang='lat' dir='ltr'><strong>si</strong></span> <span class='ocrx_word' id='word_1_284' title='bbox 403 2620 486 2650; x_wconf 85' lang='lat' dir='ltr'><strong>dicat</strong></span> <span class='ocrx_word' id='word_1_285' title='bbox 499 2619 636 2649; x_wconf 86' lang='lat' dir='ltr'><strong>mortem</strong></span> <span class='ocrx_word' id='word_1_286' title='bbox 646 2616 820 2656; x_wconf 82' lang='lat' dir='ltr'><strong>quamdam</strong></span> <span class='ocrx_word' id='word_1_287' title='bbox 835 2615 895 2647; x_wconf 88' lang='lat' dir='ltr'><strong>dici</strong></span> <span class='ocrx_word' id='word_1_288' title='bbox 912 2616 1037 2656; x_wconf 77' lang='lat' dir='ltr'><strong>culpan]</strong></span> 
     </span>
    </p>
   </div>
   <div class='ocr_carea' id='block_1_3' title="bbox 262 2695 1041 2765">
    <p class='ocr_par' dir='ltr' id='par_1_3' title="bbox 262 2695 1041 2765">
     <span class='ocr_line' id='line_1_46' title="bbox 294 2695 1041 2728; baseline -0.005 -5"><span class='ocrx_word' id='word_1_289' title='bbox 294 2701 299 2716; x_wconf 80' lang='lat'><strong>¹</strong></span> <span class='ocrx_word' id='word_1_290' title='bbox 329 2700 443 2728; x_wconf 64' lang='lat' dir='ltr'><strong>llicrom,</strong></span> <span class='ocrx_word' id='word_1_291' title='bbox 467 2698 523 2722; x_wconf 69' lang='lat' dir='ltr'><strong>mlv.</strong></span> <span class='ocrx_word' id='word_1_292' title='bbox 545 2697 685 2724; x_wconf 52' lang='lat' dir='ltr'><strong>leviniam„</strong></span> <span class='ocrx_word' id='word_1_293' title='bbox 706 2695 749 2719; x_wconf 79' lang='lat' dir='ltr'><strong>lili.</strong></span> <span class='ocrx_word' id='word_1_294' title='bbox 774 2695 808 2725; x_wconf 77' lang='lat' dir='ltr'><strong>ll,</strong></span> <span class='ocrx_word' id='word_1_295' title='bbox 828 2696 876 2719; x_wconf 67' lang='lat' dir='ltr'><strong>vol.</strong></span> <span class='ocrx_word' id='word_1_296' title='bbox 897 2703 932 2719; x_wconf 86' lang='grc'><strong>111.</strong></span> <span class='ocrx_word' id='word_1_297' title='bbox 952 2698 989 2719; x_wconf 71' lang='grc'><strong>92.</strong></span> <span class='ocrx_word' id='word_1_298' title='bbox 1011 2708 1041 2712; x_wconf 92' lang='lat'><strong>—-</strong></span> 
     </span>
     <span class='ocr_line' id='line_1_47' title="bbox 262 2731 1009 2765; baseline -0.007 -6"><span class='ocrx_word' id='word_1_299' title='bbox 262 2737 271 2751; x_wconf 70' lang='lat'><strong>⁹</strong></span> <span class='ocrx_word' id='word_1_300' title='bbox 288 2739 363 2765; x_wconf 60' lang='lat' dir='ltr'><strong>Aug„</strong></span> <span class='ocrx_word' id='word_1_301' title='bbox 380 2736 408 2757; x_wconf 63' lang='lat' dir='ltr'><strong>ult*</strong></span> <span class='ocrx_word' id='word_1_302' title='bbox 427 2737 484 2759; x_wconf 72' lang='lat' dir='ltr'><strong>Bou,</strong></span> <span class='ocrx_word' id='word_1_303' title='bbox 501 2733 584 2763; x_wconf 64' lang='lat' dir='ltr'><strong>Conj„</strong></span> <span class='ocrx_word' id='word_1_304' title='bbox 602 2740 625 2756; x_wconf 88' lang='lat' dir='ltr'><strong>c.</strong></span> <span class='ocrx_word' id='word_1_305' title='bbox 641 2738 667 2763; x_wconf 75' lang='lat' dir='ltr'><strong>x,</strong></span> <span class='ocrx_word' id='word_1_306' title='bbox 682 2737 709 2756; x_wconf 86' lang='lat' dir='ltr'><strong>n.</strong></span> <span class='ocrx_word' id='word_1_307' title='bbox 727 2733 764 2755; x_wconf 81' lang='lat' dir='ltr'><strong>ll.</strong></span> <span class='ocrx_word' id='word_1_308' title='bbox 777 2743 806 2748; x_wconf 94' lang='lat'>—</span> <span class='ocrx_word' id='word_1_309' title='bbox 823 2731 1009 2761; x_wconf 66' lang='lat' dir='ltr'><strong>(a)chs.nullu.</strong></span> 
     </span>
    </p>
   </div>
   <div class='ocr_carea' id='block_1_4' title="bbox 805 221 1257 256">
    <p class='ocr_par' dir='ltr' id='par_1_4' title="bbox 805 221 1257 256">
     <span class='ocr_line' id='line_1_48' title="bbox 805 221 1257 256; baseline 0.002 -1"><span class='ocrx_word' id='word_1_310' title='bbox 805 221 1015 255; x_wconf 86' lang='lat' dir='ltr'><strong>APOLOGIAE</strong></span> <span class='ocrx_word' id='word_1_311' title='bbox 1037 222 1257 256; x_wconf 86' lang='lat' dir='ltr'><strong>PAUPERUM</strong></span> 
     </span>
    </p>
   </div>
   <div class='ocr_carea' id='block_1_5' title="bbox 1063 289 1877 2759">
    <p class='ocr_par' dir='ltr' id='par_1_5' title="bbox 1063 289 1877 2759">
     <span class='ocr_line' id='line_1_49' title="bbox 1063 289 1839 332; baseline 0.003 -10"><span class='ocrx_word' id='word_1_312' title='bbox 1063 291 1236 330; x_wconf 86' lang='lat' dir='ltr'><strong>venialem,</strong></span> <span class='ocrx_word' id='word_1_313' title='bbox 1251 290 1344 323; x_wconf 85' lang='lat' dir='ltr'><strong>valde</strong></span> <span class='ocrx_word' id='word_1_314' title='bbox 1357 289 1533 332; x_wconf 88' lang='lat' dir='ltr'><strong>improprie</strong></span> <span class='ocrx_word' id='word_1_315' title='bbox 1546 290 1703 331; x_wconf 81' lang='lat' dir='ltr'><strong>loquitur,</strong></span> <span class='ocrx_word' id='word_1_316' title='bbox 1717 300 1778 323; x_wconf 84' lang='lat' dir='ltr'><strong>nec</strong></span> <span class='ocrx_word' id='word_1_317' title='bbox 1790 293 1839 324; x_wconf 86' lang='lat' dir='ltr'><strong>ta-</strong></span> 
     </span>
     <span class='ocr_line' id='line_1_50' title="bbox 1064 343 1843 386; baseline 0.001 -10"><span class='ocrx_word' id='word_1_318' title='bbox 1064 353 1140 376; x_wconf 87' lang='lat' dir='ltr'><strong>men</strong></span> <span class='ocrx_word' id='word_1_319' title='bbox 1153 345 1290 377; x_wconf 84' lang='lat' dir='ltr'><strong>declinat</strong></span> <span class='ocrx_word' id='word_1_320' title='bbox 1301 353 1455 383; x_wconf 89' lang='lat' dir='ltr'><strong>errorem,</strong></span> <span class='ocrx_word' id='word_1_321' title='bbox 1466 343 1543 385; x_wconf 83' lang='lat' dir='ltr'><strong>quia</strong></span> <span class='ocrx_word' id='word_1_322' title='bbox 1549 344 1612 376; x_wconf 90' lang='lat' dir='ltr'><strong>nisi</strong></span> <span class='ocrx_word' id='word_1_323' title='bbox 1624 345 1663 386; x_wconf 85' lang='lat' dir='ltr'><strong>(a)</strong></span> <span class='ocrx_word' id='word_1_324' title='bbox 1680 344 1775 386; x_wconf 86' lang='lat' dir='ltr'><strong>culpa</strong></span> <span class='ocrx_word' id='word_1_325' title='bbox 1785 354 1843 379; x_wconf 86' lang='lat' dir='ltr'><strong>ve-</strong></span> 
     </span>
     <span class='ocr_line' id='line_1_51' title="bbox 1065 384 1854 440; baseline 0 -10"><span class='ocrx_word' id='word_1_326' title='bbox 1065 399 1158 430; x_wconf 88' lang='lat' dir='ltr'><strong>nialis</strong></span> <span class='ocrx_word' id='word_1_327' title='bbox 1172 401 1221 431; x_wconf 75' lang='lat' dir='ltr'><strong>est</strong></span> <span class='ocrx_word' id='word_1_328' title='bbox 1236 408 1325 431; x_wconf 91' lang='lat' dir='ltr'><strong>mors</strong></span> <span class='ocrx_word' id='word_1_329' title='bbox 1338 399 1457 431; x_wconf 81' lang='lat' dir='ltr'><strong>faciens</strong></span> <span class='ocrx_word' id='word_1_330' title='bbox 1470 398 1706 440; x_wconf 84' lang='lat' dir='ltr'><strong>imperfectum,</strong></span> <span class='ocrx_word' id='word_1_331' title='bbox 1722 401 1753 430; x_wconf 90' lang='lat' dir='ltr'><strong>et</strong></span> <span class='ocrx_word' id='word_1_332' title='bbox 1768 384 1854 431; x_wconf 57' lang='lat' dir='ltr'><strong>cum&#39;</strong></span> 
     </span>
     <span class='ocr_line' id='line_1_52' title="bbox 1065 453 1845 494; baseline 0.001 -10"><span class='ocrx_word' id='word_1_333' title='bbox 1065 462 1132 485; x_wconf 92' lang='lat' dir='ltr'><strong>non</strong></span> <span class='ocrx_word' id='word_1_334' title='bbox 1145 453 1189 484; x_wconf 88' lang='lat' dir='ltr'><strong>sit</strong></span> <span class='ocrx_word' id='word_1_335' title='bbox 1203 455 1308 494; x_wconf 73' lang='lat' dir='ltr'><strong>major</strong></span> <span class='ocrx_word' id='word_1_336' title='bbox 1322 453 1404 484; x_wconf 85' lang='lat' dir='ltr'><strong>ratio</strong></span> <span class='ocrx_word' id='word_1_337' title='bbox 1415 453 1455 484; x_wconf 89' lang='lat' dir='ltr'><strong>de</strong></span> <span class='ocrx_word' id='word_1_338' title='bbox 1468 461 1535 484; x_wconf 92' lang='lat' dir='ltr'><strong>uno</strong></span> <span class='ocrx_word' id='word_1_339' title='bbox 1549 453 1679 491; x_wconf 87' lang='lat' dir='ltr'><strong>veniali,</strong></span> <span class='ocrx_word' id='word_1_340' title='bbox 1694 462 1792 494; x_wconf 88' lang='lat' dir='ltr'><strong>quam</strong></span> <span class='ocrx_word' id='word_1_341' title='bbox 1805 453 1845 485; x_wconf 85' lang='lat' dir='ltr'><strong>de</strong></span> 
     </span>
     <span class='ocr_line' id='line_1_53' title="bbox 1066 506 1847 548; baseline 0 -10"><span class='ocrx_word' id='word_1_342' title='bbox 1066 506 1140 546; x_wconf 86' lang='lat' dir='ltr'><strong>alio,</strong></span> <span class='ocrx_word' id='word_1_343' title='bbox 1163 506 1288 547; x_wconf 87' lang='lat' dir='ltr'><strong>quoties</strong></span> <span class='ocrx_word' id='word_1_344' title='bbox 1307 507 1420 538; x_wconf 88' lang='lat' dir='ltr'><strong>incidit</strong></span> <span class='ocrx_word' id='word_1_345' title='bbox 1439 506 1512 547; x_wconf 90' lang='lat' dir='ltr'><strong>quis</strong></span> <span class='ocrx_word' id='word_1_346' title='bbox 1534 506 1567 538; x_wconf 91' lang='lat' dir='ltr'><strong>in</strong></span> <span class='ocrx_word' id='word_1_347' title='bbox 1584 506 1709 538; x_wconf 87' lang='lat' dir='ltr'><strong>veniale</strong></span> <span class='ocrx_word' id='word_1_348' title='bbox 1734 515 1847 548; x_wconf 86' lang='lat' dir='ltr'><strong>pecca-</strong></span> 
     </span>
     <span class='ocr_line' id='line_1_54' title="bbox 1067 560 1848 601; baseline 0 -9"><span class='ocrx_word' id='word_1_349' title='bbox 1067 563 1150 600; x_wconf 88' lang='lat' dir='ltr'><strong>tum,</strong></span> <span class='ocrx_word' id='word_1_350' title='bbox 1170 561 1265 592; x_wconf 86' lang='lat' dir='ltr'><strong>toties</strong></span> <span class='ocrx_word' id='word_1_351' title='bbox 1287 560 1403 593; x_wconf 86' lang='lat' dir='ltr'><strong>decidit</strong></span> <span class='ocrx_word' id='word_1_352' title='bbox 1424 569 1444 592; x_wconf 85' lang='lat' dir='ltr'><strong>a</strong></span> <span class='ocrx_word' id='word_1_353' title='bbox 1464 560 1668 601; x_wconf 86' lang='lat' dir='ltr'><strong>perfectionis</strong></span> <span class='ocrx_word' id='word_1_354' title='bbox 1690 562 1786 592; x_wconf 80' lang='lat' dir='ltr'><strong>statu.</strong></span> <span class='ocrx_word' id='word_1_355' title='bbox 1809 560 1848 592; x_wconf 88' lang='lat' dir='ltr'><strong>Et</strong></span> 
     </span>
     <span class='ocr_line' id='line_1_55' title="bbox 1067 614 1848 655; baseline 0.001 -10"><span class='ocrx_word' id='word_1_356' title='bbox 1067 614 1199 654; x_wconf 89' lang='lat' dir='ltr'><strong>iterum,</strong></span> <span class='ocrx_word' id='word_1_357' title='bbox 1216 623 1292 646; x_wconf 90' lang='lat' dir='ltr'><strong>cum</strong></span> <span class='ocrx_word' id='word_1_358' title='bbox 1305 614 1416 646; x_wconf 91' lang='lat' dir='ltr'><strong>nullus</strong></span> <span class='ocrx_word' id='word_1_359' title='bbox 1429 616 1729 655; x_wconf 78' lang='lat' dir='ltr'><strong>quantumcumque.</strong></span> <span class='ocrx_word' id='word_1_360' title='bbox 1738 615 1848 655; x_wconf 81' lang='lat' dir='ltr'><strong>justus</strong></span> 
     </span>
     <span class='ocr_line' id='line_1_56' title="bbox 1070 667 1849 707; baseline 0.001 -9"><span class='ocrx_word' id='word_1_361' title='bbox 1070 667 1111 699; x_wconf 90' lang='lat' dir='ltr'><strong>sit</strong></span> <span class='ocrx_word' id='word_1_362' title='bbox 1125 668 1257 700; x_wconf 91' lang='lat' dir='ltr'><strong>omnino</strong></span> <span class='ocrx_word' id='word_1_363' title='bbox 1266 667 1423 699; x_wconf 88' lang='lat' dir='ltr'><strong>immunis</strong></span> <span class='ocrx_word' id='word_1_364' title='bbox 1433 677 1452 699; x_wconf 89' lang='lat' dir='ltr'><strong>a</strong></span> <span class='ocrx_word' id='word_1_365' title='bbox 1464 668 1655 707; x_wconf 87' lang='lat' dir='ltr'><strong>venialibus,</strong></span> <span class='ocrx_word' id='word_1_366' title='bbox 1669 668 1780 700; x_wconf 89' lang='lat' dir='ltr'><strong>nullus</strong></span> <span class='ocrx_word' id='word_1_367' title='bbox 1788 667 1849 699; x_wconf 87' lang='lat' dir='ltr'><strong>crit</strong></span> 
     </span>
     <span class='ocr_line' id='line_1_57' title="bbox 1070 721 1849 763; baseline 0.001 -11"><span class='ocrx_word' id='word_1_368' title='bbox 1070 721 1103 752; x_wconf 90' lang='lat' dir='ltr'><strong>in</strong></span> <span class='ocrx_word' id='word_1_369' title='bbox 1126 721 1187 753; x_wconf 87' lang='lat' dir='ltr'><strong>hac</strong></span> <span class='ocrx_word' id='word_1_370' title='bbox 1207 721 1275 754; x_wconf 83' lang='lat' dir='ltr'><strong>vita</strong></span> <span class='ocrx_word' id='word_1_371' title='bbox 1296 722 1453 762; x_wconf 86' lang='lat' dir='ltr'><strong>perfectus</strong></span> <span class='ocrx_word' id='word_1_372' title='bbox 1472 730 1511 754; x_wconf 84' lang='lat' dir='ltr'><strong>ea</strong></span> <span class='ocrx_word' id='word_1_373' title='bbox 1539 722 1729 763; x_wconf 85' lang='lat' dir='ltr'><strong>perfectione</strong></span> <span class='ocrx_word' id='word_1_374' title='bbox 1751 729 1849 763; x_wconf 83' lang='lat' dir='ltr'><strong>quam</strong></span> 
     </span>
     <span class='ocr_line' id='line_1_58' title="bbox 1071 775 1852 817; baseline 0.003 -11"><span class='ocrx_word' id='word_1_375' title='bbox 1071 775 1209 807; x_wconf 89' lang='lat' dir='ltr'><strong>consulit</strong></span> <span class='ocrx_word' id='word_1_376' title='bbox 1232 776 1391 815; x_wconf 88' lang='lat' dir='ltr'><strong>Christus,</strong></span> <span class='ocrx_word' id='word_1_377' title='bbox 1416 776 1503 817; x_wconf 91' lang='lat' dir='ltr'><strong>quod</strong></span> <span class='ocrx_word' id='word_1_378' title='bbox 1529 778 1578 808; x_wconf 89' lang='lat' dir='ltr'><strong>est</strong></span> <span class='ocrx_word' id='word_1_379' title='bbox 1607 776 1797 808; x_wconf 83' lang='lat' dir='ltr'><strong>haereticum</strong></span> <span class='ocrx_word' id='word_1_380' title='bbox 1819 777 1852 808; x_wconf 85' lang='lat' dir='ltr'><strong>et</strong></span> 
     </span>
     <span class='ocr_line' id='line_1_59' title="bbox 1072 830 1850 862; baseline 0.003 -2"><span class='ocrx_word' id='word_1_381' title='bbox 1072 830 1303 862; x_wconf 87' lang='lat' dir='ltr'><strong>damnandum.</strong></span> <span class='ocrx_word' id='word_1_382' title='bbox 1320 830 1369 862; x_wconf 85' lang='lat' dir='ltr'><strong>Ad</strong></span> <span class='ocrx_word' id='word_1_383' title='bbox 1379 831 1499 862; x_wconf 87' lang='lat' dir='ltr'><strong>erroris</strong></span> <span class='ocrx_word' id='word_1_384' title='bbox 1513 831 1610 862; x_wconf 89' lang='lat' dir='ltr'><strong>etiam</strong></span> <span class='ocrx_word' id='word_1_385' title='bbox 1629 831 1681 862; x_wconf 93' lang='lat' dir='ltr'><strong>sui</strong></span> <span class='ocrx_word' id='word_1_386' title='bbox 1704 830 1850 862; x_wconf 86' lang='lat' dir='ltr'><strong>cumula·</strong></span> 
     </span>
     <span class='ocr_line' id='line_1_60' title="bbox 1072 883 1850 926; baseline 0 -12"><span class='ocrx_word' id='word_1_387' title='bbox 1072 883 1191 915; x_wconf 88' lang='lat' dir='ltr'><strong>tionem</strong></span> <span class='ocrx_word' id='word_1_388' title='bbox 1208 884 1365 924; x_wconf 87' lang='lat' dir='ltr'><strong>majorem</strong></span> <span class='ocrx_word' id='word_1_389' title='bbox 1380 885 1612 926; x_wconf 88' lang='lat' dir='ltr'><strong>subsequenter</strong></span> <span class='ocrx_word' id='word_1_390' title='bbox 1624 884 1774 923; x_wconf 87' lang='lat' dir='ltr'><strong>annectit,</strong></span> <span class='ocrx_word' id='word_1_391' title='bbox 1788 883 1850 915; x_wconf 92' lang='lat' dir='ltr'><strong>im-</strong></span> 
     </span>
     <span class='ocr_line' id='line_1_61' title="bbox 1073 937 1851 979; baseline -0.001 -10"><span class='ocrx_word' id='word_1_392' title='bbox 1073 938 1300 978; x_wconf 82' lang='lat' dir='ltr'><strong>perfectionem</strong></span> <span class='ocrx_word' id='word_1_393' title='bbox 1311 947 1381 970; x_wconf 90' lang='lat' dir='ltr'><strong>esse</strong></span> <span class='ocrx_word' id='word_1_394' title='bbox 1393 938 1567 979; x_wconf 82' lang='lat' dir='ltr'><strong>quamdam</strong></span> <span class='ocrx_word' id='word_1_395' title='bbox 1576 937 1851 976; x_wconf 86' lang='lat' dir='ltr'><strong>claudicationem,</strong></span> 
     </span>
     <span class='ocr_line' id='line_1_62' title="bbox 1074 991 1853 1032; baseline -0.001 -9"><span class='ocrx_word' id='word_1_396' title='bbox 1074 1000 1147 1032; x_wconf 87' lang='lat' dir='ltr'><strong>quae</strong></span> <span class='ocrx_word' id='word_1_397' title='bbox 1162 992 1221 1023; x_wconf 89' lang='lat' dir='ltr'><strong>sub</strong></span> <span class='ocrx_word' id='word_1_398' title='bbox 1235 994 1394 1032; x_wconf 57' lang='lat' dir='ltr'><strong>praecepto</strong></span> <span class='ocrx_word' id='word_1_399' title='bbox 1408 1001 1474 1023; x_wconf 91' lang='lat' dir='ltr'><strong>non</strong></span> <span class='ocrx_word' id='word_1_400' title='bbox 1494 991 1588 1030; x_wconf 85' lang='lat' dir='ltr'><strong>cadit,</strong></span> <span class='ocrx_word' id='word_1_401' title='bbox 1603 991 1656 1023; x_wconf 92' lang='lat' dir='ltr'><strong>sed</strong></span> <span class='ocrx_word' id='word_1_402' title='bbox 1674 991 1734 1022; x_wconf 87' lang='lat' dir='ltr'><strong>sub</strong></span> <span class='ocrx_word' id='word_1_403' title='bbox 1746 991 1853 1022; x_wconf 92' lang='lat' dir='ltr'><strong>indul-</strong></span> 
     </span>
     <span class='ocr_line' id='line_1_63' title="bbox 1077 1045 1856 1086; baseline -0.001 -9"><span class='ocrx_word' id='word_1_404' title='bbox 1077 1045 1198 1086; x_wconf 85' lang='lat' dir='ltr'><strong>gentia,</strong></span> <span class='ocrx_word' id='word_1_405' title='bbox 1216 1046 1491 1086; x_wconf 89' lang='lat' dir='ltr'><strong>quemadmodum</strong></span> <span class='ocrx_word' id='word_1_406' title='bbox 1505 1054 1564 1077; x_wconf 87' lang='lat' dir='ltr'><strong>sua</strong></span> <span class='ocrx_word' id='word_1_407' title='bbox 1575 1047 1718 1086; x_wconf 90' lang='lat' dir='ltr'><strong>repetere</strong></span> <span class='ocrx_word' id='word_1_408' title='bbox 1731 1053 1796 1076; x_wconf 91' lang='lat' dir='ltr'><strong>non</strong></span> <span class='ocrx_word' id='word_1_409' title='bbox 1808 1046 1856 1076; x_wconf 86' lang='lat' dir='ltr'><strong>est</strong></span> 
     </span>
     <span class='ocr_line' id='line_1_64' title="bbox 1076 1098 1856 1140; baseline 0 -10"><span class='ocrx_word' id='word_1_410' title='bbox 1076 1100 1285 1139; x_wconf 64' lang='lat' dir='ltr'><strong>praeceptum,</strong></span> <span class='ocrx_word' id='word_1_411' title='bbox 1310 1099 1364 1130; x_wconf 89' lang='lat' dir='ltr'><strong>sed</strong></span> <span class='ocrx_word' id='word_1_412' title='bbox 1385 1098 1556 1130; x_wconf 89' lang='lat' dir='ltr'><strong>indultum.</strong></span> <span class='ocrx_word' id='word_1_413' title='bbox 1583 1098 1673 1136; x_wconf 84' lang='lat' dir='ltr'><strong>Quod</strong></span> <span class='ocrx_word' id='word_1_414' title='bbox 1695 1100 1743 1130; x_wconf 88' lang='lat' dir='ltr'><strong>est</strong></span> <span class='ocrx_word' id='word_1_415' title='bbox 1762 1098 1856 1140; x_wconf 87' lang='lat' dir='ltr'><strong>plane</strong></span> 
     </span>
     <span class='ocr_line' id='line_1_65' title="bbox 1077 1152 1855 1193; baseline 0.001 -10"><span class='ocrx_word' id='word_1_416' title='bbox 1077 1152 1205 1192; x_wconf 87' lang='lat' dir='ltr'><strong>falsum,</strong></span> <span class='ocrx_word' id='word_1_417' title='bbox 1229 1162 1304 1184; x_wconf 91' lang='lat' dir='ltr'><strong>cum</strong></span> <span class='ocrx_word' id='word_1_418' title='bbox 1323 1153 1535 1192; x_wconf 85' lang='lat' dir='ltr'><strong>indulgentia,</strong></span> <span class='ocrx_word' id='word_1_419' title='bbox 1551 1152 1726 1185; x_wconf 90' lang='lat' dir='ltr'><strong>secundum</strong></span> <span class='ocrx_word' id='word_1_420' title='bbox 1741 1152 1855 1193; x_wconf 84' lang='lat' dir='ltr'><strong>Augu-</strong></span> 
     </span>
     <span class='ocr_line' id='line_1_66' title="bbox 1078 1206 1858 1247; baseline 0 -10"><span class='ocrx_word' id='word_1_421' title='bbox 1078 1207 1197 1238; x_wconf 80' lang='lat' dir='ltr'><strong>stinuin</strong></span> <span class='ocrx_word' id='word_1_422' title='bbox 1213 1207 1245 1237; x_wconf 90' lang='lat' dir='ltr'><strong>in</strong></span> <span class='ocrx_word' id='word_1_423' title='bbox 1260 1207 1343 1238; x_wconf 87' lang='lat' dir='ltr'><strong>libro</strong></span> <span class='ocrx_word' id='word_1_424' title='bbox 1361 1207 1403 1239; x_wconf 86' lang='lat' dir='ltr'><strong>De</strong></span> <span class='ocrx_word' id='word_1_425' title='bbox 1417 1206 1494 1240; x_wconf 84' lang='lat' dir='ltr'><strong>bono</strong></span> <span class='ocrx_word' id='word_1_426' title='bbox 1509 1206 1673 1247; x_wconf 72' lang='lat' dir='ltr'><strong>conjuqalz·</strong></span> <span class='ocrx_word' id='word_1_427' title='bbox 1686 1208 1708 1246; x_wconf 83' lang='lat'><strong>¹,</strong></span> <span class='ocrx_word' id='word_1_428' title='bbox 1724 1206 1858 1238; x_wconf 88' lang='lat' dir='ltr'><strong>includit</strong></span> 
     </span>
     <span class='ocr_line' id='line_1_67' title="bbox 1080 1261 1859 1302; baseline 0.001 -11"><span class='ocrx_word' id='word_1_429' title='bbox 1080 1263 1260 1301; x_wconf 85' lang='lat' dir='ltr'><strong>peccatum,</strong></span> <span class='ocrx_word' id='word_1_430' title='bbox 1287 1264 1318 1292; x_wconf 90' lang='lat' dir='ltr'><strong>et</strong></span> <span class='ocrx_word' id='word_1_431' title='bbox 1343 1263 1485 1301; x_wconf 87' lang='lat' dir='ltr'><strong>repetere</strong></span> <span class='ocrx_word' id='word_1_432' title='bbox 1511 1270 1570 1292; x_wconf 89' lang='lat' dir='ltr'><strong>sua</strong></span> <span class='ocrx_word' id='word_1_433' title='bbox 1597 1261 1787 1302; x_wconf 84' lang='lat' dir='ltr'><strong>imperfectis</strong></span> <span class='ocrx_word' id='word_1_434' title='bbox 1811 1262 1859 1292; x_wconf 85' lang='lat' dir='ltr'><strong>est</strong></span> 
     </span>
     <span class='ocr_line' id='line_1_68' title="bbox 1083 1315 1856 1356; baseline 0 -11"><span class='ocrx_word' id='word_1_435' title='bbox 1083 1315 1218 1354; x_wconf 84' lang='lat' dir='ltr'><strong>licitum,</strong></span> <span class='ocrx_word' id='word_1_436' title='bbox 1244 1315 1328 1346; x_wconf 90' lang='lat' dir='ltr'><strong>sicut</strong></span> <span class='ocrx_word' id='word_1_437' title='bbox 1350 1315 1455 1356; x_wconf 86' lang='lat' dir='ltr'><strong>prima</strong></span> <span class='ocrx_word' id='word_1_438' title='bbox 1476 1315 1521 1347; x_wconf 71' lang='lat' dir='ltr'><strong>act</strong></span> <span class='ocrx_word' id='word_1_439' title='bbox 1541 1315 1738 1354; x_wconf 75' lang='lat' dir='ltr'><strong>Corinthios,</strong></span> <span class='ocrx_word' id='word_1_440' title='bbox 1754 1317 1856 1353; x_wconf 80' lang='lat' dir='ltr'><strong>sexto,</strong></span> 
     </span>
     <span class='ocr_line' id='line_1_69' title="bbox 1080 1368 1858 1410; baseline 0.001 -11"><span class='ocrx_word' id='word_1_441' title='bbox 1080 1369 1156 1399; x_wconf 91' lang='lat' dir='ltr'><strong>dicit</strong></span> <span class='ocrx_word' id='word_1_442' title='bbox 1174 1368 1304 1400; x_wconf 82' lang='lat' dir='ltr'><strong>Glossa:</strong></span> <span class='ocrx_word' id='word_1_443' title='bbox 1330 1380 1344 1397; x_wconf 78' lang='grc'><strong>11</strong></span> <span class='ocrx_word' id='word_1_444' title='bbox 1367 1368 1505 1399; x_wconf 83' lang='lat' dir='ltr'><strong>infirmis</strong></span> <span class='ocrx_word' id='word_1_445' title='bbox 1526 1368 1598 1400; x_wconf 86' lang='lat' dir='ltr'><strong>licet</strong></span> <span class='ocrx_word' id='word_1_446' title='bbox 1620 1378 1679 1400; x_wconf 90' lang='lat' dir='ltr'><strong>sua</strong></span> <span class='ocrx_word' id='word_1_447' title='bbox 1704 1371 1858 1410; x_wconf 88' lang='lat' dir='ltr'><strong>repetere,</strong></span> 
     </span>
     <span class='ocr_line' id='line_1_70' title="bbox 1082 1422 1861 1463; baseline 0 -10"><span class='ocrx_word' id='word_1_448' title='bbox 1082 1422 1177 1454; x_wconf 86' lang='lat' dir='ltr'><strong>etiam</strong></span> <span class='ocrx_word' id='word_1_449' title='bbox 1189 1422 1348 1454; x_wconf 86' lang='lat' dir='ltr'><strong>movendo</strong></span> <span class='ocrx_word' id='word_1_450' title='bbox 1358 1431 1489 1454; x_wconf 84' lang='lat' dir='ltr'><strong>causam</strong></span> <span class='ocrx_word' id='word_1_451' title='bbox 1500 1424 1572 1454; x_wconf 84' lang='lat' dir='ltr'><strong>ante</strong></span> <span class='ocrx_word' id='word_1_452' title='bbox 1583 1422 1737 1463; x_wconf 89' lang='lat' dir='ltr'><strong>judicem.</strong></span> <span class='ocrx_word' id='word_1_453' title='bbox 1749 1433 1764 1452; x_wconf 79' lang='grc'><strong>1)</strong></span> <span class='ocrx_word' id='word_1_454' title='bbox 1778 1422 1861 1454; x_wconf 87' lang='lat' dir='ltr'><strong>Huic</strong></span> 
     </span>
     <span class='ocr_line' id='line_1_71' title="bbox 1083 1475 1862 1517; baseline 0 -10"><span class='ocrx_word' id='word_1_455' title='bbox 1083 1485 1212 1517; x_wconf 86' lang='lat' dir='ltr'><strong>quoque</strong></span> <span class='ocrx_word' id='word_1_456' title='bbox 1227 1476 1330 1507; x_wconf 87' lang='lat' dir='ltr'><strong>simile</strong></span> <span class='ocrx_word' id='word_1_457' title='bbox 1353 1478 1411 1515; x_wconf 85' lang='lat' dir='ltr'><strong>est,</strong></span> <span class='ocrx_word' id='word_1_458' title='bbox 1435 1475 1532 1516; x_wconf 88' lang='lat' dir='ltr'><strong>quod,</strong></span> <span class='ocrx_word' id='word_1_459' title='bbox 1557 1476 1751 1517; x_wconf 89' lang='lat' dir='ltr'><strong>quibusdam</strong></span> <span class='ocrx_word' id='word_1_460' title='bbox 1771 1475 1862 1508; x_wconf 86' lang='lat' dir='ltr'><strong>vanis</strong></span> 
     </span>
     <span class='ocr_line' id='line_1_72' title="bbox 1083 1528 1862 1571; baseline 0 -10"><span class='ocrx_word' id='word_1_461' title='bbox 1083 1533 1114 1561; x_wconf 79' lang='lat' dir='ltr'><strong>et</strong></span> <span class='ocrx_word' id='word_1_462' title='bbox 1133 1530 1467 1571; x_wconf 86' lang='lat' dir='ltr'><strong>frivolisinterpositis,</strong></span> <span class='ocrx_word' id='word_1_463' title='bbox 1486 1529 1616 1569; x_wconf 88' lang='lat' dir='ltr'><strong>addidit,</strong></span> <span class='ocrx_word' id='word_1_464' title='bbox 1633 1530 1719 1571; x_wconf 89' lang='lat' dir='ltr'><strong>quod</strong></span> <span class='ocrx_word' id='word_1_465' title='bbox 1729 1530 1762 1561; x_wconf 90' lang='lat' dir='ltr'><strong>in</strong></span> <span class='ocrx_word' id='word_1_466' title='bbox 1772 1528 1862 1561; x_wconf 86' lang='lat' dir='ltr'><strong>Novo</strong></span> 
     </span>
     <span class='ocr_line' id='line_1_73' title="bbox 1084 1584 1863 1625; baseline -0.003 -9"><span class='ocrx_word' id='word_1_467' title='bbox 1084 1584 1297 1623; x_wconf 87' lang='lat' dir='ltr'><strong>Testamento,</strong></span> <span class='ocrx_word' id='word_1_468' title='bbox 1316 1584 1413 1615; x_wconf 86' lang='lat' dir='ltr'><strong>ctiam</strong></span> <span class='ocrx_word' id='word_1_469' title='bbox 1429 1584 1557 1625; x_wconf 80' lang='lat' dir='ltr'><strong>quando</strong></span> <span class='ocrx_word' id='word_1_470' title='bbox 1572 1593 1666 1616; x_wconf 82' lang='lat' dir='ltr'><strong>causa</strong></span> <span class='ocrx_word' id='word_1_471' title='bbox 1680 1584 1778 1625; x_wconf 91' lang='lat' dir='ltr'><strong>prolis</strong></span> <span class='ocrx_word' id='word_1_472' title='bbox 1787 1592 1863 1615; x_wconf 92' lang='lat' dir='ltr'><strong>con-</strong></span> 
     </span>
     <span class='ocr_line' id='line_1_74' title="bbox 1086 1637 1864 1676; baseline -0.001 -7"><span class='ocrx_word' id='word_1_473' title='bbox 1086 1639 1224 1669; x_wconf 86' lang='lat' dir='ltr'><strong>trahitur</strong></span> <span class='ocrx_word' id='word_1_474' title='bbox 1249 1638 1512 1676; x_wconf 80' lang='lat' dir='ltr'><strong>matrimonium,</strong></span> <span class='ocrx_word' id='word_1_475' title='bbox 1538 1640 1585 1669; x_wconf 87' lang='lat' dir='ltr'><strong>est</strong></span> <span class='ocrx_word' id='word_1_476' title='bbox 1608 1637 1780 1669; x_wconf 91' lang='lat' dir='ltr'><strong>indultum.</strong></span> <span class='ocrx_word' id='word_1_477' title='bbox 1807 1637 1864 1668; x_wconf 89' lang='lat' dir='ltr'><strong>Cui</strong></span> 
     </span>
     <span class='ocr_line' id='line_1_75' title="bbox 1085 1690 1864 1732; baseline -0.001 -9"><span class='ocrx_word' id='word_1_478' title='bbox 1085 1694 1193 1732; x_wconf 78' lang='lat' dir='ltr'><strong>aperte</strong></span> <span class='ocrx_word' id='word_1_479' title='bbox 1217 1691 1404 1722; x_wconf 81' lang='lat' dir='ltr'><strong>contradicit</strong></span> <span class='ocrx_word' id='word_1_480' title='bbox 1429 1691 1631 1730; x_wconf 77' lang='lat' dir='ltr'><strong>Augustinus</strong></span> <span class='ocrx_word' id='word_1_481' title='bbox 1658 1691 1690 1721; x_wconf 94' lang='lat' dir='ltr'><strong>in</strong></span> <span class='ocrx_word' id='word_1_482' title='bbox 1713 1690 1794 1721; x_wconf 90' lang='lat' dir='ltr'><strong>libro</strong></span> <span class='ocrx_word' id='word_1_483' title='bbox 1818 1691 1864 1722; x_wconf 80' lang='lat' dir='ltr'><strong>De</strong></span> 
     </span>
     <span class='ocr_line' id='line_1_76' title="bbox 1087 1744 1866 1785; baseline -0.004 -7"><span class='ocrx_word' id='word_1_484' title='bbox 1087 1745 1164 1778; x_wconf 83' lang='lat' dir='ltr'><strong>bono</strong></span> <span class='ocrx_word' id='word_1_485' title='bbox 1183 1745 1360 1785; x_wconf 71' lang='lat' dir='ltr'><strong>conjuqali.</strong></span> <span class='ocrx_word' id='word_1_486' title='bbox 1388 1756 1403 1773; x_wconf 86' lang='lat'>«</span> <span class='ocrx_word' id='word_1_487' title='bbox 1426 1744 1526 1782; x_wconf 88' lang='lat' dir='ltr'><strong>Certe,</strong></span> <span class='ocrx_word' id='word_1_488' title='bbox 1549 1755 1564 1774; x_wconf 77' lang='lat' dir='ltr'><strong>n</strong></span> <span class='ocrx_word' id='word_1_489' title='bbox 1584 1744 1688 1785; x_wconf 88' lang='lat' dir='ltr'><strong>inquit</strong></span> <span class='ocrx_word' id='word_1_490' title='bbox 1701 1745 1724 1783; x_wconf 82' lang='lat'><strong>²,</strong></span> <span class='ocrx_word' id='word_1_491' title='bbox 1743 1755 1759 1773; x_wconf 80' lang='grc'><strong>(1</strong></span> <span class='ocrx_word' id='word_1_492' title='bbox 1777 1744 1866 1775; x_wconf 89' lang='lat' dir='ltr'><strong>dubi-</strong></span> 
     </span>
     <span class='ocr_line' id='line_1_77' title="bbox 1087 1799 1864 1839; baseline -0.003 -8"><span class='ocrx_word' id='word_1_493' title='bbox 1087 1802 1154 1831; x_wconf 87' lang='lat' dir='ltr'><strong>tare</strong></span> <span class='ocrx_word' id='word_1_494' title='bbox 1169 1800 1214 1831; x_wconf 84' lang='lat' dir='ltr'><strong>fas</strong></span> <span class='ocrx_word' id='word_1_495' title='bbox 1227 1809 1291 1831; x_wconf 89' lang='lat' dir='ltr'><strong>non</strong></span> <span class='ocrx_word' id='word_1_496' title='bbox 1306 1802 1365 1836; x_wconf 89' lang='lat' dir='ltr'><strong>est,</strong></span> <span class='ocrx_word' id='word_1_497' title='bbox 1381 1799 1510 1839; x_wconf 88' lang='lat' dir='ltr'><strong>nuptias</strong></span> <span class='ocrx_word' id='word_1_498' title='bbox 1526 1807 1591 1830; x_wconf 92' lang='lat' dir='ltr'><strong>non</strong></span> <span class='ocrx_word' id='word_1_499' title='bbox 1605 1807 1673 1830; x_wconf 90' lang='lat' dir='ltr'><strong>esse</strong></span> <span class='ocrx_word' id='word_1_500' title='bbox 1688 1800 1864 1838; x_wconf 87' lang='lat' dir='ltr'><strong>peccatum.</strong></span> 
     </span>
     <span class='ocr_line' id='line_1_78' title="bbox 1088 1851 1865 1894; baseline -0.003 -9"><span class='ocrx_word' id='word_1_501' title='bbox 1088 1853 1158 1885; x_wconf 90' lang='lat' dir='ltr'><strong>Non</strong></span> <span class='ocrx_word' id='word_1_502' title='bbox 1174 1854 1281 1894; x_wconf 85' lang='lat' dir='ltr'><strong>itaque</strong></span> <span class='ocrx_word' id='word_1_503' title='bbox 1296 1853 1424 1893; x_wconf 86' lang='lat' dir='ltr'><strong>nuptias</strong></span> <span class='ocrx_word' id='word_1_504' title='bbox 1441 1852 1619 1883; x_wconf 89' lang='lat' dir='ltr'><strong>secundum</strong></span> <span class='ocrx_word' id='word_1_505' title='bbox 1638 1851 1767 1883; x_wconf 87' lang='lat' dir='ltr'><strong>veniam</strong></span> <span class='ocrx_word' id='word_1_506' title='bbox 1789 1860 1865 1883; x_wconf 87' lang='lat' dir='ltr'><strong>con-</strong></span> 
     </span>
     <span class='ocr_line' id='line_1_79' title="bbox 1089 1905 1868 1948; baseline -0.003 -9"><span class='ocrx_word' id='word_1_507' title='bbox 1089 1908 1170 1939; x_wconf 87' lang='lat' dir='ltr'><strong>cedit</strong></span> <span class='ocrx_word' id='word_1_508' title='bbox 1178 1907 1348 1948; x_wconf 80' lang='lat' dir='ltr'><strong>Apostolus</strong></span> <span class='ocrx_word' id='word_1_509' title='bbox 1357 1918 1364 1945; x_wconf 88' lang='lat'>;</span> <span class='ocrx_word' id='word_1_510' title='bbox 1377 1906 1431 1937; x_wconf 89' lang='lat' dir='ltr'><strong>sed</strong></span> <span class='ocrx_word' id='word_1_511' title='bbox 1443 1906 1534 1937; x_wconf 89' lang='lat' dir='ltr'><strong>illum</strong></span> <span class='ocrx_word' id='word_1_512' title='bbox 1544 1905 1749 1937; x_wconf 89' lang='lat' dir='ltr'><strong>concubitum</strong></span> <span class='ocrx_word' id='word_1_513' title='bbox 1757 1914 1868 1937; x_wconf 88' lang='lat' dir='ltr'><strong>secun-</strong></span> 
     </span>
     <span class='ocr_line' id='line_1_80' title="bbox 1090 1959 1869 2000; baseline -0.003 -7"><span class='ocrx_word' id='word_1_514' title='bbox 1090 1963 1167 1993; x_wconf 85' lang='lat' dir='ltr'><strong>dum</strong></span> <span class='ocrx_word' id='word_1_515' title='bbox 1183 1962 1312 1993; x_wconf 82' lang='lat' dir='ltr'><strong>veniam</strong></span> <span class='ocrx_word' id='word_1_516' title='bbox 1337 1960 1491 1998; x_wconf 87' lang='lat' dir='ltr'><strong>concedit,</strong></span> <span class='ocrx_word' id='word_1_517' title='bbox 1516 1960 1573 2000; x_wconf 84' lang='lat' dir='ltr'><strong>qui</strong></span> <span class='ocrx_word' id='word_1_518' title='bbox 1598 1960 1633 1990; x_wconf 84' lang='lat' dir='ltr'><strong>fit</strong></span> <span class='ocrx_word' id='word_1_519' title='bbox 1656 1969 1712 2000; x_wconf 88' lang='lat' dir='ltr'><strong>per</strong></span> <span class='ocrx_word' id='word_1_520' title='bbox 1733 1959 1869 1991; x_wconf 89' lang='lat' dir='ltr'><strong>inconti-</strong></span> 
     </span>
     <span class='ocr_line' id='line_1_81' title="bbox 1090 2013 1868 2054; baseline -0.001 -8"><span class='ocrx_word' id='word_1_521' title='bbox 1090 2016 1232 2047; x_wconf 87' lang='lat' dir='ltr'><strong>nentiam</strong></span> <span class='ocrx_word' id='word_1_522' title='bbox 1257 2024 1323 2047; x_wconf 90' lang='lat' dir='ltr'><strong>non</strong></span> <span class='ocrx_word' id='word_1_523' title='bbox 1341 2015 1446 2046; x_wconf 88' lang='lat' dir='ltr'><strong>solum</strong></span> <span class='ocrx_word' id='word_1_524' title='bbox 1465 2022 1561 2044; x_wconf 84' lang='lat' dir='ltr'><strong>causa</strong></span> <span class='ocrx_word' id='word_1_525' title='bbox 1586 2014 1789 2054; x_wconf 87' lang='lat' dir='ltr'><strong>procreandi,</strong></span> <span class='ocrx_word' id='word_1_526' title='bbox 1813 2013 1868 2045; x_wconf 81' lang='lat' dir='ltr'><strong>sed</strong></span> 
     </span>
     <span class='ocr_line' id='line_1_82' title="bbox 1091 2068 1866 2110; baseline -0.004 -9"><span class='ocrx_word' id='word_1_527' title='bbox 1091 2071 1187 2103; x_wconf 88' lang='lat' dir='ltr'><strong>etiam</strong></span> <span class='ocrx_word' id='word_1_528' title='bbox 1213 2069 1385 2110; x_wconf 85' lang='lat' dir='ltr'><strong>aliquando</strong></span> <span class='ocrx_word' id='word_1_529' title='bbox 1420 2068 1508 2100; x_wconf 85' lang='lat' dir='ltr'><strong>nulla</strong></span> <span class='ocrx_word' id='word_1_530' title='bbox 1535 2076 1630 2099; x_wconf 87' lang='lat' dir='ltr'><strong>causa</strong></span> <span class='ocrx_word' id='word_1_531' title='bbox 1663 2068 1835 2108; x_wconf 85' lang='lat' dir='ltr'><strong>procreand</strong></span> <span class='ocrx_word' id='word_1_532' title='bbox 1857 2092 1866 2106; x_wconf 89' lang='lat'>‚</span> 
     </span>
     <span class='ocr_line' id='line_1_83' title="bbox 1091 2121 1871 2165; baseline -0.004 -10"><span class='ocrx_word' id='word_1_533' title='bbox 1091 2133 1188 2165; x_wconf 80' lang='lat' dir='ltr'><strong>quem</strong></span> <span class='ocrx_word' id='word_1_534' title='bbox 1207 2123 1329 2163; x_wconf 84' lang='lat' dir='ltr'><strong>nuptiae</strong></span> <span class='ocrx_word' id='word_1_535' title='bbox 1346 2122 1416 2153; x_wconf 86' lang='lat' dir='ltr'><strong>fieri</strong></span> <span class='ocrx_word' id='word_1_536' title='bbox 1437 2131 1501 2153; x_wconf 91' lang='lat' dir='ltr'><strong>non</strong></span> <span class='ocrx_word' id='word_1_537' title='bbox 1517 2123 1648 2161; x_wconf 85' lang='lat' dir='ltr'><strong>cogunt,</strong></span> <span class='ocrx_word' id='word_1_538' title='bbox 1670 2122 1723 2153; x_wconf 90' lang='lat' dir='ltr'><strong>sed</strong></span> <span class='ocrx_word' id='word_1_539' title='bbox 1745 2121 1871 2161; x_wconf 85' lang='lat' dir='ltr'><strong>ignosci</strong></span> 
     </span>
     <span class='ocr_line' id='line_1_84' title="bbox 1093 2174 1872 2218; baseline -0.003 -10"><span class='ocrx_word' id='word_1_540' title='bbox 1093 2179 1274 2218; x_wconf 86' lang='lat' dir='ltr'><strong>impetrant.</strong></span> <span class='ocrx_word' id='word_1_541' title='bbox 1298 2175 1490 2207; x_wconf 80' lang='lat' dir='ltr'><strong>Concubitus</strong></span> <span class='ocrx_word' id='word_1_542' title='bbox 1511 2174 1597 2205; x_wconf 89' lang='lat' dir='ltr'><strong>enim</strong></span> <span class='ocrx_word' id='word_1_543' title='bbox 1615 2174 1683 2205; x_wconf 86' lang='lat' dir='ltr'><strong>sola</strong></span> <span class='ocrx_word' id='word_1_544' title='bbox 1706 2183 1802 2206; x_wconf 85' lang='lat' dir='ltr'><strong>causa</strong></span> <span class='ocrx_word' id='word_1_545' title='bbox 1817 2183 1872 2214; x_wconf 82' lang='lat' dir='ltr'><strong>ge-</strong></span> 
     </span>
     <span class='ocr_line' id='line_1_85' title="bbox 1094 2227 1872 2269; baseline -0.005 -7"><span class='ocrx_word' id='word_1_546' title='bbox 1094 2231 1224 2263; x_wconf 88' lang='lat' dir='ltr'><strong>nerandi</strong></span> <span class='ocrx_word' id='word_1_547' title='bbox 1254 2229 1456 2269; x_wconf 86' lang='lat' dir='ltr'><strong>inculpabilis</strong></span> <span class='ocrx_word' id='word_1_548' title='bbox 1469 2252 1476 2266; x_wconf 89' lang='lat'>‚</span> <span class='ocrx_word' id='word_1_549' title='bbox 1502 2228 1588 2259; x_wconf 91' lang='lat' dir='ltr'><strong>solus</strong></span> <span class='ocrx_word' id='word_1_550' title='bbox 1617 2228 1686 2268; x_wconf 91' lang='lat' dir='ltr'><strong>ipse</strong></span> <span class='ocrx_word' id='word_1_551' title='bbox 1720 2227 1872 2268; x_wconf 87' lang='lat' dir='ltr'><strong>nuptialis</strong></span> 
     </span>
     <span class='ocr_line' id='line_1_86' title="bbox 1093 2281 1871 2323; baseline -0.005 -7"><span class='ocrx_word' id='word_1_552' title='bbox 1093 2288 1152 2316; x_wconf 82' lang='lat' dir='ltr'><strong>cst.</strong></span> <span class='ocrx_word' id='word_1_553' title='bbox 1166 2296 1180 2314; x_wconf 75' lang='grc'><strong>1)</strong></span> <span class='ocrx_word' id='word_1_554' title='bbox 1200 2284 1273 2316; x_wconf 79' lang='lat' dir='ltr'><strong>llaec</strong></span> <span class='ocrx_word' id='word_1_555' title='bbox 1289 2283 1505 2323; x_wconf 76' lang='lat' dir='ltr'><strong>Augustinus,</strong></span> <span class='ocrx_word' id='word_1_556' title='bbox 1521 2281 1577 2313; x_wconf 90' lang='lat' dir='ltr'><strong>Ubi</strong></span> <span class='ocrx_word' id='word_1_557' title='bbox 1590 2282 1674 2313; x_wconf 87' lang='lat' dir='ltr'><strong>inter</strong></span> <span class='ocrx_word' id='word_1_558' title='bbox 1688 2281 1793 2322; x_wconf 90' lang='lat' dir='ltr'><strong>ipsum</strong></span> <span class='ocrx_word' id='word_1_559' title='bbox 1802 2282 1871 2313; x_wconf 90' lang='lat' dir='ltr'><strong>doc-</strong></span> 
     </span>
     <span class='ocr_line' id='line_1_87' title="bbox 1095 2335 1872 2378; baseline -0.005 -8"><span class='ocrx_word' id='word_1_560' title='bbox 1095 2342 1196 2370; x_wconf 79' lang='lat' dir='ltr'><strong>torem</strong></span> <span class='ocrx_word' id='word_1_561' title='bbox 1221 2339 1401 2378; x_wconf 83' lang='lat' dir='ltr'><strong>antiquum,</strong></span> <span class='ocrx_word' id='word_1_562' title='bbox 1427 2338 1459 2367; x_wconf 90' lang='lat' dir='ltr'><strong>et</strong></span> <span class='ocrx_word' id='word_1_563' title='bbox 1482 2336 1580 2366; x_wconf 89' lang='lat' dir='ltr'><strong>istum</strong></span> <span class='ocrx_word' id='word_1_564' title='bbox 1600 2335 1763 2367; x_wconf 89' lang='lat' dir='ltr'><strong>novellum</strong></span> <span class='ocrx_word' id='word_1_565' title='bbox 1784 2337 1872 2366; x_wconf 87' lang='lat' dir='ltr'><strong>tanta</strong></span> 
     </span>
     <span class='ocr_line' id='line_1_88' title="bbox 1096 2389 1873 2433; baseline -0.008 -8"><span class='ocrx_word' id='word_1_566' title='bbox 1096 2396 1142 2425; x_wconf 90' lang='lat' dir='ltr'><strong>est</strong></span> <span class='ocrx_word' id='word_1_567' title='bbox 1164 2393 1380 2433; x_wconf 81' lang='lat' dir='ltr'><strong>repugnantia</strong></span> <span class='ocrx_word' id='word_1_568' title='bbox 1402 2399 1557 2421; x_wconf 85' lang='lat' dir='ltr'><strong>sensuum</strong></span> <span class='ocrx_word' id='word_1_569' title='bbox 1577 2392 1608 2421; x_wconf 85' lang='lat' dir='ltr'><strong>ct</strong></span> <span class='ocrx_word' id='word_1_570' title='bbox 1629 2389 1813 2427; x_wconf 88' lang='lat' dir='ltr'><strong>verborum,</strong></span> <span class='ocrx_word' id='word_1_571' title='bbox 1836 2390 1873 2420; x_wconf 91' lang='lat' dir='ltr'><strong>ut</strong></span> 
     </span>
     <span class='ocr_line' id='line_1_89' title="bbox 1097 2442 1871 2479; baseline -0.009 0"><span class='ocrx_word' id='word_1_572' title='bbox 1097 2457 1224 2479; x_wconf 78' lang='lat' dir='ltr'><strong>necesse</strong></span> <span class='ocrx_word' id='word_1_573' title='bbox 1235 2447 1274 2478; x_wconf 89' lang='lat' dir='ltr'><strong>sit</strong></span> <span class='ocrx_word' id='word_1_574' title='bbox 1286 2446 1424 2477; x_wconf 83' lang='lat' dir='ltr'><strong>alterum</strong></span> <span class='ocrx_word' id='word_1_575' title='bbox 1438 2453 1550 2476; x_wconf 88' lang='lat' dir='ltr'><strong>eorum</strong></span> <span class='ocrx_word' id='word_1_576' title='bbox 1561 2444 1731 2475; x_wconf 86' lang='lat' dir='ltr'><strong>asseruisse</strong></span> <span class='ocrx_word' id='word_1_577' title='bbox 1744 2442 1871 2473; x_wconf 87' lang='lat' dir='ltr'><strong>falsum.</strong></span> 
     </span>
     <span class='ocr_line' id='line_1_90' title="bbox 1098 2497 1876 2542; baseline -0.006 -9"><span class='ocrx_word' id='word_1_578' title='bbox 1098 2503 1131 2533; x_wconf 81' lang='lat' dir='ltr'><strong>Si</strong></span> <span class='ocrx_word' id='word_1_579' title='bbox 1142 2503 1317 2542; x_wconf 81' lang='lat' dir='ltr'><strong>igiturnon</strong></span> <span class='ocrx_word' id='word_1_580' title='bbox 1328 2509 1434 2537; x_wconf 88' lang='lat' dir='ltr'><strong>suam,</strong></span> <span class='ocrx_word' id='word_1_581' title='bbox 1451 2499 1505 2530; x_wconf 88' lang='lat' dir='ltr'><strong>sed</strong></span> <span class='ocrx_word' id='word_1_582' title='bbox 1520 2497 1647 2538; x_wconf 82' lang='lat' dir='ltr'><strong>egregii</strong></span> <span class='ocrx_word' id='word_1_583' title='bbox 1661 2497 1796 2529; x_wconf 89' lang='lat' dir='ltr'><strong>doctoris</strong></span> <span class='ocrx_word' id='word_1_584' title='bbox 1807 2497 1876 2528; x_wconf 90' lang='lat' dir='ltr'><strong>vult</strong></span> 
     </span>
     <span class='ocr_line' id='line_1_91' title="bbox 1099 2551 1873 2597; baseline -0.009 -9"><span class='ocrx_word' id='word_1_585' title='bbox 1099 2557 1188 2597; x_wconf 86' lang='lat' dir='ltr'><strong>sequi</strong></span> <span class='ocrx_word' id='word_1_586' title='bbox 1204 2555 1405 2593; x_wconf 79' lang='lat' dir='ltr'><strong>sententiani,</strong></span> <span class='ocrx_word' id='word_1_587' title='bbox 1424 2563 1464 2584; x_wconf 87' lang='lat' dir='ltr'><strong>ne</strong></span> <span class='ocrx_word' id='word_1_588' title='bbox 1480 2553 1513 2583; x_wconf 91' lang='lat' dir='ltr'><strong>in</strong></span> <span class='ocrx_word' id='word_1_589' title='bbox 1529 2553 1654 2583; x_wconf 87' lang='lat' dir='ltr'><strong>foveam</strong></span> <span class='ocrx_word' id='word_1_590' title='bbox 1677 2551 1767 2582; x_wconf 87' lang='lat' dir='ltr'><strong>cadat</strong></span> <span class='ocrx_word' id='word_1_591' title='bbox 1786 2560 1873 2582; x_wconf 90' lang='lat' dir='ltr'><strong>erro-</strong></span> 
     </span>
     <span class='ocr_line' id='line_1_92' title="bbox 1099 2604 1876 2650; baseline -0.008 -8"><span class='ocrx_word' id='word_1_592' title='bbox 1099 2612 1156 2650; x_wconf 86' lang='lat' dir='ltr'><strong>ris,</strong></span> <span class='ocrx_word' id='word_1_593' title='bbox 1173 2611 1296 2642; x_wconf 82' lang='lat' dir='ltr'><strong>desinat</strong></span> <span class='ocrx_word' id='word_1_594' title='bbox 1321 2607 1594 2649; x_wconf 86' lang='lat' dir='ltr'><strong>imperfectionem</strong></span> <span class='ocrx_word' id='word_1_595' title='bbox 1619 2604 1796 2636; x_wconf 87' lang='lat' dir='ltr'><strong>describere</strong></span> <span class='ocrx_word' id='word_1_596' title='bbox 1819 2613 1876 2645; x_wconf 90' lang='lat' dir='ltr'><strong>per</strong></span> 
     </span>
     <span class='ocr_line' id='line_1_93' title="bbox 1100 2659 1877 2697; baseline -0.009 -1"><span class='ocrx_word' id='word_1_597' title='bbox 1100 2665 1319 2696; x_wconf 80' lang='lat' dir='ltr'><strong>distortionem</strong></span> <span class='ocrx_word' id='word_1_598' title='bbox 1330 2665 1362 2694; x_wconf 85' lang='lat' dir='ltr'><strong>et</strong></span> <span class='ocrx_word' id='word_1_599' title='bbox 1375 2659 1649 2697; x_wconf 85' lang='lat' dir='ltr'><strong>claudicationem,</strong></span> <span class='ocrx_word' id='word_1_600' title='bbox 1662 2661 1699 2690; x_wconf 91' lang='lat' dir='ltr'><strong>ut</strong></span> <span class='ocrx_word' id='word_1_601' title='bbox 1713 2668 1778 2691; x_wconf 89' lang='lat' dir='ltr'><strong>non</strong></span> <span class='ocrx_word' id='word_1_602' title='bbox 1791 2667 1877 2690; x_wconf 88' lang='lat' dir='ltr'><strong>com-</strong></span> 
     </span>
     <span class='ocr_line' id='line_1_94' title="bbox 1101 2712 1877 2759; baseline -0.009 -9"><span class='ocrx_word' id='word_1_603' title='bbox 1101 2719 1236 2759; x_wconf 87' lang='lat' dir='ltr'><strong>pellatur</strong></span> <span class='ocrx_word' id='word_1_604' title='bbox 1250 2727 1291 2750; x_wconf 80' lang='lat' dir='ltr'><strong>ex</strong></span> <span class='ocrx_word' id='word_1_605' title='bbox 1307 2718 1378 2755; x_wconf 90' lang='lat' dir='ltr'><strong>hoc,</strong></span> <span class='ocrx_word' id='word_1_606' title='bbox 1403 2718 1558 2754; x_wconf 80' lang='lat' dir='ltr'><strong>tanquam</strong></span> <span class='ocrx_word' id='word_1_607' title='bbox 1573 2713 1723 2744; x_wconf 89' lang='lat' dir='ltr'><strong>distortus</strong></span> <span class='ocrx_word' id='word_1_608' title='bbox 1741 2715 1772 2744; x_wconf 90' lang='lat' dir='ltr'><strong>et</strong></span> <span class='ocrx_word' id='word_1_609' title='bbox 1794 2712 1877 2744; x_wconf 89' lang='lat' dir='ltr'><strong>clau-</strong></span> 
     </span>
    </p>
   </div>
  </div>
 </body>
</html>
