2029 3052
528 192 579 225 DE
602 190 797 224 PLURlBUS
820 191 876 224 SS.
901 190 1232 228 CONFESSORIBUS.
1256 197 1389 232 SERMO
1413 200 1452 232 11.

183 259 355 288 charltatem
369 260 554 289 habeamus:
572 260 703 297 primum
724 262 765 288 est
785 261 965 289 conscientia

181 307 315 343 munda3
335 308 501 336 seeundum
516 310 559 336 est
573 307 714 344 patientia
727 307 828 344 firma3
848 308 964 336 tertium

183 357 226 383 cst
241 355 409 392 compassio
424 355 552 384 fraterna
558 365 566 391 3
584 357 722 392 quartum
738 357 781 383 cst
798 355 964 383 communi-

183 403 259 431 catio
274 402 379 437 libera.

220 449 301 484 Dico,
316 449 399 486 quod
414 449 545 486 primum
558 449 676 485 signum
692 449 776 486 quod
791 449 964 477 charitatem

182 496 357 532 habeamus,
373 499 416 525 cst
430 496 552 525 interior
572 497 767 532 conscientia,
789 497 812 524 si
833 497 964 525 invenia-

182 545 228 572 tur
239 544 363 578 munda,
379 543 468 572 nullis
484 544 598 572 delictis
612 544 777 572 moralibus
795 543 887 578 foeda,
903 551 964 571 non

183 591 316 626 cogitans
329 591 437 627 turpia,
456 599 518 619 non
538 599 642 620 amans
663 591 827 626 mundana,
844 590 898 619 sed
917 599 964 618 so-

181 637 244 666 lum
261 637 361 666 divina
375 649 381 665 z
398 647 460 666 non
475 638 610 674 gaudens
622 639 662 666 ad
677 638 768 673 mala,
781 639 834 666 sed
850 638 889 666 ad
903 646 965 666 om-

182 685 233 713 nia
253 685 343 713 bona.
368 685 449 714 Unde
471 686 629 722 Apostolus
653 685 723 713 dicit
743 687 751 702 ¹
771 694 778 712 :
797 695 811 712 «
832 685 965 713 Charitas

182 741 244 761 non
260 733 369 769 cogitat
388 733 514 767 malum,
529 741 591 761 non
612 733 722 769 gaudet
742 741 830 769 super
852 732 964 769 iniqui-

182 782 249 816 tate,
258 780 533 816 congaudetautem
541 780 671 815 veritati;
686 790 699 807 >³
713 780 743 808 id
759 781 819 808 est:
835 787 895 807 non
910 787 965 815 po-

182 830 236 857 test
250 835 324 862 esse,
339 829 371 856 ut
384 827 408 856 si
426 828 553 856 charitas
575 828 612 855 sit
627 827 658 855 in
681 827 792 861 anima,
814 828 846 854 ut
865 827 966 855 anima

183 875 219 903 sit
228 875 318 910 foeda,
330 878 362 903 ut
383 875 420 903 sit
439 875 548 911 frigida
563 875 603 903 ad
625 874 740 909 divina,
763 875 790 902 et
807 873 905 902 calida
926 873 966 901 ad

181 922 325 956 humana,
341 931 409 950 cum
433 922 571 957 charitas,
594 922 634 950 ad
656 921 783 950 modum
803 920 965 949 materialis

182 969 269 1006 ignis,
282 970 374 998 virtus
382 970 418 998 sit
430 970 596 1006 purgativa,
613 969 785 997 calefactiva
800 971 826 996 et
838 970 968 996 matura-

183 1018 251 1046 tiva.
266 1018 348 1046 Unde
360 1017 448 1046 etiarn
460 1017 611 1051 Dominus,
622 1017 750 1053 loquens
766 1016 802 1044 de
814 1016 965 1050 charitate,

185 1064 256 1092 dicit
269 1064 297 1092 ²:
313 1074 326 1091 t<
338 1067 439 1100 lgnem
451 1065 520 1092 veni
535 1064 650 1092 mittere
664 1065 694 1091 in
705 1065 830 1097 terram;
849 1065 876 1091 θῖ
892 1063 966 1099 quid

184 1111 266 1145 volo,
281 1111 338 1139 nisi
358 1114 390 1140 ut
408 1111 510 1139 ardeat
530 1111 588 1148 (a)‘?
605 1122 616 1137 n
641 1113 717 1146 Ergo
738 1111 761 1138 si
783 1111 908 1138 charitas
925 1112 967 1138 est

184 1158 271 1194 ignis,
292 1159 357 1195 ipsa
373 1159 463 1187 habet
482 1167 625 1195 purgare,
641 1159 713 1194 quia
733 1158 810 1193 ignis
831 1160 873 1185 θεῖ
891 1157 966 1185 aeris

183 1207 370 1242 purgativus,
383 1208 411 1234 et
425 1206 456 1233 in
470 1206 548 1234 ferro
567 1208 610 1233 est
625 1205 721 1233 omnis
737 1205 882 1240 rubiginis
897 1213 967 1232 con-

184 1255 360 1290 sumptivus.
376 1254 404 1282 Si
419 1262 490 1290 crgo
507 1253 687 1282 conscientia
702 1255 744 1281 est
759 1254 869 1289 peccati
886 1253 968 1281 rubi-

185 1302 250 1337 gine
262 1301 361 1338 plena,
378 1304 492 1330 certum
507 1304 558 1336 est,
575 1301 659 1337 quod
674 1301 712 1329 ab
731 1301 800 1336 igne
818 1300 967 1328 charitatis

185 1352 227 1377 est
241 1358 345 1378 vacua.
363 1351 435 1377 Item
449 1349 525 1384 ignis
547 1349 655 1383 omnia,
673 1357 739 1384 quae
755 1348 811 1375 sibi
827 1348 968 1384 approxi-

186 1400 319 1431 mantur,
342 1396 490 1431 calefacit,
515 1396 587 1432 quia
607 1404 696 1424 omne
719 1395 811 1430 frigus
836 1404 852 1423 a
878 1395 967 1422 rebus

186 1443 316 1479 expellit,
331 1444 405 1471 sicut
427 1443 608 1479 experientia
628 1444 707 1470 certa
729 1442 865 1470 ostendit.
891 1443 967 1477 Ergo

186 1490 238 1518 ubi
254 1490 401 1518 charitatis
417 1490 493 1526 ignis
508 1498 569 1518 non
583 1490 750 1525 requiescit,
767 1489 859 1524 frigus
879 1489 967 1516 etiam

187 1545 248 1566 non
271 1537 388 1565 desinit.
413 1539 498 1572 Ergo,
521 1537 544 1565 si
568 1537 607 1565 ad
628 1537 730 1564 divina
754 1539 781 1564 ct
803 1536 968 1572 spiritualia

186 1585 267 1614 bona
289 1588 315 1614 te
340 1586 501 1613 ferventem
523 1587 551 1612 et
576 1584 707 1612 calidum
729 1584 878 1618 invenies,
903 1585 930 1610 et
953 1591 967 1611 e

186 1636 288 1661 contra
302 1633 341 1660 ad
356 1635 471 1661 terrena
486 1631 625 1667 frigidum
643 1631 781 1667 reperies,
795 1630 914 1666 signum
926 1632 969 1657 est

186 1680 331 1708 charitatis
346 1680 377 1708 in
392 1681 418 1707 tc
437 1679 595 1707 existentis
622 1679 650 1707 si
667 1681 765 1706 autem
790 1677 915 1713 frigidus
938 1685 968 1704 es

186 1727 225 1755 ad
242 1727 354 1762 divina,
370 1729 398 1755 θῖ
419 1726 532 1755 calidus
555 1726 593 1754 ad
614 1728 745 1760 terrena,
773 1725 858 1760 scias,
884 1725 968 1761 quod

186 1774 313 1803 charitas
326 1782 389 1802 non
403 1774 488 1802 ardet
511 1774 542 1801 in
562 1773 662 1801 anima
678 1776 736 1801 tua.
754 1774 825 1800 Item
840 1772 915 1808 iguis
927 1775 969 1800 θεῖ

187 1822 349 1850 crudorum
370 1821 576 1849 maturativus.
599 1820 679 1848 Unde
704 1820 859 1854 videmus,
884 1819 969 1856 quod

186 1877 277 1905 poma
292 1869 385 1896 cruda
400 1871 427 1896 et
442 1868 601 1896 immatura
621 1867 650 1895 in
670 1867 738 1903 igne
757 1868 879 1895 decocta
894 1867 969 1894 fiunt

186 1916 292 1952 sapida
308 1917 335 1943 et
351 1916 460 1948 dulcia,
474 1924 509 1943 eo
525 1915 607 1951 quod
621 1923 638 1942 a
653 1915 758 1942 virtute
770 1915 858 1949 ignea
872 1914 969 1942 omnis

187 1963 250 1998 ejus
273 1962 418 1990 acerbitas
433 1962 469 1989 sit
485 1964 672 1997 consumpta,
690 1963 717 1989 et
736 1961 915 1997 saporositas
935 1961 970 1988 sit

187 2010 363 2038 introducta.
385 2012 460 2045 Ergo
477 2010 500 2037 si
520 2011 552 2037 tu
571 2009 719 2037 inveneris
739 2008 770 2035 in
791 2010 818 2036 te
840 2011 971 2035 maturas

188 2057 358 2085 affectiones
374 2057 487 2092 dulces,
508 2059 535 2084 et
549 2064 707 2092 saporosas
727 2055 763 2083 de
784 2057 843 2083 Deo
861 2055 971 2090 cogita-

188 2105 292 2140 tiones,
304 2105 462 2141 probabile
479 2104 568 2132 valde
585 2105 636 2138 θεῖ,
654 2100 738 2139 quod
754 2111 771 2130 a
787 2103 889 2130 divino
901 2103 970 2138 igne

188 2152 249 2179 haee
269 2152 370 2180 liabeS.
394 2152 421 2180 Si
443 2154 542 2180 autem
566 2160 581 2179 e
608 2150 756 2178 contrario
778 2150 971 2185 cogitationes

190 2199 226 2227 de
242 2200 355 2228 mundo
371 2200 424 2228 tibi
440 2202 507 2227 sunt
523 2199 625 2227 dulces
641 2201 668 2226 et
683 2197 804 2233 sapidze,
817 2200 844 2225 et
860 2197 896 2225 de
913 2199 970 2225 Deo

190 2249 258 2274 sunt
282 2247 393 2281 crudae,
423 2248 510 2275 crede
535 2246 623 2280 mihi,
649 2248 676 2273 et
701 2245 774 2273 scias
801 2244 970 2278 certissime,

191 2294 274 2329 quod
287 2294 388 2321 divino
404 2302 465 2321 non
480 2294 566 2322 ardes
582 2294 639 2321 hoc
653 2294 731 2328 igne.
749 2292 917 2321 Notandum
934 2294 973 2320 ta-

191 2349 270 2376 men,
295 2341 378 2377 quod
402 2341 432 2368 in
453 2342 593 2369 omnibus
614 2342 673 2369 istis
696 2341 888 2376 argumentis,
911 2340 972 2366 sive

191 2388 418 2424 argumentandi
438 2389 547 2423 modis,
566 2397 682 2424 semper
696 2388 854 2424 probabile
870 2388 912 2415 θεῖ
927 2395 972 2414 as-

192 2436 349 2470 sertivum3
366 2436 419 2463 sed
440 2436 640 2463 necessarium
657 2438 698 2463 est
722 2435 903 2470 negativum.
920 2434 973 2461 Ubi

193 2491 264 2518 ergo
277 2483 433 2519 Apostolus
449 2482 519 2511 dicit
530 2484 539 2499 ³
554 2491 560 2510 ;
580 2492 593 2508 «
609 2482 740 2509 Charitas
754 2490 816 2509 non
831 2482 891 2517 agit
905 2489 973 2517 per-

192 2538 305 2566 peram,
317 2531 371 2558 »id
383 2534 434 2565 est,
445 2538 583 2567 perverse
597 2539 602 2557 :
615 2540 626 2555 ι(
637 2537 699 2558 non
714 2531 756 2557 est
771 2529 944 2556 ambitiosa:
958 2538 971 2554 ν

194 2577 217 2605 si
237 2585 293 2613 ego
312 2578 343 2614 (b)
360 2578 399 2606 ita
416 2578 513 2606 dicam
529 2586 534 2605 :
563 2586 576 2603 α
590 2578 643 2604 Ιεῖθ
656 2584 717 2604 non
732 2576 791 2611 agit
803 2584 972 2612 perperam,

227 2642 256 2665 ‘l
278 2642 348 2671 Corn,
363 2647 427 2672 xm,
447 2643 502 2665 5-6.
518 2653 547 2658 -
569 2641 576 2654 ²
592 2641 660 2667 Luc„
682 2645 735 2669 xu,
757 2640 795 2663 43).
810 2652 840 2656 —
856 2639 887 2661 ³1
906 2639 974 2669 Foru,

195 2682 258 2708 xxu,
278 2680 300 2702 4.
319 2691 349 2695 —
369 2677 377 2691 ⁴
393 2677 473 2705 Rom„
492 2683 552 2708 vni,
570 2678 615 2706 35,
631 2677 670 2701 38.
687 2689 716 2694 -
732 2676 740 2689 ⁵
756 2675 883 2705 Bern.,1'n
901 2675 972 2698 Dom.

317 2731 390 2754 TOM.
415 2731 482 2753 XIV.

1763 204 1798 236 81

1020 271 1080 290 non
1096 265 1138 292 est
1154 265 1347 296 ambitiosus:
1371 276 1441 304 crgo
1465 267 1638 298 charitatem
1659 270 1767 307 habet3
1786 283 1800 298 »

1019 309 1077 338 hoc
1093 313 1204 340 tantum
1224 316 1267 342 θεῖ
1287 315 1446 351 probabile
1465 317 1651 351 assertivum,
1667 326 1727 346 non
1749 327 1802 347 au-

1021 358 1079 384 tem
1097 360 1308 396 necessarium,
1333 362 1405 398 quia
1426 365 1496 391 tunc
1517 366 1617 400 posset
1635 365 1727 393 homo
1746 374 1801 402 pro

1021 406 1100 432 certo
1121 406 1205 441 scire,
1228 408 1251 435 si
1276 411 1350 437 esset
1370 409 1401 437 in
1422 410 1572 439 charitate.
1594 411 1621 439 Si
1647 414 1745 440 autem
1761 413 1803 440 sic

1022 451 1139 481 dicam:
1160 464 1173 479 «
1188 455 1241 482 Iste
1258 456 1432 485 ambitiosus
1447 460 1500 493 cst,
1516 460 1544 486 θῖ
1564 467 1702 495 perverse
1724 460 1801 496 agit;

1021 505 1092 534 ergo
1106 500 1278 530 charitatem
1293 511 1354 532 non
1365 504 1455 533 habet
1472 515 1478 533 :
1495 515 1508 532 »
1520 508 1730 541 argumentum
1742 515 1803 535 non

1021 548 1064 574 cst
1077 547 1236 582 probabile
1246 551 1372 585 tantum,
1386 552 1439 580 scd
1449 555 1491 581 θεῖ
1502 554 1712 582 necessarium.
1722 555 1803 583 Unde

1022 594 1050 620 et
1064 593 1136 621 scire
1153 595 1396 626 certitudinaliter
1410 608 1471 627 non
1487 608 1657 636 possumus,
1675 602 1759 638 quod
1774 603 1804 629 in

1022 640 1162 670 charltate
1180 651 1292 678 sumus,
1309 653 1345 672 eo
1365 647 1448 681 quod
1465 655 1537 681 uon,
1553 649 1624 684 quia
1638 648 1720 676 bona
1734 648 1805 677 faci-

1021 695 1099 723 mus,
1115 689 1288 719 charitatem
1311 692 1472 729 habemus;
1493 695 1735 723 certitudinaliter
1760 698 1804 724 ta-

1022 743 1092 762 men
1106 737 1179 764 scire
1192 746 1360 775 possumus,
1376 740 1461 776 quod
1479 740 1510 768 in
1524 741 1665 770 charitate
1677 751 1739 771 non
1754 751 1804 772 su-

1022 792 1098 818 mus,
1112 784 1185 812 dum
1196 786 1276 814 mala
1295 787 1428 815 charitati
1443 789 1592 817 contraria
1608 789 1745 826 facimus,
1769 799 1804 820 eo

1022 831 1105 866 quod
1121 832 1192 868 quia
1206 833 1328 861 facimus
1345 835 1436 870 mala,
1450 835 1522 864 mali
1537 844 1650 865 sumus.

1058 880 1228 908 Secundum
1249 881 1379 917 signum,
1398 883 1483 919 quod
1505 883 1678 912 charitatem
1691 884 1804 914 habea-

1022 933 1099 960 mus,
1121 929 1164 955 est
1179 928 1320 963 patientia
1335 929 1431 958 firma.
1448 930 1579 959 Charitas
1594 932 1674 960 enim
1693 932 1734 960 sic
1748 933 1804 962 ho-

1022 973 1135 1001 minem
1150 974 1181 1002 in
1195 975 1328 1004 adversis
1339 976 1446 1010 firmat,
1464 980 1491 1006 et
1501 978 1541 1006 ad
1555 979 1681 1007 modum
1696 979 1805 1016 lapidis

1023 1021 1132 1057 quadri
1155 1022 1307 1057 stabilitat,
1332 1026 1364 1052 ut
1388 1024 1479 1052 nullis
1502 1026 1626 1054 omnino
1648 1029 1806 1056 moveatur

1023 1069 1166 1104 adversis,
1183 1070 1235 1097 sed
1257 1078 1293 1098 ex
1309 1071 1349 1098 eis
1363 1071 1462 1108 potius
1483 1073 1595 1108 crescit,
1613 1073 1687 1102 sicut
1711 1074 1742 1102 in
1758 1083 1805 1102 as-

1022 1115 1160 1151 persione
1180 1125 1266 1153 aquae
1280 1118 1356 1154 ignis
1370 1119 1468 1155 potius
1483 1120 1648 1156 invalescit,
1669 1123 1697 1149 et
1717 1130 1805 1150 omne

1023 1164 1204 1191 contrarium
1223 1165 1261 1192 ad
1284 1167 1472 1202 praesentiam
1496 1167 1541 1195 sui
1564 1169 1703 1196 contrarii
1721 1169 1806 1204 vigo-

1023 1211 1117 1238 rescit.
1134 1213 1207 1239 Nam
1223 1214 1250 1240 et
1271 1213 1396 1241 charitas
1412 1214 1519 1242 (licitur
1534 1215 1638 1243 similis
1651 1224 1713 1244 esse
1728 1217 1806 1244 bitu-

1023 1258 1107 1292 mini,
1119 1259 1202 1294 quod
1213 1261 1256 1286 est
1271 1261 1346 1288 terra
1359 1261 1435 1289 adeo
1447 1262 1666 1298 conglutinosa‚
1680 1265 1708 1291 θῖ
1721 1266 1806 1291 tantae

1023 1305 1194 1337 tenacitatis,
1211 1309 1241 1333 ut
1257 1315 1301 1341 ea,
1319 1316 1384 1343 quae
1399 1309 1472 1343 unit,
1489 1317 1544 1336 nec
1558 1309 1629 1344 igni,
1641 1318 1695 1337 nec
1711 1319 1805 1347 aqua,

1023 1360 1078 1379 nec
1091 1352 1169 1380 ferro
1185 1353 1307 1382 dissolvi
1322 1355 1360 1383 ab
1384 1355 1510 1384 invicem
1526 1357 1648 1392 possint.
1667 1359 1747 1386 Unde
1762 1358 1807 1386 vir

1023 1403 1140 1427 sanctus
1162 1400 1217 1428 hoc
1240 1401 1385 1430 bitumine
1410 1405 1468 1431 Deo
1489 1404 1599 1439 unitus,
1623 1413 1684 1433 non
1708 1406 1805 1433 solum

1024 1447 1128 1474 mundi
1155 1448 1234 1476 mala
1254 1457 1315 1477 non
1339 1450 1422 1485 sugit,
1449 1451 1500 1478 scd
1526 1452 1613 1479 etiam
1637 1452 1757 1488 appetit.
1784 1458 1805 1481 t)

1024 1497 1097 1530 quot
1116 1495 1234 1524 suerunt
1249 1498 1355 1532 Sancti,
1373 1498 1424 1534 qui
1448 1507 1502 1534 pro
1519 1499 1631 1527 Christo
1648 1500 1806 1528 volucrunt

1024 1542 1119 1569 occidi
1133 1564 1139 1576 ‚
1170 1545 1197 1570 et
1221 1546 1346 1572 mortem
1372 1546 1553 1581 quaesierunt
1580 1550 1677 1575 mente
1705 1548 1805 1583 fideli,

1024 1590 1160 1625 quamvis
1175 1599 1192 1618 a
1210 1593 1267 1618 Deo
1284 1591 1322 1619 ad
1337 1592 1418 1619 aliud
1430 1595 1525 1620 essent
1537 1594 1666 1621 ordinati
1680 1596 1685 1622 l
1703 1596 1805 1624 Nonne

1023 1637 1202 1664 venerabilis
1219 1638 1263 1665 vir
1282 1639 1453 1666 Franciscus
1472 1648 1554 1667 mare
1578 1641 1722 1675 transivit,
1746 1642 1807 1670 Sol-

1025 1683 1137 1711 danum
1148 1684 1229 1718 adiit,
1242 1687 1268 1712 et
1279 1685 1370 1713 sidem
1381 1687 1616 1715 constantissime
1624 1689 1806 1724 praedicavit,

1024 1731 1161 1767 quamvis
1176 1732 1215 1759 ad
1228 1732 1286 1760 alia
1301 1736 1466 1761 reservatus
1482 1734 1589 1763 fuerit?
1605 1737 1663 1763 Hoc
1677 1744 1747 1772 ergo
1763 1737 1808 1764 bi-

1024 1779 1135 1806 tumine
1151 1779 1263 1807 Christo
1278 1781 1453 1815 conjunctus
1471 1782 1629 1817 Apostolus
1644 1783 1782 1811 dicebat⁴
1799 1794 1804 1811 z

1028 1835 1041 1851 a
1056 1826 1124 1859 Quis
1144 1835 1198 1854 nos
1215 1828 1365 1863 separabit
1388 1837 1405 1856 a
1421 1829 1561 1856 charitate
1577 1830 1700 1857 Christi?
1715 1831 1808 1858 tribu-

1024 1873 1094 1900 latio
1106 1874 1119 1900 ²?
1135 1882 1173 1901 an
1189 1875 1344 1909 angustia?
1359 1883 1397 1903 an
1412 1877 1598 1911 persecutio?
1613 1885 1650 1904 an
1667 1878 1808 1905 nuditas?

1025 1928 1062 1947 an
1078 1921 1267 1956 pericnlum?
1289 1930 1327 1949 an
1343 1922 1480 1957 gladius?
1504 1934 1515 1948 u
1535 1925 1566 1951 Et
1582 1924 1666 1951 addit
1682 1934 1688 1952 z
1706 1935 1718 1950 κ
1742 1926 1808 1952 Cer-

1025 1969 1070 1994 tus
1090 1976 1170 2002 sum,
1194 1969 1277 2004 quod
1303 1977 1400 2005 neque
1428 1978 1520 2004 mors,
1546 1978 1643 2007 neque
1668 1972 1737 2006 vita,
1754 1980 1808 2000 nec

1025 2015 1136 2050 angeli,
1151 2023 1205 2043 nec
1220 2016 1415 2052 principatus,
1429 2025 1526 2053 neque
1539 2018 1676 2046 instantia
1690 2030 1702 2044 ι)
1717 2019 1807 2054 mala,

1029 2073 1041 2087 ιι
1058 2070 1156 2098 neque
1171 2062 1280 2098 futura,
1301 2075 1313 2088 »ι
1334 2064 1445 2091 scilicet
1464 2065 1555 2100 mala,
1576 2077 1588 2091 «
1604 2074 1701 2102 ncquc
1725 2066 1808 2094 sorti-

1026 2110 1107 2145 tudo,
1124 2118 1178 2138 nec
1191 2110 1337 2138 altitudo»
1357 2119 1616 2148 quorumcumque
1628 2113 1808 2150 Principum,

1030 2168 1043 2183 ι(
1064 2166 1162 2193 neque
1183 2158 1239 2185 alia
1262 2161 1396 2186 creatura
1416 2159 1524 2194 poterit
1550 2167 1604 2187 nos
1629 2168 1766 2196 separare
1781 2163 1809 2188 at

1026 2204 1166 2232 charitate
1187 2215 1198 2230 ι)
1222 2205 1335 2239 Christi,
1358 2213 1424 2241 qnae
1442 2207 1484 2233 est
1507 2208 1593 2234 [antee
1616 2207 1806 2235 tolerationis.

1027 2252 1096 2279 Ideo
1110 2254 1186 2279 certe
1202 2260 1286 2279 amor
1308 2252 1409 2280 omnia
1429 2253 1532 2288 gravia
1553 2253 1642 2287 levia,
1664 2256 1692 2282 et
1706 2263 1808 2283 amara

1028 2299 1127 2326 dulcia
1143 2299 1210 2326 lacit
1227 2309 1232 2326 z
1253 2309 1266 2324 «
1280 2299 1356 2327 Nihil
1372 2299 1450 2326 enim
1467 2303 1508 2327 est
1524 2301 1634 2328 amanti
1651 2301 1782 2336 difficile,
1793 2313 1805 2327 »

1027 2348 1059 2373 ut
1074 2346 1239 2373 Bernardus
1255 2346 1326 2373 dicit
1346 2347 1365 2373 ¹2.
1390 2347 1520 2374 Charitas
1542 2348 1621 2375 enim
1645 2351 1687 2375 est
1706 2349 1809 2376 similis

1028 2393 1125 2420 virtuti
1138 2393 1329 2427 conversim,
1346 2402 1412 2429 quae
1428 2395 1470 2421 est
1485 2394 1514 2420 in
1523 2394 1603 2421 oliva
1618 2397 1645 2422 et
1657 2395 1723 2422 vite.
1737 2396 1809 2423 Nam

1029 2440 1120 2467 virtus
1136 2440 1187 2467 illa
1204 2441 1379 2468 conversiva
1398 2441 1556 2468 humorem
1571 2440 1636 2468 vitis
1661 2444 1688 2469 et
1712 2442 1808 2476 olivfe,

1029 2487 1080 2523 qui
1092 2496 1209 2515 amarus
1224 2490 1266 2516 θεῖ
1281 2488 1311 2515 in
1327 2488 1437 2521 radice,
1458 2488 1541 2515 vertit
1556 2488 1586 2514 in
1602 2488 1727 2516 multam
1742 2490 1809 2516 dul-

1030 2535 1175 2569 cedinem,
1190 2535 1263 2563 sicut
1284 2535 1391 2571 probat
1407 2535 1604 2570 experientia,
1620 2536 1690 2571 quia
1709 2537 1811 2573 coquit

1029 2602 1111 2626 Palm.
1134 2608 1211 2625 serm.
1236 2604 1263 2632 t,
1278 2608 1304 2625 n.
1322 2602 1349 2631 23
1368 2601 1396 2624 (le
1413 2601 1529 2624 Comum.
1546 2600 1580 2624 ad
1594 2600 1695 2631 Clerz'c.⁷
1716 2610 1737 2628 c.
1755 2608 1799 2627 xxt

1030 2639 1187 2705 staff-Valq-
1205 2674 1367 2698 accendatur.
1385 2687 1415 2691 —
1432 2673 1465 2704 (b)
1483 2673 1542 2698 ccet.
1558 2673 1618 2697 edit.
1638 2681 1709 2705 crgo.

1670 2723 1688 2749 0*

1854 1460 1927 1479 Exem-

1821 1491 1891 1517 plum.
