2029 3052
470 231 727 267 PSALTERIUM
751 228 877 262 MAJUS
899 226 1043 260 BEATAE
1066 228 1206 262 MARIAE
1227 229 1415 264 VIRGlNlS.

167 304 314 341 Impetum
342 302 533 331 inimicorum
565 301 736 330 nostrorum
773 297 885 334 dissipa
909 306 915 324 :

132 351 250 380 destrue
266 358 385 380 omnem
401 349 588 386 iniquitatem
603 355 718 376 eorum.

169 398 213 427 Ad
227 399 265 432 te,
282 397 422 432 Domina,
448 395 576 425 clamavi
597 395 629 423 in
646 393 838 423 tribulatione
860 401 867 420 ι
890 393 918 420 et

132 445 272 475 serenasti
288 443 501 474 conscientiam
514 450 624 471 meam.

169 495 235 522 Non
248 491 367 521 deficiat
387 491 452 520 laus
467 492 518 519 tua
531 489 563 518 in
582 497 634 518 ore
648 490 750 517 nostro
768 497 774 516 :
792 489 819 516 et
833 495 918 516 amor

133 542 202 569 tuus
217 539 254 568 de
269 538 432 568 visceribus
446 537 564 566 nostris.

170 589 230 616 Pax
251 586 346 615 multa
368 585 560 622 diligentibus
584 586 628 619 te,
651 583 775 611 Domina
792 591 798 611 :
819 581 919 611 anima

135 642 240 663 eorum
255 641 317 662 non
331 633 445 662 videbit
460 634 587 661 mortem
602 631 633 659 in
649 633 801 660 aeternum.

172 681 272 710 Gloria
286 681 373 717 Patri,
387 682 441 709 ete.

428 762 554 789 Psimus
573 760 618 787 68.

172 822 294 851 Salvum
307 830 356 850 me
370 821 427 855 fae,
451 821 577 850 Domina
594 830 600 848 :
621 820 767 857 quoniam
791 820 920 848 intrave-

133 871 203 898 runt
227 869 536 906 concupiscentiarum
559 876 645 905 aquae
671 876 766 904 usque
791 867 831 895 ad
858 867 920 895 ani-

134 925 216 946 mam
229 925 339 945 meam.

171 964 282 993 infixus
297 972 364 992 sum
378 964 410 992 in
421 964 494 993 limo
509 963 622 1000 peccati
639 972 646 991 ;
667 965 695 992 et
709 970 794 999 aquoe
814 962 921 998 volup-

135 1011 201 1040 tatis
215 1011 478 1040 circumdederunt
492 1019 551 1039 me.

172 1058 294 1088 Plorans
307 1058 424 1095 ploravi
441 1059 472 1087 in
484 1060 570 1087 nocte
583 1067 590 1087 z
606 1059 634 1086 et
648 1057 711 1086 dies
721 1057 825 1086 laetitiae
840 1058 921 1085 ortus

136 1107 179 1134 est
192 1106 276 1135 mihi.

172 1153 258 1182 Salva
265 1153 397 1181 animam
407 1161 519 1188 meam,
528 1153 657 1181 Genitrix
665 1152 824 1181 Salvatoris
834 1161 840 1180 :
852 1151 922 1188 quia

135 1208 190 1237 per
200 1201 228 1228 te
242 1208 313 1228 vera
328 1200 407 1228 salus
423 1200 492 1228 data
504 1201 548 1228 est
561 1200 644 1228 omni
658 1200 784 1228 mundo.

172 1248 248 1275 Dum
267 1247 421 1275 nuntiante
436 1246 550 1282 Angelo
574 1246 653 1275 fuisti
674 1247 854 1275 obumbrata
871 1255 877 1274 ε
894 1248 922 1274 et

136 1294 228 1322 Patris
242 1294 388 1331 sapientia
401 1302 559 1330 praegnans
575 1296 602 1322 et
616 1294 778 1329 gravidata.

173 1341 272 1370 Gloria
284 1341 369 1376 Patri,
380 1343 434 1369 ete.

435 1422 560 1449 PSALMUS
580 1422 623 1449 69.

175 1482 300 1511 Domina
312 1504 321 1518 ,
349 1483 380 1510 in
412 1483 596 1518 adjtitorium
631 1491 733 1511 meum
761 1483 881 1511 intende
913 1493 919 1511 z

141 1531 170 1558 et
203 1529 268 1558 luce
299 1529 512 1558 misericordiae
550 1531 607 1558 tuae
644 1530 758 1559 illustra
792 1533 921 1559 mentem

138 1584 248 1605 meam.

173 1624 250 1652 Doce
265 1631 320 1652 nos
335 1624 492 1660 exquirere
506 1625 671 1653 bonitatem
681 1627 762 1653 tuam
775 1634 781 1653 :
795 1627 827 1653 ut
837 1633 921 1653 enar-

136 1678 237 1699 remus
249 1671 399 1700 mirabilia
413 1673 473 1700 tua.

174 1718 299 1746 Ostende
314 1718 478 1755 potentiam
488 1720 571 1747 tuam
586 1720 690 1747 contra
703 1719 840 1748 inimicos
855 1728 923 1748 nos-

137 1767 198 1794 tros
211 1775 217 1794 :
232 1767 265 1794 ut
278 1766 468 1794 sanctificeris
483 1767 513 1794 iu
527 1766 700 1795 nationibus
714 1767 830 1803 procul.

173 1813 205 1840 In
227 1813 272 1840 ira
291 1813 421 1841 flammae
438 1816 492 1842 tuae
506 1815 680 1849 mergantur
701 1814 731 1841 in
746 1814 895 1843 infernum
913 1825 919 1842 :

138 1860 167 1887 et
178 1859 230 1895 qui
245 1860 423 1889 conturbant
439 1869 540 1889 servos
556 1863 630 1893 tuos,
649 1861 802 1890 inveniant
821 1863 921 1898 perdi-

138 1906 260 1934 tionem.
836 1937 840 1939 .

173 1953 307 1981 Miserere
322 1961 477 1982 servorum
492 1956 622 1988 tuorum,
642 1963 730 1992 super
745 1964 822 1992 quos
837 1956 922 1984 invo-

138 2001 237 2028 catum
250 2002 292 2028 est
312 2008 424 2029 nomen
438 2004 521 2029 tuum
540 2012 547 2029 .·
565 2003 593 2029 et
614 2010 652 2030 ne
667 2002 746 2030 sinas
761 2003 921 2038 angustiari

138 2054 189 2075 eos
203 2046 234 2075 in
249 2047 461 2076 tentationibus
475 2048 545 2077 suis.
561 2048 660 2078 Gloria
675 2050 762 2083 Patri,
779 2053 831 2078 etc.

435 2131 561 2158 PSALmus
581 2131 625 2158 70.

174 2189 206 2216 ln
229 2190 268 2224 te,
292 2190 431 2225 Domina,
455 2192 571 2227 speravi
579 2201 586 2227 3
617 2199 679 2219 non
703 2193 869 2222 confundar
893 2193 922 2221 in

139 2236 282 2264 aeternum
306 2245 312 2263 :
339 2236 370 2264 in
391 2239 441 2265 tua
463 2238 667 2267 misericordia
688 2239 783 2267 libera
806 2248 870 2275 me,
896 2243 923 2268 et

140 2284 221 2320 eripe
233 2292 292 2312 me.

176 2333 297 2367 Propter
313 2331 535 2360 multitudinem
554 2333 743 2370 iniquitatum
765 2343 897 2363 mearum
914 2345 920 2362 z

140 2386 299 2415 oppressus
314 2386 381 2406 sum
392 2379 592 2408 vehementer.

177 2426 253 2454 Facti
269 2428 336 2454 sunt
349 2426 448 2454 hostes
464 2427 523 2455 mei
538 2427 569 2455 in
585 2428 678 2464 capite
693 2437 760 2457 meo
774 2439 780 2457 :
796 2430 922 2458 subsan-

141 2476 288 2502 naverunt
300 2476 327 2502 et
342 2474 509 2503 deriserunt
522 2483 570 2503 me
586 2476 729 2512 quotidie.

178 2520 266 2556 Vide,
292 2521 426 2557 Domina,
454 2523 598 2558 quoniam
623 2523 769 2552 tribulor:
787 2526 923 2564 expande

143 2575 250 2596 manus
264 2570 338 2603 tuas,
357 2577 495 2597 succurre
508 2570 654 2606 pereunti.

180 2616 219 2642 Ne
235 2616 370 2650 moreris,
384 2618 506 2652 propter
524 2617 649 2652 gratiam
668 2618 798 2646 nominis
812 2619 854 2646 tui
870 2628 875 2647 :
891 2621 924 2647 ut

145 2661 280 2689 efficiaris
294 2661 367 2690 mihi
379 2663 411 2691 in
426 2664 570 2699 gaudium
586 2667 613 2693 et
627 2664 762 2693 salutem.

182 2708 281 2737 Gloria
292 2710 377 2745 Patri,
392 2712 445 2739 etc.

290 2768 364 2790 TOM.
389 2769 456 2792 XIV.

1695 235 1754 265 209

1268 332 1394 360 Psnnus
1413 332 1458 360 71.

1010 393 1096 427 Deus,
1108 393 1257 428 judicium
1271 395 1356 422 tuum
1377 394 1448 430 Regi
1462 394 1502 423 da
1517 404 1524 422 τ
1541 396 1571 423 et
1586 395 1756 424 misericor-

973 438 1055 467 diam
1068 442 1150 468 tuam
1165 441 1283 476 Reginae
1295 441 1380 470 matri
1395 442 1468 478 ejus.

1009 488 1040 515 ln
1055 496 1148 516 manu
1163 490 1213 516 tua
1227 489 1306 518 salus
1320 492 1348 517 et
1364 489 1424 518 vita
1449 490 1611 519 consistunt
1627 499 1633 519 :
1659 491 1758 520 laetitia

973 536 1117 572 perpetua
1132 538 1160 564 et
1175 536 1320 565 aeternitas
1336 537 1476 573 gloriosa.

1010 584 1156 618 Resperge
1177 591 1229 611 eor
1248 591 1350 611 meum
1376 584 1535 613 dulcedine
1554 587 1606 614 tua
1622 595 1628 614 z
1648 586 1694 615 fac
1709 595 1756 616 me

974 629 1110 658 oblivisci
1125 630 1259 658 miserias
1274 630 1362 666 hujus
1375 632 1450 660 vitae.

1011 677 1103 706 Trahe
1119 685 1168 706 me
1189 679 1257 714 post
1269 680 1297 706 te
1311 678 1437 707 vinculis
1451 680 1663 710 misericordiae
1676 683 1733 710 tuae
1750 692 1756 710 :

975 728 1002 753 et
1016 725 1154 753 fomentis
1169 725 1268 761 gratioe
1281 727 1309 754 et
1328 726 1444 762 pietatis
1459 729 1515 755 tuae
1530 736 1603 756 sana
1621 729 1759 758 dolorem

974 780 1086 800 meum.

1011 819 1269 856 concupiscentias
1276 822 1470 858 sempiternas
1479 823 1574 852 excita
1587 824 1618 852 in
1629 824 1762 852 animam

976 874 1075 894 meam
1092 877 1098 892 :
1123 868 1152 894 et
1166 867 1202 895 de
1218 869 1330 903 gaudio
1350 870 1480 899 paradisi
1501 871 1617 900 inebria
1632 874 1762 900 mentem

976 921 1084 941 meam.
1099 913 1198 942 Gloria
1212 915 1298 951 Patri,
1315 918 1369 944 etc.

1274 998 1398 1027 PsALmus
1420 1000 1464 1027 72.

1013 1058 1107 1089 Quam
1121 1056 1219 1085 bonus
1229 1057 1319 1086 Israel
1334 1060 1410 1087 Deus
1426 1070 1432 1086 ι
1453 1059 1499 1087 his
1514 1061 1566 1097 qui
1583 1061 1685 1090 colunt
1697 1070 1761 1091 ma-

976 1104 1052 1131 trem
1067 1111 1161 1137 suam,
1179 1106 1207 1133 et
1219 1109 1412 1135 venerantur!

1012 1152 1077 1186 Ipsa
1093 1153 1135 1179 est
1150 1151 1229 1180 enim
1245 1153 1383 1181 solatium
1395 1156 1529 1183 nostrum
1544 1165 1549 1184 :
1565 1156 1595 1183 in
1606 1156 1762 1185 laboribus

977 1198 1134 1226 subventio
1151 1199 1273 1235 optima.

1014 1246 1132 1274 Obtexit
1153 1247 1280 1283 ealigine
1304 1249 1436 1277 animam
1459 1259 1556 1279 meam
1583 1252 1675 1280 hostis
1699 1263 1705 1281 :
1732 1254 1761 1281 in

977 1293 1138 1321 visceribus
1153 1295 1236 1330 meis,
1253 1296 1386 1329 Domina,
1404 1297 1507 1326 lumen
1519 1299 1564 1327 fac
1576 1300 1657 1328 oriri.

1013 1342 1167 1369 Avertatur
1188 1350 1206 1370 a
1227 1351 1275 1370 me
1296 1343 1340 1371 ira
1362 1344 1410 1372 Dei
1432 1353 1486 1381 per
1507 1347 1533 1373 te
1554 1356 1561 1374 ε
1582 1347 1670 1382 placa
1693 1356 1762 1377 eum

977 1388 1088 1415 meritis
1103 1391 1129 1416 et
1144 1389 1282 1425 precibus
1297 1391 1363 1419 tuis.

1014 1436 1045 1462 ln
1057 1435 1172 1470 judicio
1193 1445 1249 1472 pro
1267 1446 1314 1466 me
1331 1439 1432 1467 assiste
1449 1449 1455 1468 ι
1473 1448 1575 1469 coram
1591 1450 1626 1470 eo
1646 1443 1762 1480 suscipe

979 1489 1099 1510 causam
1114 1491 1224 1518 meam,
1237 1485 1265 1512 et
1279 1493 1346 1513 mea
1360 1485 1398 1513 sis
1413 1486 1568 1517 advocata.
1582 1489 1690 1525 Gloria,
1707 1493 1762 1519 etc.

1274 1569 1399 1597 PsALmus
1419 1571 1463 1597 73.

1016 1627 1048 1654 Ut
1063 1626 1147 1662 quid,
1164 1628 1299 1663 Domina,
1315 1629 1449 1665 repulisti
1465 1638 1520 1659 nos
1537 1641 1543 1659 :
1557 1640 1612 1660 nec
1623 1633 1764 1662 subvenis

979 1673 1009 1700 ln
1025 1673 1073 1701 die
1088 1674 1305 1703 tribulationis?

1017 1721 1203 1756 ingrediatur
1218 1723 1313 1751 oratio
1335 1732 1403 1752 mea
1417 1724 1446 1752 in
1468 1729 1629 1762 conspectu
1644 1729 1694 1756 tuo
1713 1738 1718 1756 :
1738 1731 1765 1757 et

980 1776 1069 1796 voces
1085 1769 1267 1804 gementium
1283 1778 1320 1798 ne
1336 1771 1515 1808 despexeris.

1015 1817 1147 1844 Tetendit
1163 1825 1266 1845 arcum
1288 1827 1374 1846 suum
1401 1822 1503 1849 eontra
1524 1829 1579 1850 nos
1602 1822 1739 1851 inimicus
1757 1834 1763 1852 :

980 1863 1110 1891 firmavit
1125 1864 1278 1893 dexteram
1294 1874 1390 1901 suam,
1412 1870 1439 1894 et
1454 1876 1514 1896 non
1529 1871 1571 1896 est
1583 1870 1763 1900 consolator.

1018 1910 1170 1947 Disrumpe
1185 1911 1215 1939 in
1230 1912 1318 1940 nobis
1333 1913 1492 1949 ligaturam
1504 1916 1685 1945 malitiarum
1699 1926 1765 1947 sua-

979 1965 1046 1985 rum
1063 1967 1070 1984 :
1088 1960 1116 1986 et
1130 1958 1225 1986 libera
1239 1967 1293 1987 nos
1304 1960 1426 1989 dextera
1441 1964 1500 1991 tua.

1017 2005 1137 2041 Repelle
1164 2014 1234 2034 eum
1255 2007 1285 2034 in
1306 2007 1407 2036 locum
1428 2010 1602 2046 perditionis
1625 2021 1631 2039 :
1657 2014 1765 2049 sempi-

980 2054 1064 2080 terna
1074 2052 1227 2081 damnatio
1243 2055 1383 2091 suscipiat
1395 2064 1472 2085 eum.
1490 2058 1588 2086 Gloria
1605 2060 1690 2094 Patri,
1709 2063 1763 2088 etc.

1275 2138 1399 2165 PsALmus
1420 2139 1463 2166 74,

1017 2195 1231 2225 Confitebimur
1254 2197 1320 2233 tibi,
1354 2200 1497 2234 Domina,
1523 2203 1551 2228 et
1574 2202 1766 2231 laudabimus

980 2250 1092 2271 nomen
1119 2246 1201 2271 tuum
1228 2254 1233 2271 z
1264 2245 1310 2272 fac
1336 2253 1391 2273 nos
1417 2246 1445 2274 in
1470 2247 1526 2275 tuis
1550 2248 1689 2278 laudibus
1712 2251 1765 2278 de-

979 2290 1090 2318 lectari.

1017 2338 1138 2365 Cantate
1155 2338 1192 2371 ei,
1207 2338 1386 2367 habitatores
1402 2343 1484 2368 terr-v
1498 2352 1503 2369 :
1521 2345 1547 2370 et
1569 2343 1689 2372 laudem
1704 2346 1767 2380 ejus

981 2385 1100 2420 populis
1116 2385 1257 2414 nuntiate.

1018 2432 1172 2459 Confessio
1191 2434 1218 2460 et
1240 2435 1462 2469 magnificentia
1483 2445 1584 2466 coram
1600 2439 1668 2467 illa:
1684 2440 1766 2468 forti-

978 2479 1054 2506 tudo
1071 2481 1098 2506 et
1115 2479 1255 2508 exultatio
1271 2481 1300 2508 in
1315 2482 1422 2511 throno
1438 2484 1525 2512 illius,

1022 2525 1147 2554 Adorate
1176 2527 1258 2555 illam
1290 2529 1320 2556 in
1345 2530 1452 2558 decore
1473 2531 1552 2559 illius

984 2573 1122 2609 opificem
1136 2574 1363 2609 pulchritudinis
1377 2577 1467 2605 illius.

1020 2621 1228 2649 Recordamini
1258 2623 1287 2650 in
1315 2625 1528 2660 sempiternum
1557 2627 1767 2657 misericordiae

986 2667 1088 2695 illius:
1115 2669 1236 2697 retinete
1259 2670 1289 2698 in
1310 2674 1407 2699 mente
1431 2673 1552 2701 virtutes
1574 2677 1601 2702 et
1620 2675 1768 2705 mirabilia

986 2714 1074 2742 illius.
1092 2715 1191 2744 Gloria
1206 2718 1291 2751 Patri,
1303 2720 1356 2745 etc.

1575 2542 1581 2559 ε
1605 2533 1766 2568 glorificate

1590 2775 1627 2802 14
