2029 3052
105 575 131 596 B.
140 574 213 596 Maria

105 605 211 628 benedie-

117 639 141 659 te
158 643 198 665 pro

114 667 204 689 humili-

123 732 201 753 contra

120 768 195 790 super-

127 792 185 815 bium
190 808 196 815 .

223 221 284 251 278
657 213 867 248 SPECULUM
887 211 1033 246 BEATAE
1053 210 1195 244 MARlAE
1215 209 1408 244 VIRGINIS.

223 285 323 316 Maria.
342 284 501 314 Benedicta
518 283 622 321 utique
640 290 697 320 pro
715 281 883 311 humilitate
902 281 1008 310 contre.

223 332 408 370 superbiam,
425 339 481 369 pro
501 331 642 360 charitate
661 331 766 359 contra
778 327 936 363 invidiam,
949 335 1006 364 pro

224 379 344 409 lenitate
357 380 461 408 eontra
474 377 671 413 iracundiam,
686 383 742 414 pro
754 375 923 405 strenuitate
937 382 1009 404 eon-

225 429 271 456 tra
284 426 433 462 acediam,
447 434 503 463 pro
517 423 694 454 liberalitate
713 424 818 452 contra
839 422 1006 458 avaritiam,

225 483 282 512 pro
297 474 455 504 sobrietate
470 474 574 502 contra
587 471 701 508 gulam,
714 469 872 499 benedicta
885 477 941 506 pro
957 476 1006 498 ea-

225 522 319 550 stitate
334 522 438 550 contra
449 519 609 548 luxuriam.

262 569 360 598 Primo
375 566 546 602 audiamus,
556 564 732 599 charissimi,
747 563 903 601 quomodo
916 563 1008 592 bene-

230 615 308 644 dicta
321 615 358 643 sit
371 614 460 643 Maria
466 621 522 650 pro
531 612 696 642 humilitate
706 613 810 640 contra
823 610 1006 648 superbiam.

227 661 353 699 Superbi
381 661 463 690 enim
485 659 636 689 maledieti
661 660 744 694 sunt,
767 658 842 687 sicut
865 657 1009 694 scriptum

229 710 273 738 est
288 709 295 728 ⁴
313 718 320 737 :
335 709 486 745 Ine-reposti
498 706 794 744 superbos-:maledicti
808 707 857 741 qui
871 705 1009 733 declinam

230 765 247 784 a
259 756 400 785 mandatis
412 757 479 784 tuis.
493 756 603 784 Contra
615 754 692 782 hane
707 752 855 789 superbiae
866 751 1009 780 maledic—

232 804 360 838 tionem,
382 803 471 832 Maria
490 801 620 830 obtinuit
634 799 808 829 humilitatis
826 798 1011 828 benedictio-

228 859 310 880 nem.
325 850 408 879 Unde
431 850 496 886 ipsa
514 856 568 885 per
588 847 700 876 vallem
721 847 806 875 illam
825 846 937 882 signari
957 853 1011 882 po-

229 900 300 934 test,
318 898 355 926 de
375 904 435 934 qua
455 896 486 924 in
507 895 586 924 libro
607 895 833 930 Paralipomenon
849 893 956 921 dleitur
974 894 985 910 ²
1002 902 1009 920 :

231 947 399 975 Vocoverunt
422 945 509 972 Iocum
530 944 609 971 illum
635 943 732 970 vallem
756 940 960 969 benedictionis.
981 940 1009 968 Si

229 992 328 1022 omnis
350 990 471 1020 humilis
492 992 536 1018 est
564 988 704 1026 quoedatn
726 988 775 1016 Dei
800 987 900 1022 vallis,
926 987 1011 1023 Juxta

223 1039 304 1068 illud
324 1039 426 1067 lsaiae³
443 1047 450 1066 t
474 1038 567 1066 Omnis
589 1037 670 1064 uallis
689 1036 874 1068 exaltabitur,-
897 1036 1010 1070 quanto

230 1086 325 1122 magis
339 1085 426 1114 vallis
440 1085 496 1113 suit
515 1084 616 1118 Maria,
631 1091 698 1119 quae
716 1084 797 1110 tanta
821 1081 875 1110 luit
894 1081 1013 1109 humili-

231 1136 288 1162 tate
302 1133 470 1170 profunda!
491 1131 568 1166 Quid
588 1131 709 1163 mirum,
724 1129 748 1157 si
770 1129 835 1165 ipsa
853 1128 907 1156 fuit
926 1128 1012 1156 vallis

231 1181 366 1214 vallium,
378 1187 444 1216 quae
452 1177 680 1206 fuithumiilima
690 1176 869 1204 humilium?
883 1176 906 1204 O
917 1182 1013 1211 quan-

232 1228 267 1256 tis
295 1228 358 1256 hoec
383 1225 470 1254 vallis
495 1224 653 1254 benedicta
685 1222 943 1252 benedictionibus
971 1224 1014 1250 est

233 1274 363 1303 exaltata
376 1281 432 1310 pro
447 1272 612 1300 humilitate
626 1279 689 1304 sua,
707 1273 766 1298 tam
778 1269 938 1306 profunde,
954 1272 1014 1297 tam

233 1321 308 1356 utili,
325 1323 386 1349 tam
403 1321 502 1356 grata!
521 1319 600 1347 Unde
614 1320 643 1346 Β.
660 1317 841 1354 Augustinus
856 1317 895 1345 nit
910 1318 919 1334 ⁸
938 1326 944 1344 :
963 1327 977 1342 «
992 1319 1014 1345 Ο

232 1377 300 1397 vere
317 1369 404 1396 beata
417 1366 568 1395 humilitas
583 1365 687 1400 llariae,
704 1373 769 1401 quoe
786 1364 943 1392 Dominum
958 1363 1013 1391 lio-

234 1416 367 1444 minibus
382 1413 604 1451 peperit,vitam
616 1412 792 1440 mortalibus
805 1411 908 1444 edidit,
924 1411 1015 1439 eoelos

235 1463 398 1497 innovavit,
413 1461 561 1490 mundum
575 1459 752 1496 purificavit,
765 1458 938 1495 paradisum
949 1466 1017 1494 ape-

234 1510 302 1542 ruit,
319 1512 347 1538 et
361 1509 519 1537 hominum
535 1507 650 1536 animas
665 1506 703 1534 ab
720 1505 819 1533 inseris
834 1505 984 1533 liberavit!
1000 1516 1013 1531 ι)

235 1557 325 1585 vallis
347 1557 459 1592 quanto
480 1554 633 1589 humilior,
651 1556 731 1581 tanto
754 1553 955 1589 receptibilior
975 1555 1018 1580 est

236 1611 401 1640 aquarum;
418 1603 458 1630 sic
474 1604 501 1630 et
516 1601 604 1629 Maria
620 1601 791 1636 gratiarum.
815 1600 902 1627 Vallis
917 1602 1016 1627 autem

237 1651 422 1687 irrigationes
436 1658 582 1686 aquarum
602 1649 714 1684 recipit,
736 1647 919 1684 quandoque
935 1656 952 1675 a
967 1655 1017 1674 su-

237 1698 357 1735 periori,
383 1697 565 1733 quandoque
588 1696 626 1724 ab
654 1695 783 1723 inferiori
805 1705 811 1722 :
836 1704 853 1722 a
873 1695 1018 1730 superiori

239 1745 373 1781 quidem,
390 1753 442 1780 per
459 1743 575 1780 pluvias
597 1744 633 1770 ile
650 1745 749 1770 monte
775 1742 956 1776 ‹lcssiieiites;
980 1742 1018 1769 ab

238 1792 370 1819 inferiori
390 1800 472 1825 vero,
497 1799 549 1826 per
573 1798 666 1826 aquas
690 1790 727 1817 de
753 1789 830 1816 sonte
855 1790 1017 1816 ellluentes.

239 1839 375 1867 Similiter
399 1838 520 1865 humilis
544 1837 630 1865 Maria
657 1837 741 1872 quasi
762 1836 799 1863 de
825 1836 969 1872 superiori
993 1838 1020 1863 et

240 1885 383 1918 inferiori,
398 1885 482 1921 quasi
498 1884 535 1911 de
556 1886 655 1911 monte
678 1885 705 1910 et
729 1883 807 1910 sonte
833 1883 952 1917 irrigata
967 1885 1018 1917 est,

241 1941 308 1960 cum
321 1933 357 1959 de
371 1932 472 1959 divina
487 1933 514 1959 et
530 1931 661 1958 humana
676 1930 737 1957 Filii
753 1930 796 1957 sui
814 1932 928 1961 natura,
941 1932 1021 1957 tanta

240 1979 401 2015 gratiarum
417 1978 623 2006 benedictione
640 1978 737 2004 infusa
759 1979 810 2004 est.
835 1978 897 2004 llaec
923 1978 1021 2012 itaque

241 2026 409 2054 benedictio
431 2028 491 2058 eet,
515 2025 550 2052 de
574 2033 634 2060 qua
659 2024 765 2058 legitur
789 2024 816 2051 in
839 2024 917 2051 libro
939 2025 1021 2051 Ιιιιίί-

241 2082 316 2107 cum,
338 2073 421 2108 quod
443 2081 511 2100 cum
538 2075 596 2100 axa
619 2072 728 2098 diceret
755 2071 829 2106 patri
852 2079 906 2098 suo
921 2072 930 2086 '⁰
953 2080 959 2097 2
984 2073 1021 2097 Im

241 2121 309 2147 milei
324 2120 547 2151 benedi'ett'oneim
564 2118 679 2146 deditei
697 2121 779 2154 pater
790 2126 860 2145 suns
876 2118 1020 2152 irriguum

242 2167 377 2203 superius
397 2170 423 2194 et
445 2167 575 2194 inferius,
603 2169 664 2194 Axa
685 2166 778 2193 §larizo
804 2169 907 2201 typum
930 2166 1020 2199 gerit,

243 2222 310 2250 quie
334 2214 476 2248 irriguam
501 2222 518 2241 a
543 2216 623 2242 Patre
651 2213 758 2241 civlesti
784 2212 1023 2240 benedictionem

243 2262 380 2297 suscepit.
399 2262 480 2289 Dedit
495 2262 574 2289 enim
590 2261 616 2288 ei
629 2262 702 2288 neus
719 2263 801 2288 l‘ater
816 2261 959 2293 irriguum
975 2269 1023 2287 su-

243 2309 342 2345 perius
371 2309 400 2335 in
428 2309 529 2335 tLhristi
558 2308 720 2343 divinitate,
751 2308 870 2335 inferius
897 2316 968 2335 vero
994 2308 1023 2335 in

245 2356 348 2383 Christi
373 2355 553 2383 humanitate
579 2364 584 2382 :
612 2355 680 2383 item
703 2355 838 2391 euporius
863 2355 891 2382 in
915 2358 1023 2389 mente,

246 2403 366 2431 inferius
389 2402 417 2429 in
443 2404 542 2429 ventre
561 2411 565 2428 z
584 2402 652 2429 item
675 2402 809 2437 superius
834 2402 862 2429 in
885 2402 1024 2429 charitate

247 2450 305 2484 liei,
322 2449 444 2477 inferius
458 2449 487 2476 in
508 2449 646 2476 charitate
668 2449 794 2484 proximi
818 2459 823 2476 :
848 2449 916 2476 item
937 2458 1024 2484 supe-

246 2497 308 2525 rius
324 2498 352 2524 in
369 2496 630 2532 contemplatione,
649 2496 769 2523 inferius
787 2497 815 2523 in
832 2496 956 2523 actione.
975 2496 1023 2523 Vel

247 2546 322 2572 certe
335 2546 417 2572 l‘ater
429 2544 491 2578 ejus
506 2543 631 2571 emlestis
645 2543 727 2570 dedit
743 2543 767 2570 ei
785 2543 1023 2571 benedictionem

280 2619 285 2634 ¹
304 2619 479 2649 l'sal.‹:xx·111‚
494 2620 532 2642 21.
548 2631 576 2636 —
593 2618 603 2634 ²
621 2618 638 2640 11
657 2618 777 2647 Ιίιι·ιιι“ι“]ι.,
796 2624 837 2643 ix.
858 2620 881 2641 ti.
899 2631 926 2634 —
943 2619 950 2631 ³
964 2618 1024 2645 Isa..

248 2661 290 2685 XL,
311 2657 333 2678 Ji.
354 2668 383 2672 —
406 2655 415 2670 δ
438 2655 490 2678 imo
513 2656 610 2684 auctor,
633 2653 747 2684 quisquis
769 2653 807 2676 ille
830 2654 874 2682 sit,
895 2661 971 2677 serni.
995 2654 1024 2676 ali·

248 2692 342 2720 Sanum
360 2697 435 2721 ini,
455 2690 486 2714 alr
504 2696 597 2721 (ιωίιι,
614 2696 639 2714 ιι.
660 2691 698 2720 10,
722 2689 746 2712 in
768 2690 882 2720 Appvnd.
905 2692 966 2713 [λιιι.
981 2690 1024 2720 w,

1062 278 1224 308 ineffabilis
1237 278 1342 316 irrigui
1361 278 1500 316 superius
1519 277 1659 316 ineoelis,
1677 279 1801 311 interius
1813 282 1846 311 in

1062 327 1148 356 terris
1171 335 1179 354 z
1202 327 1236 355 ut
1256 326 1289 355 in
1309 325 1393 355 eoelis
1414 325 1658 355 benedictionem
1679 326 1796 365 glana,
1814 329 1848 358 in

1063 373 1148 403 terris
1161 381 1234 402 vero
1248 372 1490 402 benedictionem
1503 372 1605 409 gratim
1618 373 1847 410 possidens,he·

1063 420 1180 449 nedicta
1194 422 1272 449 esset
1284 421 1346 449 tam
1364 421 1396 449 in
1410 420 1498 456 coelo,
1519 427 1613 457 quam
1634 420 1666 449 in
1688 422 1779 457 terra,
1797 426 1849 451 ee-

1064 467 1199 496 cundum
1221 467 1306 504 quod
1326 469 1357 496 B.
1378 467 1546 496 Bernardus
1565 467 1694 496 innuens
1717 467 1791 498 dicit
1812 469 1847 498 ἰ

1068 523 1082 540 ιι
1102 515 1258 549 Memento,
1282 514 1387 550 nai-ia,
1408 514 1494 551 quod
1514 514 1643 544 Christus
1663 514 1849 544 maledictio-

1064 568 1134 590 nem
1147 561 1269 598 pertulit
1282 561 1390 596 erneis,
1405 560 1458 598 qui
1471 562 1500 590 te
1513 568 1600 590 suam
1614 563 1742 591 matrem
1754 561 1850 591 bene·

1065 607 1138 636 dixit
1151 607 1183 636 in
1195 607 1286 636 coelis.
1307 607 1365 636 Sed
1380 609 1410 636 et
1426 607 1458 635 in
1470 607 1556 636 terris
1570 607 1609 637 ab
1631 608 1744 644 angelo
1758 609 1850 638 bene-

1065 654 1155 689 dicta,
1170 655 1199 683 et
1212 662 1231 683 a
1251 655 1364 683 cunctis
1384 656 1469 683 terrae
1487 655 1730 691 generationibus
1743 655 1849 686 merito

1066 701 1224 730 benedicta
1237 701 1420 738 praedicaris.
1437 711 1452 728 ι)

1102 748 1250 781 secundo,
1279 748 1464 782 charissimi,
1491 748 1665 785 audiamm,
1691 749 1850 786 quomodo
1864 757 1972 780 umut-

1066 795 1223 824 benedicta
1241 798 1284 824 est
1303 796 1392 824 Maria
1410 803 1466 832 pro
1486 795 1626 825 charitate
1649 798 1753 826 contra
1772 797 1850 826 invi-
1863 788 1970 848 ¹⁵¹?ss-

1066 841 1159 871 diam.
1181 842 1276 871 invidi
1299 850 1431 880 namque
1451 843 1602 872 maledieti
1624 845 1703 879 sunt,
1725 844 1800 872 sieut
1811 844 1848 872 de
1872 851 1971 873 cumi·-

1066 889 1169 918 invido
1191 889 1273 918 Caim
1302 889 1410 918 dicitur
1423 890 1435 908 '¹
1457 899 1464 918 :
1494 890 1662 919 Maledictus
1691 893 1746 919 eris
1768 899 1850 927 super
1863 884 1970 936 ὲζῖζζξ-

1067 939 1178 971 terram,
1193 945 1252 972 quoe
1271 938 1382 972 operuit
1397 945 1426 965 os
1445 945 1535 973 suum,
1550 940 1575 966 et
1595 939 1714 974 suscepit
1733 940 1849 974 mnqui-
1863 945 1932 967 aim.

1065 992 1125 1012 nem
1139 985 1240 1017 fratris
1257 985 1300 1011 tui
1313 984 1347 1012 de
1361 992 1445 1012 manu
1459 986 1516 1012 tua.
1533 985 1641 1013 Contra
1652 984 1773 1013 invidiae
1787 993 1852 1014 ma-

1067 1030 1268 1065 ledictionem,
1283 1030 1372 1059 Maria
1387 1030 1516 1059 obtinuit
1540 1031 1690 1060 charitatis
1711 1031 1852 1060 benedic-

1068 1077 1190 1106 tionem.
1206 1077 1288 1105 Unde
1303 1077 1367 1113 ipsa
1382 1077 1458 1106 bene
1473 1085 1526 1114 per
1544 1078 1647 1106 Saram
1667 1078 1778 1114 signari
1797 1087 1852 1116 po-

1069 1127 1133 1159 test,
1148 1125 1186 1153 de
1201 1133 1262 1161 qua
1277 1125 1418 1154 Dominus
1442 1125 1537 1154 dixit⁸
1554 1135 1560 1154 :
1584 1127 1745 1154 Benedicam
1762 1128 1788 1155 ei
1795 1149 1803 1159 ‚
1826 1129 1851 1155 et

1069 1180 1103 1199 ex
1115 1173 1164 1200 illa
1175 1172 1245 1200 dabo
1256 1172 1310 1199 tibi
1320 1173 1419 1208 filium,
1435 1174 1480 1200 cui
1496 1173 1686 1201 benedicturus
1699 1181 1769 1202 sum.
1782 1174 1853 1202 Sara

1069 1219 1277 1255 interpretatur
1291 1219 1394 1248 carbo.
1411 1221 1471 1248 Hoc
1486 1219 1562 1248 bene
1586 1220 1682 1248 Mariae
1703 1220 1854 1256 convenit,

1070 1275 1137 1303 quie
1164 1269 1309 1303 tanquam
1333 1267 1426 1295 carbo
1450 1267 1558 1296 ardore
1589 1268 1738 1296 eharitatis
1761 1269 1853 1304 ignita

1072 1314 1134 1342 suit.
1153 1315 1275 1350 Propter
1290 1314 1373 1350 quod
1389 1314 1477 1342 etiam
1498 1315 1563 1351 ipsa
1583 1315 1660 1343 bene
1674 1323 1728 1352 per
1742 1315 1854 1344 rubum

1071 1361 1225 1389 ardentem
1241 1362 1385 1396 signatur,
1399 1369 1452 1397 per
1467 1370 1558 1398 quam
1572 1362 1653 1390 fideli
1668 1362 1791 1391 cuilibet
1801 1362 1854 1391 be-

1071 1410 1200 1438 nedictio
1216 1410 1316 1445 gratiae
1336 1410 1527 1439 ministratur.
1544 1411 1625 1439 Unde
1643 1410 1674 1439 in
1690 1413 1855 1440 Deuterono-

1071 1459 1125 1484 mio
1146 1457 1252 1485 dieitur
1266 1457 1277 1473 ⁹
1292 1466 1298 1484 :
1315 1458 1471 1485 Benedictio
1494 1459 1589 1493 illius,
1609 1460 1658 1493 qui
1677 1460 1810 1494 apparuit
1824 1460 1855 1486 in

1072 1506 1148 1539 rubo,
1164 1507 1254 1532 veniat
1274 1513 1356 1540 super
1371 1507 1453 1540 eaput
1469 1505 1576 1540 Ioseph.
1590 1505 1701 1542 ioseph
1716 1506 1857 1542 iuterpre-

1073 1557 1149 1582 tatur
1164 1556 1344 1589 aufflnentum,
1357 1556 1383 1582 et
1396 1554 1541 1589 signifieat
1557 1554 1721 1590 quemlibet
1735 1555 1856 1584 fidelem

1074 1602 1176 1629 divina
1192 1601 1286 1637 gratia
1307 1601 1479 1629 adauctum.
1502 1602 1676 1629 Benedictus
1699 1602 1803 1637 rubuS,
1829 1605 1857 1631 et

1075 1649 1248 1676 benedictus
1267 1649 1317 1684 qui
1338 1656 1391 1684 per
1416 1648 1650 1676 incarnationem
1672 1649 1809 1685 apparuit
1826 1649 1857 1677 in

1075 1696 1163 1730 rubo,
1185 1704 1236 1731 per
1252 1704 1342 1731 quem
1367 1697 1447 1723 tanta
1462 1695 1541 1722 venit
1561 1704 1650 1731 super
1673 1696 1769 1732 capita
1785 1695 1858 1724 fide-

1077 1743 1149 1771 lium
1165 1742 1344 1770 benedictio.
1369 1743 1399 1769 lit
1424 1750 1442 1769 0
1468 1750 1536 1770 vere
1555 1742 1728 1770 benedictus
1747 1742 1857 1778 carbo,

1077 1793 1136 1818 tam
1160 1789 1347 1817 benedictam
1377 1790 1530 1817 flammam
1556 1789 1744 1825 producens,
1769 1789 1859 1818 bene-

1077 1838 1155 1865 dicta
1182 1837 1268 1865 Maria
1293 1839 1352 1864 tam
1372 1837 1559 1865 benedictam
1578 1837 1695 1874 prolem
1713 1838 1856 1874 gignens!

1078 1886 1120 1912 131:
1136 1886 1194 1918 ιἸΙιι,
1210 1884 1304 1920 inquit
1322 1884 1473 1918 Dominus,
1489 1885 1558 1911 (tabo
1574 1885 1626 1911 tibi
1645 1887 1744 1919 filium,
1759 1886 1804 1912 cui
1815 1886 1859 1912 be-

1078 1933 1231 1958 nedicturus
1246 1939 1314 1958 sum.
1333 1932 1423 1959 Pensa
1442 1940 1513 1966 ergo
1533 1934 1674 1967 quantam
1692 1932 1778 1960 Maria
1792 1931 1860 1960 eha-

1078 1979 1193 2006 ritatem
1209 1978 1247 2006 ad
1264 1980 1353 2006 Deum
1370 1978 1516 2013 habuerit,
1534 1987 1602 2006 cum
1619 1980 1693 2006 Deus
1704 1978 1782 2006 filius
1795 1979 1859 2014 ejus

1079 2026 1114 2052 sit
1129 2025 1331 2061 corporaliter.
1350 2028 1439 2053 Pensa
1455 2025 1541 2053 etiam
1554 2027 1697 2061 quantam
1708 2025 1746 2053 ad
1760 2025 1860 2061 proxi-

1080 2081 1162 2100 mum
1178 2072 1324 2106 habuerit,
1340 2080 1408 2100 eum
1423 2072 1519 2099 bonus
1533 2072 1687 2107 proximus
1701 2071 1781 2099 tilius
1796 2072 1859 2106 ejus

1079 2119 1266 2155 spiritualiter
1279 2119 1324 2146 sit.
1341 2119 1368 2146 Si
1383 2121 1482 2146 autem
1506 2117 1557 2145 tilii
1573 2119 1636 2153 ejus
1658 2126 1772 2153 summ,
1788 2126 1859 2154 ergo

1080 2168 1107 2193 et
1124 2167 1224 2194 fratres
1240 2165 1300 2193 Filii
1315 2165 1378 2200 ejus
1392 2173 1504 2193 sumuS.
1529 2167 1560 2192 Et
1576 2165 1643 2192 ideo
1659 2165 1735 2193 bene
1754 2165 1791 2193 de
1807 2165 1861 2193 ista

1080 2217 1171 2241 matre
1186 2212 1342 2241 benedicta
1357 2212 1425 2239 dicit
1440 2212 1595 2239 anselmus
1611 2221 1616 2240 :
1639 2223 1651 2236 «
1667 2213 1688 2240 Ο
1705 2212 1862 2241 benedicta

1080 2264 1107 2289 et
1122 2260 1258 2293 exaltata,
1273 2267 1334 2287 non
1350 2259 1401 2286 tibi
1418 2259 1486 2293 soli,
1502 2259 1553 2287 sed
1569 2259 1657 2286 etiam
1672 2259 1770 2294 nobis,
1787 2259 1861 2296 quid

1081 2310 1132 2342 est,
1149 2315 1240 2344 quam
1251 2314 1394 2341 magnum
1405 2309 1457 2340 est,
1471 2314 1561 2342 quam
1573 2306 1701 2334 amabile
1713 2309 1764 2341 est,
1777 2305 1860 2342 quod

1081 2355 1169 2382 video
1185 2362 1237 2390 per
1253 2356 1279 2381 te
1300 2353 1417 2381 evenire
1439 2353 1536 2387 nobis,
1556 2353 1639 2389 quod
1664 2353 1767 2380 videns
1790 2360 1861 2387 gau-

1081 2403 1149 2435 deo,
1166 2401 1246 2437 qnod
1264 2401 1397 2435 gaudens
1413 2401 1511 2428 dicere
1526 2407 1586 2427 non
1602 2399 1719 2427 audeo?
1739 2399 1765 2427 Si
1781 2399 1861 2426 enim

1082 2452 1121 2483 tu,
1152 2448 1287 2482 Domina,
1310 2456 1340 2475 es
1363 2450 1455 2475 mater
1474 2447 1533 2482 Dei,
1559 2454 1659 2474 nonne
1683 2448 1711 2474 et
1736 2445 1785 2473 alii
1808 2445 1860 2473 filii

1081 2497 1120 2524 tui
1132 2495 1234 2523 fratres
1250 2495 1316 2523 Dei?
1333 2507 1345 2520 »

1116 2544 1221 2579 Tertio,
1240 2542 1417 2578 charissimi,
1433 2542 1608 2574 audiamus,
1632 2540 1787 2577 quomodo
1807 2540 1860 2568 be-

1081 2622 1153 2649 Oper.
1177 2620 1203 2643 S.
1229 2620 1294 2647 Aug.
1311 2631 1341 2635 ——-
1367 2619 1375 2631 δ
1399 2617 1489 2641 Jmli‘c..
1513 2622 1534 2643 ι,
1561 2617 1596 2638 ιῖἱ.
1615 2629 1645 2632 -
1668 2615 1678 2631 ⁶
1702 2616 1787 2645 Bern„
1803 2621 1859 2645 sup.

1082 2655 1172 2678 Mi’sws
1193 2655 1243 2683 est,
1264 2653 1335 2677 hom.
1362 2658 1411 2682 iii,
1433 2659 1457 2675 ιι.
1483 2653 1504 2675 8.
1528 2664 1557 2668 -
1580 2650 1587 2665 ⁷
1608 2650 1684 2680 dem,
1711 2656 1750 2681 iv,
1774 2652 1810 2675 tt.
1830 2663 1860 2668 -

1082 2692 1089 2703 ⁶
1105 2691 1176 2719 Gom,
1196 2695 1257 2719 xvii,
1276 2690 1312 2712 tG.
1329 2688 1480 2715 —²*De11!.,
1498 2692 1590 2717 xxxiii,
1609 2688 1629 2710 t.
