2060 3052
680 276 730 308 DE
753 275 830 308 UNO
854 274 1054 307 MARTYRE.
1079 274 1211 307 SERMO
1234 274 1284 307 IV.

177 346 248 375 dicit
262 346 338 376 illud
353 346 360 365 ⁴
378 354 385 375 z
404 355 418 372 «
433 345 609 375 indumento
622 343 742 380 justitiae
757 342 956 372 circumdedit

176 401 242 429 me,
267 395 295 422 et
318 395 460 430 tanquam
481 391 646 428 speciosam
670 391 824 420 coronavit
847 398 895 418 me
918 390 955 426 (a)

177 449 297 470 corona.
314 451 327 467 »
343 440 448 476 Tertio,
470 441 628 469 coronatus
643 441 686 468 cst
701 439 750 467 hic
768 440 890 468 Sanctus
905 446 956 467 co-

175 496 250 517 rona
260 489 374 517 infinita
383 488 655 517 interminabilitatc
667 488 819 515 duratura.
835 487 956 523 Sphaera

176 535 266 570 enim,
281 537 314 564 ut
329 535 416 564 docet
431 535 628 571 Philosophus
649 534 669 570 Β,
691 535 719 562 et
745 534 889 570 probatur
904 541 957 570 per

176 583 407 619 experientiam,
428 582 512 611 nullo
538 582 664 611 termino
692 583 735 609 est
758 581 856 616 finita3
886 581 957 617 quia

176 637 237 658 non
252 631 375 666 apparet
388 630 442 658 ubi
453 629 584 666 incipiat,
597 637 652 656 nec
667 628 719 656 ubi
734 628 863 663 finiatur,
877 629 957 664 post-

176 685 268 712 quam
282 676 345 712 ejus
364 676 461 713 capita
476 677 543 704 sunt
558 675 699 704 conclusa
720 677 748 703 et
761 675 792 703 in
813 675 958 703 circulum

176 725 244 752 sunt
261 723 390 752 redacta.
414 723 495 751 Unde
509 723 602 759 aliqui
621 722 803 759 philosophi,
820 721 958 758 quamvis

176 770 281 805 stulte,
295 770 484 799 crediderunt
505 770 615 798 coelum
640 778 701 797 esse
716 771 871 803 aeternum,
887 768 958 805 quia

176 817 274 853 figura
294 817 457 845 rotundum
472 817 492 845 ³.
508 819 539 846 In
554 816 665 845 circulo
691 816 781 851 enim,
806 815 868 850 etsi,
885 815 958 843 dum

177 864 219 899 fit,
234 864 414 901 principium
432 864 569 893 videatur
583 865 611 892 et
631 863 709 899 finis,
730 865 891 899 postquam
914 864 958 890 ta-

177 920 246 939 men
261 911 353 940 factus
374 913 430 947 est,
453 913 522 939 tunc
546 911 658 939 amodo
678 911 737 938 fine
760 911 788 937 et
811 909 957 946 principio

178 958 308 987 carebit:
324 959 396 995 quia
411 959 463 986 ubi
476 958 607 994 incipiat,
623 959 674 986 aut
689 957 742 986 ubi
764 957 895 991 finiatur,
911 965 958 984 as-

178 1005 288 1040 signari
302 1014 363 1033 non
376 1007 482 1042 potest.
499 1006 573 1033 Cum
588 1013 659 1040 ergo
679 1012 791 1033 corona
806 1004 836 1032 in
857 1005 959 1032 rotun-

180 1052 252 1080 dum
272 1052 308 1080 sit
326 1052 463 1087 formata,
485 1054 528 1080 est
548 1052 712 1087 figurarum
740 1051 957 1087 pulcherrima,

180 1101 223 1128 est
244 1099 409 1135 figurarum
435 1099 668 1135 simplicissima,
696 1099 767 1135 quia
795 1107 855 1126 una
880 1098 959 1126 linea

180 1149 294 1176 tantum
301 1148 438 1175 contenta
448 1147 498 1181 sit,
515 1148 558 1174 est
571 1146 736 1182 figurarum
748 1146 938 1182 capacissima
952 1155 958 1173 :

180 1194 270 1222 nullis
289 1193 404 1230 angulis
420 1195 582 1229 coarctata;
604 1193 692 1221 simul
708 1189 807 1221 etiam'
823 1195 866 1221 est
885 1193 960 1228 figu-

178 1249 280 1269 rarum
298 1240 527 1276 perfectissima,
545 1240 616 1277 quia
631 1240 761 1268 continet
788 1240 818 1267 in
844 1248 875 1267 se
894 1247 961 1275 per-

179 1288 337 1316 fectionem
365 1287 529 1322 senariam,
558 1287 633 1315 sicut
655 1287 765 1323 probat
786 1287 851 1323 ipsa
873 1295 961 1322 expe-

180 1335 284 1364 rientia
299 1344 305 1363 :
326 1337 404 1363 recte
417 1334 562 1362 aeternalis
577 1334 653 1369 vitae,
674 1335 799 1362 carentis
814 1334 960 1370 principio

181 1385 209 1411 et
232 1382 301 1417 fine,
327 1384 368 1410 est
390 1381 595 1417 significativa.
624 1381 705 1409 Unde
732 1381 839 1409 dicitur
863 1381 961 1417 prima

184 1431 258 1457 Petri
275 1430 307 1456 ⁶:
328 1429 452 1463 Pascite,
469 1429 521 1465 qui
542 1429 573 1456 in
598 1429 684 1456 vobis
707 1431 759 1463 est,
777 1437 913 1464 gregem,
934 1429 962 1455 et

181 1476 348 1512 percipietis
376 1475 653 1503 immarcessibilem
668 1496 677 1509 ,
701 1485 715 1501 >³
743 1475 775 1503 id
797 1477 849 1509 est,
874 1475 961 1502 inter-

182 1524 367 1558 minabilem,
386 1534 399 1550 ι(
422 1523 522 1559 gloriae
550 1531 703 1551 coronam.
726 1533 739 1550 »
769 1523 855 1557 Quod
882 1523 962 1551 enim

182 1580 244 1599 non
262 1570 429 1605 marcescit,
451 1571 479 1598 et
499 1578 561 1598 non
580 1570 795 1606 corrumpitur,
819 1571 962 1598 aeternum

183 1626 246 1646 esse
268 1617 440 1645 convicitur.
466 1617 510 1645 Ad
533 1617 610 1644 hanc
630 1625 700 1652 ergo
727 1624 881 1651 coronam,
898 1624 962 1644 ma-

182 1665 256 1693 teria
278 1664 454 1700 pretiosam,
483 1664 581 1691 forma
599 1664 783 1700 speciosam,
812 1665 839 1691 et
866 1663 963 1698 figura

182 1714 332 1746 aeternam,
345 1711 489 1747 perducat
503 1719 558 1739 nos
573 1711 701 1739 Christus
720 1711 808 1738 Filius
829 1711 888 1745 Dei,
907 1712 962 1738 etc.

459 1792 587 1822 SERMO
611 1791 649 1821 IV
665 1789 686 1819 5.

221 1856 292 1884 Mihi
305 1857 395 1882 autem
410 1854 481 1881 absit
495 1855 612 1888 qlorz'art'
633 1854 689 1880 m'si
711 1854 740 1880 in
761 1860 836 1879 cruce
856 1854 964 1880 Domini

184 1903 270 1930 nostri
293 1903 356 1929 Jesu
381 1901 486 1928 Christi
508 1899 527 1927 ⁶.
555 1899 654 1927 Omnis
676 1899 768 1927 homo
792 1899 964 1927 naturaliter

184 1949 294 1985 appetit
307 1947 541 1981 beatitudinem3
563 1947 616 1974 sed
638 1946 722 1973 multi
742 1949 840 1973 errant
863 1946 893 1973 in
917 1954 962 1974 ea.

183 1998 256 2024 Nam
271 1995 395 2031 quidam
416 2002 482 2022 eam
507 1994 624 2029 ponunt
648 1993 679 2020 in
702 1992 881 2020 sublimitate
906 2001 962 2028 po-

184 2043 290 2076 tentiae,
306 2044 333 2070 et
347 2041 419 2069 tales
435 2041 483 2068 vel
500 2040 638 2068 laborant
652 2042 786 2076 praeesse,
803 2040 851 2067 vel
866 2040 964 2075 praesi-

184 2090 322 2118 dentibus
337 2088 497 2117 adhaerere.
514 2087 642 2121 Quidam
662 2087 750 2114 etiam
766 2095 832 2114 eam
848 2090 965 2123 ponunt

183 2137 214 2164 in
228 2137 349 2165 veritate
365 2134 510 2169 scientiae,-
529 2134 670 2170 quidam,
687 2134 718 2161 in
739 2134 854 2169 generis
875 2134 964 2162 clari-

184 2186 257 2219 tate3
274 2184 410 2219 quidam,
425 2182 455 2210 in
468 2182 601 2218 corporis
612 2181 807 2217 speciositate,
820 2183 847 2209 et
857 2182 964 2217 volup-

184 2232 258 2265 tate3
275 2230 409 2266 quidam,
431 2229 461 2256 in
477 2228 552 2264 gulae
568 2229 724 2263 aviditate3
741 2228 866 2264 quidam
881 2236 963 2262 vero,

185 2278 215 2305 in
232 2277 402 2304 divitiarum
425 2275 607 2311 copiositate.
629 2276 684 2303 Ista
704 2283 775 2310 ergo
798 2275 899 2303 omnia
922 2277 964 2302 at-

185 2324 309 2353 tendens
325 2323 442 2359 sapiens
456 2323 631 2358 Apostolus,
648 2322 736 2349 ethic
756 2323 862 2357 Martyr
881 2330 965 2349 sanc-

186 2374 246 2404 tus,
273 2371 356 2405 qu'us
380 2369 470 2396 hodie
494 2369 601 2396 festum
625 2368 830 2402 celebramus,
856 2368 966 2403 refugit

187 2427 254 2446 cum
269 2417 354 2445 malis
369 2415 506 2451 gloriari,
525 2413 552 2442 et
572 2415 658 2450 elegit
676 2415 796 2450 gloriari
820 2424 887 2442 cum
909 2416 965 2443 bo-

186 2466 241 2493 nis.
259 2466 290 2492 ln
309 2464 402 2491 verbo
420 2471 489 2498 ergo
509 2463 676 2498 praemisso,
699 2463 737 2490 ad
757 2463 889 2498 Martyris
909 2463 965 2490 ho-

187 2520 291 2540 norem
307 2512 473 2545 assumpto,
497 2509 626 2536 maxime
646 2509 777 2537 notanda
802 2511 869 2537 sunt
893 2510 963 2537 duo.

188 2561 260 2587 Nam
273 2558 360 2585 docet
373 2565 428 2584 nos
443 2556 557 2592 primo,
574 2556 647 2591 quid
662 2556 692 2583 in
712 2556 827 2584 mundo
850 2557 886 2584 sit
905 2564 965 2584 res-

188 2605 361 2642 puendum3
382 2603 529 2635 secundo,
545 2602 618 2638 quid
634 2605 677 2630 est
689 2603 862 2631 hominibus
878 2611 967 2639 appe-

221 2680 228 2695 ¹
246 2680 305 2705 Isa„
321 2684 374 2707 LXI,
388 2680 426 2702 10.
442 2691 472 2695 —
487 2679 496 2693 2
513 2678 599 2709 Arist„
615 2677 725 2708 Phys-ic„
753 2678 794 2702 lib.
814 2680 886 2709 vul,
904 2681 966 2703 text.

190 2715 270 2738 76.—
290 2715 298 2728 ³
315 2714 402 2742 Arist„
421 2713 450 2736 cle
466 2713 539 2742 Cael.,
555 2714 597 2738 lib.
620 2714 654 2744 ΙΙ,
672 2716 736 2737 text.
755 2716 776 2737 ·1.
795 2727 820 2730 —
836 2716 843 2728 ⁴
865 2715 966 2744 lPeIr„

192 2756 215 2781 V,
232 2752 254 2775 4.
275 2764 304 2768 —
324 2750 334 2767 ὓ
354 2750 440 2781 Neque
453 2749 531 2780 hunc,
546 2756 629 2782 neque
649 2752 799 2781 sequentem
814 2750 891 2775 habet
903 2751 964 2774 edit.

1751 272 1790 303 43

1009 342 1150 378 tendum,
1173 342 1282 370 scilicet
1311 349 1367 378 pro
1397 341 1549 370 salvatore
1580 339 1789 376 opprobrium.

1011 390 1103 418 Omne
1127 389 1207 417 enim
1231 390 1365 424 bonum,
1389 388 1438 417 vel
1463 389 1505 416 est
1531 387 1562 415 in
1592 386 1790 415 declinatione

1011 436 1097 471 mali,
1113 436 1162 464 vel
1177 436 1206 464 in
1221 436 1355 473 prosectu
1369 435 1452 464 boni.
1476 437 1548 463 Nam
1569 433 1681 462 malum
1701 432 1792 460 decli-

1010 491 1128 517 namuS,
1144 491 1212 511 cum
1227 483 1354 518 gloriam
1369 483 1533 511 humanam
1546 480 1726 516 refugimus3
1739 479 1791 507 scd

1010 530 1041 558 in
1066 530 1148 558 bono
1172 529 1361 566 proficimus,
1382 529 1455 558 dum
1478 537 1532 565 per
1555 527 1633 556 viam
1654 526 1791 555 Crucifixi

1012 577 1187 606 incedimus,
1204 578 1324 605 Notatur
1340 585 1410 612 ergo
1426 576 1539 612 primo,
1556 574 1629 611 quid
1650 574 1686 602 sit
1704 574 1792 602 nobis

1011 624 1205 660 fugiendum,
1228 632 1296 652 cum
1320 623 1391 652 dicit
1415 633 1420 651 :
1446 624 1518 651 Mihi
1535 626 1625 651 autem
1645 623 1715 650 absit
1735 623 1792 656 910-

1011 674 1091 700 rz'ari.
1120 673 1240 700 Notatur
1268 671 1416 705 secundo,
1442 670 1516 706 quid
1541 670 1576 697 sit
1599 668 1790 704 eligendum,

1012 727 1081 747 cum
1094 719 1200 747 dicitur
1217 727 1223 746 :
1240 720 1271 746 In
1284 726 1360 746 cruce
1377 719 1485 745 Domini
1500 719 1586 744 nostri
1597 718 1660 744 Jesu.
1678 716 1790 743 Christi.

1012 767 1069 794 Sed
1084 766 1165 803 quia,
1181 766 1264 802 quod
1282 765 1459 801 fugiendum
1473 764 1509 791 sit
1525 763 1562 791 de
1578 764 1710 791 humana
1726 762 1791 798 glo—

1012 814 1066 848 ria,
1078 821 1214 841 sermone
1229 813 1327 849 primo
1344 812 1381 840 de
1397 819 1457 839 uno
1472 812 1597 846 Martyre
1613 810 1674 838 dixi
1690 817 1791 845 supra,

1012 869 1092 888 nunc
1111 861 1209 888 solum
1227 861 1317 887 restat
1336 859 1434 887 dicere
1452 858 1489 886 de
1504 857 1604 886 Crucis
1616 856 1791 892 ignominia.

1013 910 1060 936 Est
1083 915 1154 943 ergo
1176 907 1224 935 hic
1246 906 1432 940 notandum,
1455 904 1539 942 quod
1562 904 1592 932 in
1617 911 1704 932 cruce
1726 904 1794 931 sunt

1013 956 1141 991 quatuor
1156 954 1291 988 brachia,
1307 954 1368 981 duo
1382 955 1476 986 recta,
1494 954 1521 980 et
1537 952 1597 979 duo
1614 953 1794 979 transversa-

1012 1002 1063 1037 lia,
1080 1004 1208 1038 quatuor
1225 1001 1344 1029 virtutes
1360 1000 1407 1037 (b),
1423 999 1533 1036 quibus
1549 1007 1621 1027 crux
1633 997 1795 1035 spirituali-

1013 1051 1056 1077 ter
1083 1049 1184 1083 fertur,
1209 1048 1413 1084 significativa.
1436 1049 1500 1075 Non
1525 1046 1605 1074 enim
1625 1045 1710 1074 electi
1730 1053 1795 1073 om-

1013 1105 1065 1124 nes
1082 1104 1199 1124 crucem
1218 1095 1404 1124 materialem
1426 1094 1607 1127 ascendunt,
1632 1093 1684 1121 sed
1708 1092 1795 1128 spiri-

1014 1144 1124 1172 tualem
1139 1151 1256 1171 crucem
1279 1150 1383 1170 omnes
1407 1141 1438 1169 in
1463 1149 1493 1168 se
1517 1140 1691 1176 suscipiunt.
1719 1142 1796 1168 Crux

1014 1191 1094 1219 enim
1109 1190 1269 1218 materialis
1284 1191 1457 1226 potestesse
1473 1187 1641 1216 communis
1661 1187 1749 1215 bonis
1769 1188 1796 1214 et

1015 1237 1117 1270 malis,
1141 1245 1210 1264 cum
1234 1237 1322 1264 etiam
1351 1236 1493 1263 Dominus
1524 1234 1681 1262 crucifixus
1708 1234 1796 1262 fuerit

1016 1293 1085 1312 cum
1099 1284 1280 1318 latronibus;
1297 1283 1350 1311 sed
1369 1290 1442 1310 crux
1464 1281 1623 1318 spiritualis
1643 1289 1704 1309 non
1725 1289 1796 1309 con-

1016 1332 1096 1360 venit
1111 1332 1166 1359 nisi
1187 1331 1390 1367 spiritualibus
1413 1332 1440 1358 et
1460 1330 1558 1357 bonis.
1585 1329 1690 1363 Quanti
1717 1329 1796 1357 enim

1016 1379 1137 1416 pessimi
1152 1379 1270 1406 fuerunt
1291 1378 1322 1405 in
1341 1385 1427 1405 cruce
1449 1376 1600 1412 suspensi!
1624 1376 1728 1412 quanti
1747 1377 1797 1404 fla-

1018 1427 1114 1462 gitiosi
1130 1435 1199 1454 cum
1213 1425 1320 1453 sanctis
1334 1424 1452 1452 fuerunt
1467 1423 1556 1451 simili
1576 1432 1665 1459 poena
1684 1423 1792 1459 puniti!

1018 1474 1110 1502 Simul
1125 1474 1155 1501 in
1170 1473 1278 1500 eodem
1293 1474 1445 1508 ponuntur
1460 1471 1528 1507 igne
1543 1471 1676 1506 lignum,
1699 1473 1727 1499 et
1747 1479 1798 1499 au-

1017 1529 1084 1549 rum
1102 1530 1107 1548 :
1125 1521 1240 1556 lignum
1264 1520 1410 1553 exuritur,
1436 1519 1487 1546 sed
1510 1526 1617 1546 aurum
1640 1520 1795 1554 purgatur.

1018 1569 1077 1596 Sub
1093 1568 1199 1596 eadem
1221 1567 1330 1595 tribula
1350 1574 1478 1601 granum
1500 1565 1678 1599 collocatur,
1699 1567 1727 1593 et
1745 1573 1798 1601 pa-

1018 1616 1080 1650 lea3
1096 1615 1149 1642 sed
1164 1614 1251 1650 palea
1264 1612 1487 1647 comminuitur,
1503 1612 1651 1640 frumenta
1665 1619 1798 1648 purgan-

1018 1665 1074 1690 tur.
1091 1662 1150 1690 Sub
1170 1661 1277 1689 eodem
1297 1660 1359 1688 sole
1378 1660 1497 1696 ponitur
1511 1659 1635 1686 materia
1652 1659 1798 1695 solubilis,

1019 1712 1051 1737 ut
1066 1717 1151 1744 cera,
1167 1711 1194 1736 et
1215 1707 1429 1743 coagulabiiis,
1451 1708 1484 1734 ut
1504 1706 1618 1741 lutum,
1643 1708 1671 1733 et
1692 1706 1800 1734 eodem

1018 1756 1104 1784 radio
1137 1764 1205 1783 cera
1235 1754 1375 1788 solvitur,
1400 1762 1460 1789 quo
1492 1753 1589 1780 lutum
1615 1752 1797 1789 inspissatur.

1020 1803 1101 1831 Unde
1118 1803 1189 1830 dicit
1202 1801 1380 1837 Augustinus
1394 1801 1404 1817 ⁷
1420 1810 1427 1828 :
1447 1809 1460 1826 α
1475 1802 1570 1828 Manet
1589 1800 1798 1827 dissimilitudo

1018 1858 1177 1886 passorum
1197 1850 1227 1877 in
1249 1848 1442 1876 similitudine
1459 1848 1650 1883 passionum,
1670 1855 1725 1874 nec
1744 1847 1799 1874 sub

1021 1897 1127 1924 eodem
1143 1897 1289 1924 tormento
1305 1897 1347 1923 est
1360 1895 1441 1922 idem
1454 1895 1546 1922 virtus
1561 1896 1588 1922 et
1600 1894 1712 1921 vitium.
1728 1896 1800 1921 Nam

1020 1945 1094 1971 sicut
1109 1943 1164 1970 sub
1185 1943 1293 1970 eodem
1314 1943 1382 1977 igne
1402 1950 1508 1970 aurum
1529 1941 1644 1974 rutilat,
1668 1943 1696 1968 et
1714 1940 1801 1977 palea

1019 1991 1129 2026 fumat3
1144 1993 1172 2018 et
1185 1991 1240 2018 sub
1257 1990 1362 2018 eadem
1377 1990 1487 2018 tribula
1501 1989 1594 2025 paleae
1615 1989 1800 2023 minuuntur,

1019 2038 1167 2066 frumenta
1188 2040 1355 2074 purgantur
1375 2047 1381 2065 z
1406 2038 1445 2065 ita
1467 2045 1527 2064 una
1542 2038 1570 2064 et
1585 2036 1689 2064 eadem
1704 2036 1748 2063 vis
1763 2036 1801 2063 ir-

1020 2093 1109 2113 ruens
1122 2086 1218 2113 bonos
1233 2085 1358 2121 probat,
1374 2086 1498 2120 purgat,
1515 2086 1543 2112 et
1557 2083 1684 2119 eliquat,
1705 2083 1801 2111 malos

1022 2133 1154 2165 damnat,
1170 2133 1275 2167 vastat,
1289 2134 1317 2159 et
1336 2131 1524 2165 exterminat,
1539 2132 1628 2166 atque
1643 2130 1798 2157 indurat.»

1023 2181 1097 2215 Ergo
1112 2179 1207 2214 magis
1220 2178 1360 2206 laudatur
1379 2185 1451 2205 crux
1466 2177 1642 2213 spiritualis,
1660 2185 1726 2213 quae
1739 2185 1801 2204 non

1021 2228 1117 2262 potest
1132 2227 1299 2261 competere
1314 2225 1370 2252 nisi
1386 2224 1473 2252 bonis
1484 2245 1491 2258 ‚
1512 2232 1604 2260 quam
1623 2223 1800 2258 materialis,

1022 2281 1089 2308 quae
1106 2274 1148 2300 est
1172 2272 1304 2308 utrisque
1327 2271 1504 2299 communis.
1523 2271 1692 2299 Notandum
1712 2278 1800 2305 ergo,

1022 2320 1106 2356 quod
1118 2321 1184 2347 sunt
1200 2321 1327 2355 quatuor
1340 2319 1464 2347 virtutes
1479 2319 1573 2346 crucis
1588 2318 1716 2345 brachiis
1736 2326 1801 2345 cor-

1021 2366 1234 2402 respondentes
1256 2375 1262 2393 :
1285 2374 1355 2393 nam
1376 2366 1473 2402 primo
1499 2365 1529 2392 in
1550 2365 1673 2393 brachio
1697 2364 1800 2392 dextro

1022 2416 1140 2441 notatur
1162 2412 1374 2448 temperantia,
1398 2421 1464 2448 quae
1485 2414 1526 2439 est
1541 2412 1699 2439 declinatio
1714 2419 1800 2447 pros-

1022 2468 1180 2495 perorum3
1197 2460 1343 2493 secundo,
1361 2460 1391 2486 in
1405 2459 1528 2487 brachio
1545 2458 1661 2486 sinistro
1683 2460 1802 2485 notatur

1023 2507 1177 2543 patientia,
1201 2515 1267 2542 quze
1285 2508 1327 2533 est
1347 2506 1503 2534 tolerantia
1518 2505 1728 2539 adversorum,
1746 2507 1802 2532 ter-

1023 2554 1078 2588 tio,
1093 2554 1124 2581 in
1139 2553 1262 2581 brachio
1282 2561 1422 2589 supremo
1445 2554 1563 2580 notatur
1581 2552 1800 2587 misericordia,

1025 2637 1139 2666 Hageno.
1162 2642 1204 2658 un.
1233 2637 1342 2659 liiid—
1364 2636 1372 2647 ‘⁴
1396 2634 1465 2663 Gal„
1489 2640 1523 2662 vl,
1545 2636 1582 2658 1'2.
1601 2647 1629 2651 ——
1650 2635 1659 2650 ⁷
1682 2636 1756 2664 Aug,
1773 2634 1802 2656 (Ie

1025 2671 1102 2695 emet.
1121 2672 1175 2697 Dei,
1192 2671 1234 2694 lib.
1254 2672 1271 2699 1,
1285 2678 1307 2695 c.
1325 2677 1379 2700 vui,
1397 2677 1422 2694 n.
1439 2672 1461 2693 2.

1055 2714 1089 2744 (a)
1115 2713 1188 2743 Γαίᾳ.
1214 2713 1285 2744 quasi
1307 2719 1430 2743 sponsum
1453 2712 1610 2736 decoratum.
1633 2725 1662 2734 .-
1686 2712 1720 2745 (b)
1745 2712 1801 2743 Ley.

1024 2749 1155 2780 vii-tutum,
1174 2749 1211 2773 vel
1225 2750 1294 2780 cusi-a
1309 2749 1485 2780 significantia.

1839 920 1916 941 Crucis

1810 951 1906 972 brachia.

1845 2293 1923 2315 Crucis

1825 2325 1917 2345 virtutes

1820 2357 1917 2377 brachiis

1827 2395 1915 2415 respon-

1826 2422 1910 2443 dentes.
