2029 3052
807 213 1050 248 PHILOMELA.
1683 222 1742 251 163

118 284 215 320 Trahi,
231 283 316 319 coedi,
335 282 472 320 conspui,
488 281 552 311 dire
567 280 702 317 cruciari,

119 333 258 369 Crucifigi
266 353 276 369 ‚
294 331 425 368 denique
440 329 532 359 clavis
545 328 700 364 terebrari,

120 382 275 418 Caputque
290 378 508 408 sanctissimum
521 375 614 413 spinis
629 375 780 405 coronari.

156 429 272 457 Nonam
292 426 340 455 dic
361 433 430 454 cum
450 423 586 460 moritur,
610 423 733 460 quando
763 430 904 452 consum-

194 476 292 504 matus

123 523 230 552 Cursus
243 522 286 550 est
300 519 478 555 certaminis,
496 517 620 555 quando
633 519 789 555 superatus

124 571 172 599 Est
184 569 306 599 omnino
317 567 453 603 zabulus,
469 569 498 596 et
511 567 580 596 hinc
593 567 787 596 conturbatus
793 577 802 604 ;

123 619 261 654 Vespera,
277 624 346 645 cum
359 615 488 644 Christus
503 616 546 644 est
559 615 719 651 sepulturae
734 615 831 643 datuS.

160 665 243 694 Diem
257 664 346 693 istum
361 663 462 692 anima
471 661 620 691 meditans
634 662 666 690 in
679 662 783 698 hortis,

125 713 189 741 Suae
202 711 271 740 facit
284 710 445 739 terminum
459 709 621 746 spiritualis
635 709 750 744 mortis,

125 759 275 788 scandens
289 757 384 786 crucis
399 756 551 792 arborem,
566 756 598 784 in
610 765 671 793 qua
686 756 833 785 leotfortis

128 806 198 834 Vicit
211 804 418 834 adversarium
432 803 531 832 fractis
545 804 638 840 portis
654 803 768 832 mortis.

161 852 262 881 Statim
276 851 376 880 cordis
390 859 505 887 organa
519 859 638 879 sursum
654 850 813 886 elevando,

126 901 218 928 Suum
232 907 250 928 a
265 898 399 927 diluculo
414 900 535 927 cantum
549 898 734 933 inchoando,

126 946 249 982 Laudat,
266 947 294 974 et
308 946 456 982 glorificat
470 947 574 980 Deum,
596 945 783 982 replicando,

127 994 187 1023 Sibi
202 1001 295 1031 quam
309 993 453 1022 mirificus
466 993 521 1021 fuit
534 993 612 1022 lianc
627 993 769 1022 creando.

164 1043 221 1075 Pie,
238 1041 346 1079 inquit,
363 1041 516 1076 Conditor,
531 1041 655 1078 quando
670 1050 719 1070 me
735 1041 849 1077 creasti,

127 1090 222 1123 Quam
235 1089 272 1117 sit
285 1090 337 1117 tua
350 1088 444 1125 pietas
458 1089 544 1125 larga
558 1089 716 1117 declarasti
724 1099 732 1125 3

127 1137 202 1165 Nam
215 1137 384 1165 consortem
399 1135 502 1172 gloriae
514 1138 571 1164 tuae
584 1136 718 1172 cogitasti

127 1185 234 1212 Facere
249 1183 385 1219 gratuite,
402 1183 492 1219 gratis
508 1191 600 1220 quam
615 1184 732 1212 amasti.

163 1232 185 1259 Ο
200 1238 293 1267 quam
306 1230 383 1259 mira
396 1230 525 1266 dignitas
540 1231 614 1259 mihi
630 1233 673 1259 est
687 1238 840 1267 concessa,

127 1278 200 1306 Cum
213 1278 315 1313 imago
330 1277 448 1306 Domini
459 1277 534 1306 mihi
546 1279 590 1306 est
603 1278 750 1314 impressa
762 1288 768 1306 :

128 1325 186 1353 Sed
200 1324 339 1353 crevisset
355 1324 485 1360 amplius
501 1325 629 1360 dignitas
642 1333 790 1362 possessa,

128 1372 186 1401 Nisi
200 1372 315 1408 jussum
333 1372 450 1401 Domini
460 1372 583 1401 fuissem
599 1372 634 1409 (a)
649 1374 840 1408 transgressa.

163 1422 237 1448 Nam
251 1422 293 1455 tu,
308 1428 426 1448 summa
440 1420 578 1455 charitas,
595 1420 648 1448 tibi
664 1420 812 1449 cohaerere

129 1469 171 1496 Me
187 1467 311 1496 volebas
323 1467 442 1503 jugiter,
459 1475 639 1503 sursumque
654 1467 768 1496 habere

129 1514 218 1543 Dulce
234 1514 434 1550 domicilium,
450 1516 609 1551 tecumque
623 1523 758 1550 manere,

129 1563 163 1590 Et
176 1570 224 1590 me
239 1562 321 1590 velut
334 1562 430 1590 filiam
443 1562 533 1596 alere,
551 1562 670 1590 docere.

164 1610 206 1637 Ex
221 1610 291 1637 tunc
306 1609 496 1645 disposueras
511 1609 542 1637 in
556 1609 589 1637 id
604 1609 738 1637 adunare

130 1655 240 1684 Caelicis
254 1656 437 1692 agminibus,
453 1657 540 1692 teque
553 1656 629 1684 mihi
644 1656 715 1684 dare
723 1666 732 1692 3

129 1703 186 1731 Sed
204 1711 259 1740 pro
274 1704 354 1732 tanta
369 1702 464 1739 gratia
478 1703 552 1739 quid
576 1711 805 1739 recompensare

130 1751 263 1786 Possum,
276 1758 399 1787 prorsus
413 1750 525 1785 nescio,
541 1750 598 1778 nisi
613 1752 641 1778 te
656 1758 768 1779 amare.

166 1797 255 1826 Unica
269 1798 408 1834 suavitas,
431 1797 521 1826 unica
536 1797 679 1833 dulcedo,

129 1844 270 1873 Cordium
285 1845 451 1873 amantium
468 1845 604 1873 salutaris
618 1845 732 1881 praedo,

129 1893 233 1920 Totum
245 1892 396 1928 quidquid
409 1892 519 1928 habeo,
536 1892 584 1920 vel
599 1900 677 1927 sum,
693 1892 746 1920 tibi
761 1892 851 1929 dedo,

129 1939 260 1975 Denique
275 1938 445 1975 depositum
459 1947 561 1967 meum
576 1939 629 1967 tibi
644 1939 747 1968 credo.

164 1986 225 2021 Oci,
242 1987 339 2014 cantat
353 1986 410 2014 tale
424 1994 475 2014 cor
490 1986 625 2022 gaudens
642 1986 673 2014 in
687 1994 836 2022 pressura,

128 2032 242 2067 Dicens,
258 2033 330 2069 quia
344 2033 470 2069 dignum
485 2035 537 2068 est,
553 2035 586 2061 ut
599 2041 616 2062 a
631 2036 766 2062 creatura

128 2079 270 2116 Diligatur
282 2080 381 2117 opifex
395 2080 462 2109 talis
476 2083 574 2110 mente
590 2089 677 2117 pura,

128 2127 159 2155 Ei
174 2135 242 2155 cum
257 2127 383 2156 extiterit
397 2129 434 2156 de
450 2137 481 2156 se
496 2130 577 2157 tanta
592 2137 673 2157 cura.

164 2173 209 2202 Sic
223 2182 308 2202 mens
322 2175 380 2203 hoc
396 2175 564 2204 diluculum
582 2176 685 2204 transit
699 2176 875 2205 meditando
883 2186 891 2212 3

128 2221 185 2249 Sed
199 2221 239 2249 ad
252 2222 381 2257 primam
395 2223 573 2251 transferens
597 2231 703 2252 vocem
724 2224 896 2259 exaltando,

127 2270 254 2305 Tempus
268 2269 449 2306 acceptabile
464 2270 512 2306 pie
527 2271 720 2307 ruminando,

128 2316 160 2344 In
175 2324 236 2352 quo
252 2316 334 2344 venit
345 2317 498 2352 DominuS,
515 2325 603 2346 carne
619 2326 649 2347 se
664 2318 804 2347 velando.

162 2366 242 2393 Tunc
256 2365 392 2402 liquescit
403 2366 504 2394 anima
522 2368 582 2395 tota
595 2374 648 2402 per
663 2375 809 2403 amorem,

129 2412 239 2441 Pavida
252 2413 446 2442 considerans
462 2413 599 2441 omnium
613 2415 776 2449 auctorem,

129 2460 300 2495 vagientem
318 2468 446 2497 puerum
458 2461 543 2496 juxta
556 2463 691 2489 nostrum
706 2470 832 2498 morem,

129 2507 161 2534 Et
175 2515 277 2536 curare
292 2509 423 2536 veterem
438 2508 514 2536 velle
525 2516 554 2536 se
570 2507 756 2543 languorem.

164 2554 285 2583 Plorans
300 2563 371 2591 ergo
387 2556 526 2584 clamitat.
543 2557 564 2584 O
578 2555 645 2584 fons
660 2556 787 2592 pietatis,

130 2601 198 2634 Quis
214 2603 240 2629 te
258 2603 365 2638 pannis
381 2603 477 2631 induit
492 2603 562 2632 dirae
577 2604 759 2640 paupertatis
769 2605 783 2631 ⁴?

130 2647 193 2675 Tibi
208 2649 274 2684 quis
288 2650 436 2679 consuluit
450 2651 491 2679 sic
506 2653 534 2679 te
550 2651 621 2679 dare
632 2651 734 2686 gratis,

130 2694 188 2722 Nisi
204 2695 282 2724 zelus
296 2698 467 2733 vehemens,
482 2699 573 2727 ardor
588 2698 756 2727 charitatis?

995 284 1085 320 Digne
1096 285 1180 314 *zelus
1193 286 1354 314 vehemens
1369 287 1413 314 est
1426 286 1473 314 hic
1491 286 1582 315 ardor
1597 286 1703 323 dictus,

959 331 1048 367 Cujus
1063 334 1106 360 est
1119 333 1255 362 dominio
1270 335 1331 362 Rex
1345 333 1490 363 coelorum
1505 334 1612 369 victus,

960 379 1048 415 Cujus
1059 381 1167 409 sanctis
1181 382 1308 411 vinculis
1321 384 1425 419 captus
1439 383 1467 410 et
1479 382 1667 418 constrictus,

960 427 1101 463 Pauperis
1114 428 1253 458 infantuli
1268 430 1377 466 pannis
1392 431 1435 459 est
1449 430 1587 460 amictus,

997 475 1019 503 O
1039 475 1197 510 praedulcis
1217 477 1343 513 parvule
1358 485 1434 514 puer
1447 477 1510 506 sine
1525 477 1601 514 pari,

963 521 1053 557 Felix,
1069 523 1116 550 cui
1131 523 1235 551 datum
1251 526 1294 552 est
1307 526 1334 553 te
1349 533 1429 553 nunc
1444 525 1621 562 amplexari,

962 569 1065 606 Pedes,
1085 578 1193 598 manus
1206 570 1353 608 lambere,
1368 572 1490 601 flentem
1504 573 1664 609 consolari,

962 616 1030 645 Tuis
1041 617 1072 645 in
1086 617 1239 654 obsequiis
1251 618 1361 654 Jugiter
1375 620 1487 649 morari
1502 622 1508 648 l

998 665 1060 692 Heu
1074 666 1138 693 me!
1155 673 1207 693 cur
1221 673 1284 693 non
1300 665 1383 694 licuit
1395 667 1469 695 mihi
1484 667 1654 697 demulcere

966 712 1138 747 vagientem
1153 712 1314 749 parvulum
1329 715 1357 741 et
1371 721 1440 742 cum
1455 714 1544 743 flente
1559 715 1641 751 flere,

964 758 1034 787 lllos
1048 761 1128 787 artus
1148 761 1266 788 teneros
1285 760 1346 788 sive
1362 760 1533 797 confovere,

967 805 1095 842 Ejusque
1112 807 1269 835 cunabulis
1284 816 1402 844 semper
1419 808 1571 837 assidere?

1003 854 1087 888 Puto,
1103 854 1171 890 pius
1185 854 1330 891 parvulus
1344 855 1408 883 haec
1426 863 1488 884 non
1504 856 1696 893 abhorreret3

966 902 1029 930 lmo
1044 909 1128 930 more
1143 902 1260 939 parvuli
1274 902 1375 932 forsan
1390 904 1542 940 arrideret,

966 949 1000 976 Et
1014 948 1095 977 flenti
1110 950 1294 986 pauperculo
1309 951 1381 979 fletu
1397 952 1583 988 condoleret,

967 997 1000 1025 Et
1014 997 1149 1032 peccanti
1162 997 1248 1027 facilc
1262 999 1352 1027 venia
1365 999 1488 1029 faveret.

1004 1044 1095 1080 Felix,
1111 1045 1164 1081 qui
1178 1047 1248 1073 tunc
1265 1047 1408 1083 temporis
1422 1048 1509 1076 matri
1524 1048 1667 1084 singulari

969 1093 1113 1121 Potuisset
1131 1093 1272 1129 precibus
1286 1094 1327 1122 ita
1344 1094 1494 1131 famulari,

970 1141 1003 1168 Ut
1016 1140 1048 1167 in
1063 1140 1112 1169 die
1126 1141 1235 1169 sineret
1250 1141 1342 1170 semel
1358 1142 1487 1171 osculari

971 1188 1064 1216 Suum
1079 1187 1199 1216 dulcem
1213 1189 1387 1225 parvulum,
1403 1189 1490 1226 eique
1503 1190 1610 1226 jocari.

1006 1236 1027 1264 Ο
1044 1244 1136 1272 quam
1150 1236 1248 1264 libens
1263 1237 1406 1265 balneum
1421 1238 1448 1265 ei
1463 1246 1676 1275 praeparassem
1694 1240 1700 1266 !

971 1283 992 1310 O
1008 1290 1101 1318 quam
1115 1283 1213 1311 libens
1227 1284 1360 1312 humeris
1377 1292 1489 1321 aquam
1504 1288 1724 1322 apportassem!

970 1330 1001 1357 ln
1017 1330 1074 1358 hoc
1089 1330 1186 1358 libens
1199 1331 1312 1366 Virgini
1327 1339 1445 1368 semper
1458 1333 1683 1370 ministrassem,

970 1377 1171 1414 Pauperisque
1186 1378 1305 1414 parvuli
1317 1379 1468 1414 pannulos
1483 1379 1640 1409 lavassem.

1009 1424 1054 1453 Sic
1071 1425 1176 1453 affecta
1195 1425 1246 1462 pia
1262 1433 1346 1454 mens
1360 1426 1418 1454 sitit
1431 1428 1650 1464 paupertatem,

971 1472 1035 1500 Cibi
1050 1472 1280 1508 parcimoniam,
1296 1473 1384 1501 vestis
1395 1473 1538 1502 vilitatem
1544 1484 1553 1509 3

972 1519 1069 1547 Labor
1085 1519 1111 1547 ei
1126 1519 1250 1548 vertitur
1264 1520 1294 1548 in
1309 1520 1537 1557 jucunditatem,

971 1566 1065 1594 Vilem
1081 1574 1142 1594 esse
1154 1567 1254 1595 saeculi
1271 1567 1340 1595 dicit
1354 1570 1549 1597 venustatem.
1564 1566 1569 1571 ⁴

1008 1616 1084 1650 Ergo
1097 1614 1138 1642 sic
1154 1614 1310 1643 infantiam
1321 1615 1425 1644 Christi
1440 1616 1615 1652 retexendo,

971 1662 1055 1689 Horae
1069 1661 1174 1697 primae
1188 1662 1337 1690 canticum
1352 1664 1470 1690 strenue
1486 1664 1634 1700 canendo,

970 1708 1135 1736 Transitum
1150 1709 1189 1737 ad
1204 1710 1320 1737 tertiam
1333 1710 1402 1738 facit
1417 1711 1591 1746 recolendo,

971 1756 1119 1789 Quantum
1130 1756 1259 1785 Christus
1267 1765 1372 1793 passus
1382 1759 1434 1792 est,
1446 1758 1583 1786 homines
1606 1759 1756 1788 docendo.

1006 1805 1086 1832 Tunc
1103 1811 1171 1831 cum
1184 1803 1254 1832 fletu
1267 1805 1368 1833 recitat
1384 1804 1464 1833 illius
1478 1805 1610 1841 labores,

970 1853 1062 1888 Sitim,
1078 1853 1198 1888 famem,
1215 1852 1339 1889 frigora,
1359 1855 1446 1881 aestus
1462 1856 1489 1881 et
1504 1854 1639 1889 sudores,

969 1900 1038 1933 Quae
1055 1900 1088 1935 (b)
1104 1900 1262 1935 dignanter
1284 1900 1405 1936 pertulit
1420 1902 1542 1937 propter
1557 1904 1737 1938 peccatores,

969 1947 1043 1975 Dum
1058 1947 1181 1975 illorum
1195 1947 1290 1975 voluit
1304 1948 1448 1976 innovare
1470 1956 1580 1977 mores.

1003 1995 1066 2022 Vox
1082 1995 1191 2023 amoris
1206 1995 1326 2022 flatibus
1342 1997 1402 2023 tota
1425 1999 1624 2032 concremata,

969 2042 1030 2076 Oci,
1047 2042 1105 2076 oci,
1120 2042 1250 2070 clamitat
1266 2042 1328 2070 avis
1343 2042 1405 2070 haec
1420 2042 1519 2078 beata,

968 2089 1077 2117 Mundo
1094 2089 1170 2117 mori
1186 2090 1318 2126 cupiens,
1335 2090 1420 2125 cujus
1435 2091 1484 2118 via
1500 2091 1531 2126 (c)
1549 2091 1625 2126 lata,-

968 2136 1020 2163 Cui
1040 2136 1120 2164 foetet
1134 2136 1286 2171 saecqum,
1302 2136 1343 2164 sic
1358 2139 1401 2164 est
1415 2136 1552 2165 delicata.

1004 2183 1121 2211 Clamas
1136 2191 1218 2218 ergo,
1236 2183 1370 2217 Domine,
1383 2183 1478 2211 dulcis
1493 2184 1680 2221 praedicator,

968 2230 1095 2258 Exulum
1107 2230 1268 2265 refugium,
1282 2238 1453 2266 pauperum
1468 2233 1594 2267 amator,

968 2278 1022 2311 Qui
1038 2286 1069 2305 es
1086 2278 1123 2312 ((1)
1140 2277 1348 2313 poenitentium
1362 2277 1430 2314 pius
1451 2278 1621 2307 consolator
1637 2289 1643 2307 :

968 2327 1033 2353 Post
1048 2327 1075 2353 te
1089 2325 1200 2353 debent
1216 2333 1332 2353 currere
1345 2325 1443 2360 Justus
1460 2328 1487 2354 et
1501 2329 1640 2362 peccator
1657 2337 1663 2355 :

1003 2372 1074 2401 Justi
1089 2373 1200 2409 quippe
1216 2372 1319 2408 regula
1333 2372 1401 2400 vitae
1416 2381 1446 2400 es
1461 2373 1607 2408 doctrina,

968 2421 1158 2447 peccatorum
1173 2419 1328 2456 speculum
1339 2420 1415 2448 mira
1431 2420 1598 2456 disciplina,

967 2467 1059 2494 Fessis
1075 2468 1103 2494 et
1118 2466 1270 2495 debilibus
1285 2467 1390 2495 efficax
1406 2468 1514 2502 resina,

967 2514 1061 2550 AEgris
1076 2516 1103 2542 et
1117 2514 1330 2550 languentibus
1344 2516 1451 2550 potens
1463 2514 1623 2543 medicina.

1003 2561 1116 2589 Primus
1129 2562 1160 2589 in
1175 2562 1231 2590 hcc
1244 2562 1351 2590 saeculo
1368 2562 1515 2590 charitatis
1527 2562 1661 2591 scholam

967 2609 1147 2645 Instaurasti,
1160 2617 1292 2646 quaerere
1306 2610 1418 2638 docens
1433 2609 1483 2637 Dei
1495 2610 1591 2638 solam

998 2675 1031 2704 (a)
1050 2674 1109 2699 Coet.
1134 2674 1196 2698 edit.
1220 2674 1317 2698 fuisset.
1340 2688 1368 2691 —
1386 2674 1419 2704 (b)
1444 2674 1503 2697 Item
1527 2675 1578 2705 qui.
1595 2689 1624 2693 --
1641 2677 1673 2707 (c)
1689 2678 1748 2701 Item

966 2710 1027 2734 vita.
1045 2724 1075 2728 —-
1093 2710 1127 2741 (d)
1145 2711 1204 2734 leem
1221 2714 1266 2734 cst.
