1955 3021
1699 232 1746 255 vn

305 324 321 360 ἓ
339 324 393 351 Χ11.
412 337 448 344 -
467 324 630 351 ΡεΑιτΕιιιυΜ
648 330 727 350 Mitius
745 330 835 350 BEATAE
854 322 949 350 MnuAE
968 322 1094 350 VmGlle.
1117 322 1284 359 (Pi-odram„
1304 323 1353 351 col.
1376 324 1424 351 681
1447 325 1474 351 et
1492 322 1562 360 seq.)

166 401 269 434 Habet
281 400 432 439 rationes,
450 401 487 431 ut
503 399 652 431 credatur
666 398 1006 438 Bonaventurianum;
1024 399 1122 430 habet
1136 408 1153 430 e
1167 399 1328 432 contrario
1343 400 1434 438 alias,
1451 409 1492 432 ue
1508 400 1569 432 tale
1583 401 1745 434 credatur.

125 461 237 499 Habet,
257 462 294 491 ut
316 459 463 491 credatur
484 459 820 498 Bonaventurianum‚
845 459 922 499 quia
947 458 1009 489 sub
1034 457 1272 490 Bonaventurae
1297 459 1428 491 nomine
1450 459 1498 490 illi
1521 459 1747 500 suffragantur

124 522 221 553 etiam
235 521 378 561 antiquoe
393 519 563 558 editiones,
580 519 665 551 inter
679 529 759 560 quas
773 519 896 551 netum
905 519 1153 559 Argentinensis
1162 528 1215 550 an.
1234 522 1324 559 1495,
1337 521 1392 552 sed
1404 522 1434 552 et
1449 520 1570 552 Veneta
1585 530 1637 552 an.
1653 523 1744 553 1476.

124 579 195 612 Νο11
211 581 296 611 earet
311 577 538 618 manuscriptis
554 578 727 615 codicibus,
743 587 825 619 quos
848 578 933 610 inter
946 578 1047 610 videri
1064 579 1196 619 possunt
1217 578 1340 610 codices
1364 579 1447 611 Bibl.
1472 579 1607 611 Monast.
1625 579 1745 611 Pollin-

126 639 204 679 gani
222 638 296 670 Ord.
316 638 391 669 Can.
409 637 490 677 Reg.
513 637 545 668 S.
573 637 660 677 Aug.
677 637 712 668 in
729 636 878 675 Bavaria,
905 636 1098 668 Parisieuses
1121 636 1200 668 Bibl.
1228 646 1301 677 reg.
1330 637 1426 677 (nune
1440 638 1581 678 imper.),
1606 638 1746 670 distincti

124 708 157 729 n.
173 700 234 730 458
248 699 279 729 et
292 696 357 736 KK,
373 699 402 735 7,
420 698 451 728 et
465 696 673 728 Taurinensis
687 696 769 728 Bibl.
787 705 858 736 reg.
881 705 915 727 n.
940 697 1010 727 757.
1029 695 1222 736 Hujusmodi
1238 695 1432 727 Psalterium
1447 706 1489 727 ex
1504 696 1644 737 Prologo
1659 697 1745 738 apud

124 756 252 787 citatam
266 755 440 789 editionem
464 755 739 796 Argentinensem
763 755 922 787 directum
939 755 1037 787 fuisse
1052 755 1181 788 videtur
1196 756 1236 787 ad
1251 764 1358 787 sacras
1375 756 1532 796 virgines.
1550 756 1587 787 In
1607 766 1645 788 eo
1658 757 1746 788 enim

124 815 244 846 Auctor
259 815 304 846 sie
319 815 384 846 ait:
404 825 418 844 ε(
434 814 548 853 Igitur,
564 814 775 853 charissimae,
790 825 805 844 ι)
823 816 882 846 etc.
894 815 914 846 ¹.
935 814 972 845 In
986 823 1119 855 corpore
1129 817 1238 846 autem
1247 815 1392 856 ejusdem
1406 814 1552 847 Psalterii
1563 815 1608 846 sie
1619 815 1743 856 inquit:

129 885 143 904 α
155 873 330 905 lmitamini
345 882 428 910 eam,
444 875 562 905 sanetae
578 873 725 913 virgines
740 873 808 913 Dei,
824 875 861 905 ut
875 873 1009 905 imitatae
1032 876 1108 905 sunt
1128 874 1249 914 Agnes,
1275 874 1428 915 Barbara,
1455 875 1615 907 Dorothea
1640 877 1671 907 et
1686 875 1747 907 Ca-

123 932 263 964 tharina.
281 943 296 961 »

162 991 275 1033 Neque
289 990 387 1023 officit
400 990 543 1022 Doctoris
557 990 723 1032 Seraphiei
737 991 901 1023 modestiae
915 991 949 1032 ly
969 999 987 1024 o
1009 993 1201 1031 carissimae,
1225 993 1488 1034 quandoquidem
1509 992 1744 1033 proedilectam,

122 1051 380 1090 dilectissimam,
397 1060 433 1082 ae
447 1051 545 1082 etiam
561 1050 789 1083 charissimam
812 1050 1029 1091 appellaverat
1046 1052 1131 1083 idem
1148 1052 1376 1084 Bonaventura
1391 1054 1510 1084 sanctae
1533 1052 1633 1084 Clarae
1649 1052 1745 1084 Soro-

122 1119 192 1141 rem
206 1109 240 1140 in
255 1109 408 1150 opusculo
422 1109 556 1140 indubio
571 1109 610 1142 de
625 1109 823 1149 Perfectione
836 1110 913 1142 vitoe
961 1109 1148 1142 Modestiam
1163 1113 1272 1143 tamen
1287 1111 1461 1143 desiderari
1487 1113 1579 1152 putat
1600 1111 1747 1144 Oudinus

123 1168 157 1199 in
172 1168 247 1199 dicti
262 1168 394 1207 Prologi
409 1167 535 1199 verbis:
560 1179 574 1197 (c
589 1168 741 1208 Assignat
763 1171 871 1200 autem
887 1169 979 1200 vobis
1001 1171 1187 1201 assecutura
1202 1172 1342 1211 quatuor
1362 1170 1445 1202 dona
1469 1170 1619 1210 mirifica,
1637 1171 1663 1201 si
1679 1172 1745 1202 tam

122 1227 276 1268 praeelara
289 1227 395 1268 puella
405 1235 493 1257 nexu
510 1226 667 1266 spirituali
683 1228 776 1259 vobis
792 1227 889 1258 fuerit
906 1228 1089 1267 conjuncta,
1103 1230 1134 1259 et
1146 1229 1286 1260 brachiis
1302 1229 1537 1260 desideriorum
1549 1229 1746 1261 ferventium

121 1296 141 1317 a
160 1286 252 1318 vobis
267 1295 341 1318 cum
356 1295 479 1326 magna
493 1286 674 1317 reverentia
696 1288 726 1317 et
740 1286 910 1318 devotIone
931 1286 1028 1318 fuerit
1044 1288 1238 1327 amplexata,
1255 1299 1269 1317 1)
1293 1289 1353 1319 etc.
1375 1299 1390 1317 α
1405 1287 1494 1320 Unde
1510 1297 1604 1329 rogo,
1621 1288 1744 1319 charis-

122 1346 225 1385 simae,
240 1348 271 1377 et
285 1345 574 1383 desideratissimae,
592 1354 632 1376 ne
647 1346 714 1376 tam
729 1345 882 1384 nobilem,
900 1347 931 1376 et
956 1346 1223 1385 speciosissimam
1247 1345 1418 1386 Virginem
1433 1346 1604 1387 repellatis,
1622 1356 1663 1378 ne
1679 1348 1745 1378 tam

122 1405 345 1437 admirandam
368 1404 672 1437 reverendissimam
699 1404 859 1444 Reginam
875 1404 1042 1444 Virginem
1066 1405 1201 1436 Mariam
1216 1405 1431 1447 vilipendatis.
1458 1416 1472 1434 ›>
1494 1405 1543 1437 Ad
1568 1405 1638 1437 haeo
1659 1405 1747 1437 enim

124 1465 218 1495 infert
233 1464 377 1496 Oudinus
391 1474 397 1495 :
413 1475 427 1493 <‹
439 1463 539 1495 Voces
558 1464 627 1495 istae
642 1464 810 1494 hominem
827 1473 962 1502 gravem
985 1466 1016 1495 et
1033 1465 1186 1504 pudicum
1204 1474 1267 1496 non
1283 1474 1350 1506 prae
1362 1474 1396 1496 se
1410 1465 1529 1504 ferunt,
1548 1464 1604 1505 qui
1620 1464 1659 1496 ad
1671 1464 1744 1505 pul-

122 1523 339 1554 chritudinem
354 1523 495 1563 eorporis
510 1522 694 1554 nullatenus
709 1522 873 1553 attendere
888 1522 992 1553 debet.
1009 1533 1023 1550 n

162 1582 223 1614 Sed
236 1581 406 1623 numquid,
424 1581 561 1612 dixerim
576 1590 648 1621 eg0‚
667 1583 719 1614 vir
734 1584 846 1623 gravis
860 1586 888 1616 et
902 1583 1044 1624 pudicus
1067 1582 1225 1621 Oudinus,
1241 1583 1298 1623 qui
1320 1582 1365 1614 ad
1379 1582 1657 1622 pulchritudinem
1672 1592 1742 1616 cor-

120 1642 210 1682 poris
226 1640 375 1680 attendit,
393 1640 444 1672 vel
458 1640 512 1671 ubi
527 1641 646 1671 mentio
662 1643 709 1672 est
723 1643 925 1683 apertissima
939 1650 1045 1675 nesciis
1056 1642 1243 1682 spiritualis
1255 1643 1271 1674 P
1285 1642 1339 1674 Vis
1355 1651 1449 1673 nosse
1467 1642 1500 1673 in
1520 1643 1650 1674 laudato
1666 1644 1744 1675 Pro-

121 1700 196 1740 logo
211 1700 318 1732 virum
328 1707 459 1740 aravem
473 1702 502 1732 et
513 1699 671 1739 pudicum
686 1701 732 1732 ad
743 1701 1025 1741 pulchritudinem
1035 1703 1178 1742 corporis
1193 1701 1379 1734 nullalenus
1390 1701 1632 1734 attendentem?
1648 1702 1746 1733 redde

122 1758 220 1790 verba
244 1759 326 1798 ejus,
342 1767 416 1799 quae
435 1768 511 1790 mox
530 1759 713 1799 subjungit,
738 1763 768 1791 et
791 1763 959 1792 evanescet
982 1761 1144 1792 calumnia
1161 1763 1227 1792 tua.
1251 1760 1335 1791 Audi
1359 1769 1439 1800 ergo
1462 1770 1561 1801 quam
1588 1760 1746 1792 subnectit

121 1817 330 1857 praefatorum
343 1817 529 1855 verborum,
547 1817 580 1847 in
595 1827 668 1858 quae
685 1820 864 1850 censoriam
879 1820 1010 1859 virgam
1026 1819 1196 1859 distringis
1207 1843 1217 1858 ,
1234 1829 1364 1850 eausam
1388 1820 1458 1851 viro
1474 1820 1567 1860 gravi
1583 1821 1614 1851 et
1628 1820 1745 1860 pudico

121 1875 215 1915 plane
230 1875 386 1914 dignam:
408 1875 565 1907 «Constat
586 1877 672 1908 enim
696 1878 773 1918 (ait),
796 1878 883 1919 quod
907 1888 948 1909 ex
973 1878 1075 1918 ipsius
1099 1887 1227 1909 accessu
1254 1878 1463 1909 remanebitis
1486 1879 1678 1917 devotiores,
1704 1887 1744 1909 ex

121 1933 221 1974 ipsius
236 1936 322 1965 tactu
338 1934 535 1973 mundiores,
553 1944 594 1966 ex
608 1935 710 1975 ipsIus
728 1936 881 1976 amplexu
896 1937 1016 1967 virtute
1032 1939 1063 1967 et
1076 1937 1181 1976 gratia
1197 1937 1402 1977 profusioreS,
1425 1939 1456 1968 et
1470 1937 1648 1969 nitidiores.
1664 1948 1678 1966 n
1698 1937 1744 1969 Ne

121 2001 198 2024 vero
213 1992 311 2030 aliud,
328 2001 425 2033 quam
442 1994 642 2033 spiritualem
658 1994 847 2034 amplexum
861 1995 1042 2035 suspiceris,
1061 1994 1190 2026 noveris
1207 1994 1316 2026 Mariae
1339 1994 1467 2036 Virgini
1489 1996 1593 2036 aptari
1612 1996 1712 2027 verba
1726 2005 1744 2027 a

121 2051 302 2090 Salomone,
320 2051 467 2084 Proverb.
493 2061 538 2091 1v,
557 2053 594 2083 de
615 2053 773 2093 sapientia
789 2053 928 2093 prolata:
952 2064 966 2082 «
981 2053 1096 2093 Arripe
1112 2053 1212 2091 illam,
1240 2055 1270 2084 et
1285 2053 1439 2085 exaltabit
1456 2056 1497 2092 te,
1524 2056 1555 2085 et
1580 2054 1741 2094 glorifiea-

121 2109 206 2140 beris
221 2109 260 2140 ab
276 2118 324 2148 ea,
341 2119 415 2141 cum
430 2110 519 2141 illam
535 2111 632 2142 fueris
646 2112 861 2152 amplexatus.
881 2112 972 2143 Dabit
987 2112 1082 2152 capiti
1100 2114 1155 2143 tuo
1173 2114 1350 2152 augmenta
1366 2113 1560 2152 gratiarum,
1579 2114 1610 2144 et
1624 2122 1742 2145 corona

121 2168 239 2208 inclyta
248 2170 394 2209 proteget
408 2170 450 2200 te.
461 2180 474 2197 n
493 2169 702 2202 Consuevisse
717 2170 979 2203 Bonaventuram
991 2180 1009 2201 a
1024 2171 1144 2202 divinae
1158 2170 1331 2211 Seripturae
1346 2172 1490 2203 textibus
1505 2181 1564 2203 sua
1579 2171 1742 2213 Opusoula

122 2226 241 2266 pluries
257 2227 409 2266 exordiri,
426 2229 547 2258 eertum
562 2231 620 2260 est.
637 2228 737 2260 Nemo
752 2229 848 2260 etiam
865 2238 929 2260 non
945 2232 1098 2269 agnoscat
1122 2230 1313 2261 modestiam
1338 2230 1630 2263 Bonaventurianae
1650 2232 1741 2267 simi-

121 2284 183 2316 lem
209 2285 243 2316 in
264 2294 301 2316 eo
319 2286 405 2325 quod
429 2288 540 2317 auctor
562 2287 666 2327 inquit
685 2298 691 2318 ε
721 2299 735 2317 (ι
752 2288 841 2319 Mitto
862 2288 953 2320 vobis
974 2288 1075 2328 ipsius
1090 2288 1235 2328 Virginis
1250 2290 1474 2321 sacratissimae
1496 2291 1687 2322 Psalterium
1700 2301 1742 2323 ex

121 2344 291 2375 scintillula
306 2353 387 2375 meae
404 2345 548 2385 paueulae
563 2346 799 2386 intelligentiae,
816 2347 922 2387 gratia
938 2347 1024 2377 1111115
1039 2347 1203 2378 conditum
1219 2349 1250 2378 et
1263 2350 1480 2388 compactum.
1497 2360 1513 2378 »

162 2402 272 2443 Neque
289 2403 425 2443 objectet
440 2403 584 2435 Oudinus
597 2407 749 2446 tauquam
769 2414 859 2438 voces
880 2407 1022 2438 maoeime
1038 2406 1203 2442 barbaras,
1221 2405 1360 2445 epitheta
1384 2407 1570 2446 infantilia,
1591 2408 1740 2440 Doctore-

122 2470 180 2502 que
193 2462 288 2502 aravi
309 2464 339 2494 et
357 2461 525 2501 seraphiae
541 2463 692 2503 incitanti,
703 2467 785 2504 puta
797 2464 1068 2504 periclitationem
1081 2474 1137 2504 pro
1148 2464 1301 2503 periculo,
1315 2466 1500 2497 cruciamen
1511 2475 1568 2505 pro
1579 2467 1738 2505 cruciatu,

123 2530 246 2552 necnon
256 2524 368 2553 sancta
377 2522 485 2554 Μανία
495 2522 618 2561 stravius
629 2523 847 2563 septennalis,
857 2527 971 2555 sancta
983 2523 1090 2555 Maria
1099 2523 1170 2555 eceli
1180 2524 1321 2562 fenestra
1332 2524 1534 2564 crystallina,
1546 2527 1604 2556 ete.
1617 2524 1750 2565 Quippe.

122 2580 305 2612 cruciamen
328 2588 384 2619 pro
405 2580 553 2612 cruciata
577 2580 672 2612 habet
701 2581 894 2612 Prudentius
906 2583 928 2618 ³,
949 2581 1146 2621 periclitatio
1170 2591 1228 2622 pro
1256 2582 1398 2621 periculo
1421 2583 1577 2623 accipitur
1604 2583 1645 2614 ab
1672 2583 1740 2623 ipso

123 2638 229 2669 Tullio
239 2638 260 2669 ”.
269 2637 439 2678 Epitheton
450 2647 579 2679 quoque
593 2641 801 2679 septennalis
813 2640 996 2672 audivimus
1008 2650 1027 2671 a
1038 2639 1264 2672 Bonaventura
1274 2643 1465 2681 usurpatum
1476 2641 1510 2672 in
1521 2642 1737 2682 Breviloqu2'0‚

125 2707 163 2766 m:
177 2706 234 2765 1111111,
248 2713 306 2736 pag.
322 2707 376 2736 ⁵200,
391 2705 440 2730 col.
455 2707 477 2731 2.
491 2719 520 2724 ——-
533 2706 541 2720 ²
554 2706 610 2731 Vid.
627 2709 688 2731 tom.
703 2708 757 2739 2411,
772 2715 828 2740 pag.
840 2710 895 2738 211,
912 2709 966 2738 215,
984 2709 1039 2736 225,
1055 2709 1140 2733 226.-
1157 2708 1273 2740 ³11yum.
1290 2709 1379 2740 Exeq„
1393 2716 1417 2733 V.
1433 2710 1493 2734 9.-
1509 2710 1519 2726 b
1532 2710 1567 2734 De
1579 2710 1639 2734 Nat.
1655 2710 1740 2739 Deor„

163 2761 168 2766 .
210 2760 217 2772 ,
233 2749 255 2766 0.
270 2744 307 2765 (ji.
