2060 3052
264 245 303 275 18
621 206 629 283 Ι.
648 235 861 272 SERMONES
883 234 935 268 DE
956 232 1122 269 SANCTIS
1143 232 1185 266 IN
1207 232 1402 267 commum.
1425 232 1493 266 VII.

262 318 294 339 se
307 316 422 339 vanum
434 307 583 338 mundum
593 328 603 344 ‚
620 307 690 336 sunt
703 303 883 344 *perventuri
903 303 944 332 ad
963 310 1042 340 prae-

261 365 368 386 mium.

543 424 673 456 SERMO
697 423 761 453 Vll.

297 499 378 527 Beati
395 498 496 526 mundo
508 497 604 531 corde,
627 495 757 531 quoniam
777 493 835 528 ipsi
856 493 941 520 Deum
965 490 1043 518 vide-

262 546 329 574 bunt
354 545 375 574 ¹.
394 543 551 574 Concludit
572 542 604 570 in
622 541 702 570 libro
717 541 750 568 de
765 539 953 568 Consolatione
967 538 1040 565 Boe-

260 593 318 622 tius
331 594 354 628 ¹,
369 593 398 621 et
409 589 607 626 Philosophus
621 588 661 617 ait
673 587 684 604 ³
697 597 704 614 ε
726 597 741 614 α
755 586 843 621 Quod
857 585 974 614 bonum
988 586 1042 620 est,

261 639 446 668 desideratur
475 637 514 666 ab
535 635 686 665 omnibus.
710 644 725 661 n
751 643 765 660 α
788 635 880 662 Nemo
910 631 1001 667 enim,
1026 641 1040 658 ι»

259 686 417 723 Dionysius
429 685 439 703 ¹·
453 684 505 720 ait,
519 695 531 708 a
550 683 623 712 dum
637 682 754 719 aliquid
769 681 840 718 agit,
855 679 982 716 intendit
1001 678 1042 707 ad

258 733 390 768 malum3
404 731 457 761 sed
472 733 586 760 tantum
599 730 639 759 ad
654 729 780 765 bonum,
796 727 845 756 vel
855 727 895 756 ad
905 726 949 761 id,
957 725 1042 763 quod

258 779 382 809 oestimat
396 787 460 807 esse
473 778 608 813 bonum,
622 776 712 806 etiam
733 776 757 804 si
778 783 841 804 non
863 774 899 802 sit
913 773 971 801 sibi
985 772 1041 801 bo-

258 834 370 856 num.»
389 828 465 862 Ergo
483 825 507 854 si
521 824 670 862 appetitur
689 823 728 852 ab
751 821 892 852 omnibus
913 821 1040 855 bonum,

258 876 384 911 apparet
401 872 499 909 magis
514 874 543 901 et
565 871 710 902 maxime,
736 869 820 906 quod
846 870 874 897 et
888 875 1042 896 summum

256 922 384 956 bonum,
400 920 484 958 quod
499 921 542 948 est
560 918 659 947 omnis
678 917 750 946 boni
774 924 864 946 causa
884 917 912 944 et
934 914 1042 952 princi-

257 969 355 1006 pium.
366 969 398 996 ln
406 968 471 1004 ipso
485 969 584 995 autem
593 965 659 994 solo
673 967 742 1000 Deo,
755 972 824 993 cum
834 964 1040 997 sitsummum,

257 1017 406 1046 infinitum
421 1016 553 1050 bonum,
564 1013 827 1050 jucundissimum,
844 1013 873 1039 et
886 1012 1040 1044 aeternum,

258 1064 385 1102 quiescit
398 1064 565 1092 humanum
581 1060 775 1094 desiderium,
792 1061 820 1087 et
833 1058 864 1086 in
880 1057 964 1086 nullo
979 1056 1040 1085 alio

257 1113 291 1141 fit
305 1111 448 1149 quietum.
470 1111 544 1138 Cum
559 1116 630 1144 ergo
646 1106 799 1136 beatitudo
815 1105 931 1134 dicatur
946 1104 1041 1132 conti-

257 1167 328 1188 nere
339 1159 416 1187 intra
432 1165 463 1186 se
479 1164 568 1186 omne
584 1156 698 1184 bonum
710 1175 719 1188 ,
734 1153 809 1181 sicut
821 1153 886 1188 jaim
908 1152 938 1180 in
953 1159 1041 1187 supe-

256 1206 387 1236 rioribus
411 1207 455 1234 est
473 1206 640 1237 ostensum,
655 1201 729 1230 nihil
753 1200 877 1228 omnino
901 1198 984 1227 aliud
999 1199 1043 1226 est

257 1254 323 1291 ipsa
336 1251 510 1286 beatitudo,
528 1258 620 1287 quain
635 1256 786 1277 summum
808 1247 925 1275 bonum
951 1255 957 1273 :
975 1254 1041 1282 quae

256 1299 410 1330 beatitudo
426 1301 469 1327 est
483 1299 598 1327 bonum
620 1304 674 1333 per
689 1304 719 1323 se
736 1295 774 1323 ab
791 1294 932 1323 omnibus
949 1301 1040 1329 appe-

256 1348 391 1377 tendum.
408 1348 516 1375 Verum
531 1345 599 1373 licet
613 1344 728 1372 bonum
744 1350 802 1370 non
813 1341 968 1373 habeatur,
986 1348 1040 1367 nec

256 1395 386 1432 perfecte
401 1395 526 1427 ametur,
540 1391 596 1420 nisi
611 1391 651 1427 (α)
661 1390 796 1418 videatur
813 1398 820 1416 :
837 1396 891 1416 nec
905 1394 1041 1423 unquam

255 1443 391 1477 videtur,
407 1441 462 1469 nisi
485 1439 590 1468 oculus
618 1438 725 1466 animae
743 1436 832 1473 plene
855 1435 1038 1463 mundetur:

257 1499 340 1527 ergo,
360 1491 384 1519 si
401 1492 490 1518 Deum
511 1487 612 1516 videre
637 1485 796 1519 volumus,
821 1486 853 1512 ut
875 1483 954 1511 beati
977 1490 1040 1510 esse

256 1539 417 1576 possimus,
433 1536 515 1573 prius
529 1541 647 1563 necesse
667 1535 724 1566 est,
747 1534 779 1559 ut
802 1530 895 1559 corda
915 1529 1042 1558 munde-

257 1595 334 1614 mus,
351 1587 383 1613 Et
397 1584 465 1612 ideo
489 1583 567 1611 bene
583 1580 690 1608 dicitur
707 1589 713 1607 :
730 1580 809 1606 Beati
830 1578 930 1605 mundo
951 1577 1040 1610 corde,

257 1635 387 1669 quoniam
406 1633 462 1667 ipsi
494 1631 574 1657 Deum
597 1628 737 1655 videbunt.
760 1628 789 1654 ln
814 1625 923 1662 quibus
943 1624 1041 1651 verbis

258 1680 387 1709 maxime
412 1678 467 1706 tria
493 1677 662 1712 tanguntur.
688 1676 760 1702 Nam
789 1673 886 1709 primo
912 1671 1041 1707 tangitur

258 1727 388 1763 dignitas
416 1724 611 1762 poenitentiae,
635 1730 696 1758 qua
723 1722 751 1748 in
780 1721 825 1748 via
854 1727 1039 1756 purgamur;

258 1773 391 1803 secundo
416 1772 545 1808 tangitur
571 1769 737 1797 sublimitas
761 1767 878 1801 gloriae,
899 1774 958 1802 qua
983 1767 1040 1793 Deo

258 1820 456 1858 perfruimur;
474 1819 556 1847 tertio
578 1816 698 1853 ponitur
712 1814 840 1843 redditio
856 1821 964 1846 causm,
980 1821 1041 1848 qua

258 1868 337 1897 beati
352 1867 508 1896 efficimur.
531 1867 603 1893 Nam
625 1863 723 1900 primo
739 1862 867 1895 tangitur
891 1859 1042 1893 meritum,

258 1918 365 1944 nostrae
380 1914 481 1942 salutis
496 1910 728 1949 praeambulum,
742 1917 810 1937 cum
826 1907 1040 1944 interponitur:

259 1965 362 1992 Mundo
373 1963 460 1992 eorde.
472 1960 608 1989 Secundo
617 1962 663 1987 tan
669 1959 745 1994 gitur
757 1956 904 1990 meritum,
918 1955 1040 1991 praemio

259 2010 478 2047 responsivum,
504 2016 571 2036 cuin
597 2005 803 2043 praeiniuitur:
829 2005 915 2030 Beati.
945 2003 1040 2030 'sertio

259 2066 331 2086 vero
347 2057 475 2092 tangitur
493 2055 585 2091 ipsius
599 2052 712 2090 prtemii
729 2052 802 2079 ratio
812 2049 1038 2086 etprimipium,

261 2113 329 2133 cum
343 2105 373 2132 in
388 2104 447 2131 tine
465 2101 638 2137 adjungitur
656 2109 661 2127 2
685 2100 817 2132 Quoniam
835 2099 889 2132 ipsi
905 2099 987 2123 Deam
1001 2098 1041 2123 ri-

260 2153 369 2180 debunt.
388 2153 458 2179 Nam
475 2157 527 2186 prr
542 2147 720 2176 munditiam
743 2145 849 2173 animae
870 2143 1042 2180 pervenitur

260 2201 299 2228 ad
319 2199 464 2227 visionem
480 2197 628 2230 divinam3
646 2197 671 2222 et
694 2202 745 2230 per
763 2193 905 2220 visionem
922 2191 970 2219 Dei
986 2191 1040 2218 lia-

260 2247 346 2275 betur
361 2245 526 2273 sublimitas
542 2242 664 2279 praemii.
682 2241 754 2274 Quia
781 2248 849 2268 vero
866 2239 903 2266 de
920 2238 1040 2266 mundi-

261 2294 311 2328 tia,
328 2301 387 2328 qua
404 2294 493 2319 Deum
514 2290 650 2318 videmus
674 2288 703 2315 in
730 2288 792 2320 via,
815 2286 926 2314 dictum
950 2287 991 2313 est
1013 2285 1041 2312 iu

261 2343 367 2377 quarto
382 2346 519 2367 sermone
534 2345 640 2372 supra,
658 2338 685 2363 et
701 2335 737 2362 de
759 2334 871 2361 visione
894 2332 996 2360 uix-ina
1013 2332 1040 2359 in

261 2388 381 2415 duobus
394 2385 581 2414 sermonibus
603 2381 836 2419 pra‘cedentibus
863 2380 922 2407 dixi
939 2379 1042 2412 multa,

261 2435 309 2463 hic
330 2435 366 2462 de
389 2432 573 2461 beatitudine
595 2430 659 2458 sola
674 2429 803 2457 narratio
827 2430 869 2455 est
893 2427 1040 2454 facienda.

262 2483 369 2509 Verum
391 2480 430 2508 ad
457 2478 654 2507 dicendorum
683 2475 907 2510 intelligentiam
933 2476 1042 2502 estno-

262 2528 401 2561 tandum,
428 2526 511 2563 quod
535 2524 640 2561 triplex
667 2525 709 2551 est
733 2521 886 2550 beatitudo
912 2530 919 2549 z
946 2521 1042 2557 prima

296 2615 301 2627 ¹
318 2612 420 2641 Marth„
431 2618 454 2640 v,
467 2613 488 2635 s.
504 2624 529 2628 —-
546 2611 554 2624 ²
567 2608 690 2640 1ioer.‚de
704 2607 803 2632 Consol.
820 2606 924 2636 Philus„
941 2606 984 2630 lib.
1001 2607 1043 2637 ΙΙΙ,

263 2656 333 2681 pros.
353 2651 394 2678 to,
406 2650 463 2671 ante
479 2648 569 2676 tinem,
590 2647 614 2669 et
632 2652 700 2675 pros.
719 2645 755 2671 ll,
773 2644 797 2666 in
813 2644 871 2667 tine.
883 2656 913 2660 -
936 2644 938 2654 ²
957 2643 1042 2673 Arist„

264 2684 409 2713 Pol1·t.,11h.
427 2685 444 2713 l,
459 2691 480 2706 u.
496 2688 511 2711 t,
526 2685 547 2705 rt
565 2682 666 2708 tumul..
681 2680 724 2704 lib.
739 2680 807 2710 vlit,
820 2687 842 2703 c.
860 2685 884 2702 Υ,
895 2691 925 2696 -
942 2679 950 2694 ⁸
968 2679 1041 2703 [linit.

264 2723 368 2752 Areop„
381 2720 410 2743 ‹le
425 2720 480 2744 Ι)ιίν.
502 2718 584 2746 Num„
600 2725 620 2740 «κ
646 2723 678 2743 ιν,
704 2718 768 2746 purt.
787 2717 810 2739 4,
828 2728 854 2732 —
874 2715 883 2731 ⁵
899 2715 981 2741 Boot..
998 2715 1040 2737 ulii

1097 303 1143 330 est
1161 301 1319 330 hominum
1339 302 1547 338 peecatorum,
1566 307 1598 329 se
1618 299 1829 330 delectantium
1848 301 1881 331 in

1096 349 1277 385 mundanis3
1311 347 1444 377 secunda
1470 349 1514 377 est
1539 347 1695 376 beatitudo
1721 347 1882 378 hominum

1096 395 1269 431 bonorum,
1298 395 1489 431 vigilantium
1517 395 1548 423 in
1574 394 1684 423 divinis
1709 395 1880 432 mandatis;

1096 443 1182 471 tertia
1195 451 1280 477 vero,
1297 445 1326 471 et
1340 442 1465 479 optima,
1479 444 1522 470 est
1534 442 1694 470 hominum
1709 442 1881 478 beatorum,

1096 489 1222 518 summis
1249 489 1465 527 perfruentium
1488 489 1594 524 bonis,
1617 491 1646 518 et
1677 489 1747 518 ideo
1771 497 1883 527 perop-

1096 537 1183 566 tima.

1135 584 1204 612 Dico
1218 584 1330 621 primo,
1349 582 1433 620 quod
1447 584 1491 611 est
1511 583 1651 619 quaedam
1673 583 1829 613 beatitudo
1849 583 1881 612 in

1096 631 1156 667 via,
1172 639 1241 668 quae
1253 632 1295 659 est
1314 630 1474 659 hominum
1493 631 1700 667 peccatorum,
1717 633 1746 659 et
1764 639 1881 659 summe

1097 678 1309 707 delectantium
1330 685 1362 706 se
1383 678 1413 706 in
1435 677 1613 712 mundanis,
1635 679 1665 706 et
1686 678 1882 714 quaerentium

1096 725 1188 754 finem
1203 725 1342 753 ultimum
1358 725 1389 753 in
1403 724 1455 753 eis.
1471 726 1545 753 Nam
1559 724 1662 753 lascivi
1679 724 1771 753 finem
1780 733 1880 760 suum,

1096 773 1158 801 sive
1171 772 1388 801 beatitudinem
1402 774 1521 809 ponunt
1534 774 1626 800 totam
1641 771 1672 800 in
1687 771 1802 800 deliciis
1815 779 1881 800 car-

1096 819 1155 855 nis;
1173 819 1296 856 superbi
1313 822 1340 848 et
1354 819 1405 847 alti
1419 821 1537 856 ponunt
1555 819 1772 848 beatitudinem
1787 819 1818 848 in
1833 818 1881 848 di-

1097 866 1219 903 gnitate,
1234 869 1262 894 et
1280 866 1432 894 bonorum
1445 865 1622 894 eminentiis.
1637 866 1695 894 Sed
1711 866 1814 895 omnia
1825 866 1882 895 ista

1097 916 1165 942 sunt
1179 913 1360 948 vanissima,
1375 915 1464 950 atque
1484 913 1670 948 stultissima,
1691 913 1763 950 quia
1781 913 1881 942 sensui

1097 963 1124 989 et
1145 960 1253 989 rationi
1275 960 1433 988 contraria.
1459 961 1532 988 Nam
1553 970 1567 987 α
1586 960 1756 996 beatitudo,
1777 971 1791 987 ι)
1810 962 1881 989 teste

1096 1008 1197 1036 Boetio
1212 1008 1233 1042 ⁸,
1251 1018 1265 1034 α
1287 1009 1330 1035 est
1345 1009 1435 1035 status
1452 1007 1589 1035 omnium
1605 1007 1758 1036 honorum
1772 1015 1880 1044 aggre-

1097 1055 1215 1090 gatione
1237 1054 1396 1092 perfectus.
1418 1065 1432 1081 n
1455 1056 1545 1090 Ergo,
1565 1054 1618 1082 ubi
1641 1054 1757 1083 bonum
1780 1055 1880 1090 deest,

1096 1101 1251 1130 beatitudo
1268 1109 1338 1130 vera
1357 1109 1420 1129 esse
1443 1109 1505 1129 non
1523 1103 1629 1138 potest.
1648 1101 1718 1136 Sed,
1735 1103 1767 1129 ut
1781 1101 1819 1129 de
1833 1101 1880 1129 in-

1096 1149 1229 1177 numeris
1243 1149 1331 1176 bonis
1344 1148 1491 1183 omittam,
1505 1148 1535 1176 in
1548 1147 1726 1185 supradictis
1739 1148 1881 1177 omnibus

1096 1195 1238 1223 securitas
1248 1195 1341 1229 deest,
1355 1195 1418 1223 sine
1433 1203 1494 1231 qua
1505 1195 1624 1223 nullum
1635 1195 1750 1223 honum
1765 1195 1880 1232 persec-

1097 1245 1159 1270 tum
1175 1244 1225 1270 est.
1244 1244 1320 1277 Ergo
1336 1242 1434 1270 omnis
1446 1241 1600 1270 beatitudo
1613 1242 1715 1270 talium
1731 1242 1815 1270 nulla
1827 1245 1880 1270 est.

1096 1290 1190 1318 Minor
1206 1289 1350 1325 probatur
1364 1297 1417 1325 per
1432 1289 1654 1325 syllogismum.
1669 1291 1742 1317 Nam
1755 1291 1881 1326 pereunt

1097 1336 1218 1370 divitiae,
1236 1338 1362 1373 pereunt
1378 1336 1503 1370 deliciae,
1522 1338 1647 1372 pereunt
1669 1336 1837 1372 dignitates,
1853 1338 1882 1364 et

1096 1384 1181 1420 quod
1196 1384 1292 1419 majus
1312 1384 1453 1412 omnibus
1471 1386 1529 1418 est,
1551 1384 1719 1412 moriuntur
1737 1383 1881 1412 habentes

1096 1431 1224 1459 honores
1239 1430 1311 1459 tales
1328 1440 1334 1459 ε
1353 1431 1436 1467 quod
1451 1439 1512 1459 non
1531 1431 1730 1466 contingeret,
1749 1431 1772 1458 si
1793 1431 1823 1459 in
1839 1431 1880 1459 eis

1096 1480 1187 1506 status
1201 1478 1394 1506 beatitudinis
1409 1478 1613 1514 praecessisset.
1638 1478 1719 1506 Unde
1734 1477 1882 1506 exclamat

1096 1525 1221 1559 Boetius,
1238 1525 1315 1552 hauc
1331 1525 1526 1561 quaestionem
1541 1526 1670 1553 tractans
1684 1525 1695 1541 ⁰
1714 1534 1720 1552 :
1741 1535 1756 1551 α
1767 1525 1789 1553 Ο
1805 1533 1880 1561 proe-

1096 1573 1177 1600 clara
1193 1573 1350 1601 hominum
1366 1573 1534 1608 beatitudo,
1557 1581 1649 1609 quam
1664 1581 1732 1601 cum
1753 1573 1881 1609 adeptus

1096 1621 1197 1655 fueris,
1215 1630 1334 1649 securus
1351 1631 1412 1650 esse
1434 1622 1564 1649 desistis!
1589 1621 1746 1655 Quomodo
1767 1621 1881 1649 deliciae

1096 1667 1215 1696 beatum
1232 1669 1351 1703 faciunt,
1364 1677 1430 1705 qua²
1445 1671 1570 1705 sumptoe
1585 1667 1735 1696 fastidium
1749 1667 1878 1703 pariunt,

1096 1715 1126 1742 in
1155 1718 1256 1743 ventre
1284 1718 1455 1751 putrescunt
1472 1737 1480 1750 ,
1513 1717 1540 1742 et
1573 1723 1649 1752 saepe
1673 1715 1856 1750 aegritudinis
1871 1736 1879 1750 ,

1097 1764 1125 1789 et
1151 1770 1240 1790 causa
1265 1763 1368 1790 mortis
1397 1762 1547 1790 existunt?
1570 1762 1729 1796 Quomodo
1753 1762 1881 1790 lascivioe

1096 1810 1216 1837 beatum
1243 1809 1367 1844 faciunt,
1393 1818 1460 1846 qum
1482 1809 1627 1837 tristitiam
1650 1809 1769 1837 landem
1792 1809 1880 1837 indu-

1097 1858 1175 1890 cunt,
1192 1856 1269 1884 vires
1280 1856 1412 1892 corporis
1423 1856 1573 1891 minuunt,
1588 1859 1615 1884 et
1630 1855 1669 1884 ad
1683 1858 1808 1884 mortem
1820 1855 1879 1883 dis-

1097 1904 1232 1939 ponunt?
1244 1903 1404 1937 Quomodo
1419 1903 1548 1931 honores
1563 1901 1683 1931 beatum
1700 1903 1796 1931 tacere
1812 1911 1880 1940 pos-

1096 1952 1174 1985 sunt,
1197 1951 1248 1986 qui
1273 1953 1385 1986 quanto
1408 1950 1561 1978 hominem
1583 1950 1621 1978 ad
1646 1949 1752 1978 altiora
1773 1950 1880 1978 sustol—

1097 1997 1176 2031 lunt,
1198 2000 1277 2024 tanto
1298 1997 1324 2024 ei
1344 1997 1440 2032 majus
1463 1997 1658 2033 praecipitium
1682 1997 1839 2032 ingerunt?
1864 2008 1877 2022 ι»

1096 2046 1211 2078 Quanto
1226 2045 1305 2072 enim
1328 2044 1440 2080 gradus
1458 2048 1500 2072 est
1515 2044 1612 2078 altior,
1630 2047 1710 2072 tanto
1726 2052 1810 2072 casus
1827 2044 1879 2073 de-

1097 2092 1210 2119 clivior.
1235 2092 1315 2119 Vnde
1335 2091 1495 2119 ascendere
1516 2100 1576 2119 non
1602 2093 1643 2119 est
1667 2091 1765 2125 aliud,
1788 2099 1879 2127 quam

1096 2138 1151 2166 sibi
1177 2138 1372 2174 praecipitium
1396 2146 1579 2174 praeparare,
1607 2140 1635 2165 et
1662 2139 1743 2165 tanto
1769 2138 1878 2173 magis,

1097 2188 1209 2222 quanto
1224 2185 1357 2213 ascendit
1372 2185 1538 2213 sublimius
1561 2185 1720 2218 Quomodo
1736 2185 1824 2213 etiam
1838 2185 1882 2213 di-

1098 2233 1174 2260 vitice
1189 2233 1342 2260 hominem
1355 2232 1475 2260 beatum
1492 2232 1611 2266 faciunt,
1624 2241 1690 2268 quae
1700 2233 1798 2269 potius
1811 2240 1880 2260 eum

1098 2280 1205 2315 gladiis
1232 2279 1432 2315 prtedatorum
1458 2279 1641 2315 exponunt?
1665 2280 1745 2315 Saepe
1774 2279 1880 2307 divites

1097 2335 1165 2354 cum
1181 2326 1314 2362 periculo
1331 2327 1433 2362 capitis
1454 2326 1579 2360 vadunt,
1602 2326 1653 2354 ubi
1674 2334 1819 2362 pauperes
1834 2335 1879 2353 se-

1098 2382 1166 2401 cure
1183 2373 1332 2400 incedunt.
1358 2373 1437 2400 Unde
1454 2374 1569 2401 Boetius
1587 2375 1596 2391 ⁷
1621 2383 1656 2401 :«
1679 2375 1719 2401 Tu
1742 2381 1877 2409 quoque,

1098 2420 1149 2456 qui
1172 2427 1250 2447 nunc
1273 2419 1407 2454 gladium
1432 2420 1629 2456 pertimescis,
1651 2420 1673 2446 si
1700 2419 1766 2447 vitae
1789 2419 1880 2455 hujus

1098 2466 1204 2494 callem
1224 2474 1333 2494 vacuus
1352 2467 1448 2495 viator
1468 2467 1615 2501 intrasses,
1642 2474 1743 2494 coram
1764 2465 1879 2494 latrone

1098 2516 1241 2542 cantares.
1261 2526 1273 2538 ι,

1098 2599 1165 2622 sup..
1187 2597 1256 2621 pros.
1273 2592 1296 2614 2.
1311 2604 1337 2608 -—
1363 2592 1371 2603 ¹*
1393 2590 1466 2621 thid„
1482 2590 1526 2615 lib.
1544 2591 1574 2621 ll,
1590 2597 1660 2622 pros.
1671 2592 1694 2615 5.
1710 2591 1772 2615 lluie
1784 2591 1878 2622 aliquid

1098 2627 1178 2651 simile
1203 2628 1241 2649 ost
1259 2628 1326 2658 apud
1350 2628 1376 2651 Β.
1398 2628 1474 2657 Greg.
1498 2627 1634 2657 Magnum,
1655 2626 1725 2651 hom.
1748 2632 1836 2657 xxxvi,
1853 2627 1877 2651 iu

1100 2663 1155 2694 liv„
1169 2670 1194 2686 u.
1214 2666 1234 2687 t.
1246 2677 1276 2681 —
1290 2664 1297 2677 ⁷
1310 2664 1392 2693 Boot,
1409 2662 1469 2687 ibid.

1132 2714 1165 2743 (n)
1183 2714 1242 2737 Cwl.
1260 2714 1321 2738 edil.
1338 2720 1395 2736 nee.
