2029 3052
503 206 758 240 PSALTERIUM
781 205 909 238 MAJUS
933 205 1076 238 BEATAE
1098 205 1238 237 MARlAE
1260 204 1447 237 VlRGlNIS.

197 277 337 306 Excelsus
357 285 446 314 super
471 276 632 306 Cherubim
653 275 778 304 thronus
801 275 864 310 ejus
886 285 891 301 ι
918 276 946 302 et

162 325 248 354 sedes
263 325 326 361 ejus
340 333 429 362 super
444 325 580 354 cardines
592 323 669 352 coeli.

197 373 290 409 Super
313 372 441 400 humiles
463 371 561 400 vultus
581 371 644 407 ejus
665 379 671 398 :
693 371 722 398 et
742 377 831 407 super
852 368 945 397 confi-

162 419 265 448 dentes
279 419 310 448 in
322 427 390 448 eam
404 420 539 456 aspectus
549 418 638 446 illius.

199 466 398 495 Misericordia
418 466 481 502 ejus
502 473 591 502 super
613 472 735 494 omnem
753 471 873 493 carnem
890 473 896 490 ε
919 463 947 491 et

163 513 355 550 eleemosyna
372 513 452 541 illius
467 521 562 550 usque
578 513 617 541 ad
632 514 800 541 extremum
815 512 909 539 terrae.

200 561 300 590 Gloria
312 561 400 598 Patri,
416 562 470 589 etc.

452 644 578 671 PsALuus
597 643 660 670 113.

201 706 232 734 ln
248 704 328 732 exitu
342 704 448 732 animae
462 711 536 732 meae
552 703 590 731 de
604 703 663 731 hoc
675 701 811 730 mundo:
826 707 949 730 occurre

164 751 218 787 illi,
233 751 369 785 Domina,
384 752 412 779 et
426 750 543 786 suscipe
558 758 635 778 eam.

200 797 361 828 Consolare
391 806 458 826 eam
487 797 572 825 vultu
592 797 693 825 sancto
720 798 770 824 tuo
781 805 790 832 ς
814 797 951 832 aspectus

166 845 312 874 daemonis
329 853 391 873 non
403 844 501 873 turbet
511 844 602 872 illam.

202 894 267 921 Esto
288 892 332 920 illi
355 892 434 920 scala
455 892 495 920 ad
515 899 641 928 regnum
666 891 810 919 coelorum
821 900 829 926 ;
850 891 878 919 et
897 890 952 918 iter

165 941 279 969 rectum
294 940 334 968 ad
347 939 522 977 paradisum
535 939 595 967 Dei.

201 989 329 1024 Impetra
351 987 376 1015 ei
401 996 419 1016 a
445 989 527 1015 Patre
556 985 777 1022 indulgentiam
801 985 885 1022 pacis
897 994 905 1021 3
925 986 953 1013 et

166 1035 269 1064 sedem
283 1035 358 1064 lucis
372 1035 448 1063 inter
461 1042 564 1063 servos
577 1034 637 1062 Dei.

202 1083 315 1111 Sustine
331 1082 456 1111 devotos
471 1083 538 1110 ante
554 1081 685 1110 tribunal
700 1080 802 1109 Christi
815 1090 821 1108 :
836 1080 952 1116 suscipe

168 1139 290 1160 causam
305 1138 410 1159 eorum
425 1131 456 1158 in
470 1130 610 1158 manibus
625 1129 692 1157 tuis.
709 1128 819 1164 Gloria,
836 1131 890 1156 etc.

455 1213 582 1240 PSALuus
604 1212 664 1238 114.

203 1272 296 1301 Dilexi
310 1274 431 1302 Matrem
450 1272 499 1300 Dei
522 1271 639 1300 Domini
658 1271 717 1299 mei
735 1280 741 1299 :
759 1272 786 1299 et
800 1270 852 1299 lux
867 1270 955 1298 mise-

167 1321 318 1349 rationum
333 1320 396 1356 ejus
411 1319 523 1347 infulsit
537 1319 619 1347 mihi.

204 1367 469 1396 Circumdederunt
488 1374 536 1394 me
563 1365 683 1394 dolores
698 1365 801 1394 mortis
821 1375 827 1393 ι
844 1367 873 1393 et
886 1365 956 1393 visi-

168 1415 239 1444 tatio
255 1415 350 1444 Mariae
365 1414 524 1442 laetificavit
538 1421 595 1441 me.

205 1464 344 1492 Dolorem
366 1465 393 1491 et
412 1462 580 1499 periculum
603 1461 714 1489 incurri
733 1470 739 1489 :
757 1463 784 1489 et
807 1462 956 1489 recreatus

170 1520 236 1540 sum
251 1510 344 1546 gratia
358 1509 447 1538 illius.

206 1561 319 1588 Nomen
332 1558 396 1593 eius
409 1559 437 1585 et
450 1556 624 1584 memoriale
645 1555 725 1583 illius
747 1555 783 1583 sit
803 1555 834 1583 in
854 1555 956 1584 medio

171 1606 271 1635 cordis
285 1605 379 1633 nostri
401 1614 406 1632 :
424 1606 453 1632 et
470 1612 532 1632 non
543 1603 663 1632 nocebit
681 1603 769 1631 nobis
784 1603 856 1631 ictus
872 1603 957 1631 mali-

172 1653 298 1690 gnantis.

207 1703 395 1735 Convertere,
412 1699 512 1727 anima
526 1706 603 1733 mea,
620 1698 650 1726 in
666 1697 787 1725 laudem
799 1697 892 1734 ipsius
909 1707 914 1726 :
931 1699 958 1726 et

171 1748 305 1777 invenies
317 1747 506 1783 refrigerium
521 1746 551 1774 in
565 1745 736 1774 novissimis
752 1744 817 1773 tuis.

208 1795 307 1824 Gloria
323 1794 410 1830 Patri,
426 1796 480 1822 etc.

464 1877 590 1903 Psamus
609 1876 671 1903 115.

211 1936 341 1972 Credidi,
358 1937 480 1973 propter
495 1935 578 1971 quod
593 1936 708 1963 locutus
722 1943 788 1962 sum
805 1944 811 1963 ε
829 1935 959 1971 gloriam

175 1987 266 2020 tuam,
283 1984 419 2017 Domina,
435 1983 501 2011 orbi
515 1984 607 2010 terrae.

211 2033 385 2068 Compatere
402 2030 509 2059 animae
523 2038 608 2063 meae,
630 2031 657 2058 et
679 2030 775 2065 dirige
796 2029 901 2057 illam:
920 2029 962 2056 di-

176 2087 267 2116 gnare
282 2078 504 2114 beneplacitum
515 2079 599 2104 tuum
612 2077 763 2104 insinuare
780 2076 834 2103 illi.

213 2128 310 2154 Statue
338 2126 380 2153 illi
407 2126 616 2153 testamentum
641 2124 722 2160 pacis
745 2125 772 2151 et
796 2123 963 2151 dilectionis

177 2175 249 2201 tuce:
265 2173 366 2209 praebe
380 2173 424 2200 illi
439 2171 561 2207 ingenui
576 2171 754 2199 memoriam
767 2170 897 2199 nominis
909 2170 961 2198 tui.

215 2222 253 2248 De
268 2220 476 2248 benedictione
492 2219 602 2247 ventris
617 2219 658 2246 tui
673 2218 713 2246 da
727 2218 800 2245 mihi
819 2219 964 2245 sustenta-

179 2267 291 2295 tionem
307 2277 314 2294 :
332 2268 360 2294 et
380 2267 417 2294 de
436 2266 619 2303 pinguedine
642 2265 744 2301 gratiae
767 2267 824 2293 tuae
840 2265 964 2293 dulcora

180 2316 313 2344 animam
327 2323 436 2343 meam.

216 2363 371 2398 Disrumpe
394 2361 509 2390 vincula
532 2362 722 2397 peccatorum
748 2368 886 2388 meorum
909 2369 914 2387 :
938 2361 965 2387 et

181 2410 218 2438 de
233 2409 389 2438 virtutibus
404 2416 517 2437 exorna
527 2408 632 2437 faciem
648 2408 754 2436 animae
767 2415 850 2435 meae.

216 2457 316 2486 Gloria
331 2457 419 2491 Patri,
434 2458 487 2485 etc.

469 2538 596 2565 PSALuus
616 2537 677 2563 116.

218 2598 346 2627 Laudate
365 2597 522 2625 Dominam
547 2596 690 2628 nostram,
714 2601 817 2622 omnes
844 2596 964 2629 gentes:

183 2645 345 2681 glorificate
359 2653 425 2673 eam
441 2652 543 2672 omnes
560 2642 675 2679 populi.

220 2692 366 2727 Quoniam
381 2692 557 2720 confirmata
578 2692 621 2717 est
641 2697 729 2725 super
749 2697 804 2717 nos
826 2689 919 2724 gralia
941 2691 968 2716 et

1727 206 1787 235 215

1002 273 1209 302 misericordia
1227 274 1290 310 ejus
1308 283 1315 301 :
1331 274 1359 302 et
1373 273 1481 302 veritas
1496 272 1575 301 illius
1589 273 1744 310 permanet
1756 272 1788 300 in

1002 324 1155 350 aeternum.

1040 369 1095 403 Qui
1120 369 1210 405 digne
1231 368 1356 397 coluerit
1369 367 1464 402 illam,
1484 366 1719 404 justificabitur:
1736 367 1789 403 qui

1004 417 1104 444 autem
1126 416 1289 452 neglexerit
1316 415 1410 451 illam,
1438 415 1581 444 morietur
1606 414 1638 442 in
1661 413 1789 450 peccatis

1004 464 1074 492 suis.

1040 510 1131 539 Labia
1142 512 1320 546 angelorum
1331 511 1513 540 enarrabunt
1520 510 1697 547 sapientiam
1707 510 1787 546 ejus:

1005 560 1034 587 et
1048 566 1153 586 omnes
1168 559 1246 587 cives
1257 559 1390 594 paradisi
1405 558 1569 587 cantabunt
1581 558 1644 593 ejus
1655 557 1788 586 laudem.

1041 607 1122 634 Bono
1136 606 1237 634 animo
1254 606 1426 634 accedentes
1435 606 1474 634 ad
1484 605 1567 634 illam
1580 615 1586 632 ε
1598 613 1660 633 non
1672 605 1790 641 capien-

1006 654 1053 681 tur
1068 653 1106 681 ab
1122 653 1230 689 angelo
1244 653 1425 681 devastante.
1445 653 1544 682 Gloria
1559 653 1649 688 Patri,
1661 654 1716 680 etc.

1295 736 1422 763 PSALmus
1441 735 1503 762 117.

1044 795 1232 825 Confitemini
1247 796 1386 830 Domino,
1401 794 1546 832 quoniam
1562 794 1661 822 bonus
1678 803 1684 822 :
1701 794 1794 822 confi-

1008 843 1111 872 temini
1125 843 1208 872 Matri
1223 844 1298 880 ejus,
1314 842 1459 880 quoniam
1473 842 1504 870 in
1519 842 1662 870 saeculum
1677 841 1794 870 miseri-

1009 891 1113 919 cordia
1126 891 1198 927 ejus.
1731 921 1735 925 ⁴

1044 940 1135 967 Amor
1156 938 1236 966 illius
1262 938 1385 974 expellit
1403 939 1559 974 peccatum
1580 945 1597 965 a
1618 936 1709 964 corde
1737 947 1742 962 :
1768 937 1796 964 et

1009 986 1103 1021 gratia
1117 985 1197 1014 illius
1212 985 1311 1022 expiat
1327 985 1538 1013 conscientiam
1553 984 1727 1020 peccatoris.

1046 1033 1098 1060 Via
1113 1032 1252 1060 veniendi
1272 1032 1312 1060 ad
1332 1032 1479 1060 Christum
1494 1034 1536 1059 est
1551 1031 1796 1067 appropinquare

1011 1081 1050 1109 ad
1064 1081 1148 1109 illam
1165 1089 1170 1108 :
1189 1080 1240 1117 qui
1256 1081 1356 1108 autem
1370 1079 1477 1115 fugerit
1491 1087 1569 1113 eam,
1586 1087 1649 1107 non
1665 1078 1797 1106 inveniet

1010 1128 1091 1157 viam
1103 1128 1195 1165 pacis.

1047 1177 1102 1210 Qui
1126 1175 1291 1204 obduratus
1314 1176 1356 1203 est
1376 1175 1407 1202 in
1426 1173 1564 1211 peccatis,
1586 1181 1663 1210 saepe
1678 1173 1797 1201 invocet

1010 1224 1094 1252 illam
1111 1232 1117 1251 :
1135 1225 1162 1251 et
1176 1223 1228 1250 lux
1244 1223 1275 1250 in
1290 1222 1349 1250 suis
1361 1221 1489 1250 tenebris
1501 1221 1621 1249 orietur.

1047 1271 1102 1305 Qui
1116 1270 1245 1299 tristatur
1265 1270 1295 1297 in
1310 1269 1400 1297 corde
1416 1277 1481 1302 suo,
1498 1268 1606 1296 clamet
1627 1268 1666 1297 ad
1686 1267 1770 1296 illam
1787 1276 1794 1295 :

1011 1320 1040 1346 et
1055 1317 1222 1346 dulcor-anti
1237 1316 1387 1345 stillicidio
1403 1315 1611 1344 inebriabitur.

1049 1365 1147 1394 Gloria
1158 1364 1244 1398 Patri,
1256 1366 1309 1392 etc.

1299 1447 1423 1474 Psnmus
1449 1446 1509 1473 118.

1050 1509 1127 1537 Beati
1141 1507 1323 1536 immaculati
1340 1507 1371 1534 in
1386 1506 1435 1535 via
1449 1516 1455 1534 :
1473 1506 1524 1542 qui
1540 1507 1661 1534 Matrem
1682 1504 1798 1533 Domini

1013 1557 1174 1585 imitantur.

1050 1604 1128 1632 Beati
1147 1603 1309 1631 imitatores
1323 1601 1497 1630 humilitatis
1516 1602 1579 1636 ejus
1596 1609 1602 1628 :
1616 1599 1695 1628 beati
1710 1599 1799 1636 parti-

1015 1653 1095 1689 cipes
1110 1650 1259 1679 charitatis
1275 1650 1364 1678 illius.

1051 1699 1130 1727 Beati
1158 1698 1389 1735 perscrutatores
1418 1696 1561 1724 virtutum
1592 1694 1672 1722 illius
1691 1704 1697 1722 :
1721 1694 1801 1722 beati

1015 1747 1184 1776 conformes
1198 1744 1322 1780 imagini
1338 1744 1427 1771 illiue.

1051 1794 1130 1822 Beati
1155 1793 1207 1830 qui
1229 1793 1407 1828 conceptum
1432 1792 1460 1818 et
1483 1792 1601 1826 partum
1622 1789 1703 1818 illius
1718 1798 1803 1818 vene-

1015 1844 1136 1870 rantur:
1149 1840 1228 1868 beati
1245 1840 1295 1876 qui
1310 1839 1417 1866 devote
1429 1838 1455 1865 ei
1467 1837 1658 1865 famulantur.

1054 1890 1131 1918 Beati
1147 1889 1198 1926 qui
1212 1889 1242 1916 in
1257 1896 1292 1916 ea
1307 1887 1419 1915 habent
1434 1894 1518 1922 spem
1534 1887 1562 1913 et
1575 1885 1801 1913 confidentiam:

1017 1937 1096 1966 beati
1111 1937 1162 1973 qui
1181 1944 1235 1972 per
1257 1935 1341 1963 illam
1361 1933 1522 1969 suscipient
1542 1932 1711 1960 felicitatem
1727 1940 1804 1960 sem-

1017 1985 1175 2021 piternam.
1193 1982 1292 2012 Gloria
1306 1981 1393 2016 Patri,
1410 1983 1463 2008 etc.

1055 2079 1193 2107 Retribue
1210 2086 1296 2106 servo
1314 2080 1375 2112 tuo,
1393 2077 1520 2104 Domina
1541 2086 1547 2104 ι
1569 2075 1687 2103 vivifica
1706 2083 1763 2110 me,
1780 2076 1807 2103 et

1017 2127 1126 2155 faciam
1141 2126 1326 2154 voluntatem
1342 2127 1432 2152 tuam.

1055 2174 1156 2203 Incola
1168 2182 1223 2208 ego
1240 2181 1305 2200 sum
1319 2172 1349 2199 in
1360 2174 1436 2199 terra
1449 2179 1455 2198 τ
1469 2170 1542 2198 nihil
1556 2170 1724 2198 abscondas
1735 2169 1807 2197 mihi

1020 2222 1056 2250 de
1072 2230 1173 2250 amore
1189 2223 1250 2248 tuo.

1057 2268 1233 2304 concupivit
1249 2267 1349 2295 anima
1369 2274 1436 2294 mea
1457 2264 1580 2293 laudem
1596 2266 1676 2292 tuam
1693 2264 1809 2292 deside-

1020 2326 1085 2346 rare
1102 2326 1107 2344 :
1125 2316 1207 2344 omni
1222 2318 1367 2350 tempore.

1058 2367 1100 2392 Tu
1116 2364 1195 2392 enim
1211 2362 1292 2390 salus
1302 2370 1370 2389 mea
1381 2361 1412 2389 in
1425 2360 1549 2388 Domino
1561 2369 1567 2387 :
1581 2367 1646 2395 quae
1657 2367 1706 2386 me
1720 2359 1809 2386 morti

1022 2411 1227 2447 adjudicatum
1242 2408 1385 2437 liberasti.

1058 2458 1135 2492 Quid
1159 2465 1214 2493 pro
1237 2457 1282 2484 his
1297 2456 1462 2484 retribuam
1479 2454 1542 2490 tibi,
1559 2455 1614 2482 nisi
1630 2462 1677 2481 me
1691 2453 1809 2482 totum?

1023 2506 1157 2538 Domina,
1175 2504 1291 2540 suscipe
1307 2511 1365 2532 me.
1383 2503 1481 2532 Gloria
1495 2502 1580 2537 Patri,
1597 2504 1649 2529 etc.

1061 2594 1166 2628 Legem
1196 2599 1274 2627 ponc
1299 2590 1381 2624 mihi,
1406 2588 1541 2622 Domina,
1564 2587 1723 2615 voluntatis
1742 2588 1809 2621 tuae,

1023 2642 1193 2668 sanctarum
1212 2638 1398 2667 sanctissima
1415 2645 1420 2664 :
1441 2638 1468 2664 et
1482 2635 1637 2672 exquiram
1652 2643 1718 2663 eam
1733 2642 1810 2662 sem-

1023 2696 1084 2723 per.
