2060 3052
231 222 270 251 10

230 287 321 314 tatem
333 284 447 314 virtutis
461 285 581 314 seminis
591 307 600 320 ,
615 285 671 313 tale
686 287 714 314 et
730 285 826 320 illud,
841 285 925 322 quod
939 293 1009 322 pro-

231 332 318 361 cedit.
333 333 441 367 Quare,
456 331 480 360 si
494 332 587 360 verba
602 334 704 372 nostra
717 335 746 360 et
764 340 856 369 opera
870 332 1011 360 volumus

231 387 293 408 esse
313 378 438 414 munda,
462 378 672 415 Apostolorum
695 387 799 414 more,
821 378 904 415 prius
923 386 1010 407 mun-

232 425 334 454 danda
353 427 422 454 sunt
445 425 547 453 corda.
565 425 705 454 Dominus
716 446 726 460 ,
740 425 869 462 loquens
887 427 1011 462 Aposto-

231 472 277 504 lis,
295 472 335 500 ait
349 473 378 500 ¹:
398 483 411 499 u
426 472 504 500 Beati
518 472 633 500 mundo
654 471 764 506 corde,
787 472 932 508 quoniam
954 472 1011 509 ipsi

232 521 324 548 Deum
339 519 492 548 videbunt.
512 531 524 544 n
538 521 622 554 Nota,
638 519 722 555 quod
737 527 800 547 non
814 519 885 548 dicit
900 529 907 548 z
933 520 1011 548 Beati

232 566 346 594 mundo
362 574 426 601 ore,
440 566 489 594 vel
503 573 592 602 opere
609 575 616 594 ε
635 566 706 603 quia
720 568 843 603 possent
857 574 950 603 opera
964 566 1010 594 vi-

232 613 296 641 deri
316 613 446 647 munda,
460 621 529 641 cum
549 612 642 641 corda
656 615 753 641 essent
765 613 942 648 immunda;
958 613 1012 641 sed

232 668 294 688 non
308 662 431 696 possunt
457 667 519 687 esse
539 667 631 696 opera
654 660 832 695 immunda,
855 660 879 688 si
903 659 1013 688 fuerint

232 706 324 734 corda
331 706 453 734 munda.
468 705 549 734 Unde
559 707 589 734 in
599 707 748 735 Canonica
757 707 860 735 Jacobi
870 706 977 735 dicitur
990 706 1011 734 ⁸.-

235 765 249 781 α
264 755 426 783 Emundate
445 763 560 790 manuS,
576 757 764 791 peccatores,
788 758 817 784 et
836 758 959 792 purgate
974 757 1012 792 (α)

232 802 325 830 corda
338 803 445 835 vestra,
462 801 597 838 duplices
618 802 719 830 animo
737 813 743 830 :
761 802 848 839 quasi
863 802 962 831 dicat:
983 803 1012 830 Si

232 856 349 883 manus,
363 848 395 877 id
409 850 462 883 est,
478 857 570 885 opera
584 849 672 877 vultis
683 857 745 877 esse
755 849 879 884 munda,
896 849 1012 877 studete

232 895 313 932 prius
327 895 483 932 purificare
497 896 604 930 corda,
621 904 687 932 quae
709 897 777 923 sunt
798 895 923 924 fontalia
938 903 1011 932 ope-

231 953 299 973 rum
324 946 494 973 nostrorum
520 945 676 981 principia.
706 945 786 973 Unde
814 947 843 973 et
866 945 1012 982 Propheta

233 992 338 1020 orabat
352 993 362 1010 ³
378 1001 385 1020 :
405 1001 419 1018 «ι
433 994 576 1028 Asper-ges
591 1000 639 1020 me
650 1014 658 1027 ,
675 992 807 1026 Domine,
822 993 971 1029 hyssopo,
987 995 1015 1021 ct

234 1038 446 1067 mundabor.»
474 1040 623 1075 Hyssopus
644 1038 782 1072 humilis,
805 1040 833 1066 ct
865 1039 1015 1067 odorifera

234 1085 338 1120 herba,
354 1085 451 1121 signat
466 1086 630 1114 cordialem
641 1086 779 1121 gratiam,
795 1094 854 1122 qna
869 1086 1015 1114 mundan-

233 1134 280 1160 tur
295 1132 397 1160 omnia
411 1133 557 1160 exteriora
567 1134 678 1160 nostra.
695 1133 774 1160 Unde
787 1132 957 1161 notabiliter
973 1132 1014 1160 di-

233 1179 307 1206 citur
322 1179 331 1195 ⁸
348 1187 355 1206 z
377 1189 388 1204 u
402 1179 495 1215 Super
511 1179 610 1207 nivem
627 1179 792 1207 dealbabor
806 1188 812 1206 ;
829 1189 843 1205 ι)
869 1179 919 1206 nix
934 1179 1014 1207 enim

233 1233 293 1254 non
321 1226 420 1254 solum
448 1226 562 1254 munda
585 1229 613 1254 et
637 1226 706 1254 alba
729 1226 858 1254 exterius
883 1229 941 1260 est,
962 1225 1015 1254 sed

233 1273 320 1301 etiam
335 1273 365 1300 in
386 1273 538 1309 profundo
563 1273 686 1301 interius
698 1295 704 1307 ,
724 1282 741 1300 a
757 1281 816 1309 qua
831 1273 958 1301 exterior
973 1273 1016 1300 al-

235 1319 313 1347 bedo
328 1321 483 1347 causatur:
503 1322 533 1347 nt
548 1328 600 1356 per
616 1320 671 1348 boc
686 1320 772 1348 detur
793 1320 926 1355 intelligi,
944 1320 1015 1356 quia

233 1366 285 1394 ilia
304 1366 451 1394 munditia
465 1366 572 1394 dicitur
587 1374 649 1394 csse
666 1375 745 1399 vera,
765 1375 831 1402 quae
846 1370 888 1394 est
903 1366 973 1394 foris
989 1369 1016 1394 ct

234 1413 318 1441 intra.
335 1412 407 1441 Nam'
423 1415 451 1441 et
466 1421 548 1440 mens
562 1413 642 1447 alba,
660 1413 806 1441 munditia
831 1422 838 1441 ε
865 1421 900 1441 ex
917 1413 1015 1440 domi-

235 1462 322 1488 nante
337 1467 451 1499 magno*
463 1459 570 1495 frigore
595 1460 742 1494 castitatis,
763 1460 792 1487 iu
809 1460 908 1488 anima
923 1467 1014 1495 gene-

235 1509 316 1535 ratur
331 1507 429 1534 omnis
441 1514 512 1542 vera
528 1507 684 1534 munditia.
696 1507 752 1534 Sed
764 1507 814 1542 qui
831 1510 898 1534 sunt
913 1506 1014 1540 hodic,

235 1554 286 1589 qui
315 1561 383 1581 cum
412 1553 560 1589 Apostolis
591 1553 721 1581 habeant
755 1553 847 1581 corda
879 1553 1015 1580 munda?

236 1600 316 1628 Unde
336 1600 366 1627 in
384 1601 535 1628 Proverbiis
550 1601 560 1617 ⁵
583 1609 589 1627 ε
610 1601 707 1634 «Quis
729 1599 905 1634 gloriabitur
930 1608 1016 1626 mun-

236 1647 308 1675 dum
323 1655 353 1675 se
369 1647 478 1674 habere
492 1649 562 1674 cur?
575 1657 588 1672 ι)
606 1647 696 1674 Valde
710 1650 751 1674 cst
773 1646 908 1673 mirabile
925 1648 952 1673 et
967 1646 1017 1673 dc-

237 1693 381 1728 testabite,
398 1693 481 1729 qnod
499 1695 558 1720 toto
579 1701 665 1728 posse
677 1693 718 1720 sic
732 1693 867 1720 homines
879 1692 1018 1720 laborant

236 1748 254 1768 a
269 1740 404 1775 turpibus
420 1740 543 1767 sollicite
565 1739 665 1767 lavare
682 1747 828 1774 corpora,
843 1740 988 1766 inundare
1000 1748 1017 1767 a

236 1787 387 1815 vermibus
410 1787 522 1823 capita,
548 1787 693 1814 mundari¹
715 1794 733 1814 a
752 1787 848 1814 noxiis
872 1787 1016 1820 inte-Una,

238 1834 382 1861 mundare
399 1842 416 1861 a
437 1833 578 1861 sordibus
602 1833 794 1867 vestimenta,
824 1837 959 1869 quaeruut
988 1835 1017 1862 in

237 1880 318 1908 lectis
334 1880 446 1908 munda
455 1880 636 1914 linteamina,
646 1880 759 1908 munda
772 1880 893 1915 fercula,
903 1881 1016 1908 munda

238 1928 316 1961 vina,
333 1929 360 1955 et
376 1927 488 1955 munda
506 1927 592 1955 val-le
610 1927 770 1962 mancipia,
787 1929 814 1954 et
827 1935 887 1954 non
901 1930 1018 1962 curant,

238 1975 260 2001 si
275 1974 431 2001 immunda
444 1974 573 2001 habeant
587 1974 687 2001 corda.
706 1974 780 2007 Quid
794 1974 931 2001 stultius?
945 1965 1018 2010 quid

240 2021 441 2049 detestabilius
453 2023 466 2048 Ἰ)
491 2022 564 2057 quid
596 2021 812 2049 inordinatius?
839 2022 883 2048 i'is
910 2022 1018 2050 babere

241 2069 342 2096 omnia
360 2068 488 2099 inunum
511 2071 537 2095 et
553 2068 683 2095 animam
695 2090 703 2103 ‚
721 2069 796 2095 cnflo
826 2069 1017 2104 nobiliorem,

241 2124 301 2144 nou
328 2124 412 2143 curas
436 2124 496 2143 csse
522 2116 719 2143 iminiuidam.
742 2116 798 2143 Sed
824 2116 894 2143 dicit
913 2116 968 2144 Jol)
984 2118 1017 2144 ¹³:

245 2173 257 2188 (ι
272 2162 340 2196 Quis
356 2164 449 2197 potest
464 2162 557 2189 facere
574 2162 719 2189 mundum
734 2163 770 2190 dc
785 2163 941 2190 immundo
951 2171 1019 2190 eon-

243 2211 360 2245 ceptum
388 2208 519 2236 semine?
545 2212 644 2236 Nonne
673 2212 702 2236 tu
717 2231 723 2241 ,
751 2209 802 2245 qui
827 2210 908 2236 solus
934 2218 963 2236 es
976 2211 989 2237 Ῡ
1006 2221 1017 2235 »

244 2258 329 2289 Ergo,
346 2255 447 2282 fratres
460 2277 466 2289 ‚
484 2255 635 2289 rogandus
650 2258 691 2282 cst
708 2257 795 2289 Deus,
812 2258 839 2283 ct
855 2258 914 2283 toto
931 2256 1020 2284 cordc

243 2302 438 2337 invocandus,
451 2304 482 2330 ut
498 2303 619 2330 inundet
635 2311 689 2330 nos
707 2303 744 2330 ab
761 2303 923 2330 immundis
940 2304 1021 2339 cogi-

245 2349 421 2383 tationibus,
438 2353 463 2377 et
480 2350 629 2377 mundatis
649 2350 790 2377 cordibus
804 2351 897 2383 gratia
919 2351 1020 2386 ipsius,

244 2396 345 2423 omnia
360 2395 478 2423 valeant
493 2404 554 2423 esse
577 2396 699 2423 munda.
722 2396 777 2423 Sed
803 2397 926 2432 quidam
943 2398 1023 2424 ⁴sinii-

244 2442 286 2468 lcs
301 2445 367 2469 sunt
390 2442 532 2478 sepulcris
552 2443 679 2470 exterius
703 2442 848 2470 dealbatis
861 2464 868 2476 ,
884 2444 935 2470 scd
953 2445 1023 2471 intc-

244 2488 303 2515 rius
319 2489 399 2516 omni
415 2489 552 2525 spurcitia
570 2490 680 2526 plenis,
700 2490 810 2518 scilicet
825 2491 1023 2519 cadaveribus

278 2573 283 2589 ¹
301 2573 402 2599 Malllz„
427 2580 449 2602 ν,
469 2576 492 2597 S.
526 2590 530 2591 γ
555 2576 563 2590 ³
577 2576 729 2601 J111=.,1v,s.
748 2589 776 2591 ‡—
795 2575 803 2589 ³
823 2576 887 2598 Μαί,
906 2582 932 2605 1„
955 2578 977 2599 ti,
995 2589 1024 2593 .-

247 2610 253 2622 “
278 2609 339 2632 ibid.
363 2622 391 2626 —-
410 2610 419 2625 ὅ
438 2611 519 2639 Prima,
542 2617 585 2639 xx,
607 2614 634 2639 tl,
653 2611 737 2642 quom]
759 2619 871 2634 sumum.
890 2624 916 2627 —
940 2615 947 2623 ¹*
968 2612 1024 2639 Just,

249 2650 300 2670 xiv,
316 2646 337 2667 1..
353 2657 376 2660 —
390 2645 399 2660 7
415 2645 511 2673 ,11ιι111ι.,
529 2653 604 2676 xxiii,
619 2649 655 2670 2¹5..
672 2661 695 2662 ψ
714 2648 721 2659 ¹⁴
737 2647 808 2673 limi„
826 2650 863 2669 2¹³.
876 2660 901 2663 ⁴—
915 2648 924 2663 ⁹
939 2649 1024 2677 Arist„

247 2680 274 2703 ilc
300 2680 444 2711 lampa-et„
466 2681 509 2706 lib.
535 2684 557 2712 Ι,
580 2691 601 2705 c.
627 2689 643 2706 l.
670 2695 697 2700 —
725 2683 740 2696 ¹¹*
765 2683 893 2713 llic-liant,
915 2686 978 2713 iiiut.
1005 2685 1023 2709 l,

531 214 754 250 'SERMONES
776 218 827 250 DE
849 217 1015 250 SANCTIS
1038 217 1079 250 ΙΝ
1100 218 1292 252 COMMUNJ.
1317 218 1451 252 SERMO
1475 219 1526 251 lv.

1063 289 1262 316 mortuorum.
1276 289 1372 324 Turpe
1388 287 1469 316 enim
1483 288 1573 322 esset,
1588 295 1643 316 nec
1660 289 1704 316 est
1720 287 1841 324 aliquis,

1064 333 1116 369 qui
1128 333 1294 368 sustineret,
1309 336 1341 362 ut
1352 341 1423 362 vasa
1435 342 1500 369 sua,
1515 334 1666 370 inquibus
1679 334 1765 370 ponit
1774 334 1845 364 vina

1065 382 1092 408 et
1106 379 1232 414 cibaria,
1248 383 1344 409 essent
1363 380 1491 409 exterius
1509 381 1621 409 munda
1634 401 1643 416 ‚
1669 382 1698 409 et
1721 381 1844 409 interius

1065 426 1230 455 immunda.
1244 427 1362 464 cygnus
1375 429 1418 456 est
1436 427 1499 456 avis
1520 427 1649 456 exterius
1669 427 1756 456 valde
1771 427 1842 456 alba

1065 473 1095 501 in
1110 473 1232 510 pennis3
1247 474 1299 502 sed
1310 482 1379 502 caro
1394 475 1458 510 ejus
1478 474 1534 502 sub
1558 475 1665 510 pennis
1691 476 1734 503 est
1755 474 1844 504 valde

1065 520 1160 555 nigra.
1176 520 1258 548 Unde
1272 520 1346 549 tales
1356 521 1452 556 arguit
1467 521 1606 549 Dominus
1616 522 1627 539 ⁷
1639 530 1646 549 ι
1663 531 1674 546 α
1687 523 1735 549 vae
1745 521 1845 555 vohis,

1065 566 1169 594 scribae
1185 569 1212 595 et
1226 567 1380 603 pharisaei,
1396 567 1468 604 quia
1482 567 1633 596 mundatis
1656 567 1741 604 quod
1758 567 1844 596 defo-

1065 614 1106 641 ris
1133 615 1175 641 est
1199 613 1315 649 calicis,
1340 624 1354 640 n
1380 617 1435 643 etc.
1460 615 1494 643 Et
1519 614 1650 643 addit⁸=
1675 614 1846 644 «Pharisaee

1066 668 1151 695 caece,
1165 660 1278 689 munda
1293 661 1374 697 prius
1389 661 1472 697 quod
1482 661 1560 690 intus
1570 664 1613 689 est
1623 661 1734 696 calicis,
1748 664 1776 690 et
1789 670 1848 698 pa-

1066 707 1204 743 ropsidis,
1220 710 1252 736 ut
1266 707 1357 742 illud,
1374 707 1458 744 quod
1473 707 1583 736 deforis
1604 710 1648 736 est
1657 729 1667 744 ,
1692 708 1744 737 fiat
1758 717 1846 737 mun·

1068 753 1151 782 dum.
1169 764 1183 780 n
1601 791 1605 795 Ι
1727 772 1731 776 ·

1103 800 1256 836 Secundo,
1273 801 1361 830 nobis
1375 801 1542 830 necessaria
1555 804 1599 830 est
1613 802 1760 830 munditia
1775 803 1846 831 oris.

1068 848 1226 883 Quomodo
1241 849 1320 877 enim
1335 857 1403 877 cum
1417 857 1485 885 rege
1498 851 1574 878 stare
1589 850 1680 884 valet,
1699 853 1750 878 aut
1763 850 1847 887 loqui

1069 895 1168 930 habet,
1185 895 1236 931 qui
1250 895 1441 924 immundum
1456 904 1489 924 os
1500 897 1615 932 portat?
1631 898 1661 925 ln
1672 897 1755 925 nullo
1767 897 1847 925 enim

1067 942 1135 970 loco
1149 942 1231 978 prius
1245 945 1369 979 apparet
1382 943 1572 971 immunditia
1582 964 1591 978 ‚
1606 951 1698 980 quam
1718 944 1748 972 in
1769 952 1821 972 ore
1838 953 1845 972 ε

1068 989 1257 1017 immunditia
1271 989 1351 1017 enim
1363 989 1422 1017 oris
1435 989 1512 1018 testis
1523 992 1565 1018 est
1575 990 1724 1018 immundi
1735 991 1844 1019 cordis.

1069 1038 1140 1064 Nam
1150 1036 1346 1072 philosophus
1360 1036 1458 1071 docet,
1472 1037 1515 1073 pri
1521 1045 1569 1066 mo
1586 1037 1847 1073 rerihermenias⁹,

1069 1082 1154 1119 quod
1167 1091 1256 1111 voces
1268 1085 1336 1111 sunt
1350 1091 1471 1117 earum,
1494 1092 1560 1120 quie
1585 1086 1654 1112 sunt
1678 1084 1709 1112 in
1735 1084 1848 1119 anima,

1068 1129 1243 1166 passionum
1259 1132 1344 1158 notae-
1362 1131 1394 1157 Et
1411 1130 1578 1158 Richardus
1592 1131 1663 1159 dicit
1679 1132 1698 1148 ¹⁰
1713 1140 1719 1159 :
1738 1141 1752 1157 α
1767 1132 1848 1159 ldem

1070 1176 1193 1203 omnino
1209 1178 1251 1205 est
1264 1176 1390 1204 verbum
1404 1177 1518 1212 cordis,
1540 1179 1569 1205 et
1588 1178 1648 1205 oris
1665 1186 1671 1205 :
1688 1178 1743 1205 nisi
1765 1178 1849 1214 quod

1070 1222 1100 1250 in
1115 1223 1205 1250 corde
1225 1225 1267 1250 cst
1284 1223 1419 1258 nudum,
1444 1226 1472 1251 et
1493 1224 1523 1251 in
1548 1232 1600 1252 ore
1622 1224 1768 1252 vestitum.
1786 1226 1849 1252 Non

1070 1269 1149 1297 enim
1165 1269 1246 1297 aliud
1262 1271 1306 1297 est
1321 1277 1390 1303 vox,
1407 1278 1499 1306 quam
1521 1271 1604 1298 verbi
1629 1270 1849 1299 vestimentum.

1072 1317 1103 1343 Et
1124 1316 1264 1343 Dominus
1282 1316 1300 1333 ¹¹
1319 1325 1325 1344 :
1345 1327 1358 1341 «
1375 1318 1414 1344 Ex
1439 1317 1625 1345 abundantia
1648 1316 1746 1345 cordis
1761 1325 1795 1345 os
1809 1317 1851 1345 lo-

1070 1362 1179 1398 quitur.
1197 1373 1209 1388 n
1228 1364 1320 1398 Ergo,
1340 1363 1441 1399 qualia
1456 1367 1523 1391 sunt
1549 1364 1667 1399 cordis,
1693 1364 1763 1392 talia
1783 1367 1851 1392 sunt

1069 1409 1162 1437 verba
1175 1410 1243 1437 oris.
1266 1412 1329 1438 Non
1344 1410 1423 1438 enim
1440 1411 1562 1439 credant
1581 1419 1612 1439 se
1632 1411 1743 1439 habere
1758 1411 1851 1439 corda

1071 1456 1183 1484 munda
1194 1478 1200 1490 ,
1225 1456 1275 1493 qui
1293 1457 1384 1484 verba
1398 1457 1511 1485 habent
1531 1457 1698 1485 immunda.
1715 1459 1778 1486 Non
1793 1465 1850 1494 po-

1071 1506 1124 1531 test
1139 1504 1230 1532 homo
1255 1504 1369 1532 trahere
1394 1504 1431 1532 de
1453 1505 1611 1540 granario,
1635 1505 1691 1533 nisi
1714 1504 1850 1540 bladum,

1071 1550 1154 1586 quod
1177 1550 1218 1577 ibi
1241 1553 1300 1584 est;
1324 1559 1378 1578 nec
1401 1551 1504 1579 vinum
1531 1551 1568 1578 du
1584 1551 1678 1586 dolio,
1695 1551 1749 1579 nisi
1766 1551 1851 1584 illud,

1071 1597 1153 1633 quod
1183 1597 1223 1624 ibi
1244 1598 1418 1625 continetur.
1446 1600 1520 1632 Ergo
1545 1598 1647 1633 lingua
1668 1598 1799 1634 loquitur
1814 1598 1851 1626 de

1073 1652 1118 1678 co,
1136 1644 1218 1679 quod
1235 1644 1263 1671 in
1280 1644 1387 1671 horreo
1404 1646 1446 1671 est
1463 1644 1571 1672 cordis.
1589 1644 1642 1678 Qui
1660 1645 1737 1672 enim
1754 1653 1852 1681 comp-

1074 1694 1117 1718 tus
1132 1694 1189 1724 est,
1213 1691 1243 1718 id
1261 1693 1312 1724 ost,
1329 1693 1464 1724 ornatus,
1481 1694 1508 1718 et
1523 1691 1573 1727 qui
1595 1691 1721 1719 libenter
1736 1691 1772 1719 dc
1788 1700 1853 1719 mu-

1073 1737 1195 1765 lieribus
1212 1737 1361 1773 loquitur,
1379 1737 1494 1765 adulter
1509 1738 1651 1773 probatur
1668 1747 1674 1765 :
1692 1738 1762 1774 quia
1779 1746 1854 1766 nnn-

1073 1792 1164 1820 quam
1175 1784 1292 1818 melius,
1307 1792 1398 1820 quam
1415 1792 1467 1819 per
1476 1784 1611 1820 linguam
1624 1785 1715 1812 homo
1725 1793 1853 1820 cognos-

1074 1831 1157 1858 citur.
1182 1831 1331 1866 Numquid
1354 1839 1415 1858 non
1440 1839 1492 1867 per
1512 1831 1646 1866 linguam
1671 1839 1853 1866 cognoscun-

1075 1877 1318 1905 turTheutonici?
1332 1877 1478 1913 numquid
1493 1886 1552 1905 non
1564 1877 1688 1905 Gallici?
1704 1879 1853 1915 numquid

1075 1933 1134 1952 non
1147 1924 1254 1952 Graeci?
1271 1924 1350 1951 l'nde
1371 1926 1454 1952 l‘etro
1469 1924 1580 1952 dictum
1596 1928 1638 1952 cst
1654 1924 1675 1942 ⁸¹
1690 1934 1697 1952 :
1716 1927 1811 1953 «Nam
1827 1928 1855 1954 et

1075 1971 1196 2007 loquela
1210 1973 1260 1998 tua
1283 1971 1472 1999 manifestum
1489 1974 1514 1999 tc
1532 1972 1609 1999 facit.
1631 1983 1643 1997 ιι
1670 1974 1755 2007 Ergo,
1771 1973 1794 2000 si
1810 1973 1854 2000 vis

1075 2022 1105 2046 ut
1121 2019 1277 2046 credamus
1290 2022 1315 2045 te
1331 2018 1441 2045 habere
1457 2019 1604 2046 mundum
1617 2028 1677 2053 cor,
1695 2028 1728 2048 os
1744 2020 1855 2048 babeas

1075 2066 1145 2093 foris
1168 2065 1333 2099 mundum,
1364 2065 1527 2092 secundum
1543 2066 1625 2101 quod
1647 2066 1717 2094 dicit
1735 2067 1790 2094 Job
1806 2068 1828 2084 ¹³
1845 2076 1852 2095 :

1080 2124 1091 2136 «
1117 2115 1208 2140 l'urus
1231 2116 1273 2140 cst
1296 2121 1393 2140 sermo
1417 2121 1514 2147 nicus,
1540 2115 1568 2140 et
1590 2113 1721 2140 mundus
1742 2122 1808 2141 sum
1824 2114 1854 2142 in

1077 2163 1234 2196 conspectu
1251 2164 1309 2188 tuo.
1329 2172 1341 2186 n
1363 2160 1418 2188 Sed
1436 2161 1471 2188 dc
1489 2160 1669 2196 quibusdam
1686 2160 1810 2188 habetur
1823 2161 1854 2188 in

1077 2208 1197 2236 Psalmis
1214 2207 1232 2225 ¹*
1251 2217 1256 2234 :
1276 2219 1289 2232 «
1309 2207 1482 2243 Sepulcrum
1498 2209 1600 2242 patens
1622 2209 1663 2234 cst
1688 2210 1787 2242 guttur
1801 2216 1854 2236 eo-

1077 2263 1152 2283 rum.
1172 2265 1184 2279 n
1196 2254 1270 2288 Quid
1286 2254 1364 2282 cuim
1381 2253 1518 2289 sepulcro
1536 2254 1643 2289 patenti
1660 2254 1811 2282 foetidius?
1827 2258 1856 2283 et

1077 2301 1150 2337 quid
1175 2310 1225 2329 ore
1250 2301 1351 2328 ssrtido
1374 2300 1581 2327 immundius?
1606 2302 1668 2328 Non
1692 2308 1854 2329 consueve-

1078 2351 1144 2375 runt
1160 2348 1294 2375 homiues
1305 2348 1389 2382 juxta
1405 2346 1471 2373 illos
1487 2346 1611 2374 libenter
1625 2349 1700 2374 stare
1712 2368 1720 2381 ‚
1745 2348 1855 2383 quibus

1079 2394 1232 2422 consuevit
1247 2402 1279 2421 os
1296 2393 1404 2421 stetere.
1428 2394 1497 2420 Vei-c
1515 2393 1638 2429 quilibet
1653 2393 1742 2421 hodie
1761 2397 1855 2429 polest

1080 2442 1176 2469 dicere
1201 2440 1273 2468 illud
1300 2442 1377 2467 lsaiae
1391 2441 1410 2456 ¹⁵
1429 2449 1434 2466 z
1455 2451 1467 2465 «
1483 2441 1528 2467 Vn}
1544 2440 1630 2473 mihi,
1648 2439 1719 2475 qnia
1735 2440 1821 2475 tacui,
1837 2452 1850 2466 »

1080 2489 1110 2516 id
1126 2491 1177 2522 est,
1191 2488 1308 2516 abonis
1321 2487 1386 2514 silui
1405 2496 1410 2514 :
1429 2498 1441 2511 a
1460 2487 1532 2523 quia
1552 2487 1596 2513 vir
1611 2486 1742 2522 pollutus
1757 2487 1793 2522 (h)
1812 2487 1853 2515 la-

1082 2566 1124 2589 lili.
1137 2566 1178 2593 Vl,
1191 2572 1211 2587 c.
1231 2562 1570 2590 uzi„‹l0·1'r1'wt.-—¹¹Lw··.
1583 2567 1617 2592 Vl,
1629 2562 1668 2585 43.
1681 2574 1706 2578 -
1723 2562 1741 2577 ¹²
1753 2563 1855 2591 ,i111!{'¹.,

1083 2598 1447 2629 xx·-·‚*.:J·.—¹'*J=1l›‚xi,i.
1462 2610 1492 2614 —
1509 2597 1525 2612 ¹⁸
1543 2597 1610 2621 I'xul.
1627 2602 1650 2627 V,
1668 2599 1703 2620 ll.
1717 2610 1744 2614 —
1762 2598 1778 2613 ¹⁸
1796 2598 1855 2627 len„

1083 2643 1116 2662 xi,
1134 2645 1155 2659 ιι,

1113 2683 1147 2712 (ιι)
1169 2680 1238 2710 l'uly.
1255 2680 1385 2711 puritia-uic
1413 2691 1440 2696 —
1458 2678 1489 2708 th)
1507 2678 1566 2701 coel.
1583 2676 1644 2701 edil.
1660 2678 1770 2708 pollutis.

1885 435 1965 456 Exem-

1858 465 1930 494 plum·
