2029 3052
601 235 885 269 RESPONSIONlS
907 237 1064 270 TERTIAE
1088 239 1215 273 CAPUT
1237 241 1290 273 ΙΙΙ.

139 298 245 330 volam
259 300 442 340 arbitratur,
457 304 545 334 utne
555 305 703 335 vereatur
714 304 828 344 dicere,
845 305 916 336 ideo

139 352 301 386 Christum
318 365 490 397 pauperem
508 357 639 397 factum,
655 359 733 399 quia
753 368 817 390 nou
842 369 914 390 oni-

137 415 193 438 nes
216 411 348 448 possunt
371 409 483 442 divites
506 411 586 443 ficri.
611 411 644 443 Si
664 413 767 452 igitur
786 415 916 453 possent

136 469 248 492 omnes
262 462 391 503 adipisci
405 464 542 505 divitias,
559 466 639 498 sicut
652 469 682 498 et
695 469 914 508 paupertatem

136 523 309 555 assumere,
327 526 419 558 aeque
434 519 514 551 bene
538 520 588 551 vel
603 521 721 560 magis,
737 521 914 553 secuudum

134 567 218 600 hanc
233 570 399 610 profanam
415 572 601 613 doctrinam,
625 574 768 606 Christus
787 575 914 606 debuis-

135 623 182 653 set
206 623 436 664 temporalibus
462 626 555 658 bonis
582 627 672 659 dives
698 638 784 668 esse,
815 639 912 669 quam

134 684 266 716 pauper.
296 677 385 715 Quod
411 679 437 710 si
466 689 580 712 verum
602 684 662 721 est,
688 686 857 724 paupertas
882 683 914 714 in

133 729 224 760 nullo
239 731 409 771 praefertur
428 733 567 773 divitiis3
593 744 651 766 nec
669 737 774 776 magis
788 738 834 768 est
850 747 915 769 me-

133 782 280 815 ritorium
296 794 354 825 pro
375 785 499 818 Christo
521 797 695 828 pauperem
716 790 798 828 fieri,
815 800 913 831 quam

133 837 292 876 possidere
300 838 439 870 divitias.
453 840 663 882 Quapropter,
678 843 761 874 sicut
771 844 913 876 Christus

131 891 212 922 dixit
226 891 415 924 adolescenti
431 893 519 925 diviti
533 894 541 911 ¹
557 905 563 925 t
589 895 677 928 Vade
694 899 722 929 et
744 897 854 937 vende,
869 898 912 930 ita

132 945 311 977 seeundum
326 946 387 978 hoc
402 947 680 980 antichristianum
694 950 824 990 dogma,
852 952 912 983 dici

131 999 235 1037 potest
250 1001 281 1030 et
295 1000 427 1040 pauperi
442 1012 448 1032 :
466 1000 497 1032 Si
509 1002 558 1032 vis
571 1003 726 1042 perfectus
740 1014 819 1044 esse,
833 1006 912 1037 vade

131 1053 162 1082 et
178 1052 314 1092 posside.
333 1053 467 1094 Insuper
491 1065 565 1087 cum
587 1057 671 1096 dicit,
695 1059 780 1099 quod
799 1069 911 1092 omnes

131 1108 266 1145 possunt
284 1116 440 1147 pauperes
455 1117 534 1147 esse,
551 1112 606 1141 aut
621 1111 772 1152 intelligit
787 1114 824 1144 de
837 1123 912 1154 pau-

130 1161 251 1199 pertate
266 1170 339 1201 quae
354 1162 450 1193 habet
470 1163 590 1204 aliquid
613 1165 646 1196 in
662 1168 836 1207 communi,
854 1178 912 1199 cu-

125 1213 271 1253 jusmodi
293 1217 340 1246 est
353 1216 387 1246 in
407 1217 582 1257 collegiatis
604 1220 742 1251 ecclesiis
755 1245 763 1260 ,
780 1223 811 1252 et
835 1224 911 1254 tunc

129 1269 176 1298 est
191 1268 319 1306 falsum,
335 1270 412 1309 quia
426 1280 490 1302 non
506 1281 628 1310 omnes,
641 1273 737 1304 etiam
753 1275 780 1305 si
798 1275 908 1315 velint,

129 1321 341 1355 admittuntur
365 1324 404 1355 ad
425 1326 560 1366 collegia
584 1327 675 1366 talia3
691 1331 747 1359 aut
761 1329 909 1370 intelligit

129 1375 167 1406 de
187 1379 373 1417 paupertate
394 1379 427 1409 in
442 1389 506 1420 qua
522 1381 602 1411 nihil
621 1381 770 1422 habetur,
785 1386 816 1414 et
831 1385 908 1415 tunc

130 1427 226 1459 etiam
249 1430 364 1462 falsum
393 1434 452 1471 est,
480 1434 556 1473 quia
581 1444 645 1465 non
669 1444 792 1474 omneS,
812 1437 908 1468 salvis

129 1483 278 1521 statibus,
305 1494 386 1525 quos
408 1486 442 1516 in
467 1486 605 1519 Ecclesia
629 1489 803 1521 universali
825 1491 908 1523 Deus

128 1545 197 1567 esse
211 1537 358 1578 instituit,
375 1540 459 1571 hanc
473 1545 607 1581 possunt
623 1546 841 1584 paupertatem
856 1546 908 1577 eli-

129 1599 218 1630 gere,
235 1592 316 1623 sicut
332 1596 416 1633 patet
431 1595 463 1625 in
480 1596 613 1635 regibus
637 1600 667 1628 et
690 1599 904 1640 principibus,

127 1645 291 1685 militibus,
309 1648 529 1692 popularibus,
546 1652 733 1692 caeterisque
755 1653 906 1685 habenti-

126 1697 187 1729 bus
200 1709 318 1731 uxores
334 1704 365 1732 et
380 1702 472 1734 filios.
496 1703 535 1734 Et
549 1705 701 1745 quoniam
717 1707 772 1747 qui
787 1717 805 1737 a
820 1711 906 1740 recta

126 1752 270 1784 veritatis
285 1755 339 1785 via
355 1755 496 1796 discedit,
523 1768 579 1798 per
597 1760 689 1791 devia
703 1764 843 1801 vagatur
858 1772 906 1793 er-

126 1813 247 1844 rorum,
263 1807 338 1838 hinc
354 1811 511 1849 provenit,
529 1812 614 1851 quod
635 1813 673 1843 de
689 1813 804 1845 Christi
824 1815 905 1855 fuga

124 1858 441 1901 inconsequentibus
456 1864 600 1904 loquens,
627 1866 660 1896 iu
677 1867 777 1898 multa
796 1869 904 1900 incidit

124 1912 213 1944 falsa.
232 1914 342 1946 Dicens
363 1917 449 1956 quod
473 1918 617 1949 Christus
638 1920 745 1951 docuit
767 1921 904 1953 honores

123 1975 191 1997 esse
206 1967 384 2007 fugiendos,
401 1979 466 2001 non
482 1971 720 2011 ecclesiasticos,
737 1975 791 2005 scd
807 1985 903 2006 mun-

122 2020 231 2060 danos,
248 2023 324 2062 quia
338 2025 512 2062 acceptavit
527 2025 682 2058 honorem
698 2028 731 2058 in
755 2028 903 2061 Hierusa-

121 2074 184 2105 lem
202 2076 261 2106 sibi
276 2077 457 2109 exhibitum
472 2081 507 2110 ut
525 2080 710 2120 prophetae,
736 2083 792 2122 qui
814 2084 902 2123 prius

121 2129 249 2168 fugerat
280 2131 435 2163 honorem
471 2133 530 2163 sibi
569 2134 712 2165 oblatum
740 2138 776 2167 ut
805 2137 899 2176 regi,

121 2192 270 2223 expresse
284 2186 386 2216 textui
404 2188 593 2219 contradicit
607 2191 802 2229 evangelico.
820 2191 901 2223 Nam

122 2237 155 2267 in
169 2237 291 2269 Jocmne
307 2238 423 2270 dicitur
440 2242 450 2258 ‘2
465 2241 654 2275 Benedictus
678 2246 734 2283 qui
754 2247 843 2277 venit
864 2247 901 2277 in

123 2292 253 2323 nomine
277 2292 409 2325 Domini
424 2294 493 2326 Rex
508 2295 618 2327 Israel.
642 2297 681 2327 Et
705 2299 737 2328 in
752 2298 860 2331 Marco
877 2300 898 2338 ³,

121 2346 204 2383 quod
227 2346 330 2377 turhae
353 2347 533 2379 clamabant
558 2351 718 2382 dicentes:
750 2353 901 2385 Benedic-

122 2401 189 2430 tum
203 2399 289 2439 quod
302 2401 391 2432 venit
403 2409 535 2441 reynum
550 2405 656 2442 patris
664 2407 768 2437 nostri
780 2408 897 2439 David.

122 2450 225 2492 Super
234 2453 320 2493 quod
338 2453 422 2485 Beda
439 2465 445 2484 2
468 2465 483 2483 «
498 2454 568 2486 Non
583 2458 727 2496 reprimit
744 2468 836 2490 voces
851 2470 901 2491 eo-

121 2513 211 2544 rum,
235 2507 290 2546 qui
312 2517 453 2547 regnum
478 2510 668 2548 patriarchae
692 2512 791 2544 David
809 2514 841 2545 in
861 2524 898 2546 eo

109 2562 382 2600 Jestaurandum,
407 2566 437 2594 et
461 2563 574 2603 priseae
605 2564 645 2604 (α)
672 2566 898 2600 benedictionis

155 2659 158 2671 ¹
176 2659 276 2687 Mami„
293 2667 346 2691 x1x,
363 2663 401 2685 21.
413 2675 445 2679 ——
460 2663 468 2678 Ξ
480 2663 561 2691 dona„
578 2670 624 2692 xm,
641 2666 669 2688 r13
690 2679 720 2682 —
736 2667 745 2682 3
758 2667 847 2695 Δίωνα,
861 2674 898 2698 x1,

123 2696 159 2719 10.
174 2709 203 2713 -—-
218 2695 227 2711 ¹¹
243 2696 329 2727 Greg.‚
344 2697 377 2720 ad
391 2698 480 2721 Lewicl.
496 2699 604 2730 lla-pal„
620 2700 663 2724 lib.
681 2702 722 2733 lX,
739 2703 809 2733 epist.
827 2711 896 2728 cxxc

123 2745 150 2748 —-
165 2732 175 2748 ¹⁵
189 2732 237 2762 ld.,
250 2733 345 2756 Pastor.
363 2741 416 2758 cur.
432 2737 496 2765 part.
514 2736 531 2765 Ι,
547 2742 569 2759 c.
586 2742 625 2760 111.
643 2751 668 2754 —
687 2740 695 2752 δ’
708 2740 773 2770 Aac,
791 2746 828 2770 ιιι,
845 2743 863 2764 l.

1694 248 1752 278 2183

973 307 1056 338 dona
1072 309 1289 349 recuperanda
1302 310 1485 343 concinunt.
1501 311 1539 343 Ut
1556 313 1632 353 quid
1650 313 1752 354 igitur

972 361 1057 400 quod
1070 362 1158 402 prius
1169 363 1322 403 fugiendo
1339 364 1520 404 declinavit,
1538 367 1633 398 modo
1650 367 1752 399 libens

971 414 1192 455 amplectitur,
1217 417 1278 448 nisi
1300 421 1335 449 ut
1359 421 1466 460 aperte
1489 419 1637 459 doceret,
1665 422 1751 462 quod

971 477 1032 499 non
1048 471 1230 510 temporalis
1245 475 1275 503 et
1290 473 1420 512 terreni,
1439 474 1493 505 sed
1506 475 1618 506 aeterni
1634 475 1667 505 in
1687 484 1750 507 coe-

969 522 1009 553 lis
1033 522 1098 554 Rex
1123 527 1204 556 essct
1226 526 1361 566 imperii,
1379 528 1418 559 ad
1440 529 1525 568 quod
1547 529 1686 570 profecto
1700 539 1750 561 re-

971 584 1086 615 gnum,
1112 587 1170 618 per
1193 582 1412 621 contemptum
1436 582 1548 613 mortis
1567 585 1598 614 et
1613 583 1749 623 gloriam

968 632 1210 663 resurrectionis
1237 635 1417 673 perveniret
1434 635 1497 675 (b)‘.>
1513 646 1526 664 n
1546 636 1592 667 Ex
1618 636 1667 667 his
1691 636 1753 668 cla-

969 693 1043 715 rum
1063 686 1121 723 est,
1147 686 1232 726 quod
1255 687 1377 719 Christo
1397 689 1559 720 exhibitus
1574 690 1632 721 fuit
1648 690 1751 721 honor

968 738 1097 777 regalis,
1115 748 1179 770 non
1191 740 1395 780 prophetalis,
1412 751 1469 773 seu
1485 743 1697 782 sacerdotalis,
1715 747 1751 775 ut

968 790 1055 831 dicit,
1068 802 1165 832 quem
1181 795 1287 825 tamen
1299 796 1473 835 acceptavit
1488 799 1618 837 propter
1629 799 1748 838 myste-

967 845 1054 876 rium
1069 849 1187 878 nostrae
1211 849 1332 888 salutis,
1357 851 1387 880 et
1412 852 1541 890 propter
1563 851 1749 892 exemplum

967 897 1168 940 humilitatis,
1191 903 1336 934 utetiam
1360 903 1400 933 ab
1426 903 1475 934 his
1496 904 1593 936 oblati
1618 905 1749 936 honoris

967 961 1033 983 non
1053 957 1214 986 recusaret
1237 957 1441 997 obsequium,
1467 967 1486 989 a
1509 959 1626 999 quibus
1652 959 1748 1000 paulo

968 1009 1038 1047 post
1053 1009 1308 1049 crucifigendum
1326 1020 1359 1042 se
1374 1021 1442 1043 esse
1457 1012 1586 1044 sciebat.
1600 1013 1688 1044 Tunc
1704 1014 1747 1044 si-

967 1062 1107 1102 quidem,
1123 1063 1206 1094 inter
1221 1064 1423 1097 laudantium
1439 1067 1470 1097 et
1485 1066 1748 1107 applaudentium

967 1125 1072 1155 voceS,
1088 1117 1277 1150 humilitatis
1296 1122 1326 1150 et
1342 1120 1466 1160 pietatis
1480 1129 1545 1151 non
1564 1121 1746 1162 immemor,

966 1179 1063 1210 super
1078 1172 1164 1202 aselli
1180 1174 1311 1213 tergum
1327 1174 1436 1205 sedere
1450 1184 1516 1206 non
1531 1175 1660 1206 erubuit
1672 1186 1679 1215 3
1692 1176 1748 1207 sed

966 1224 1061 1254 etiam
1079 1226 1223 1265 copiosos
1241 1227 1459 1268 lacrymarum
1484 1229 1603 1260 imbres
1619 1230 1744 1262 effudit.

966 1278 1026 1309 Per
1041 1279 1129 1310 hunc
1152 1280 1247 1311 etiam
1263 1282 1407 1320 modum,
1432 1283 1560 1323 quando
1575 1284 1745 1325 discipulo-

964 1341 1039 1362 rum
1055 1333 1151 1372 pedes
1172 1334 1337 1367 humiliter
1358 1336 1472 1376 abluit,
1494 1347 1527 1368 se
1550 1338 1745 1378 magistrum

964 1388 996 1416 et
1010 1386 1181 1419 Dominum
1197 1398 1275 1428 esse,
1289 1392 1320 1420 et
1331 1390 1390 1421 dici
1402 1391 1516 1422 debere
1532 1393 1743 1425 monstravit:

963 1442 1000 1471 ut
1021 1450 1076 1481 per
1092 1442 1338 1475 declarationem
1354 1445 1457 1484 regiae
1475 1445 1683 1486 celsitudinis,
1701 1448 1745 1478 di-

963 1494 1101 1535 scipulos
1117 1496 1248 1528 duceret
1262 1498 1301 1529 ad
1314 1498 1526 1530 imitationem
1537 1502 1674 1532 ostensae
1684 1501 1744 1533 hu-

964 1549 1118 1581 militatis.
1137 1550 1215 1582 Mira
1227 1552 1329 1592 igitur
1344 1554 1533 1593 perversitas
1543 1557 1601 1593 est,
1613 1565 1650 1586 ea
1669 1565 1742 1596 quae

963 1601 1128 1643 Scriptura
1144 1605 1316 1637 introducit
1339 1607 1371 1637 in
1392 1608 1577 1648 exemplum
1594 1609 1742 1649 abjectio-

964 1657 1030 1696 nis,
1057 1658 1095 1688 ad
1120 1658 1300 1690 fomentum
1325 1661 1508 1692 ambitionis
1537 1662 1741 1703 intorquere,

962 1711 1052 1750 quasi
1070 1721 1132 1742 non
1148 1712 1188 1742 sit
1208 1713 1399 1745 humilitatis
1414 1715 1517 1746 virtus
1536 1716 1675 1748 honores
1690 1726 1740 1748 ec-

961 1765 1150 1797 clesiasticos
1166 1767 1290 1806 sugere,
1315 1778 1372 1799 nec
1391 1770 1551 1809 superbiae
1571 1771 1687 1802 vitium
1702 1773 1741 1803 ad

962 1818 1032 1849 illos
1044 1820 1196 1859 aspirare.
1213 1821 1310 1861 Cujus
1325 1823 1521 1854 contrarium
1533 1825 1608 1855 dicit
1622 1825 1741 1865 Grego-

961 1872 1029 1903 rius
1045 1873 1077 1903 in
1093 1874 1266 1913 registrotz
1285 1887 1299 1905 α
1310 1875 1390 1915 Ego,
1402 1887 1415 1904 n
1434 1877 1550 1917 inquit,
1568 1879 1676 1910 «viam
1693 1889 1741 1910 ca-

961 1926 1033 1965 pitis
1061 1927 1124 1957 mei
1143 1938 1299 1968 sequens,
1317 1939 1521 1971 summopere
1535 1932 1738 1964 decreveram

960 1989 1028 2010 esse
1048 1982 1256 2021 opprobrium
1276 1983 1456 2023 hominum,
1481 1988 1511 2016 et
1526 1986 1660 2026 abJectio
1675 1988 1739 2028 ple—

960 2033 1018 2064 bis.
1033 2044 1048 2062 »
1069 2034 1103 2065 ln
1118 2045 1181 2073 quo
1199 2037 1362 2068 manifeste
1372 2039 1508 2070 ostendit
1518 2041 1603 2080 quod
1615 2041 1646 2071 in
1659 2042 1738 2082 fuga

959 2088 1157 2119 ecclesiastici
1190 2090 1322 2121 honoris
1357 2095 1403 2122 est
1438 2093 1574 2125 imitatio
1610 2094 1736 2127 Christi.

960 2140 1110 2182 Idemque
1134 2152 1263 2184 quoque
1289 2145 1322 2175 in
1346 2145 1506 2178 Ραεῐονίιίί
1531 2148 1540 2164 ⁵
1568 2159 1573 2178 :
1598 2160 1612 2177 (ι
1633 2149 1737 2181 Nolite

955 2195 1063 2234 plures
1084 2198 1233 2236 maqz'strz‘
1247 2198 1322 2236 fieri
1338 2199 1358 2228 θ.
1384 2199 1463 2230 Hinc
1479 2201 1546 2240 ipse
1564 2201 1616 2232 Dei
1631 2205 1662 2233 et
1677 2203 1734 2234 ho-

960 2250 1084 2281 minum
1106 2251 1259 2282 mediator
1279 2261 1419 2292 regnum
1442 2255 1604 2295 percipere
1625 2257 1737 2288 vitavit

958 2302 990 2333 in
1005 2304 1117 2342 terris,
1131 2304 1187 2344 qui
1203 2314 1417 2346 supernorum
1438 2309 1609 2348 spirituum
1633 2311 1735 2341 scien-

958 2357 1032 2387 tiam
1049 2367 1244 2398 sensumque
1269 2361 1515 2400 transcendens,
1542 2366 1615 2394 ante
1631 2365 1735 2395 secula

957 2413 1072 2450 regnat
1086 2411 1118 2441 in
1144 2412 1242 2443 coelIs.
1266 2414 1326 2451 Qui
1341 2416 1426 2445 enim
1453 2416 1567 2447 idcireo
1590 2418 1734 2449 incarne

957 2468 1098 2503 venerat,
1120 2468 1156 2496 ut
1178 2476 1242 2496 non
1266 2468 1371 2499 solum
1391 2478 1450 2500 nos
1474 2479 1527 2509 per
1551 2472 1733 2510 passionem

956 2518 1135 2555 redimeret,
1152 2521 1364 2552 verumetiam
1380 2532 1435 2562 per
1450 2533 1542 2554 suam
1560 2534 1732 2557 conversa-

956 2571 1075 2601 tionem
1096 2572 1232 2611 doceret,
1257 2575 1441 2615 exemplum
1466 2586 1499 2607 se
1525 2579 1732 2618 sequentibus

955 2625 1114 2664 praehens,
1131 2635 1189 2657 rex
1204 2627 1272 2658 fieri
1288 2628 1401 2669 noluit,
1417 2629 1457 2660 ad
1470 2631 1572 2662 crucis
1590 2642 1666 2664 vero
1683 2644 1734 2673 pa-

987 2706 1020 2736 la)
1045 2707 1080 2730 lla
1099 2708 1167 2738 aliud
1178 2709 1236 2733 Berl.
1256 2709 1315 2734 Coet.
1331 2710 1391 2736 edit.
1406 2718 1491 2742 prece.
1513 2730 1516 2732 .

955 2743 1139 2772 perveniretur.

1547 2713 1579 2743 (b)
1597 2715 1658 2737 t'oet.
1673 2714 1732 2738 edit.
