2029 3052
903 334 1130 376 OFFICIUM

315 457 407 512 DE
451 450 937 510 COMPASSIONE
981 451 1041 505 B.
1087 447 1328 529 MARIAE
1374 432 1721 502 VIRGINIS¹

889 731 1158 769 ARGUMENTUM

771 815 829 851 (Ea,-
849 814 912 842 edic.
937 814 1086 848 Vaticana,
1108 821 1154 840 an.
1182 811 1276 847 4596.)

259 901 414 936 Officium
423 901 464 934 de
473 898 706 945 Compassione
717 896 827 930 Beatae
840 895 952 929 Mariae
962 894 1113 939 Virginis
1127 905 1145 927 a
1160 893 1323 926 Matutino
1334 892 1374 926 ad
1385 891 1645 938 Completorium
1657 901 1762 936 usque
1771 889 1829 924 de-

215 964 290 994 vote
300 959 510 994 concinnavit
520 958 657 999 Auctor,
673 956 757 991 sicut
768 954 852 988 illud
863 954 903 988 de
914 953 1069 987 Passione
1081 952 1228 994 Domini,
1238 951 1328 996 quod
1341 950 1481 984 habetur
1497 961 1599 995 supra
1618 949 1750 995 (pagina
1762 949 1824 984 155

215 1019 318 1064 hujus
334 1019 439 1063 tomi).
458 1016 625 1062 Exprimit
639 1015 674 1048 in
685 1026 724 1048 eo
734 1013 848 1047 Matris
859 1011 1076 1046 moestissimae
1087 1009 1308 1056 pientissimos
1318 1008 1454 1042 affectus
1470 1008 1513 1041 ob
1530 1007 1734 1041 dilectissimi
1748 1007 1827 1041 Filii

216 1077 401 1122 passionem
416 1080 448 1110 ct
463 1079 615 1109 mortem.
633 1073 695 1107 Cui
710 1072 845 1118 quidem
861 1069 1073 1119 sanctissimae
1095 1068 1191 1102 Matri
1215 1066 1370 1112 compati,
1389 1066 1538 1099 eamdem
1556 1065 1681 1111 precari
1696 1076 1757 1099 nos
1769 1065 1827 1099 do-

216 1141 278 1179 cet,
295 1139 333 1170 ut
347 1135 500 1180 impetret
514 1133 610 1167 nobis
623 1144 643 1166 a
656 1131 741 1165 Filio
756 1141 816 1164 suo
832 1129 974 1163 Domino
990 1131 1102 1161 nostro
1115 1137 1228 1159 veram
1243 1125 1351 1159 cordis
1364 1123 1665 1170 compunctionem,
1676 1134 1743 1169 qua
1756 1133 1829 1168 pec-

216 1194 280 1228 cati
301 1193 497 1238 gravitatem
518 1191 708 1232 sentientes,
734 1189 887 1222 eluamus
911 1185 1114 1232 poenitentiae
1133 1184 1290 1228 lacrymis
1313 1187 1424 1216 nostra
1444 1182 1578 1224 delicta,
1595 1181 1637 1215 ob
1653 1193 1728 1227 quae
1741 1181 1828 1215 idem

217 1252 381 1286 Dominus
395 1254 534 1285 mortem
549 1249 655 1283 crucis
668 1247 816 1293 pertulit.
839 1246 924 1279 Dum
942 1255 1019 1278 vero
1030 1244 1065 1277 S.
1079 1244 1313 1277 Bonaventura
1327 1241 1365 1274 B.
1380 1241 1528 1284 Virginis
1543 1240 1658 1274 Matris
1670 1240 1711 1274 de
1725 1243 1829 1273 morte

216 1310 296 1344 Filii
308 1313 504 1354 conceptum
519 1307 666 1342 dolorem
681 1317 738 1351 per
755 1305 863 1338 varios
878 1303 1041 1337 moestitioe
1059 1302 1197 1335 affectus
1212 1303 1400 1343 exaggerat,
1423 1299 1457 1332 in
1479 1299 1582 1344 ipsius
1595 1298 1697 1332 sancti
1714 1298 1830 1331 Docto-

219 1368 265 1402 ris
279 1368 389 1402 verbis
404 1367 514 1412 potius
528 1370 576 1399 est
590 1363 810 1398 attendendus
832 1363 943 1396 servor
964 1362 1025 1406 piae
1048 1359 1246 1400 devotionis,
1263 1369 1363 1403 quam
1383 1358 1472 1401 rigor
1487 1357 1626 1402 propriae
1640 1356 1827 1390 locutionis.

220 1426 381 1466 Quamvis
395 1425 484 1459 enim
502 1424 674 1468 virgineus
688 1422 783 1456 dolor
804 1421 898 1466 plene
919 1419 1067 1453 enarrari
1082 1422 1140 1451 aut
1155 1416 1281 1461 concipi
1297 1427 1363 1449 non
1380 1415 1492 1460 possit,
1509 1414 1573 1448 nisi
1588 1419 1716 1448 tantum
1732 1414 1832 1448 fnisse

221 1484 407 1526 credamus,
424 1486 588 1529 quantum
605 1492 755 1527 unquam
771 1479 882 1513 dolere
896 1477 1005 1524 potuit
1027 1476 1067 1510 de
1083 1475 1139 1509 tali
1156 1474 1240 1508 Filio
1261 1473 1335 1507 talis
1348 1473 1472 1516 Mater;
1495 1486 1512 1505 a
1527 1476 1770 1511 verumtamen,
1787 1472 1833 1506 ait

222 1542 412 1576 Bernardus
424 1541 464 1575 de
478 1540 712 1574 lamentatione
726 1537 888 1581 Virginis,
906 1540 1031 1569 rectum
1048 1539 1130 1576 erat,
1149 1533 1271 1567 amoris
1287 1537 1319 1565 et
1335 1532 1484 1566 moeroris
1497 1531 1669 1565 continens
1683 1531 1832 1564 modum.

222 1601 298 1635 Non
311 1599 517 1646 desperabat,
533 1599 588 1632 sed
605 1598 656 1643 pie
672 1602 702 1630 et
715 1597 802 1642 juste
820 1595 965 1637 dolebat,
982 1604 1117 1638 sperans
1132 1596 1241 1625 tamen
1255 1591 1462 1636 firmiterque
1477 1590 1710 1635 tenensipsum
1721 1600 1837 1623 secun-

224 1660 305 1693 dum
321 1659 521 1704 promissum
541 1668 638 1690 suuni
658 1655 751 1689 tertia
775 1655 827 1687 die
844 1664 1027 1696 resurgere.
1048 1665 1064 1683 »
1087 1651 1163 1684 tlaec
1183 1649 1390 1690 Bernardus;
1413 1649 1508 1693 cujus
1527 1649 1762 1682 documentum
1782 1659 1838 1692 ap-

226 1729 347 1764 ponere
365 1717 418 1750 hic
432 1717 542 1749 visum
560 1720 608 1748 est
627 1715 660 1747 in
677 1713 855 1747 utilitatem
873 1711 1161 1750 concionatorum,
1179 1708 1237 1752 qui
1258 1709 1292 1740 in
1307 1707 1501 1741 enarrandis
1523 1706 1646 1740 doloris
1669 1706 1840 1739 affectibus

230 1776 334 1822 ipsius
356 1774 569 1809 sanctissimae
588 1773 738 1817 Virginis
759 1783 830 1805 eam
857 1769 1117 1804 moderationem
1140 1766 1296 1800 adhibere
1315 1766 1446 1808 dehent,
1470 1777 1510 1799 ne
1530 1765 1611 1799 dnm
1631 1765 1840 1798 acerbitatem

227 1834 352 1868 doloris
367 1833 508 1878 virginei
522 1831 717 1877 ponderant,
735 1835 766 1864 et
780 1829 1000 1874 amplificant,
1017 1827 1088 1872 ejus
1103 1826 1258 1869 dignitati
1273 1830 1304 1859 et
1318 1825 1519 1859 excellentia}
1539 1823 1726 1869 quidquam
1748 1822 1843 1856 dero-

228 1897 319 1937 gent.

1068 2092 1155 2120 Maria
1171 2091 1302 2126 Virgine,
1322 2090 1490 2126 planctibus
1505 2090 1638 2118 fruamur
1663 2089 1782 2124 intimis,
1805 2089 1848 2117 sa-

1068 2140 1127 2167 cies
1141 2138 1266 2174 rigando
1278 2137 1426 2173 lacrymis.
1438 2137 1511 2164 Cum
1525 2137 1622 2165 Maria.

1105 2190 1161 2215 (lor
1173 2189 1306 2215 nostrum
1318 2185 1423 2221 ploret,
1439 2187 1467 2212 et
1481 2185 1584 2214 oculus
1598 2188 1697 2214 noster
1711 2187 1852 2222 purgetur

1070 2234 1180 2262 amoris
1203 2233 1343 2260 stimulo:
1367 2233 1440 2260 hue!
1464 2234 1551 2260 Mater
1569 2241 1672 2261 carens
1696 2232 1851 2268 contagio,

1071 2284 1129 2309 tam
1151 2280 1231 2308 dulci
1247 2280 1379 2316 privatur
1394 2279 1474 2307 Filio.
1491 2280 1600 2307 Venite.

1109 2331 1251 2357 lnnoccns
1261 2330 1287 2355 et
1303 2335 1408 2363 expers
1419 2327 1560 2361 criminis,
1576 2328 1701 2356 moritur
1716 2328 1851 2355 misertus

1073 2375 1215 2409 liominis;
1239 2374 1374 2401 moeroris
1398 2374 1489 2402 simus
1508 2374 1648 2408 consocii,
1672 2382 1739 2402 cum
1759 2373 1851 2401 simus

1075 2432 1162 2452 causa
1177 2422 1325 2459 supplicii.
1343 2424 1415 2450 Cum
1427 2423 1524 2450 Maria.

1111 2470 1209 2498 Gloria
1225 2469 1349 2504 Virginis
1365 2469 1448 2503 Filio,
1463 2470 1514 2505 qui
1530 2469 1558 2496 in
1571 2469 1627 2496 hoc
1643 2468 1743 2502 exilio,
1759 2476 1788 2495 se
1800 2468 1852 2495 ‹lc-

1077 2518 1119 2545 dit
1135 2517 1285 2544 tormentis
1301 2517 1427 2552 asperis,
1443 2516 1534 2543 vitam
1551 2515 1704 2543 reddendo
1726 2515 1849 2543 miseris.

279 2572 396 2605 Venite,
419 2579 515 2599 mares
539 2569 741 2604 soeminoeque,
771 2569 922 2603 ploremus
953 2576 1020 2595 cum
1079 2564 1176 2592 Venite
1192 2564 1361 2591 adoremus
1378 2565 1450 2591 Cum
1466 2563 1553 2591 Maria
1568 2562 1699 2597 Virgine,
1716 2565 1769 2590 etc.

488 2127 533 2153 AD
552 2124 756 2153 MATUTtNUM.

272 2221 405 2256 Domine,
420 2220 501 2248 labia
516 2227 583 2247 mea
597 2218 720 2254 aperies.

269 2271 299 2304 ιῆ.
313 2270 344 2296 Et
358 2276 392 2296 os
406 2275 516 2300 meum,
530 2268 583 2293 etc,

272 2318 301 2349 5.
319 2317 404 2349 Dens,
420 2315 449 2342 in
464 2313 646 2348 adjutorium
661 2319 772 2341 meum,
788 2312 841 2338 etc.

272 2365 418 2391 Invitator.
440 2362 512 2388 Cum
534 2359 622 2387 Maria
643 2359 759 2393 Virgine
782 2356 894 2384 fervide
916 2355 1015 2391 plore-

238 2419 305 2439 mus
320 2410 349 2438 in
364 2408 500 2445 sepulcro
511 2407 650 2443 positum.
668 2406 766 2433 Venite
783 2405 951 2432 adoremus.

563 2500 697 2526 Psmws.

278 2637 285 2653 ¹
302 2636 342 2666 Cs‘.
361 2636 424 2659 Edit.
443 2637 557 2666 Argent„
573 2641 614 2658 an.
635 2634 703 2661 1403,
721 2635 785 2662 part.
802 2633 834 2657 ll:
851 2633 910 2656 mlii.
930 2631 1022 2657 Vati-n.
1079 2631 1140 2653 tom.
1159 2630 1175 2653 lt
1190 2637 1195 2658 3
1210 2629 1268 2652 mlit.
1285 2629 1590 2659 Lugii,an.10·t7,tou1.
1608 2629 1625 2659 Ι,
1643 2636 1699 2659 νειμ.
1718 2630 1776 2659 »4873
1792 2629 1851 2652 vdit.

247 2680 287 2697 au.
310 2673 384 2702 1596,
405 2674 466 2695 tom.
488 2672 535 2701 Vt,
557 2677 615 2701 pag.
640 2671 697 2694 685:
720 2669 778 2692 odit.
801 2669 873 2693 Yvn.
895 2675 935 2691 :nr
954 2669 1023 2694 1011,
1081 2668 1154 2693 Vrii..
1170 2673 1201 2688 :m
1229 2666 1298 2694 17:24,
1313 2668 1374 2689 tom.
1392 2665 1457 2695 Xlll,
1474 2672 1531 2695 pag.
1548 2666 1601 2688 2213.
