<?xml version="1.0" encoding="UTF-8"?>
<!DOCTYPE html PUBLIC "-//W3C//DTD XHTML 1.0 Transitional//EN"
    "http://www.w3.org/TR/xhtml1/DTD/xhtml1-transitional.dtd">
<html xmlns="http://www.w3.org/1999/xhtml" xml:lang="en" lang="en">
 <head>
  <title>
</title>
<meta http-equiv="Content-Type" content="text/html;charset=utf-8" />
  <meta name='ocr-system' content='tesseract 3.04.00' />
  <meta name='ocr-capabilities' content='ocr_page ocr_carea ocr_par ocr_line ocrx_word'/>
</head>
<body>
  <div class='ocr_page' id='page_1' title='image "./operaomniasixtiv14bonauoft/operaomniasixtiv14bonauoft_0591.png"; bbox 0 0 2029 3052; ppageno 0'>
   <div class='ocr_carea' id='block_1_1' title="bbox 688 233 1260 269">
    <p class='ocr_par' dir='ltr' id='par_1_1' title="bbox 688 233 1260 269">
     <span class='ocr_line' id='line_1_1' title="bbox 688 233 1260 269; baseline 0 -1"><span class='ocrx_word' id='word_1_1' title='bbox 688 234 739 268; x_wconf 91' lang='lat' dir='ltr'>ET</span> <span class='ocrx_word' id='word_1_2' title='bbox 760 233 1049 268; x_wconf 86' lang='lat' dir='ltr'><strong>GONFESSIONES</strong></span> <span class='ocrx_word' id='word_1_3' title='bbox 1070 235 1260 269; x_wconf 83' lang='lat' dir='ltr'>AUDlANT.</span> 
     </span>
    </p>
   </div>
   <div class='ocr_carea' id='block_1_2' title="bbox 164 301 945 505">
    <p class='ocr_par' dir='ltr' id='par_1_2' title="bbox 164 301 945 505">
     <span class='ocr_line' id='line_1_2' title="bbox 209 301 945 345; baseline 0 -11"><span class='ocrx_word' id='word_1_4' title='bbox 209 301 298 340; x_wconf 89' lang='lat' dir='ltr'>Quod</span> <span class='ocrx_word' id='word_1_5' title='bbox 317 304 425 336; x_wconf 88' lang='lat' dir='ltr'>autem</span> <span class='ocrx_word' id='word_1_6' title='bbox 447 303 581 343; x_wconf 87' lang='lat' dir='ltr'>dicitur,</span> <span class='ocrx_word' id='word_1_7' title='bbox 603 303 690 345; x_wconf 86' lang='lat' dir='ltr'>quod</span> <span class='ocrx_word' id='word_1_8' title='bbox 715 302 874 335; x_wconf 87' lang='lat' dir='ltr'>sententia</span> <span class='ocrx_word' id='word_1_9' title='bbox 889 311 945 335; x_wconf 85' lang='lat' dir='ltr'>ex-</span> 
     </span>
     <span class='ocr_line' id='line_1_3' title="bbox 168 356 941 398; baseline 0.001 -11"><span class='ocrx_word' id='word_1_10' title='bbox 168 356 477 396; x_wconf 83' lang='lat' dir='ltr'><strong>communicationis,</strong></span> <span class='ocrx_word' id='word_1_11' title='bbox 499 357 566 389; x_wconf 87' lang='lat' dir='ltr'>sive</span> <span class='ocrx_word' id='word_1_12' title='bbox 587 358 692 398; x_wconf 67' lang='grc'><strong>30510,</strong></span> <span class='ocrx_word' id='word_1_13' title='bbox 723 357 792 389; x_wconf 84' lang='grc' dir='ltr'>51νο</span> <span class='ocrx_word' id='word_1_14' title='bbox 810 356 941 397; x_wconf 79' lang='lat' dir='ltr'>iniusta,</span> 
     </span>
     <span class='ocr_line' id='line_1_4' title="bbox 167 410 945 452; baseline 0.001 -11"><span class='ocrx_word' id='word_1_15' title='bbox 167 418 294 451; x_wconf 88' lang='lat' dir='ltr'>semper</span> <span class='ocrx_word' id='word_1_16' title='bbox 305 411 352 442; x_wconf 87' lang='lat' dir='ltr'>est</span> <span class='ocrx_word' id='word_1_17' title='bbox 368 410 522 450; x_wconf 88' lang='lat' dir='ltr'>timenda;</span> <span class='ocrx_word' id='word_1_18' title='bbox 544 420 660 444; x_wconf 89' lang='lat' dir='ltr'>verum</span> <span class='ocrx_word' id='word_1_19' title='bbox 681 413 739 450; x_wconf 88' lang='lat' dir='ltr'>est,</span> <span class='ocrx_word' id='word_1_20' title='bbox 762 410 837 452; x_wconf 91' lang='lat' dir='ltr'>quia</span> <span class='ocrx_word' id='word_1_21' title='bbox 862 410 945 442; x_wconf 88' lang='lat' dir='ltr'>sicut</span> 
     </span>
     <span class='ocr_line' id='line_1_5' title="bbox 164 463 942 505; baseline 0.003 -11"><span class='ocrx_word' id='word_1_22' title='bbox 164 463 252 503; x_wconf 73' lang='lat' dir='ltr'>,iusta</span> <span class='ocrx_word' id='word_1_23' title='bbox 266 463 408 495; x_wconf 85' lang='lat' dir='ltr'>timenda</span> <span class='ocrx_word' id='word_1_24' title='bbox 420 466 467 496; x_wconf 87' lang='lat' dir='ltr'>est</span> <span class='ocrx_word' id='word_1_25' title='bbox 482 465 686 505; x_wconf 80' lang='lat' dir='ltr'>promerenti,</span> <span class='ocrx_word' id='word_1_26' title='bbox 701 465 746 496; x_wconf 89' lang='lat' dir='ltr'>ita</span> <span class='ocrx_word' id='word_1_27' title='bbox 765 465 883 505; x_wconf 87' lang='lat' dir='ltr'>injusta</span> <span class='ocrx_word' id='word_1_28' title='bbox 898 465 942 496; x_wconf 79' lang='lat' dir='ltr'>se·</span> 
     </span>
    </p>
   </div>
   <div class='ocr_carea' id='block_1_3' title="bbox 1716 237 1775 268">
    <p class='ocr_par' dir='ltr' id='par_1_3' title="bbox 1716 237 1775 268">
     <span class='ocr_line' id='line_1_6' title="bbox 1716 237 1775 268; baseline 0.017 -1"><span class='ocrx_word' id='word_1_29' title='bbox 1716 237 1775 268; x_wconf 78' lang='lat'>553</span> 
     </span>
    </p>
   </div>
   <div class='ocr_carea' id='block_1_4' title="bbox 999 303 1777 503">
    <p class='ocr_par' dir='ltr' id='par_1_4' title="bbox 999 303 1777 503">
     <span class='ocr_line' id='line_1_7' title="bbox 999 303 1777 345; baseline -0.003 -9"><span class='ocrx_word' id='word_1_30' title='bbox 999 306 1036 336; x_wconf 93' lang='lat' dir='ltr'>ut</span> <span class='ocrx_word' id='word_1_31' title='bbox 1048 304 1152 337; x_wconf 86' lang='lat' dir='ltr'>vicem</span> <span class='ocrx_word' id='word_1_32' title='bbox 1164 313 1278 336; x_wconf 91' lang='lat' dir='ltr'>eorum</span> <span class='ocrx_word' id='word_1_33' title='bbox 1289 303 1470 345; x_wconf 82' lang='lat' dir='ltr'>suppleant,</span> <span class='ocrx_word' id='word_1_34' title='bbox 1483 304 1515 335; x_wconf 92' lang='lat' dir='ltr'>et</span> <span class='ocrx_word' id='word_1_35' title='bbox 1524 303 1694 335; x_wconf 85' lang='lat' dir='ltr'>animabus</span> <span class='ocrx_word' id='word_1_36' title='bbox 1706 312 1777 344; x_wconf 89' lang='lat' dir='ltr'>per-</span> 
     </span>
     <span class='ocr_line' id='line_1_8' title="bbox 999 357 1773 396; baseline 0 -7"><span class='ocrx_word' id='word_1_37' title='bbox 999 358 1150 390; x_wconf 88' lang='lat' dir='ltr'>euntibus</span> <span class='ocrx_word' id='word_1_38' title='bbox 1173 358 1384 396; x_wconf 76' lang='lat' dir='ltr'><strong>subveniant,</strong></span> <span class='ocrx_word' id='word_1_39' title='bbox 1407 366 1449 389; x_wconf 81' lang='lat' dir='ltr'>ex</span> <span class='ocrx_word' id='word_1_40' title='bbox 1469 357 1522 388; x_wconf 87' lang='lat' dir='ltr'>his</span> <span class='ocrx_word' id='word_1_41' title='bbox 1542 357 1773 389; x_wconf 79' lang='lat' dir='ltr'><strong>consideretur.</strong></span> 
     </span>
     <span class='ocr_line' id='line_1_9' title="bbox 999 410 1774 452; baseline -0.001 -10"><span class='ocrx_word' id='word_1_42' title='bbox 999 410 1110 442; x_wconf 90' lang='lat' dir='ltr'>Omnis</span> <span class='ocrx_word' id='word_1_43' title='bbox 1123 420 1295 452; x_wconf 88' lang='lat' dir='ltr'>suspensus</span> <span class='ocrx_word' id='word_1_44' title='bbox 1309 412 1350 443; x_wconf 88' lang='lat' dir='ltr'>ab</span> <span class='ocrx_word' id='word_1_45' title='bbox 1366 411 1482 449; x_wconf 85' lang='lat' dir='ltr'>officio,</span> <span class='ocrx_word' id='word_1_46' title='bbox 1497 410 1549 442; x_wconf 89' lang='lat' dir='ltr'>vel</span> <span class='ocrx_word' id='word_1_47' title='bbox 1573 410 1774 450; x_wconf 82' lang='lat' dir='ltr'>irregularis,</span> 
     </span>
     <span class='ocr_line' id='line_1_10' title="bbox 1000 463 1776 503; baseline -0.001 -7"><span class='ocrx_word' id='word_1_48' title='bbox 1000 464 1050 496; x_wconf 92' lang='lat' dir='ltr'>vel</span> <span class='ocrx_word' id='word_1_49' title='bbox 1074 465 1385 503; x_wconf 84' lang='lat' dir='ltr'>excommunicatus,</span> <span class='ocrx_word' id='word_1_50' title='bbox 1410 464 1462 497; x_wconf 88' lang='lat' dir='ltr'>vel</span> <span class='ocrx_word' id='word_1_51' title='bbox 1481 463 1565 495; x_wconf 88' lang='lat' dir='ltr'>male</span> <span class='ocrx_word' id='word_1_52' title='bbox 1589 463 1712 495; x_wconf 85' lang='lat' dir='ltr'>intrans</span> <span class='ocrx_word' id='word_1_53' title='bbox 1736 464 1776 495; x_wconf 89' lang='lat' dir='ltr'>ad</span> 
     </span>
    </p>
   </div>
   <div class='ocr_carea' id='block_1_5' title="bbox 46 516 944 666">
    <p class='ocr_par' dir='ltr' id='par_1_5' title="bbox 46 516 944 666">
     <span class='ocr_line' id='line_1_11' title="bbox 46 516 944 560; baseline 0.003 -15"><span class='ocrx_word' id='word_1_54' title='bbox 46 525 116 560; x_wconf 54' lang='lat' dir='ltr'>casp·</span> <span class='ocrx_word' id='word_1_55' title='bbox 129 524 152 546; x_wconf 75' lang='lat' dir='ltr'>in</span> <span class='ocrx_word' id='word_1_56' title='bbox 167 516 272 556; x_wconf 88' lang='lat' dir='ltr'>renti,</span> <span class='ocrx_word' id='word_1_57' title='bbox 301 517 352 549; x_wconf 87' lang='lat' dir='ltr'>vel</span> <span class='ocrx_word' id='word_1_58' title='bbox 387 518 599 558; x_wconf 75' lang='lat' dir='ltr'>promoventi.</span> <span class='ocrx_word' id='word_1_59' title='bbox 628 518 692 550; x_wconf 81' lang='lat' dir='ltr'>Sex</span> <span class='ocrx_word' id='word_1_60' title='bbox 719 518 805 550; x_wconf 91' lang='lat' dir='ltr'>enim</span> <span class='ocrx_word' id='word_1_61' title='bbox 842 518 944 550; x_wconf 89' lang='lat' dir='ltr'>modis</span> 
     </span>
     <span class='ocr_line' id='line_1_12' title="bbox 59 556 944 613; baseline 0.002 -12"><span class='ocrx_word' id='word_1_62' title='bbox 59 556 147 609; x_wconf 51' lang='lat' dir='ltr'>{2²22ss</span> <span class='ocrx_word' id='word_1_63' title='bbox 168 570 324 602; x_wconf 85' lang='lat' dir='ltr'>sententia</span> <span class='ocrx_word' id='word_1_64' title='bbox 337 572 678 604; x_wconf 81' lang='lat' dir='ltr'>excommunicationis</span> <span class='ocrx_word' id='word_1_65' title='bbox 688 572 754 603; x_wconf 93' lang='lat' dir='ltr'>vim</span> <span class='ocrx_word' id='word_1_66' title='bbox 767 581 860 603; x_wconf 88' lang='lat' dir='ltr'>suam</span> <span class='ocrx_word' id='word_1_67' title='bbox 875 580 944 613; x_wconf 87' lang='lat' dir='ltr'>per-</span> 
     </span>
     <span class='ocr_line' id='line_1_13' title="bbox 55 623 861 666; baseline 0.002 -11"><span class='ocrx_word' id='word_1_68' title='bbox 55 624 153 639; x_wconf 78' lang='lat'>¹¹²¹³¹¹¹⁰²·</span> <span class='ocrx_word' id='word_1_69' title='bbox 167 623 225 662; x_wconf 87' lang='lat' dir='ltr'>dit,</span> <span class='ocrx_word' id='word_1_70' title='bbox 241 625 273 656; x_wconf 90' lang='lat' dir='ltr'>et</span> <span class='ocrx_word' id='word_1_71' title='bbox 281 624 351 665; x_wconf 87' lang='lat' dir='ltr'>plus</span> <span class='ocrx_word' id='word_1_72' title='bbox 360 627 453 656; x_wconf 88' lang='lat' dir='ltr'>nocet</span> <span class='ocrx_word' id='word_1_73' title='bbox 466 625 589 664; x_wconf 85' lang='lat' dir='ltr'>ferenti,</span> <span class='ocrx_word' id='word_1_74' title='bbox 605 634 704 666; x_wconf 88' lang='lat' dir='ltr'>quam</span> <span class='ocrx_word' id='word_1_75' title='bbox 718 625 861 666; x_wconf 87' lang='lat' dir='ltr'>patienti.</span> 
     </span>
    </p>
   </div>
   <div class='ocr_carea' id='block_1_6' title="bbox 55 651 945 721">
    <p class='ocr_par' dir='ltr' id='par_1_6' title="bbox 55 651 945 721">
     <span class='ocr_line' id='line_1_14' title="bbox 55 651 945 721; baseline 0.042 -46"><span class='ocrx_word' id='word_1_76' title='bbox 55 651 86 670; x_wconf 72' lang='lat'>¹10</span> <span class='ocrx_word' id='word_1_77' title='bbox 94 655 140 671; x_wconf 60' lang='grc' dir='ltr'>που</span> <span class='ocrx_word' id='word_1_78' title='bbox 209 682 239 710; x_wconf 46' lang='lat'>1·</span> <span class='ocrx_word' id='word_1_79' title='bbox 256 678 290 710; x_wconf 64' lang='lat' dir='ltr'>Si</span> <span class='ocrx_word' id='word_1_80' title='bbox 303 679 464 720; x_wconf 75' lang='lat' dir='ltr'>profertur</span> <span class='ocrx_word' id='word_1_81' title='bbox 477 689 496 712; x_wconf 67' lang='lat' dir='ltr'>a</span> <span class='ocrx_word' id='word_1_82' title='bbox 510 689 574 721; x_wconf 84' lang='lat' dir='ltr'>quo</span> <span class='ocrx_word' id='word_1_83' title='bbox 591 689 658 712; x_wconf 90' lang='lat' dir='ltr'>non</span> <span class='ocrx_word' id='word_1_84' title='bbox 669 680 773 719; x_wconf 87' lang='lat' dir='ltr'>debet,</span> <span class='ocrx_word' id='word_1_85' title='bbox 789 681 826 711; x_wconf 89' lang='lat' dir='ltr'>ut</span> <span class='ocrx_word' id='word_1_86' title='bbox 844 689 864 712; x_wconf 89' lang='lat' dir='ltr'>a</span> <span class='ocrx_word' id='word_1_87' title='bbox 879 689 945 712; x_wconf 92' lang='lat' dir='ltr'>non</span> 
     </span>
    </p>
   </div>
   <div class='ocr_carea' id='block_1_7' title="bbox 998 518 1777 721">
    <p class='ocr_par' dir='ltr' id='par_1_7' title="bbox 998 518 1777 721">
     <span class='ocr_line' id='line_1_15' title="bbox 999 518 1774 559; baseline -0.003 -9"><span class='ocrx_word' id='word_1_88' title='bbox 999 519 1145 559; x_wconf 84' lang='lat' dir='ltr'>regimen</span> <span class='ocrx_word' id='word_1_89' title='bbox 1164 519 1359 557; x_wconf 86' lang='lat' dir='ltr'>animarum,</span> <span class='ocrx_word' id='word_1_90' title='bbox 1381 527 1446 550; x_wconf 91' lang='lat' dir='ltr'>non</span> <span class='ocrx_word' id='word_1_91' title='bbox 1469 518 1564 549; x_wconf 88' lang='lat' dir='ltr'>habet</span> <span class='ocrx_word' id='word_1_92' title='bbox 1587 519 1774 558; x_wconf 88' lang='lat' dir='ltr'>potestatem</span> 
     </span>
     <span class='ocr_line' id='line_1_16' title="bbox 998 570 1774 612; baseline -0.003 -9"><span class='ocrx_word' id='word_1_93' title='bbox 998 572 1119 612; x_wconf 85' lang='lat' dir='ltr'>ligandi</span> <span class='ocrx_word' id='word_1_94' title='bbox 1132 574 1188 603; x_wconf 86' lang='lat' dir='ltr'>aut</span> <span class='ocrx_word' id='word_1_95' title='bbox 1201 572 1357 611; x_wconf 87' lang='lat' dir='ltr'>solvendi,</span> <span class='ocrx_word' id='word_1_96' title='bbox 1373 572 1425 604; x_wconf 88' lang='lat' dir='ltr'>vel</span> <span class='ocrx_word' id='word_1_97' title='bbox 1439 572 1513 610; x_wconf 90' lang='lat' dir='ltr'>alia,</span> <span class='ocrx_word' id='word_1_98' title='bbox 1533 580 1608 612; x_wconf 82' lang='lat' dir='ltr'>quae</span> <span class='ocrx_word' id='word_1_99' title='bbox 1624 570 1774 611; x_wconf 84' lang='lat' dir='ltr'>jurisdic-</span> 
     </span>
     <span class='ocr_line' id='line_1_17' title="bbox 1000 625 1775 667; baseline 0 -11"><span class='ocrx_word' id='word_1_100' title='bbox 1000 626 1096 657; x_wconf 88' lang='lat' dir='ltr'>tionis</span> <span class='ocrx_word' id='word_1_101' title='bbox 1119 628 1206 664; x_wconf 86' lang='lat' dir='ltr'>sunt,</span> <span class='ocrx_word' id='word_1_102' title='bbox 1223 635 1243 657; x_wconf 88' lang='lat' dir='ltr'>a</span> <span class='ocrx_word' id='word_1_103' title='bbox 1264 626 1382 667; x_wconf 89' lang='lat' dir='ltr'>quibus</span> <span class='ocrx_word' id='word_1_104' title='bbox 1403 628 1450 658; x_wconf 90' lang='lat' dir='ltr'>est</span> <span class='ocrx_word' id='word_1_105' title='bbox 1475 626 1515 657; x_wconf 90' lang='lat' dir='ltr'>ab</span> <span class='ocrx_word' id='word_1_106' title='bbox 1541 625 1681 657; x_wconf 80' lang='lat' dir='ltr'>Ecclesia</span> <span class='ocrx_word' id='word_1_107' title='bbox 1702 633 1775 665; x_wconf 91' lang='lat' dir='ltr'>pro-</span> 
     </span>
     <span class='ocr_line' id='line_1_18' title="bbox 999 679 1777 721; baseline -0.001 -10"><span class='ocrx_word' id='word_1_108' title='bbox 999 680 1130 718; x_wconf 90' lang='lat' dir='ltr'>hibitus,</span> <span class='ocrx_word' id='word_1_109' title='bbox 1153 680 1341 719; x_wconf 84' lang='lat' dir='ltr'>exercendi3</span> <span class='ocrx_word' id='word_1_110' title='bbox 1380 680 1465 712; x_wconf 90' lang='lat' dir='ltr'>unde</span> <span class='ocrx_word' id='word_1_111' title='bbox 1500 679 1588 721; x_wconf 90' lang='lat' dir='ltr'>quod</span> <span class='ocrx_word' id='word_1_112' title='bbox 1618 679 1700 720; x_wconf 84' lang='lat' dir='ltr'>ligat</span> <span class='ocrx_word' id='word_1_113' title='bbox 1725 679 1777 711; x_wconf 89' lang='lat' dir='ltr'>vel</span> 
     </span>
    </p>
   </div>
   <div class='ocr_carea' id='block_1_8' title="bbox 46 679 948 2719">
    <p class='ocr_par' dir='ltr' id='par_1_8' title="bbox 46 679 109 707">
     <span class='ocr_line' id='line_1_19' title="bbox 46 679 109 707; baseline 0.032 -7"><span class='ocrx_word' id='word_1_114' title='bbox 46 679 109 707; x_wconf 81' lang='lat' dir='ltr'>ligat.</span> 
     </span>
    </p>

    <p class='ocr_par' dir='ltr' id='par_1_9' title="bbox 163 733 946 1199">
     <span class='ocr_line' id='line_1_20' title="bbox 164 733 946 775; baseline 0 -10"><span class='ocrx_word' id='word_1_115' title='bbox 164 733 286 773; x_wconf 83' lang='lat' dir='ltr'>judice,</span> <span class='ocrx_word' id='word_1_116' title='bbox 301 734 353 767; x_wconf 90' lang='lat' dir='ltr'>vel</span> <span class='ocrx_word' id='word_1_117' title='bbox 367 735 656 766; x_wconf 85' lang='lat' dir='ltr'>excommunicato.</span> <span class='ocrx_word' id='word_1_118' title='bbox 672 736 702 766; x_wconf 76' lang='lat'>2.</span> <span class='ocrx_word' id='word_1_119' title='bbox 719 734 755 766; x_wconf 91' lang='lat' dir='ltr'>ln</span> <span class='ocrx_word' id='word_1_120' title='bbox 769 743 866 775; x_wconf 90' lang='lat' dir='ltr'>quem</span> <span class='ocrx_word' id='word_1_121' title='bbox 880 743 946 766; x_wconf 92' lang='lat' dir='ltr'>non</span> 
     </span>
     <span class='ocr_line' id='line_1_21' title="bbox 167 787 942 827; baseline 0.001 -8"><span class='ocrx_word' id='word_1_122' title='bbox 167 787 270 827; x_wconf 86' lang='lat' dir='ltr'>debet,</span> <span class='ocrx_word' id='word_1_123' title='bbox 295 788 329 819; x_wconf 91' lang='lat' dir='ltr'>in</span> <span class='ocrx_word' id='word_1_124' title='bbox 352 797 418 820; x_wconf 89' lang='lat' dir='ltr'>non</span> <span class='ocrx_word' id='word_1_125' title='bbox 443 788 627 826; x_wconf 87' lang='lat' dir='ltr'>subditum,</span> <span class='ocrx_word' id='word_1_126' title='bbox 655 788 706 820; x_wconf 91' lang='lat' dir='ltr'>vel</span> <span class='ocrx_word' id='word_1_127' title='bbox 729 789 942 820; x_wconf 85' lang='lat' dir='ltr'>innocentem.</span> 
     </span>
     <span class='ocr_line' id='line_1_22' title="bbox 168 841 944 882; baseline 0 -9"><span class='ocrx_word' id='word_1_128' title='bbox 168 844 197 873; x_wconf 91' lang='lat'>3.</span> <span class='ocrx_word' id='word_1_129' title='bbox 227 841 360 880; x_wconf 86' lang='lat' dir='ltr'>Quando</span> <span class='ocrx_word' id='word_1_130' title='bbox 389 851 454 873; x_wconf 92' lang='lat' dir='ltr'>non</span> <span class='ocrx_word' id='word_1_131' title='bbox 481 842 592 881; x_wconf 88' lang='lat' dir='ltr'>debet,</span> <span class='ocrx_word' id='word_1_132' title='bbox 621 843 694 873; x_wconf 91' lang='lat' dir='ltr'>ante</span> <span class='ocrx_word' id='word_1_133' title='bbox 726 843 944 882; x_wconf 87' lang='lat' dir='ltr'>cognitionem</span> 
     </span>
     <span class='ocr_line' id='line_1_23' title="bbox 167 895 941 937; baseline 0.001 -11"><span class='ocrx_word' id='word_1_134' title='bbox 167 904 272 927; x_wconf 86' lang='lat' dir='ltr'>causae</span> <span class='ocrx_word' id='word_1_135' title='bbox 283 919 293 935; x_wconf 95' lang='lat'>,</span> <span class='ocrx_word' id='word_1_136' title='bbox 319 895 372 928; x_wconf 91' lang='lat' dir='ltr'>vel</span> <span class='ocrx_word' id='word_1_137' title='bbox 394 898 465 937; x_wconf 88' lang='lat' dir='ltr'>post</span> <span class='ocrx_word' id='word_1_138' title='bbox 487 896 668 936; x_wconf 82' lang='lat' dir='ltr'>legitimam</span> <span class='ocrx_word' id='word_1_139' title='bbox 685 895 941 937; x_wconf 80' lang='lat' dir='ltr'>appellationem.</span> 
     </span>
     <span class='ocr_line' id='line_1_24' title="bbox 165 949 945 991; baseline -0.001 -10"><span class='ocrx_word' id='word_1_140' title='bbox 165 951 197 981; x_wconf 79' lang='lat'>4.</span> <span class='ocrx_word' id='word_1_141' title='bbox 214 949 275 982; x_wconf 89' lang='lat' dir='ltr'>Ubi</span> <span class='ocrx_word' id='word_1_142' title='bbox 295 959 361 981; x_wconf 92' lang='grc'>000</span> <span class='ocrx_word' id='word_1_143' title='bbox 381 950 485 990; x_wconf 84' lang='grc'><strong>(10001,</strong></span> <span class='ocrx_word' id='word_1_144' title='bbox 507 959 572 982; x_wconf 89' lang='grc'>000</span> <span class='ocrx_word' id='word_1_145' title='bbox 595 950 629 981; x_wconf 88' lang='grc'>10</span> <span class='ocrx_word' id='word_1_146' title='bbox 650 950 720 982; x_wconf 89' lang='lat' dir='ltr'>loco</span> <span class='ocrx_word' id='word_1_147' title='bbox 741 949 865 991; x_wconf 79' lang='lat' dir='ltr'>judicii,</span> <span class='ocrx_word' id='word_1_148' title='bbox 893 949 945 981; x_wconf 89' lang='lat' dir='ltr'>vel</span> 
     </span>
     <span class='ocr_line' id='line_1_25' title="bbox 166 1003 945 1044; baseline -0.001 -9"><span class='ocrx_word' id='word_1_149' title='bbox 166 1012 232 1036; x_wconf 93' lang='lat' dir='ltr'>non</span> <span class='ocrx_word' id='word_1_150' title='bbox 246 1004 380 1036; x_wconf 84' lang='lat' dir='ltr'>decenti.</span> <span class='ocrx_word' id='word_1_151' title='bbox 397 1006 426 1036; x_wconf 82' lang='lat'>5.</span> <span class='ocrx_word' id='word_1_152' title='bbox 445 1004 550 1042; x_wconf 83' lang='lat' dir='ltr'>Quare</span> <span class='ocrx_word' id='word_1_153' title='bbox 570 1013 635 1035; x_wconf 90' lang='lat' dir='ltr'>nou</span> <span class='ocrx_word' id='word_1_154' title='bbox 653 1004 753 1043; x_wconf 87' lang='lat' dir='ltr'>debet,</span> <span class='ocrx_word' id='word_1_155' title='bbox 780 1013 838 1044; x_wconf 90' lang='lat' dir='ltr'>pro</span> <span class='ocrx_word' id='word_1_156' title='bbox 860 1003 945 1035; x_wconf 87' lang='lat' dir='ltr'>bono</span> 
     </span>
     <span class='ocr_line' id='line_1_26' title="bbox 167 1057 946 1099; baseline -0.001 -10"><span class='ocrx_word' id='word_1_157' title='bbox 167 1066 274 1098; x_wconf 89' lang='lat' dir='ltr'>opere,</span> <span class='ocrx_word' id='word_1_158' title='bbox 295 1060 327 1089; x_wconf 85' lang='lat' dir='ltr'>et</span> <span class='ocrx_word' id='word_1_159' title='bbox 348 1068 414 1090; x_wconf 90' lang='lat' dir='ltr'>non</span> <span class='ocrx_word' id='word_1_160' title='bbox 436 1067 493 1099; x_wconf 91' lang='lat' dir='ltr'>pro</span> <span class='ocrx_word' id='word_1_161' title='bbox 516 1060 654 1099; x_wconf 85' lang='lat' dir='ltr'>peccato,</span> <span class='ocrx_word' id='word_1_162' title='bbox 680 1060 711 1089; x_wconf 89' lang='lat' dir='ltr'>et</span> <span class='ocrx_word' id='word_1_163' title='bbox 731 1057 799 1089; x_wconf 87' lang='lat' dir='ltr'>sine</span> <span class='ocrx_word' id='word_1_164' title='bbox 822 1057 946 1089; x_wconf 90' lang='lat' dir='ltr'>ratione</span> 
     </span>
     <span class='ocr_line' id='line_1_27' title="bbox 163 1111 945 1153; baseline -0.003 -9"><span class='ocrx_word' id='word_1_165' title='bbox 163 1113 262 1153; x_wconf 81' lang='lat' dir='ltr'>justa.</span> <span class='ocrx_word' id='word_1_166' title='bbox 274 1115 304 1144; x_wconf 90' lang='lat'>6.</span> <span class='ocrx_word' id='word_1_167' title='bbox 317 1112 458 1151; x_wconf 83' lang='lat' dir='ltr'>Qualiter</span> <span class='ocrx_word' id='word_1_168' title='bbox 466 1122 531 1144; x_wconf 88' lang='lat' dir='ltr'>non</span> <span class='ocrx_word' id='word_1_169' title='bbox 543 1112 647 1152; x_wconf 87' lang='lat' dir='ltr'>debet,</span> <span class='ocrx_word' id='word_1_170' title='bbox 661 1112 744 1153; x_wconf 87' lang='lat' dir='ltr'>juris</span> <span class='ocrx_word' id='word_1_171' title='bbox 755 1111 867 1143; x_wconf 89' lang='lat' dir='ltr'>ordine</span> <span class='ocrx_word' id='word_1_172' title='bbox 879 1120 945 1143; x_wconf 92' lang='lat' dir='ltr'>non</span> 
     </span>
     <span class='ocr_line' id='line_1_28' title="bbox 168 1169 306 1199; baseline 0.007 -2"><span class='ocrx_word' id='word_1_173' title='bbox 168 1169 306 1199; x_wconf 89' lang='lat' dir='ltr'>servato.</span> 
     </span>
    </p>

    <p class='ocr_par' dir='ltr' id='par_1_10' title="bbox 165 1220 948 2385">
     <span class='ocr_line' id='line_1_29' title="bbox 209 1220 944 1262; baseline -0.001 -10"><span class='ocrx_word' id='word_1_174' title='bbox 209 1220 286 1260; x_wconf 89' lang='lat' dir='ltr'>Ista,</span> <span class='ocrx_word' id='word_1_175' title='bbox 312 1222 344 1252; x_wconf 88' lang='lat' dir='ltr'>et</span> <span class='ocrx_word' id='word_1_176' title='bbox 367 1221 428 1252; x_wconf 89' lang='lat' dir='ltr'>alia</span> <span class='ocrx_word' id='word_1_177' title='bbox 445 1221 551 1262; x_wconf 87' lang='lat' dir='ltr'>plura,</span> <span class='ocrx_word' id='word_1_178' title='bbox 576 1230 642 1252; x_wconf 92' lang='lat' dir='ltr'>non</span> <span class='ocrx_word' id='word_1_179' title='bbox 662 1229 839 1261; x_wconf 87' lang='lat' dir='ltr'>prosequor</span> <span class='ocrx_word' id='word_1_180' title='bbox 863 1220 944 1252; x_wconf 89' lang='lat' dir='ltr'>ulte-</span> 
     </span>
     <span class='ocr_line' id='line_1_30' title="bbox 168 1275 944 1316; baseline 0 -10"><span class='ocrx_word' id='word_1_181' title='bbox 168 1275 257 1314; x_wconf 84' lang='lat' dir='ltr'>rius,</span> <span class='ocrx_word' id='word_1_182' title='bbox 284 1275 470 1316; x_wconf 85' lang='lat' dir='ltr'>relinquens</span> <span class='ocrx_word' id='word_1_183' title='bbox 493 1285 531 1306; x_wconf 88' lang='lat' dir='ltr'>ea</span> <span class='ocrx_word' id='word_1_184' title='bbox 562 1285 581 1306; x_wconf 93' lang='lat' dir='ltr'>a</span> <span class='ocrx_word' id='word_1_185' title='bbox 611 1275 691 1307; x_wconf 90' lang='lat' dir='ltr'>viris</span> <span class='ocrx_word' id='word_1_186' title='bbox 716 1275 826 1315; x_wconf 89' lang='lat' dir='ltr'>peritis</span> <span class='ocrx_word' id='word_1_187' title='bbox 854 1284 944 1316; x_wconf 79' lang='lat' dir='ltr'>quae-</span> 
     </span>
     <span class='ocr_line' id='line_1_31' title="bbox 169 1329 946 1370; baseline -0.001 -9"><span class='ocrx_word' id='word_1_188' title='bbox 169 1329 278 1361; x_wconf 87' lang='lat' dir='ltr'>renda.</span> <span class='ocrx_word' id='word_1_189' title='bbox 314 1329 376 1368; x_wconf 90' lang='lat' dir='ltr'>Qui</span> <span class='ocrx_word' id='word_1_190' title='bbox 412 1329 447 1360; x_wconf 92' lang='lat' dir='ltr'>in</span> <span class='ocrx_word' id='word_1_191' title='bbox 479 1338 576 1369; x_wconf 83' lang='lat' dir='ltr'>eum,</span> <span class='ocrx_word' id='word_1_192' title='bbox 609 1329 666 1370; x_wconf 90' lang='lat' dir='ltr'>qui</span> <span class='ocrx_word' id='word_1_193' title='bbox 696 1329 859 1369; x_wconf 88' lang='lat' dir='ltr'>peccavit,</span> <span class='ocrx_word' id='word_1_194' title='bbox 891 1329 946 1360; x_wconf 87' lang='lat' dir='ltr'>sed</span> 
     </span>
     <span class='ocr_line' id='line_1_32' title="bbox 165 1383 946 1424; baseline 0.001 -10"><span class='ocrx_word' id='word_1_195' title='bbox 165 1384 235 1423; x_wconf 69' lang='lat' dir='ltr'>,iam</span> <span class='ocrx_word' id='word_1_196' title='bbox 262 1383 406 1424; x_wconf 84' lang='lat' dir='ltr'>poenitet,</span> <span class='ocrx_word' id='word_1_197' title='bbox 435 1383 494 1414; x_wconf 86' lang='lat' dir='ltr'>fert</span> <span class='ocrx_word' id='word_1_198' title='bbox 523 1383 864 1415; x_wconf 84' lang='lat' dir='ltr'>excommunicationis</span> <span class='ocrx_word' id='word_1_199' title='bbox 887 1393 946 1423; x_wconf 91' lang='lat' dir='ltr'>pro</span> 
     </span>
     <span class='ocr_line' id='line_1_33' title="bbox 169 1437 943 1478; baseline 0 -10"><span class='ocrx_word' id='word_1_200' title='bbox 169 1437 280 1469; x_wconf 89' lang='lat' dir='ltr'>eodem</span> <span class='ocrx_word' id='word_1_201' title='bbox 295 1439 422 1478; x_wconf 89' lang='lat' dir='ltr'>peccato</span> <span class='ocrx_word' id='word_1_202' title='bbox 435 1437 634 1476; x_wconf 84' lang='lat' dir='ltr'>sententiam,</span> <span class='ocrx_word' id='word_1_203' title='bbox 652 1437 745 1477; x_wconf 88' lang='lat' dir='ltr'>punit</span> <span class='ocrx_word' id='word_1_204' title='bbox 760 1446 825 1468; x_wconf 91' lang='lat' dir='ltr'>non</span> <span class='ocrx_word' id='word_1_205' title='bbox 839 1446 943 1477; x_wconf 89' lang='lat' dir='ltr'>reum,</span> 
     </span>
     <span class='ocr_line' id='line_1_34' title="bbox 169 1490 947 1531; baseline 0.001 -10"><span class='ocrx_word' id='word_1_206' title='bbox 169 1499 266 1531; x_wconf 86' lang='lat' dir='ltr'>quem</span> <span class='ocrx_word' id='word_1_207' title='bbox 282 1490 364 1522; x_wconf 91' lang='lat' dir='ltr'>Deus</span> <span class='ocrx_word' id='word_1_208' title='bbox 373 1492 442 1531; x_wconf 64' lang='lat' dir='ltr'>‚iam</span> <span class='ocrx_word' id='word_1_209' title='bbox 464 1500 483 1521; x_wconf 94' lang='lat' dir='ltr'>a</span> <span class='ocrx_word' id='word_1_210' title='bbox 506 1492 598 1522; x_wconf 83' lang='lat' dir='ltr'>reatu</span> <span class='ocrx_word' id='word_1_211' title='bbox 616 1491 735 1531; x_wconf 86' lang='lat' dir='ltr'>peccati</span> <span class='ocrx_word' id='word_1_212' title='bbox 751 1491 899 1529; x_wconf 87' lang='lat' dir='ltr'>absolvit,</span> <span class='ocrx_word' id='word_1_213' title='bbox 916 1493 947 1522; x_wconf 90' lang='lat' dir='ltr'>et</span> 
     </span>
     <span class='ocr_line' id='line_1_35' title="bbox 169 1544 947 1585; baseline 0.003 -10"><span class='ocrx_word' id='word_1_214' title='bbox 169 1544 308 1576; x_wconf 79' lang='lat' dir='ltr'>restituit</span> <span class='ocrx_word' id='word_1_215' title='bbox 328 1544 518 1576; x_wconf 81' lang='lat' dir='ltr'>innocentiae</span> <span class='ocrx_word' id='word_1_216' title='bbox 533 1544 715 1585; x_wconf 76' lang='lat' dir='ltr'>poenitendo</span> <span class='ocrx_word' id='word_1_217' title='bbox 729 1553 737 1575; x_wconf 94' lang='lat'><strong>:</strong></span> <span class='ocrx_word' id='word_1_218' title='bbox 751 1545 836 1576; x_wconf 91' lang='lat' dir='ltr'>unde</span> <span class='ocrx_word' id='word_1_219' title='bbox 854 1545 947 1577; x_wconf 89' lang='lat' dir='ltr'>debet</span> 
     </span>
     <span class='ocr_line' id='line_1_36' title="bbox 169 1598 947 1637; baseline 0 -8"><span class='ocrx_word' id='word_1_220' title='bbox 169 1598 359 1629; x_wconf 86' lang='lat' dir='ltr'>sententiam</span> <span class='ocrx_word' id='word_1_221' title='bbox 383 1600 565 1637; x_wconf 83' lang='lat' dir='ltr'>retractare,</span> <span class='ocrx_word' id='word_1_222' title='bbox 590 1600 621 1629; x_wconf 88' lang='lat' dir='ltr'>et</span> <span class='ocrx_word' id='word_1_223' title='bbox 643 1598 738 1629; x_wconf 86' lang='lat' dir='ltr'>aliam</span> <span class='ocrx_word' id='word_1_224' title='bbox 760 1599 788 1629; x_wconf 90' lang='lat' dir='ltr'>ei</span> <span class='ocrx_word' id='word_1_225' title='bbox 811 1598 947 1629; x_wconf 83' lang='lat' dir='ltr'>satisfac-</span> 
     </span>
     <span class='ocr_line' id='line_1_37' title="bbox 169 1651 946 1693; baseline 0.003 -11"><span class='ocrx_word' id='word_1_226' title='bbox 169 1651 289 1683; x_wconf 84' lang='lat' dir='ltr'>tionem</span> <span class='ocrx_word' id='word_1_227' title='bbox 301 1652 467 1692; x_wconf 87' lang='lat' dir='ltr'>imponere</span> <span class='ocrx_word' id='word_1_228' title='bbox 477 1661 534 1692; x_wconf 87' lang='lat' dir='ltr'>pro</span> <span class='ocrx_word' id='word_1_229' title='bbox 550 1654 687 1692; x_wconf 86' lang='lat' dir='ltr'>peceato.</span> <span class='ocrx_word' id='word_1_230' title='bbox 701 1651 780 1683; x_wconf 89' lang='lat' dir='ltr'>Nam</span> <span class='ocrx_word' id='word_1_231' title='bbox 793 1653 946 1693; x_wconf 88' lang='lat' dir='ltr'>scriptum</span> 
     </span>
     <span class='ocr_line' id='line_1_38' title="bbox 169 1706 947 1747; baseline 0.004 -11"><span class='ocrx_word' id='word_1_232' title='bbox 169 1708 216 1737; x_wconf 84' lang='lat' dir='ltr'>est</span> <span class='ocrx_word' id='word_1_233' title='bbox 229 1707 238 1723; x_wconf 84' lang='lat'>¹</span> <span class='ocrx_word' id='word_1_234' title='bbox 257 1717 263 1738; x_wconf 92' lang='lat'><strong>:</strong></span> <span class='ocrx_word' id='word_1_235' title='bbox 283 1706 445 1746; x_wconf 76' lang='lat' dir='ltr'>Quomodo</span> <span class='ocrx_word' id='word_1_236' title='bbox 459 1706 660 1741; x_wconf 73' lang='lat' dir='ltr'>maledicam,</span> <span class='ocrx_word' id='word_1_237' title='bbox 677 1715 769 1747; x_wconf 84' lang='lat' dir='ltr'>quem</span> <span class='ocrx_word' id='word_1_238' title='bbox 783 1708 866 1739; x_wconf 76' lang='lat' dir='ltr'>Deus</span> <span class='ocrx_word' id='word_1_239' title='bbox 882 1715 947 1739; x_wconf 78' lang='lat' dir='ltr'>non</span> 
     </span>
     <span class='ocr_line' id='line_1_39' title="bbox 169 1759 947 1793; baseline 0.001 -2"><span class='ocrx_word' id='word_1_240' title='bbox 169 1759 368 1792; x_wconf 71' lang='lat' dir='ltr'>maledioeic?</span> <span class='ocrx_word' id='word_1_241' title='bbox 380 1762 439 1793; x_wconf 84' lang='lat' dir='ltr'>ete.</span> <span class='ocrx_word' id='word_1_242' title='bbox 456 1760 568 1791; x_wconf 89' lang='lat' dir='ltr'>Melius</span> <span class='ocrx_word' id='word_1_243' title='bbox 586 1765 693 1792; x_wconf 88' lang='lat' dir='ltr'>tamen</span> <span class='ocrx_word' id='word_1_244' title='bbox 708 1770 819 1792; x_wconf 89' lang='lat' dir='ltr'>omnes</span> <span class='ocrx_word' id='word_1_245' title='bbox 836 1761 947 1793; x_wconf 89' lang='lat' dir='ltr'>adver-</span> 
     </span>
     <span class='ocr_line' id='line_1_40' title="bbox 171 1814 947 1855; baseline 0.003 -11"><span class='ocrx_word' id='word_1_246' title='bbox 171 1816 276 1844; x_wconf 86' lang='lat' dir='ltr'>santes</span> <span class='ocrx_word' id='word_1_247' title='bbox 290 1814 380 1845; x_wconf 88' lang='lat' dir='ltr'>nobis</span> <span class='ocrx_word' id='word_1_248' title='bbox 394 1814 552 1845; x_wconf 90' lang='lat' dir='ltr'>vincimus</span> <span class='ocrx_word' id='word_1_249' title='bbox 571 1815 751 1846; x_wconf 87' lang='lat' dir='ltr'>humilitate</span> <span class='ocrx_word' id='word_1_250' title='bbox 769 1817 799 1846; x_wconf 89' lang='lat' dir='ltr'>et</span> <span class='ocrx_word' id='word_1_251' title='bbox 820 1815 947 1855; x_wconf 86' lang='lat' dir='ltr'>patien-</span> 
     </span>
     <span class='ocr_line' id='line_1_41' title="bbox 170 1867 948 1909; baseline 0.003 -11"><span class='ocrx_word' id='word_1_252' title='bbox 170 1867 231 1906; x_wconf 90' lang='lat' dir='ltr'>tia,</span> <span class='ocrx_word' id='word_1_253' title='bbox 260 1877 358 1908; x_wconf 89' lang='lat' dir='ltr'>quam</span> <span class='ocrx_word' id='word_1_254' title='bbox 380 1868 562 1899; x_wconf 88' lang='lat' dir='ltr'>rebellando</span> <span class='ocrx_word' id='word_1_255' title='bbox 584 1870 616 1899; x_wconf 90' lang='lat' dir='ltr'>et</span> <span class='ocrx_word' id='word_1_256' title='bbox 644 1868 813 1908; x_wconf 83' lang='lat' dir='ltr'>allegando</span> <span class='ocrx_word' id='word_1_257' title='bbox 838 1880 845 1900; x_wconf 76' lang='grc' dir='ltr'>ι</span> <span class='ocrx_word' id='word_1_258' title='bbox 872 1870 948 1909; x_wconf 88' lang='lat' dir='ltr'>quia</span> 
     </span>
     <span class='ocr_line' id='line_1_42' title="bbox 170 1920 948 1962; baseline 0.004 -11"><span class='ocrx_word' id='word_1_259' title='bbox 170 1920 352 1952; x_wconf 88' lang='lat' dir='ltr'>rebellando</span> <span class='ocrx_word' id='word_1_260' title='bbox 365 1921 615 1952; x_wconf 88' lang='lat' dir='ltr'>scandalizamus</span> <span class='ocrx_word' id='word_1_261' title='bbox 629 1921 754 1953; x_wconf 89' lang='lat' dir='ltr'>aliosde</span> <span class='ocrx_word' id='word_1_262' title='bbox 767 1922 837 1962; x_wconf 86' lang='lat' dir='ltr'>ipsa</span> <span class='ocrx_word' id='word_1_263' title='bbox 850 1923 948 1954; x_wconf 89' lang='lat' dir='ltr'>seien-</span> 
     </span>
     <span class='ocr_line' id='line_1_43' title="bbox 169 1975 945 2016; baseline 0.003 -10"><span class='ocrx_word' id='word_1_264' title='bbox 169 1975 214 2006; x_wconf 85' lang='lat' dir='ltr'>tia</span> <span class='ocrx_word' id='word_1_265' title='bbox 229 1976 259 2006; x_wconf 88' lang='lat' dir='ltr'>et</span> <span class='ocrx_word' id='word_1_266' title='bbox 281 1975 488 2014; x_wconf 85' lang='lat' dir='ltr'>usurpatione</span> <span class='ocrx_word' id='word_1_267' title='bbox 511 1975 672 2014; x_wconf 84' lang='lat' dir='ltr'>potestatis</span> <span class='ocrx_word' id='word_1_268' title='bbox 693 1976 786 2016; x_wconf 85' lang='lat' dir='ltr'>quasi</span> <span class='ocrx_word' id='word_1_269' title='bbox 810 1979 945 2015; x_wconf 87' lang='lat' dir='ltr'>nostrae;</span> 
     </span>
     <span class='ocr_line' id='line_1_44' title="bbox 169 2029 947 2070; baseline 0.004 -11"><span class='ocrx_word' id='word_1_270' title='bbox 169 2029 318 2069; x_wconf 88' lang='lat' dir='ltr'>patiendo</span> <span class='ocrx_word' id='word_1_271' title='bbox 341 2030 448 2059; x_wconf 89' lang='lat' dir='ltr'>autem</span> <span class='ocrx_word' id='word_1_272' title='bbox 471 2029 669 2060; x_wconf 86' lang='lat' dir='ltr'>ostendimus</span> <span class='ocrx_word' id='word_1_273' title='bbox 691 2038 749 2060; x_wconf 92' lang='grc'>005</span> <span class='ocrx_word' id='word_1_274' title='bbox 769 2039 834 2061; x_wconf 89' lang='grc'>000</span> <span class='ocrx_word' id='word_1_275' title='bbox 853 2040 947 2070; x_wconf 81' lang='lat' dir='ltr'>quae-</span> 
     </span>
     <span class='ocr_line' id='line_1_45' title="bbox 169 2084 948 2124; baseline 0.004 -11"><span class='ocrx_word' id='word_1_276' title='bbox 169 2091 239 2114; x_wconf 89' lang='lat' dir='ltr'>rere</span> <span class='ocrx_word' id='word_1_277' title='bbox 253 2091 327 2123; x_wconf 80' lang='lat' dir='ltr'>quae</span> <span class='ocrx_word' id='word_1_278' title='bbox 343 2085 452 2113; x_wconf 81' lang='lat' dir='ltr'>nostra</span> <span class='ocrx_word' id='word_1_279' title='bbox 466 2085 552 2121; x_wconf 87' lang='lat' dir='ltr'>sunt,</span> <span class='ocrx_word' id='word_1_280' title='bbox 576 2084 630 2114; x_wconf 86' lang='lat' dir='ltr'>sed</span> <span class='ocrx_word' id='word_1_281' title='bbox 652 2093 726 2124; x_wconf 84' lang='lat' dir='ltr'>quae</span> <span class='ocrx_word' id='word_1_282' title='bbox 747 2084 858 2115; x_wconf 87' lang='lat' dir='ltr'>salutis</span> <span class='ocrx_word' id='word_1_283' title='bbox 873 2087 948 2116; x_wconf 87' lang='lat' dir='ltr'>sunt</span> 
     </span>
     <span class='ocr_line' id='line_1_46' title="bbox 169 2137 946 2179; baseline 0.004 -11"><span class='ocrx_word' id='word_1_284' title='bbox 169 2137 322 2173; x_wconf 90' lang='lat' dir='ltr'>aliorum,</span> <span class='ocrx_word' id='word_1_285' title='bbox 346 2137 503 2177; x_wconf 86' lang='lat' dir='ltr'>quosdam</span> <span class='ocrx_word' id='word_1_286' title='bbox 529 2137 685 2176; x_wconf 88' lang='lat' dir='ltr'>docendo,</span> <span class='ocrx_word' id='word_1_287' title='bbox 711 2139 865 2178; x_wconf 88' lang='lat' dir='ltr'>quosdam</span> <span class='ocrx_word' id='word_1_288' title='bbox 888 2149 946 2179; x_wconf 87' lang='lat' dir='ltr'>pa·-</span> 
     </span>
     <span class='ocr_line' id='line_1_47' title="bbox 169 2193 948 2232; baseline 0.003 -8"><span class='ocrx_word' id='word_1_289' title='bbox 169 2193 276 2224; x_wconf 89' lang='lat' dir='ltr'>tiendo</span> <span class='ocrx_word' id='word_1_290' title='bbox 292 2193 439 2232; x_wconf 86' lang='lat' dir='ltr'>cupimus</span> <span class='ocrx_word' id='word_1_291' title='bbox 453 2193 624 2231; x_wconf 79' lang='lat' dir='ltr'>aediticare,</span> <span class='ocrx_word' id='word_1_292' title='bbox 640 2196 671 2224; x_wconf 91' lang='lat' dir='ltr'>et</span> <span class='ocrx_word' id='word_1_293' title='bbox 685 2193 749 2225; x_wconf 90' lang='lat' dir='ltr'>Deo</span> <span class='ocrx_word' id='word_1_294' title='bbox 763 2194 898 2226; x_wconf 88' lang='lat' dir='ltr'>lucrari:</span> <span class='ocrx_word' id='word_1_295' title='bbox 916 2198 948 2226; x_wconf 88' lang='lat' dir='ltr'>et</span> 
     </span>
     <span class='ocr_line' id='line_1_48' title="bbox 170 2246 947 2289; baseline 0.005 -13"><span class='ocrx_word' id='word_1_296' title='bbox 170 2246 214 2276; x_wconf 89' lang='grc'>510</span> <span class='ocrx_word' id='word_1_297' title='bbox 235 2246 317 2277; x_wconf 88' lang='lat' dir='ltr'>Deus</span> <span class='ocrx_word' id='word_1_298' title='bbox 338 2256 395 2286; x_wconf 84' lang='lat' dir='ltr'>pro</span> <span class='ocrx_word' id='word_1_299' title='bbox 421 2256 484 2287; x_wconf 85' lang='lat' dir='ltr'>quo</span> <span class='ocrx_word' id='word_1_300' title='bbox 508 2247 661 2287; x_wconf 84' lang='lat' dir='ltr'>patimur,</span> <span class='ocrx_word' id='word_1_301' title='bbox 686 2250 718 2278; x_wconf 86' lang='lat' dir='ltr'>et</span> <span class='ocrx_word' id='word_1_302' title='bbox 743 2248 796 2279; x_wconf 87' lang='lat' dir='ltr'>alii</span> <span class='ocrx_word' id='word_1_303' title='bbox 820 2249 947 2289; x_wconf 88' lang='lat' dir='ltr'>patien-</span> 
     </span>
     <span class='ocr_line' id='line_1_49' title="bbox 169 2301 947 2343; baseline 0.005 -13"><span class='ocrx_word' id='word_1_304' title='bbox 169 2301 248 2331; x_wconf 88' lang='lat' dir='ltr'>tiam</span> <span class='ocrx_word' id='word_1_305' title='bbox 283 2303 425 2331; x_wconf 78' lang='lat' dir='ltr'>nostram</span> <span class='ocrx_word' id='word_1_306' title='bbox 458 2301 602 2332; x_wconf 84' lang='lat' dir='ltr'>videntes</span> <span class='ocrx_word' id='word_1_307' title='bbox 616 2325 624 2339; x_wconf 92' lang='lat'>,</span> <span class='ocrx_word' id='word_1_308' title='bbox 654 2302 847 2341; x_wconf 87' lang='lat' dir='ltr'>pugnabunt</span> <span class='ocrx_word' id='word_1_309' title='bbox 889 2313 947 2343; x_wconf 91' lang='lat' dir='ltr'>pro</span> 
     </span>
     <span class='ocr_line' id='line_1_50' title="bbox 169 2354 273 2385; baseline 0 -1"><span class='ocrx_word' id='word_1_310' title='bbox 169 2354 273 2385; x_wconf 90' lang='lat' dir='ltr'>nobis.</span> 
     </span>
    </p>

    <p class='ocr_par' dir='ltr' id='par_1_11' title="bbox 171 2407 948 2719">
     <span class='ocr_line' id='line_1_51' title="bbox 213 2407 947 2450; baseline 0.004 -12"><span class='ocrx_word' id='word_1_311' title='bbox 213 2407 251 2438; x_wconf 89' lang='lat' dir='ltr'>Ut</span> <span class='ocrx_word' id='word_1_312' title='bbox 270 2409 377 2438; x_wconf 89' lang='lat' dir='ltr'>autem</span> <span class='ocrx_word' id='word_1_313' title='bbox 399 2407 525 2447; x_wconf 86' lang='lat' dir='ltr'>planius</span> <span class='ocrx_word' id='word_1_314' title='bbox 548 2409 706 2447; x_wconf 80' lang='lat' dir='ltr'>videatur,</span> <span class='ocrx_word' id='word_1_315' title='bbox 733 2419 830 2449; x_wconf 82' lang='lat' dir='ltr'>quam</span> <span class='ocrx_word' id='word_1_316' title='bbox 853 2411 947 2450; x_wconf 87' lang='lat' dir='ltr'>pauci</span> 
     </span>
     <span class='ocr_line' id='line_1_52' title="bbox 171 2461 947 2503; baseline 0.006 -12"><span class='ocrx_word' id='word_1_317' title='bbox 171 2462 323 2502; x_wconf 86' lang='lat' dir='ltr'>suntjam</span> <span class='ocrx_word' id='word_1_318' title='bbox 338 2461 372 2491; x_wconf 89' lang='lat' dir='ltr'>in</span> <span class='ocrx_word' id='word_1_319' title='bbox 387 2461 455 2491; x_wconf 80' lang='lat' dir='ltr'>islis</span> <span class='ocrx_word' id='word_1_320' title='bbox 466 2461 609 2501; x_wconf 82' lang='lat' dir='ltr'>partibus</span> <span class='ocrx_word' id='word_1_321' title='bbox 624 2463 705 2493; x_wconf 85' lang='lat' dir='ltr'>inter</span> <span class='ocrx_word' id='word_1_322' title='bbox 721 2463 882 2503; x_wconf 84' lang='lat' dir='ltr'>plebanos,</span> <span class='ocrx_word' id='word_1_323' title='bbox 896 2465 947 2496; x_wconf 86' lang='lat' dir='ltr'>vel</span> 
     </span>
     <span class='ocr_line' id='line_1_53' title="bbox 171 2515 947 2557; baseline 0.004 -11"><span class='ocrx_word' id='word_1_324' title='bbox 171 2524 283 2546; x_wconf 88' lang='lat' dir='ltr'>eorum</span> <span class='ocrx_word' id='word_1_325' title='bbox 298 2515 444 2553; x_wconf 78' lang='lat' dir='ltr'>vicarios,</span> <span class='ocrx_word' id='word_1_326' title='bbox 462 2515 517 2555; x_wconf 87' lang='lat' dir='ltr'>qui</span> <span class='ocrx_word' id='word_1_327' title='bbox 528 2515 662 2546; x_wconf 83' lang='lat' dir='ltr'>liberam</span> <span class='ocrx_word' id='word_1_328' title='bbox 675 2517 814 2548; x_wconf 82' lang='lat' dir='ltr'>habeant</span> <span class='ocrx_word' id='word_1_329' title='bbox 825 2518 947 2557; x_wconf 84' lang='lat' dir='ltr'>ligandi</span> 
     </span>
     <span class='ocr_line' id='line_1_54' title="bbox 172 2569 946 2612; baseline 0.005 -13"><span class='ocrx_word' id='word_1_330' title='bbox 172 2571 203 2599; x_wconf 85' lang='lat' dir='ltr'>et</span> <span class='ocrx_word' id='word_1_331' title='bbox 217 2569 358 2600; x_wconf 88' lang='lat' dir='ltr'>solvendi</span> <span class='ocrx_word' id='word_1_332' title='bbox 379 2571 578 2609; x_wconf 83' lang='lat' dir='ltr'>potestatem,</span> <span class='ocrx_word' id='word_1_333' title='bbox 600 2570 651 2601; x_wconf 90' lang='lat' dir='ltr'>vel</span> <span class='ocrx_word' id='word_1_334' title='bbox 672 2571 727 2610; x_wconf 85' lang='lat' dir='ltr'>qui</span> <span class='ocrx_word' id='word_1_335' title='bbox 746 2571 826 2602; x_wconf 91' lang='grc'><strong>0000</strong></span> <span class='ocrx_word' id='word_1_336' title='bbox 850 2581 946 2612; x_wconf 81' lang='lat' dir='ltr'>expe-</span> 
     </span>
     <span class='ocr_line' id='line_1_55' title="bbox 172 2622 948 2665; baseline 0.005 -12"><span class='ocrx_word' id='word_1_337' title='bbox 172 2622 260 2653; x_wconf 84' lang='lat' dir='ltr'>diant</span> <span class='ocrx_word' id='word_1_338' title='bbox 274 2623 399 2653; x_wconf 88' lang='lat' dir='ltr'>animas</span> <span class='ocrx_word' id='word_1_339' title='bbox 414 2623 448 2653; x_wconf 91' lang='lat' dir='ltr'>in</span> <span class='ocrx_word' id='word_1_340' title='bbox 463 2623 669 2661; x_wconf 85' lang='lat' dir='ltr'>confessione,</span> <span class='ocrx_word' id='word_1_341' title='bbox 686 2634 721 2655; x_wconf 83' lang='lat' dir='ltr'>ac</span> <span class='ocrx_word' id='word_1_342' title='bbox 735 2634 792 2664; x_wconf 90' lang='lat' dir='ltr'>per</span> <span class='ocrx_word' id='word_1_343' title='bbox 807 2625 867 2656; x_wconf 86' lang='lat' dir='ltr'>hoc</span> <span class='ocrx_word' id='word_1_344' title='bbox 879 2635 948 2665; x_wconf 86' lang='lat' dir='ltr'>per-</span> 
     </span>
     <span class='ocr_line' id='line_1_56' title="bbox 171 2676 945 2719; baseline 0.005 -12"><span class='ocrx_word' id='word_1_345' title='bbox 171 2676 328 2717; x_wconf 87' lang='lat' dir='ltr'>pendatur</span> <span class='ocrx_word' id='word_1_346' title='bbox 342 2686 440 2717; x_wconf 90' lang='lat' dir='ltr'>quam</span> <span class='ocrx_word' id='word_1_347' title='bbox 451 2678 621 2708; x_wconf 82' lang='lat' dir='ltr'>necessarii</span> <span class='ocrx_word' id='word_1_348' title='bbox 633 2678 694 2709; x_wconf 87' lang='lat' dir='ltr'>sint</span> <span class='ocrx_word' id='word_1_349' title='bbox 708 2679 821 2711; x_wconf 83' lang='lat' dir='ltr'>fratres</span> <span class='ocrx_word' id='word_1_350' title='bbox 835 2680 945 2719; x_wconf 82' lang='lat' dir='ltr'>nostri,</span> 
     </span>
    </p>
   </div>
   <div class='ocr_carea' id='block_1_9' title="bbox 207 2740 440 2772">
    <p class='ocr_par' dir='ltr' id='par_1_12' title="bbox 207 2740 440 2772">
     <span class='ocr_line' id='line_1_57' title="bbox 207 2740 440 2772; baseline 0.013 -9"><span class='ocrx_word' id='word_1_351' title='bbox 207 2740 213 2756; x_wconf 82' lang='lat'>¹</span> <span class='ocrx_word' id='word_1_352' title='bbox 227 2740 312 2772; x_wconf 60' lang='lat' dir='ltr'>Num„</span> <span class='ocrx_word' id='word_1_353' title='bbox 327 2746 403 2772; x_wconf 81' lang='lat' dir='ltr'>xxm,</span> <span class='ocrx_word' id='word_1_354' title='bbox 417 2742 440 2766; x_wconf 93' lang='lat'>8.</span> 
     </span>
    </p>
   </div>
   <div class='ocr_carea' id='block_1_10' title="bbox 998 734 1799 2775">
    <p class='ocr_par' dir='ltr' id='par_1_13' title="bbox 998 734 1799 2775">
     <span class='ocr_line' id='line_1_58' title="bbox 999 734 1774 776; baseline -0.001 -10"><span class='ocrx_word' id='word_1_355' title='bbox 999 735 1106 774; x_wconf 89' lang='lat' dir='ltr'>solvit,</span> <span class='ocrx_word' id='word_1_356' title='bbox 1131 734 1185 767; x_wconf 92' lang='lat' dir='ltr'>vel</span> <span class='ocrx_word' id='word_1_357' title='bbox 1204 735 1277 766; x_wconf 79' lang='lat' dir='ltr'>facit</span> <span class='ocrx_word' id='word_1_358' title='bbox 1298 734 1332 766; x_wconf 92' lang='lat' dir='ltr'>in</span> <span class='ocrx_word' id='word_1_359' title='bbox 1350 735 1550 776; x_wconf 75' lang='lat' dir='ltr'>huiusmodi,</span> <span class='ocrx_word' id='word_1_360' title='bbox 1571 734 1654 766; x_wconf 91' lang='lat' dir='ltr'>nihil</span> <span class='ocrx_word' id='word_1_361' title='bbox 1676 734 1774 766; x_wconf 89' lang='lat' dir='ltr'>valet.</span> 
     </span>
     <span class='ocr_line' id='line_1_59' title="bbox 999 788 1778 829; baseline -0.001 -9"><span class='ocrx_word' id='word_1_362' title='bbox 999 788 1077 821; x_wconf 88' lang='lat' dir='ltr'>Vide</span> <span class='ocrx_word' id='word_1_363' title='bbox 1104 797 1185 829; x_wconf 83' lang='lat' dir='ltr'>ergo</span> <span class='ocrx_word' id='word_1_364' title='bbox 1220 788 1375 829; x_wconf 89' lang='lat' dir='ltr'>plurimos</span> <span class='ocrx_word' id='word_1_365' title='bbox 1412 788 1570 820; x_wconf 86' lang='lat' dir='ltr'>nobilium</span> <span class='ocrx_word' id='word_1_366' title='bbox 1599 790 1636 827; x_wconf 77' lang='grc' dir='ltr'>ι01</span> <span class='ocrx_word' id='word_1_367' title='bbox 1664 790 1778 829; x_wconf 88' lang='lat' dir='ltr'>poten-</span> 
     </span>
     <span class='ocr_line' id='line_1_60' title="bbox 998 842 1778 883; baseline -0.001 -9"><span class='ocrx_word' id='word_1_368' title='bbox 998 843 1102 881; x_wconf 90' lang='lat' dir='ltr'>tium,</span> <span class='ocrx_word' id='word_1_369' title='bbox 1127 843 1182 883; x_wconf 90' lang='lat' dir='ltr'>qui</span> <span class='ocrx_word' id='word_1_370' title='bbox 1207 843 1359 875; x_wconf 90' lang='lat' dir='ltr'>deberent</span> <span class='ocrx_word' id='word_1_371' title='bbox 1384 842 1538 874; x_wconf 85' lang='lat' dir='ltr'>beneficia</span> <span class='ocrx_word' id='word_1_372' title='bbox 1568 842 1778 874; x_wconf 88' lang='lat' dir='ltr'>ecclesiastica</span> 
     </span>
     <span class='ocr_line' id='line_1_61' title="bbox 999 896 1775 937; baseline -0.001 -10"><span class='ocrx_word' id='word_1_373' title='bbox 999 905 1172 937; x_wconf 85' lang='lat' dir='ltr'>peragere,</span> <span class='ocrx_word' id='word_1_374' title='bbox 1195 906 1252 937; x_wconf 89' lang='lat' dir='ltr'>per</span> <span class='ocrx_word' id='word_1_375' title='bbox 1282 896 1363 928; x_wconf 87' lang='lat' dir='ltr'>bella</span> <span class='ocrx_word' id='word_1_376' title='bbox 1387 898 1418 928; x_wconf 92' lang='lat' dir='ltr'>et</span> <span class='ocrx_word' id='word_1_377' title='bbox 1441 896 1519 928; x_wconf 89' lang='lat' dir='ltr'>alios</span> <span class='ocrx_word' id='word_1_378' title='bbox 1543 905 1692 928; x_wconf 87' lang='lat' dir='ltr'>excessus</span> <span class='ocrx_word' id='word_1_379' title='bbox 1712 896 1775 927; x_wconf 88' lang='lat' dir='ltr'>fre-</span> 
     </span>
     <span class='ocr_line' id='line_1_62' title="bbox 1000 951 1779 992; baseline -0.001 -10"><span class='ocrx_word' id='word_1_380' title='bbox 1000 953 1134 992; x_wconf 88' lang='lat' dir='ltr'>quenter</span> <span class='ocrx_word' id='word_1_381' title='bbox 1156 952 1320 983; x_wconf 89' lang='lat' dir='ltr'>incurrere</span> <span class='ocrx_word' id='word_1_382' title='bbox 1345 951 1684 983; x_wconf 84' lang='lat' dir='ltr'>excommunicationis</span> <span class='ocrx_word' id='word_1_383' title='bbox 1707 959 1779 981; x_wconf 86' lang='lat' dir='ltr'>sen-</span> 
     </span>
     <span class='ocr_line' id='line_1_63' title="bbox 1000 1004 1777 1046; baseline -0.001 -10"><span class='ocrx_word' id='word_1_384' title='bbox 1000 1005 1154 1044; x_wconf 87' lang='lat' dir='ltr'>tentiam,</span> <span class='ocrx_word' id='word_1_385' title='bbox 1175 1015 1195 1036; x_wconf 89' lang='lat' dir='ltr'>a</span> <span class='ocrx_word' id='word_1_386' title='bbox 1214 1007 1307 1046; x_wconf 68' lang='grc' dir='ltr'>ι1010,</span> <span class='ocrx_word' id='word_1_387' title='bbox 1335 1005 1388 1037; x_wconf 90' lang='lat' dir='ltr'>vel</span> <span class='ocrx_word' id='word_1_388' title='bbox 1412 1015 1431 1037; x_wconf 88' lang='lat' dir='ltr'>a</span> <span class='ocrx_word' id='word_1_389' title='bbox 1449 1005 1558 1046; x_wconf 88' lang='lat' dir='ltr'>judice</span> <span class='ocrx_word' id='word_1_390' title='bbox 1582 1004 1695 1044; x_wconf 81' lang='lat' dir='ltr'>latam,</span> <span class='ocrx_word' id='word_1_391' title='bbox 1725 1005 1777 1036; x_wconf 90' lang='lat' dir='ltr'>vel</span> 
     </span>
     <span class='ocr_line' id='line_1_64' title="bbox 1000 1058 1776 1100; baseline -0.001 -9"><span class='ocrx_word' id='word_1_392' title='bbox 1000 1060 1091 1092; x_wconf 85' lang='lat' dir='ltr'>aliter</span> <span class='ocrx_word' id='word_1_393' title='bbox 1105 1060 1260 1091; x_wconf 83' lang='lat' dir='ltr'>demereri</span> <span class='ocrx_word' id='word_1_394' title='bbox 1271 1061 1328 1100; x_wconf 87' lang='lat' dir='ltr'>jus</span> <span class='ocrx_word' id='word_1_395' title='bbox 1343 1060 1524 1091; x_wconf 82' lang='lat' dir='ltr'>conferendi</span> <span class='ocrx_word' id='word_1_396' title='bbox 1538 1059 1597 1090; x_wconf 86' lang='lat' dir='ltr'>ista</span> <span class='ocrx_word' id='word_1_397' title='bbox 1610 1058 1776 1098; x_wconf 86' lang='lat' dir='ltr'>beneficia,</span> 
     </span>
     <span class='ocr_line' id='line_1_65' title="bbox 1000 1112 1776 1154; baseline -0.003 -9"><span class='ocrx_word' id='word_1_398' title='bbox 1000 1115 1076 1154; x_wconf 87' lang='lat' dir='ltr'>quia</span> <span class='ocrx_word' id='word_1_399' title='bbox 1101 1114 1153 1146; x_wconf 90' lang='lat' dir='ltr'>vel</span> <span class='ocrx_word' id='word_1_400' title='bbox 1173 1114 1316 1154; x_wconf 83' lang='lat' dir='ltr'>indignis</span> <span class='ocrx_word' id='word_1_401' title='bbox 1344 1114 1532 1152; x_wconf 84' lang='lat' dir='ltr'>conferunt,</span> <span class='ocrx_word' id='word_1_402' title='bbox 1559 1112 1610 1144; x_wconf 88' lang='lat' dir='ltr'>vel</span> <span class='ocrx_word' id='word_1_403' title='bbox 1637 1112 1776 1144; x_wconf 89' lang='lat' dir='ltr'>interve-</span> 
     </span>
     <span class='ocr_line' id='line_1_66' title="bbox 1000 1167 1778 1208; baseline -0.001 -10"><span class='ocrx_word' id='word_1_404' title='bbox 1000 1167 1108 1198; x_wconf 87' lang='lat' dir='ltr'>niente</span> <span class='ocrx_word' id='word_1_405' title='bbox 1121 1168 1268 1206; x_wconf 89' lang='lat' dir='ltr'>simonia,</span> <span class='ocrx_word' id='word_1_406' title='bbox 1284 1176 1489 1208; x_wconf 87' lang='lat' dir='ltr'>quocumque</span> <span class='ocrx_word' id='word_1_407' title='bbox 1500 1167 1607 1205; x_wconf 89' lang='lat' dir='ltr'>modo,</span> <span class='ocrx_word' id='word_1_408' title='bbox 1623 1175 1680 1206; x_wconf 89' lang='lat' dir='ltr'>per</span> <span class='ocrx_word' id='word_1_409' title='bbox 1693 1167 1778 1206; x_wconf 87' lang='lat' dir='ltr'>ipsos</span> 
     </span>
     <span class='ocr_line' id='line_1_67' title="bbox 1001 1220 1779 1262; baseline -0.003 -9"><span class='ocrx_word' id='word_1_410' title='bbox 1001 1222 1053 1253; x_wconf 87' lang='lat' dir='ltr'>vel</span> <span class='ocrx_word' id='word_1_411' title='bbox 1077 1222 1282 1260; x_wconf 88' lang='lat' dir='ltr'>mediatores;</span> <span class='ocrx_word' id='word_1_412' title='bbox 1308 1224 1339 1253; x_wconf 89' lang='lat' dir='ltr'>et</span> <span class='ocrx_word' id='word_1_413' title='bbox 1361 1222 1388 1252; x_wconf 91' lang='lat' dir='ltr'>si</span> <span class='ocrx_word' id='word_1_414' title='bbox 1414 1230 1478 1262; x_wconf 87' lang='lat' dir='ltr'>qua</span> <span class='ocrx_word' id='word_1_415' title='bbox 1498 1224 1576 1252; x_wconf 88' lang='lat' dir='ltr'>tunc</span> <span class='ocrx_word' id='word_1_416' title='bbox 1595 1221 1649 1252; x_wconf 93' lang='lat' dir='ltr'>vel</span> <span class='ocrx_word' id='word_1_417' title='bbox 1676 1220 1779 1251; x_wconf 86' lang='lat' dir='ltr'>taliter</span> 
     </span>
     <span class='ocr_line' id='line_1_68' title="bbox 1001 1275 1779 1316; baseline -0.003 -9"><span class='ocrx_word' id='word_1_418' title='bbox 1001 1276 1169 1307; x_wconf 83' lang='lat' dir='ltr'>conferunt</span> <span class='ocrx_word' id='word_1_419' title='bbox 1181 1276 1345 1314; x_wconf 83' lang='lat' dir='ltr'>beneficia,</span> <span class='ocrx_word' id='word_1_420' title='bbox 1362 1276 1408 1306; x_wconf 93' lang='lat' dir='ltr'>nil</span> <span class='ocrx_word' id='word_1_421' title='bbox 1421 1275 1505 1316; x_wconf 76' lang='lat' dir='ltr'>Juris</span> <span class='ocrx_word' id='word_1_422' title='bbox 1519 1275 1727 1316; x_wconf 86' lang='lat' dir='ltr'>percipientes</span> <span class='ocrx_word' id='word_1_423' title='bbox 1741 1284 1779 1306; x_wconf 89' lang='lat' dir='ltr'>ea</span> 
     </span>
     <span class='ocr_line' id='line_1_69' title="bbox 1001 1329 1778 1371; baseline -0.001 -10"><span class='ocrx_word' id='word_1_424' title='bbox 1001 1332 1255 1371; x_wconf 85' lang='lat' dir='ltr'>consequuntur,</span> <span class='ocrx_word' id='word_1_425' title='bbox 1279 1339 1354 1361; x_wconf 89' lang='lat' dir='ltr'>cum</span> <span class='ocrx_word' id='word_1_426' title='bbox 1376 1329 1429 1361; x_wconf 87' lang='lat' dir='ltr'>ille</span> <span class='ocrx_word' id='word_1_427' title='bbox 1453 1330 1618 1361; x_wconf 87' lang='lat' dir='ltr'>conferens</span> <span class='ocrx_word' id='word_1_428' title='bbox 1637 1330 1693 1370; x_wconf 90' lang='lat' dir='ltr'>jus</span> <span class='ocrx_word' id='word_1_429' title='bbox 1712 1338 1778 1361; x_wconf 92' lang='grc'>000</span> 
     </span>
     <span class='ocr_line' id='line_1_70' title="bbox 1001 1383 1777 1423; baseline -0.003 -8"><span class='ocrx_word' id='word_1_430' title='bbox 1001 1384 1118 1415; x_wconf 87' lang='lat' dir='ltr'>habeat</span> <span class='ocrx_word' id='word_1_431' title='bbox 1133 1384 1325 1415; x_wconf 84' lang='lat' dir='ltr'>conferendi.</span> <span class='ocrx_word' id='word_1_432' title='bbox 1342 1383 1494 1415; x_wconf 85' lang='lat' dir='ltr'>Videmus</span> <span class='ocrx_word' id='word_1_433' title='bbox 1508 1383 1673 1423; x_wconf 84' lang='lat' dir='ltr'>episcopos</span> <span class='ocrx_word' id='word_1_434' title='bbox 1687 1383 1777 1414; x_wconf 89' lang='lat' dir='ltr'>simi-</span> 
     </span>
     <span class='ocr_line' id='line_1_71' title="bbox 1001 1437 1780 1479; baseline -0.001 -10"><span class='ocrx_word' id='word_1_435' title='bbox 1001 1438 1073 1469; x_wconf 81' lang='lat' dir='ltr'>liter</span> <span class='ocrx_word' id='word_1_436' title='bbox 1087 1448 1143 1479; x_wconf 92' lang='lat' dir='ltr'>per</span> <span class='ocrx_word' id='word_1_437' title='bbox 1157 1438 1250 1477; x_wconf 86' lang='lat' dir='ltr'>bella,</span> <span class='ocrx_word' id='word_1_438' title='bbox 1268 1438 1319 1470; x_wconf 90' lang='lat' dir='ltr'>vel</span> <span class='ocrx_word' id='word_1_439' title='bbox 1333 1438 1411 1469; x_wconf 88' lang='lat' dir='ltr'>alios</span> <span class='ocrx_word' id='word_1_440' title='bbox 1426 1447 1585 1476; x_wconf 87' lang='lat' dir='ltr'>excessus,</span> <span class='ocrx_word' id='word_1_441' title='bbox 1601 1447 1686 1478; x_wconf 80' lang='lat' dir='ltr'>saepe</span> <span class='ocrx_word' id='word_1_442' title='bbox 1700 1437 1780 1468; x_wconf 82' lang='lat' dir='ltr'>inei-</span> 
     </span>
     <span class='ocr_line' id='line_1_72' title="bbox 1001 1491 1780 1530; baseline -0.003 -7"><span class='ocrx_word' id='word_1_443' title='bbox 1001 1492 1075 1523; x_wconf 88' lang='lat' dir='ltr'>dere</span> <span class='ocrx_word' id='word_1_444' title='bbox 1086 1492 1424 1523; x_wconf 82' lang='lat' dir='ltr'>excommunicationis</span> <span class='ocrx_word' id='word_1_445' title='bbox 1436 1491 1637 1530; x_wconf 88' lang='lat' dir='ltr'>sententiam,</span> <span class='ocrx_word' id='word_1_446' title='bbox 1650 1491 1703 1522; x_wconf 91' lang='lat' dir='ltr'>vel</span> <span class='ocrx_word' id='word_1_447' title='bbox 1713 1500 1780 1522; x_wconf 83' lang='lat' dir='ltr'>sus-</span> 
     </span>
     <span class='ocr_line' id='line_1_73' title="bbox 1002 1545 1779 1587; baseline -0.003 -10"><span class='ocrx_word' id='word_1_448' title='bbox 1002 1546 1175 1587; x_wconf 88' lang='lat' dir='ltr'>pensionis,</span> <span class='ocrx_word' id='word_1_449' title='bbox 1190 1546 1275 1577; x_wconf 87' lang='lat' dir='ltr'>vela</span> <span class='ocrx_word' id='word_1_450' title='bbox 1291 1545 1424 1577; x_wconf 90' lang='lat' dir='ltr'>Domino</span> <span class='ocrx_word' id='word_1_451' title='bbox 1445 1545 1531 1585; x_wconf 86' lang='lat' dir='ltr'>Papa</span> <span class='ocrx_word' id='word_1_452' title='bbox 1551 1545 1697 1585; x_wconf 86' lang='lat' dir='ltr'>suspendi</span> <span class='ocrx_word' id='word_1_453' title='bbox 1723 1554 1779 1585; x_wconf 85' lang='lat' dir='ltr'>seu</span> 
     </span>
     <span class='ocr_line' id='line_1_74' title="bbox 1002 1598 1780 1639; baseline -0.004 -7"><span class='ocrx_word' id='word_1_454' title='bbox 1002 1600 1285 1632; x_wconf 86' lang='lat' dir='ltr'>excommunicari.</span> <span class='ocrx_word' id='word_1_455' title='bbox 1312 1599 1391 1630; x_wconf 87' lang='lat' dir='ltr'>Item</span> <span class='ocrx_word' id='word_1_456' title='bbox 1419 1599 1505 1639; x_wconf 89' lang='lat' dir='ltr'>quod</span> <span class='ocrx_word' id='word_1_457' title='bbox 1526 1599 1624 1639; x_wconf 86' lang='lat' dir='ltr'>aliqui</span> <span class='ocrx_word' id='word_1_458' title='bbox 1648 1598 1700 1629; x_wconf 90' lang='lat' dir='ltr'>vel</span> <span class='ocrx_word' id='word_1_459' title='bbox 1723 1608 1780 1638; x_wconf 88' lang='lat' dir='ltr'>per</span> 
     </span>
     <span class='ocr_line' id='line_1_75' title="bbox 1002 1653 1780 1695; baseline -0.003 -10"><span class='ocrx_word' id='word_1_460' title='bbox 1002 1655 1172 1686; x_wconf 88' lang='lat' dir='ltr'>simoniam</span> <span class='ocrx_word' id='word_1_461' title='bbox 1181 1656 1421 1695; x_wconf 86' lang='lat' dir='ltr'>promoventur,</span> <span class='ocrx_word' id='word_1_462' title='bbox 1434 1653 1485 1685; x_wconf 85' lang='lat' dir='ltr'>vel</span> <span class='ocrx_word' id='word_1_463' title='bbox 1493 1653 1659 1684; x_wconf 84' lang='lat' dir='ltr'>conferunt</span> <span class='ocrx_word' id='word_1_464' title='bbox 1669 1661 1780 1683; x_wconf 90' lang='lat' dir='ltr'>curam</span> 
     </span>
     <span class='ocr_line' id='line_1_76' title="bbox 1003 1707 1779 1748; baseline -0.005 -8"><span class='ocrx_word' id='word_1_465' title='bbox 1003 1710 1198 1741; x_wconf 85' lang='lat' dir='ltr'>animarum.</span> <span class='ocrx_word' id='word_1_466' title='bbox 1215 1708 1368 1740; x_wconf 89' lang='lat' dir='ltr'>Similiter</span> <span class='ocrx_word' id='word_1_467' title='bbox 1382 1709 1436 1740; x_wconf 88' lang='lat' dir='ltr'>alii</span> <span class='ocrx_word' id='word_1_468' title='bbox 1456 1707 1553 1748; x_wconf 87' lang='lat' dir='ltr'>aliqui</span> <span class='ocrx_word' id='word_1_469' title='bbox 1569 1707 1690 1747; x_wconf 84' lang='lat' dir='ltr'>praelati</span> <span class='ocrx_word' id='word_1_470' title='bbox 1705 1716 1779 1747; x_wconf 87' lang='lat' dir='ltr'>pro-</span> 
     </span>
     <span class='ocr_line' id='line_1_77' title="bbox 1003 1760 1781 1803; baseline -0.003 -9"><span class='ocrx_word' id='word_1_471' title='bbox 1003 1766 1186 1801; x_wconf 90' lang='lat' dir='ltr'>moventur,</span> <span class='ocrx_word' id='word_1_472' title='bbox 1201 1765 1232 1794; x_wconf 89' lang='lat' dir='ltr'>et</span> <span class='ocrx_word' id='word_1_473' title='bbox 1253 1764 1445 1803; x_wconf 88' lang='lat' dir='ltr'>promovent</span> <span class='ocrx_word' id='word_1_474' title='bbox 1459 1762 1538 1793; x_wconf 86' lang='lat' dir='ltr'>alios</span> <span class='ocrx_word' id='word_1_475' title='bbox 1557 1770 1613 1801; x_wconf 90' lang='lat' dir='ltr'>per</span> <span class='ocrx_word' id='word_1_476' title='bbox 1635 1760 1781 1792; x_wconf 81' lang='lat' dir='ltr'>simoniae</span> 
     </span>
     <span class='ocr_line' id='line_1_78' title="bbox 1003 1814 1781 1855; baseline -0.004 -7"><span class='ocrx_word' id='word_1_477' title='bbox 1003 1818 1235 1855; x_wconf 86' lang='lat' dir='ltr'>interventum,</span> <span class='ocrx_word' id='word_1_478' title='bbox 1253 1819 1283 1848; x_wconf 90' lang='lat' dir='ltr'>et</span> <span class='ocrx_word' id='word_1_479' title='bbox 1304 1826 1415 1848; x_wconf 89' lang='lat' dir='ltr'>omnes</span> <span class='ocrx_word' id='word_1_480' title='bbox 1429 1815 1660 1847; x_wconf 76' lang='lat' dir='ltr'>beneficiorum</span> <span class='ocrx_word' id='word_1_481' title='bbox 1681 1814 1781 1846; x_wconf 87' lang='lat' dir='ltr'>colla-</span> 
     </span>
     <span class='ocr_line' id='line_1_79' title="bbox 1003 1869 1781 1911; baseline -0.003 -9"><span class='ocrx_word' id='word_1_482' title='bbox 1003 1872 1104 1903; x_wconf 88' lang='lat' dir='ltr'>tiones</span> <span class='ocrx_word' id='word_1_483' title='bbox 1119 1880 1176 1911; x_wconf 89' lang='lat' dir='ltr'>per</span> <span class='ocrx_word' id='word_1_484' title='bbox 1194 1871 1272 1901; x_wconf 87' lang='lat' dir='ltr'>tales</span> <span class='ocrx_word' id='word_1_485' title='bbox 1291 1871 1342 1902; x_wconf 87' lang='lat' dir='ltr'>vel</span> <span class='ocrx_word' id='word_1_486' title='bbox 1365 1871 1470 1901; x_wconf 83' lang='lat' dir='ltr'>taliter</span> <span class='ocrx_word' id='word_1_487' title='bbox 1491 1870 1582 1900; x_wconf 81' lang='lat' dir='ltr'>factae</span> <span class='ocrx_word' id='word_1_488' title='bbox 1596 1869 1678 1900; x_wconf 89' lang='lat' dir='ltr'>nihil</span> <span class='ocrx_word' id='word_1_489' title='bbox 1695 1869 1781 1909; x_wconf 68' lang='grc' dir='ltr'>ι111115</span> 
     </span>
     <span class='ocr_line' id='line_1_80' title="bbox 1004 1922 1780 1964; baseline -0.004 -9"><span class='ocrx_word' id='word_1_490' title='bbox 1004 1926 1169 1956; x_wconf 85' lang='lat' dir='ltr'>conserunt</span> <span class='ocrx_word' id='word_1_491' title='bbox 1190 1924 1364 1964; x_wconf 84' lang='lat' dir='ltr'>recipienti.</span> <span class='ocrx_word' id='word_1_492' title='bbox 1388 1923 1540 1955; x_wconf 83' lang='lat' dir='ltr'>Videmus</span> <span class='ocrx_word' id='word_1_493' title='bbox 1566 1924 1708 1963; x_wconf 86' lang='lat' dir='ltr'>pastores</span> <span class='ocrx_word' id='word_1_494' title='bbox 1730 1922 1780 1953; x_wconf 88' lang='lat' dir='ltr'>lo-</span> 
     </span>
     <span class='ocr_line' id='line_1_81' title="bbox 1004 1977 1781 2010; baseline -0.003 0"><span class='ocrx_word' id='word_1_495' title='bbox 1004 1989 1075 2010; x_wconf 87' lang='lat' dir='ltr'>care</span> <span class='ocrx_word' id='word_1_496' title='bbox 1098 1979 1245 2010; x_wconf 83' lang='lat' dir='ltr'>eeclesias</span> <span class='ocrx_word' id='word_1_497' title='bbox 1275 1988 1349 2010; x_wconf 81' lang='lat' dir='ltr'>suas</span> <span class='ocrx_word' id='word_1_498' title='bbox 1370 1978 1497 2009; x_wconf 86' lang='lat' dir='ltr'>vicariis</span> <span class='ocrx_word' id='word_1_499' title='bbox 1523 1977 1590 2009; x_wconf 84' lang='lat' dir='ltr'>suis</span> <span class='ocrx_word' id='word_1_500' title='bbox 1613 1977 1673 2008; x_wconf 87' lang='lat' dir='ltr'>sub</span> <span class='ocrx_word' id='word_1_501' title='bbox 1697 1980 1781 2008; x_wconf 82' lang='lat' dir='ltr'>certa</span> 
     </span>
     <span class='ocr_line' id='line_1_82' title="bbox 1004 2031 1782 2073; baseline -0.001 -10"><span class='ocrx_word' id='word_1_502' title='bbox 1004 2033 1155 2073; x_wconf 87' lang='lat' dir='ltr'>pensione</span> <span class='ocrx_word' id='word_1_503' title='bbox 1179 2042 1304 2071; x_wconf 89' lang='lat' dir='ltr'>census,</span> <span class='ocrx_word' id='word_1_504' title='bbox 1331 2034 1362 2063; x_wconf 84' lang='lat' dir='ltr'>et</span> <span class='ocrx_word' id='word_1_505' title='bbox 1383 2041 1470 2063; x_wconf 84' lang='lat' dir='ltr'>unus</span> <span class='ocrx_word' id='word_1_506' title='bbox 1492 2040 1575 2072; x_wconf 82' lang='lat' dir='ltr'>saepe</span> <span class='ocrx_word' id='word_1_507' title='bbox 1599 2031 1782 2072; x_wconf 84' lang='lat' dir='ltr'>supplantat</span> 
     </span>
     <span class='ocr_line' id='line_1_83' title="bbox 1004 2085 1782 2126; baseline -0.003 -9"><span class='ocrx_word' id='word_1_508' title='bbox 1004 2087 1104 2117; x_wconf 88' lang='lat' dir='ltr'>alium</span> <span class='ocrx_word' id='word_1_509' title='bbox 1119 2087 1332 2126; x_wconf 86' lang='lat' dir='ltr'>promittendo</span> <span class='ocrx_word' id='word_1_510' title='bbox 1344 2087 1499 2126; x_wconf 66' lang='lat' dir='ltr'>maiorem</span> <span class='ocrx_word' id='word_1_511' title='bbox 1510 2085 1698 2126; x_wconf 87' lang='lat' dir='ltr'>pensionem</span> <span class='ocrx_word' id='word_1_512' title='bbox 1712 2094 1782 2125; x_wconf 88' lang='lat' dir='ltr'>pas-</span> 
     </span>
     <span class='ocr_line' id='line_1_84' title="bbox 1003 2139 1783 2179; baseline -0.003 -8"><span class='ocrx_word' id='word_1_513' title='bbox 1003 2141 1077 2178; x_wconf 84' lang='lat' dir='ltr'>tori,</span> <span class='ocrx_word' id='word_1_514' title='bbox 1094 2142 1131 2171; x_wconf 85' lang='lat' dir='ltr'>ut</span> <span class='ocrx_word' id='word_1_515' title='bbox 1144 2140 1203 2171; x_wconf 90' lang='lat' dir='ltr'>sibi</span> <span class='ocrx_word' id='word_1_516' title='bbox 1219 2140 1347 2171; x_wconf 79' lang='lat' dir='ltr'>ecclesia</span> <span class='ocrx_word' id='word_1_517' title='bbox 1363 2140 1554 2177; x_wconf 87' lang='lat' dir='ltr'>conferatur,</span> <span class='ocrx_word' id='word_1_518' title='bbox 1571 2141 1602 2170; x_wconf 86' lang='lat' dir='ltr'>et</span> <span class='ocrx_word' id='word_1_519' title='bbox 1622 2139 1682 2169; x_wconf 88' lang='grc'>000</span> <span class='ocrx_word' id='word_1_520' title='bbox 1698 2148 1783 2179; x_wconf 82' lang='lat' dir='ltr'>saepe</span> 
     </span>
     <span class='ocr_line' id='line_1_85' title="bbox 1004 2192 1778 2234; baseline -0.003 -10"><span class='ocrx_word' id='word_1_521' title='bbox 1004 2195 1131 2225; x_wconf 80' lang='lat' dir='ltr'>incaute</span> <span class='ocrx_word' id='word_1_522' title='bbox 1155 2194 1290 2234; x_wconf 81' lang='lat' dir='ltr'>geritur,</span> <span class='ocrx_word' id='word_1_523' title='bbox 1308 2196 1339 2225; x_wconf 87' lang='lat' dir='ltr'>et</span> <span class='ocrx_word' id='word_1_524' title='bbox 1361 2203 1434 2224; x_wconf 88' lang='lat' dir='ltr'>cum</span> <span class='ocrx_word' id='word_1_525' title='bbox 1457 2192 1599 2233; x_wconf 86' lang='lat' dir='ltr'>periculo</span> <span class='ocrx_word' id='word_1_526' title='bbox 1621 2192 1778 2223; x_wconf 81' lang='lat' dir='ltr'>simouiae.</span> 
     </span>
     <span class='ocr_line' id='line_1_86' title="bbox 1004 2246 1781 2288; baseline -0.004 -9"><span class='ocrx_word' id='word_1_527' title='bbox 1004 2248 1156 2279; x_wconf 83' lang='lat' dir='ltr'>Videmus</span> <span class='ocrx_word' id='word_1_528' title='bbox 1171 2248 1325 2288; x_wconf 87' lang='lat' dir='ltr'>plurimos</span> <span class='ocrx_word' id='word_1_529' title='bbox 1344 2257 1455 2278; x_wconf 85' lang='lat' dir='ltr'>curam</span> <span class='ocrx_word' id='word_1_530' title='bbox 1477 2247 1660 2278; x_wconf 79' lang='lat' dir='ltr'>animarum</span> <span class='ocrx_word' id='word_1_531' title='bbox 1682 2246 1781 2276; x_wconf 80' lang='lat' dir='ltr'>susci-</span> 
     </span>
     <span class='ocr_line' id='line_1_87' title="bbox 1004 2300 1781 2343; baseline -0.004 -10"><span class='ocrx_word' id='word_1_532' title='bbox 1004 2312 1079 2343; x_wconf 87' lang='lat' dir='ltr'>pere</span> <span class='ocrx_word' id='word_1_533' title='bbox 1091 2305 1200 2333; x_wconf 89' lang='lat' dir='ltr'>contra</span> <span class='ocrx_word' id='word_1_534' title='bbox 1216 2304 1333 2333; x_wconf 84' lang='lat' dir='ltr'>statuta</span> <span class='ocrx_word' id='word_1_535' title='bbox 1349 2311 1521 2340; x_wconf 87' lang='lat' dir='ltr'>canonum,</span> <span class='ocrx_word' id='word_1_536' title='bbox 1542 2304 1577 2333; x_wconf 86' lang='lat' dir='ltr'>ut</span> <span class='ocrx_word' id='word_1_537' title='bbox 1597 2311 1663 2332; x_wconf 90' lang='lat' dir='ltr'>non</span> <span class='ocrx_word' id='word_1_538' title='bbox 1686 2300 1781 2331; x_wconf 81' lang='lat' dir='ltr'>cleri-</span> 
     </span>
     <span class='ocr_line' id='line_1_88' title="bbox 1005 2355 1781 2395; baseline -0.005 -7"><span class='ocrx_word' id='word_1_539' title='bbox 1005 2366 1068 2395; x_wconf 78' lang='grc'><strong>005,</strong></span> <span class='ocrx_word' id='word_1_540' title='bbox 1086 2360 1116 2388; x_wconf 83' lang='grc'>01</span> <span class='ocrx_word' id='word_1_541' title='bbox 1130 2359 1204 2388; x_wconf 87' lang='lat' dir='ltr'>ante</span> <span class='ocrx_word' id='word_1_542' title='bbox 1216 2359 1342 2388; x_wconf 62' lang='lat' dir='ltr'>aetatem</span> <span class='ocrx_word' id='word_1_543' title='bbox 1364 2357 1518 2395; x_wconf 88' lang='lat' dir='ltr'>debitam,</span> <span class='ocrx_word' id='word_1_544' title='bbox 1541 2356 1594 2387; x_wconf 90' lang='lat' dir='ltr'>vel</span> <span class='ocrx_word' id='word_1_545' title='bbox 1613 2355 1781 2394; x_wconf 85' lang='lat' dir='ltr'>illegitime</span> 
     </span>
     <span class='ocr_line' id='line_1_89' title="bbox 1004 2408 1781 2450; baseline -0.005 -9"><span class='ocrx_word' id='word_1_546' title='bbox 1004 2412 1107 2448; x_wconf 86' lang='lat' dir='ltr'>natos,</span> <span class='ocrx_word' id='word_1_547' title='bbox 1125 2411 1175 2442; x_wconf 88' lang='lat' dir='ltr'>vel</span> <span class='ocrx_word' id='word_1_548' title='bbox 1194 2411 1301 2450; x_wconf 85' lang='lat' dir='ltr'>aliqua</span> <span class='ocrx_word' id='word_1_549' title='bbox 1318 2409 1647 2441; x_wconf 82' lang='lat' dir='ltr'>excommunicatione</span> <span class='ocrx_word' id='word_1_550' title='bbox 1663 2408 1715 2439; x_wconf 89' lang='lat' dir='ltr'>vel</span> <span class='ocrx_word' id='word_1_551' title='bbox 1736 2408 1781 2437; x_wconf 91' lang='lat' dir='ltr'>ir-</span> 
     </span>
     <span class='ocr_line' id='line_1_90' title="bbox 1005 2462 1779 2504; baseline -0.004 -9"><span class='ocrx_word' id='word_1_552' title='bbox 1005 2465 1211 2503; x_wconf 84' lang='lat' dir='ltr'>regularitate</span> <span class='ocrx_word' id='word_1_553' title='bbox 1234 2465 1370 2504; x_wconf 79' lang='lat' dir='ltr'>ligatos,</span> <span class='ocrx_word' id='word_1_554' title='bbox 1397 2468 1428 2495; x_wconf 85' lang='lat' dir='ltr'>et</span> <span class='ocrx_word' id='word_1_555' title='bbox 1458 2463 1615 2494; x_wconf 79' lang='lat' dir='ltr'>inhabiles</span> <span class='ocrx_word' id='word_1_556' title='bbox 1638 2463 1677 2493; x_wconf 82' lang='lat' dir='ltr'>ad</span> <span class='ocrx_word' id='word_1_557' title='bbox 1699 2462 1779 2493; x_wconf 85' lang='lat' dir='ltr'>reci-</span> 
     </span>
     <span class='ocr_line' id='line_1_91' title="bbox 1005 2516 1782 2558; baseline -0.003 -10"><span class='ocrx_word' id='word_1_558' title='bbox 1005 2519 1155 2558; x_wconf 82' lang='lat' dir='ltr'>piendum</span> <span class='ocrx_word' id='word_1_559' title='bbox 1173 2519 1234 2550; x_wconf 88' lang='lat' dir='ltr'>tale</span> <span class='ocrx_word' id='word_1_560' title='bbox 1255 2518 1457 2549; x_wconf 76' lang='lat' dir='ltr'>beneficium.</span> <span class='ocrx_word' id='word_1_561' title='bbox 1482 2518 1560 2548; x_wconf 86' lang='lat' dir='ltr'>Item</span> <span class='ocrx_word' id='word_1_562' title='bbox 1580 2517 1666 2557; x_wconf 87' lang='lat' dir='ltr'>quod</span> <span class='ocrx_word' id='word_1_563' title='bbox 1687 2516 1782 2547; x_wconf 87' lang='lat' dir='ltr'>multi</span> 
     </span>
     <span class='ocr_line' id='line_1_92' title="bbox 1004 2571 1782 2613; baseline -0.003 -10"><span class='ocrx_word' id='word_1_564' title='bbox 1004 2573 1122 2604; x_wconf 83' lang='lat' dir='ltr'>habent</span> <span class='ocrx_word' id='word_1_565' title='bbox 1136 2574 1226 2613; x_wconf 87' lang='lat' dir='ltr'>plura</span> <span class='ocrx_word' id='word_1_566' title='bbox 1239 2573 1391 2604; x_wconf 73' lang='lat' dir='ltr'>beneficia</span> <span class='ocrx_word' id='word_1_567' title='bbox 1402 2581 1512 2603; x_wconf 80' lang='lat' dir='ltr'>euram</span> <span class='ocrx_word' id='word_1_568' title='bbox 1527 2572 1710 2602; x_wconf 83' lang='lat' dir='ltr'>animarum</span> <span class='ocrx_word' id='word_1_569' title='bbox 1725 2571 1782 2601; x_wconf 88' lang='lat' dir='ltr'>ha-</span> 
     </span>
     <span class='ocr_line' id='line_1_93' title="bbox 1004 2618 1799 2668; baseline -0.004 -10"><span class='ocrx_word' id='word_1_570' title='bbox 1004 2628 1124 2666; x_wconf 83' lang='lat' dir='ltr'>bentia,</span> <span class='ocrx_word' id='word_1_571' title='bbox 1139 2628 1193 2668; x_wconf 88' lang='lat' dir='ltr'>qui</span> <span class='ocrx_word' id='word_1_572' title='bbox 1207 2628 1325 2658; x_wconf 74' lang='grc'><strong>000001</strong></span> <span class='ocrx_word' id='word_1_573' title='bbox 1340 2626 1447 2666; x_wconf 82' lang='lat' dir='ltr'>aliqua</span> <span class='ocrx_word' id='word_1_574' title='bbox 1463 2626 1634 2664; x_wconf 68' lang='lat' dir='ltr'>obstacula,</span> <span class='ocrx_word' id='word_1_575' title='bbox 1652 2627 1781 2665; x_wconf 88' lang='lat' dir='ltr'>propter</span> <span class='ocrx_word' id='word_1_576' title='bbox 1796 2618 1799 2620; x_wconf 44' lang='lat'><strong><em>¹</em></strong></span> 
     </span>
     <span class='ocr_line' id='line_1_94' title="bbox 1004 2679 1780 2721; baseline -0.005 -9"><span class='ocrx_word' id='word_1_577' title='bbox 1004 2690 1076 2721; x_wconf 77' lang='lat' dir='ltr'>quae</span> <span class='ocrx_word' id='word_1_578' title='bbox 1088 2682 1163 2721; x_wconf 82' lang='lat' dir='ltr'>jura</span> <span class='ocrx_word' id='word_1_579' title='bbox 1176 2681 1345 2721; x_wconf 61' lang='lat' dir='ltr'>prohibent</span> <span class='ocrx_word' id='word_1_580' title='bbox 1364 2680 1504 2720; x_wconf 85' lang='lat' dir='ltr'>aliquem</span> <span class='ocrx_word' id='word_1_581' title='bbox 1520 2679 1599 2719; x_wconf 83' lang='lat' dir='ltr'>eligi</span> <span class='ocrx_word' id='word_1_582' title='bbox 1620 2679 1672 2711; x_wconf 91' lang='lat' dir='ltr'>vel</span> <span class='ocrx_word' id='word_1_583' title='bbox 1686 2679 1780 2709; x_wconf 86' lang='lat' dir='ltr'>insti-</span> 
     </span>
     <span class='ocr_line' id='line_1_95' title="bbox 1004 2731 1781 2775; baseline -0.005 -9"><span class='ocrx_word' id='word_1_584' title='bbox 1004 2735 1061 2775; x_wconf 84' lang='lat' dir='ltr'>tui,</span> <span class='ocrx_word' id='word_1_585' title='bbox 1078 2738 1114 2766; x_wconf 88' lang='lat' dir='ltr'>ut</span> <span class='ocrx_word' id='word_1_586' title='bbox 1133 2738 1179 2766; x_wconf 89' lang='lat' dir='ltr'>est</span> <span class='ocrx_word' id='word_1_587' title='bbox 1202 2734 1365 2775; x_wconf 84' lang='lat' dir='ltr'>pluralitas</span> <span class='ocrx_word' id='word_1_588' title='bbox 1386 2733 1626 2772; x_wconf 85' lang='lat' dir='ltr'>beneficiorum,</span> <span class='ocrx_word' id='word_1_589' title='bbox 1643 2735 1674 2764; x_wconf 88' lang='lat' dir='ltr'>et</span> <span class='ocrx_word' id='word_1_590' title='bbox 1693 2731 1781 2763; x_wconf 89' lang='lat' dir='ltr'>simi-</span> 
     </span>
    </p>
   </div>
  </div>
 </body>
</html>
