2029 3052
196 224 257 254 174

231 2240 263 2270 (a)
284 2239 346 2264 Ccrl.
367 2238 427 2262 edil.
444 2238 534 2261 mortis
549 2236 671 2261 sti-vitias.
687 2248 717 2253 —
732 2235 766 2265 (lt)
781 2235 855 2257 Fom-
871 2234 920 2265 lvy.
937 2240 978 2257 rue

198 2276 308 2301 refoves.
320 2287 346 2292 -
365 2275 394 2305 (c)
409 2275 469 2298 [lem
482 2274 598 2305 replices.
608 2286 637 2290 —
651 2272 684 2302 (d)
698 2273 756 2296 Item
768 2271 792 2295 in
805 2278 846 2294 nu·
859 2277 977 2294 renoves,

686 211 915 246 LAUDISMUS
935 210 988 243 DE
1009 209 1168 244 SANCTA
1189 210 1327 245 CRUGE.

321 287 415 324 Super
428 283 576 314 Christum
589 282 753 320 patientem

322 335 356 363 Et
368 332 426 362 sibi
443 330 618 361 condoleas.

357 379 462 410 Christi
475 379 614 413 mortem,
628 375 803 412 Christiane,

321 428 431 464 Plange
443 433 510 455 sero
523 426 614 461 atque
625 430 726 460 mane,

322 477 356 506 Et
368 476 400 504 in
413 474 536 511 planctu
550 470 693 508 gaudeas.

355 523 452 558 Quam
466 520 634 557 despectus,
651 525 746 556 quam
759 517 892 554 dejectus

321 572 383 599 Rex
397 568 543 598 coelorum
554 568 597 596 est
607 565 741 602 effectus,

322 618 356 646 Ut
367 615 497 645 salvaret
509 613 652 643 saeculum
663 615 669 642 !

357 662 484 693 Esurivit
497 663 526 691 et
538 661 638 697 sitivit,

321 712 436 748 Pauper
450 711 479 739 et
492 716 604 746 egenus
618 708 682 744 ivit,

321 760 417 796 Usque
432 757 471 786 ad
485 755 664 794 patibulum.

359 803 527 834 Recordare
538 802 731 840 paupertatis,

322 854 356 882 Et
369 853 508 881 extremm
526 849 658 886 vilitatis,

324 901 357 928 Et
370 898 470 935 gravis
485 896 634 934 supplicii.

359 946 387 975 Si
400 953 432 975 es
446 952 571 982 compos
584 943 718 979 rationis,

323 995 391 1023 Esto
405 1000 522 1022 memor
534 991 694 1029 passionis,

324 1040 411 1070 Fellis
426 1042 454 1069 et
468 1039 620 1069 absinthii.

360 1089 434 1117 Cum
449 1087 596 1116 deductus
609 1087 653 1115 est
664 1085 838 1120 immensus,

324 1137 357 1165 Et
369 1136 400 1164 in
415 1143 502 1164 cruce
515 1137 585 1164 tunc
599 1140 770 1170 suspensus,

324 1184 474 1219 Fugerunt
487 1180 637 1218 discipuli.

358 1231 461 1259 Manus
477 1228 570 1266 pedes
584 1227 790 1265 perfoderunt,

324 1279 356 1306 Et
369 1279 453 1305 aceto
468 1277 647 1313 potaverunt

322 1325 478 1353 Summum
490 1325 600 1359 Regem
615 1322 714 1350 saeeuli
731 1331 738 1349 z

357 1371 446 1407 Cujus
461 1370 541 1399 oculi
557 1370 635 1398 beati

323 1419 394 1447 Sunt
409 1418 440 1446 in
455 1425 541 1447 cruce
558 1415 721 1450 obscurati,

324 1467 356 1494 Et
369 1465 469 1494 vultus
483 1464 637 1502 expalluit.

359 1515 418 1541 Suo
434 1512 553 1549 corpori
567 1514 636 1540 tunc
652 1510 736 1539 nudo

324 1562 387 1589 Non
402 1559 545 1588 remansit
560 1557 764 1595 pulchritudo,

324 1609 415 1636 Decor
430 1607 528 1635 omnis
543 1606 667 1642 aufugit.

360 1656 480 1691 Propter
495 1653 652 1682 hominum
667 1653 797 1688 peecata,

323 1703 381 1730 Sua
396 1709 466 1729 caro
482 1701 612 1729 cruciata

325 1749 388 1777 Fuit
398 1749 473 1776 inter
488 1748 621 1776 verbera.

360 1796 490 1824 Membra
505 1803 560 1823 sua
574 1796 642 1822 sunt
657 1794 783 1821 distenta

325 1846 445 1880 Propter
459 1850 566 1880 aspera
580 1843 737 1875 tormenta,

324 1892 356 1919 Et
371 1891 452 1919 illata
467 1889 602 1918 vulnera.

360 1941 435 1967 lnter
448 1945 574 1973 magnos
587 1936 733 1964 cruciatus

325 1988 370 2014 Est
389 1986 418 2013 in
434 1993 520 2013 cruce
535 1985 726 2020 lacrymatus,

324 2035 355 2060 lit
368 2032 464 2061 emisit
478 2032 624 2068 spiritum.

360 2079 546 2116 suspiremus
562 2080 591 2106 et
604 2079 739 2111 neamus,

324 2130 394 2156 'l'oto
410 2127 499 2155 corde
515 2126 684 2159 doleamus,

325 2177 418 2211 Super
433 2174 630 2209 unigenitum.

1195 280 1252 315 Qui
1264 280 1328 310 haec
1341 279 1440 314 audis,
1453 279 1625 316 ingemisce,

1159 327 1192 356 Et
1205 327 1237 356 in
1249 326 1312 356 istis
1325 326 1479 365 planctum
1491 327 1584 356 misce

1158 374 1191 403 Et
1205 374 1305 404 cordis
1318 373 1483 404 moestitias.

1193 421 1307 459 Corpus
1320 429 1409 459 ange,
1426 421 1518 452 corde
1531 421 1653 460 plange,

1158 468 1284 497 Mentem
1297 468 1414 505 frange,
1428 476 1523 498 manu
1536 471 1626 506 tange

1159 514 1264 544 Christi
1278 523 1386 544 manus
1395 515 1512 546 saucias
1525 516 1574 553 (α).

1195 562 1298 591 Virum
1312 563 1427 600 respice
1441 562 1596 600 dolorum,

1160 610 1193 638 Et
1206 609 1406 639 novissimum
1419 610 1566 647 virorum,

1161 658 1277 687 Fortem
1292 657 1332 687 ad
1346 657 1503 695 supplicia.

1196 704 1260 734 Tibi
1275 707 1394 742 gratum
1407 705 1444 734 sit
1457 707 1486 734 et
1498 713 1619 743 oequum

1160 753 1225 781 lam
1240 752 1272 780 in
1286 760 1373 781 cruce
1387 752 1464 782 mori
1478 760 1592 787 secum,

1161 799 1297 837 Compati
1311 799 1451 829 convitia.

1197 846 1324 881 Quando
1339 846 1425 875 vides
1440 849 1466 876 te
1485 847 1639 884 afflictum,

1163 893 1342 930 Desolatum‚
1357 895 1398 923 ita
1410 894 1532 932 victum,

1163 941 1253 975 Quasi
1268 940 1390 970 deficias
1396 951 1405 978 ;

1199 988 1304 1017 Christi
1317 988 1428 1025 cogites
1445 988 1578 1026 dolores,

1162 1035 1272 1064 Graves
1285 1043 1400 1072 poenas,
1416 1038 1445 1065 et
1457 1043 1612 1072 moeror-ee,

1163 1083 1266 1120 sputa,
1283 1082 1490 1112 contumelias.

1200 1131 1280 1159 Bone
1292 1130 1392 1167 trater,
1407 1130 1559 1168 quidquid
1573 1138 1658 1168 agas,

1163 1177 1300 1206 crucifixi
1315 1177 1385 1206 vide
1398 1177 1516 1215 plaga,

1165 1227 1198 1254 Et
1209 1225 1266 1254 sibi
1283 1227 1463 1263 compatere.

1201 1273 1287 1302 Omni
1303 1274 1437 1310 tempore
1452 1273 1511 1301 sint
1525 1273 1578 1301 tibi

1163 1320 1251 1355 Quasi
1263 1320 1409 1357 spiritales
1423 1320 1481 1349 cibi
1489 1330 1497 1356 ς

1165 1367 1213 1396 llis
1227 1367 1392 1403 gaudenter
1407 1367 1514 1396 fruere.

1199 1414 1357 1450 Crucifixe,
1372 1414 1418 1443 sac
1433 1422 1480 1443 me
1496 1414 1614 1449 fortem,

1164 1462 1196 1490 L't
1212 1461 1340 1490 libenter
1354 1464 1437 1490 tuam
1454 1463 1580 1490 mortem

1165 1508 1318 1544 l‘langam,
1335 1508 1431 1537 donec
1447 1508 1558 1537 vixero.

1199 1558 1306 1584 Tecum
1323 1555 1394 1584 volo
1409 1555 1573 1591 vulnerari,

1163 1604 1200 1631 Te
1216 1603 1343 1631 libenter
1359 1603 1525 1639 amplexari

1165 1651 1195 1678 ln
1211 1658 1298 1678 cruce
1312 1650 1461 1678 desidero.

1201 1698 1241 1725 Da
1255 1697 1393 1725 dolorem
1408 1697 1493 1733 quasi
1508 1704 1618 1731 rorem,

1165 1746 1196 1772 Ut
1212 1746 1238 1772 te
1251 1744 1368 1781 plorem
1385 1744 1614 1781 Redemptorem

1163 1792 1320 1827 Christum,
1337 1791 1389 1828 qui
1405 1794 1430 1820 te
1446 1799 1572 1820 renoves
1588 1792 1639 1827 (ως

1200 1841 1263 1867 Non
1279 1841 1304 1867 te
1317 1839 1409 1876 plices
1427 1841 1472 1875 (c),
1489 1839 1542 1867 sed
1556 1838 1656 1867 felices

1164 1886 1318 1915 Cicatrices
1333 1886 1414 1914 mille
1430 1886 1508 1915 vices

1164 1936 1238 1962 Tuas
1254 1933 1283 1961 in
1300 1935 1326 1962 te
1342 1933 1459 1962 refoves
1474 1934 1526 1969 (Δ).

1198 1982 1303 2009 Totum
1319 1981 1354 2009 sit
1370 1980 1452 2017 quod
1465 1989 1523 2017 ego
1542 1980 1615 2015 dixi,

1163 2028 1205 2056 Ad
1222 2028 1368 2056 honorem
1384 2028 1527 2063 crucifixi,

1163 2075 1206 2103 Ad
1222 2075 1343 2103 laudem
1357 2077 1384 2102 et
1399 2075 1526 2110 gloriam
1541 2084 1547 2102 ε

1199 2123 1230 2150 l't
1246 2130 1380 2150 meorum
1396 2124 1597 2159 peccatorum,

1162 2169 1312 2198 Gloriosus
1328 2170 1386 2197 Rex
1402 2169 1559 2204 cadorum,

1162 2216 1228 2246 Mihi
1245 2217 1335 2244 donet
1351 2216 1478 2244 veniam.

1233 2265 1335 2291 Amen.
