2029 3052
214 271 274 300 436

213 336 358 368 cundum
377 336 550 378 imperium
571 336 718 377 perfeetae
734 335 874 374 virtutis,
889 344 989 375 quam

211 391 389 422 secundum
410 391 563 423 humanae
584 389 798 421 conditionem
821 389 991 429 imperfec-

212 445 319 484 tionis,
336 447 368 476 et
381 445 576 477 infirmitatis
598 444 757 475 mentalis.
784 443 875 475 Unde
896 452 993 484 super

210 498 290 530 illud
299 499 441 531 Matthaei
448 500 456 516 ¹
467 510 474 531 :
489 499 655 539 Discipuli
664 499 775 531 relicto
784 506 818 531 eo
825 498 991 538 fugerunt,

210 553 296 585 Beda
309 553 384 585 dicit
408 553 442 584 in
459 553 569 584 Glossa
585 555 596 573 ⁵
618 563 626 584 z
649 564 664 583 (ι
681 551 772 584 Sicut
792 551 918 590 Petrus,
934 551 992 592 qui

209 607 416 647 negationem
440 606 593 648 lacrymis
612 606 724 644 abluit,
748 608 779 637 et
793 606 989 638 confessione

209 661 362 692 dominici
385 660 504 692 amoris
523 660 609 691 trina
628 660 773 691 funditus
797 659 987 700 extirpavit,

208 715 484 755 recuperationem
510 723 625 746 eorum
638 714 777 746 ostendit
796 713 853 754 qui
867 715 989 752 marty-

207 769 257 800 rio
277 769 446 808 labuntur;
472 769 517 800 sic
533 769 587 799 alii
607 768 766 809 discipuli,
792 767 848 808 qui
872 766 991 798 articu-

207 823 278 854 lum
305 823 599 863 comprehensionis
629 821 785 862 fugiendo
819 829 989 861 praevene-

207 879 296 916 runt,
317 876 475 908 cautelam
495 875 639 916 fugiendi
659 875 774 907 docent
790 883 855 912 eos,
878 875 934 915 qui
958 883 992 906 se

207 931 248 963 ad
262 931 417 972 supplicia
431 931 539 961 minus
553 930 696 961 sentiunt
710 929 856 968 idoneos,
873 929 991 969 quibus

208 985 308 1016 tutius
323 987 370 1016 est
393 984 503 1024 latere,
528 993 626 1025 quam
646 983 821 1015 discrimini
843 992 876 1014 se
891 992 992 1023 expo-

207 1049 295 1071 nere.
313 1051 328 1069 »
350 1039 426 1070 Haec
441 1039 536 1070 Beda.
554 1038 678 1076 Quibus
693 1038 807 1076 elucet,
824 1037 910 1078 quod
926 1037 988 1069 hu-

203 1093 348 1133 jusmodi
361 1092 616 1132 circumspectio,
628 1100 692 1132 qua
704 1091 776 1132 quis
791 1091 922 1131 provide
935 1091 990 1122 fu-

208 1147 268 1186 git,
284 1146 423 1177 infirmis
450 1145 554 1185 magis
576 1145 739 1185 competit,
756 1153 852 1184 quam
869 1144 990 1185 perfec-

210 1200 260 1230 tis.
272 1200 362 1238 Quod
379 1199 480 1239 igitur
495 1199 570 1230 dicit
583 1208 616 1230 se
625 1198 809 1230 nullatcnus
818 1199 991 1238 aestimare,

207 1254 293 1294 quod
308 1253 491 1294 prudentia,
507 1261 581 1293 quae
595 1252 820 1292 perfectionem
835 1252 919 1289 facit,
931 1251 992 1282 ali-

210 1307 339 1348 quando
355 1307 511 1346 magistra
522 1306 562 1337 sit
574 1306 832 1347 imperfectionis,
848 1306 873 1336 si
886 1306 931 1337 sic
945 1306 990 1337 in-

209 1361 336 1401 teiligit,
349 1361 433 1401 quod
443 1360 614 1401 prudentia
623 1360 661 1392 de
673 1360 811 1401 perfecto
825 1360 991 1400 imperfec-

208 1418 278 1446 tum
292 1424 356 1446 nou
377 1415 463 1453 facit,
476 1424 590 1446 verum
603 1414 693 1452 dicit;
713 1414 767 1446 sed
778 1414 858 1445 nihil
869 1414 908 1445 ad
918 1424 991 1455 pro-

208 1469 359 1510 positum.
388 1469 421 1500 Si
440 1471 549 1499 autem
570 1468 738 1508 intelligit,
762 1468 848 1508 quod
864 1468 991 1499 nullum

208 1532 290 1564 opus
311 1522 559 1563 imperfectionis
581 1531 621 1553 vx
637 1522 807 1562 prudentia
827 1522 988 1562 procedit,

210 1577 374 1608 manifeste
389 1579 486 1614 errat,
503 1577 578 1617 quia
592 1579 669 1607 tuuc
692 1585 786 1607 omne
812 1586 893 1616 opus
919 1586 992 1616 pru-

209 1631 324 1662 dentiae
348 1633 430 1661 esset
452 1631 637 1671 perfeetum,
663 1640 719 1661 nec
733 1629 832 1661 solius
851 1630 992 1670 pruden-

210 1685 274 1723 tiae,
300 1694 416 1716 verum
439 1684 534 1715 etiam
560 1685 707 1715 omnium
733 1684 871 1715 aliarum
888 1684 990 1715 virtu-

209 1742 291 1778 tum,
304 1739 420 1779 quibus
431 1738 606 1769 necessario
617 1738 784 1778 prudentia
796 1741 841 1769 est
852 1747 988 1769 annexa.

208 1793 256 1824 Ex
273 1802 337 1833 quo
354 1793 450 1824 etiam
469 1795 669 1833 sequeretur,
691 1793 777 1832 quod
805 1792 910 1822 omnis
925 1793 990 1823 vir-

209 1851 260 1879 tus
279 1848 320 1878 sit
343 1847 491 1887 perfecta,
508 1849 540 1877 et
561 1846 666 1877 omnis
694 1847 847 1877 virtutem
870 1846 992 1877 habens

209 1903 249 1932 sit
266 1901 433 1941 perfectus,
448 1903 478 1931 et
494 1901 598 1931 omnis
612 1900 818 1940 imperfectus
837 1900 988 1940 injustus,

209 1959 238 1987 et
254 1956 359 1987 omnis
375 1955 570 1995 imperfectio
583 1955 687 1995 culpa.
704 1955 745 1986 De
756 1958 846 1985 sexto
864 1955 990 1985 tandem

210 2011 304 2041 modo
331 2010 474 2049 fugiendi
500 2010 668 2047 subinfert,
700 2009 784 2049 qnod
812 2010 925 2048 fugere
952 2018 991 2039 ex

209 2064 384 2095 abundanti
420 2064 657 2101 misericordia,
697 2073 737 2093 ne
767 2065 992 2103 persequentes

211 2118 345 2157 gravius
355 2118 455 2148 Deum
467 2117 642 2155 offendunt,
660 2117 738 2147 viris
749 2116 893 2156 perfectis
908 2126 992 2147 com-

211 2172 298 2212 petit,
316 2172 392 2211 quia
412 2172 473 2202 hoc
497 2172 592 2202 inodo
614 2171 700 2210 fugit
721 2171 827 2209 Jacob,
847 2171 969 2211 Moyses
983 2195 991 2208 ,

212 2226 322 2263 David,
348 2225 549 2263 Benedictus,
575 2225 737 2263 Silvester,
766 2228 827 2255 etc.
853 2225 889 2256 Et
910 2225 993 2255 hauc

212 2280 335 2319 fugam,
352 2281 388 2309 ut
399 2279 482 2317 dicit,
501 2279 607 2309 docuit
624 2279 786 2316 Christus,
799 2281 829 2309 et
846 2278 993 2319 exeundo

213 2334 424 2364 confirmavit.
446 2333 542 2362 l'orro
565 2332 713 2372 quumvis
734 2332 765 2362 in
782 2332 842 2369 his,
863 2342 935 2372 quai
955 2333 993 2363 de

214 2387 274 2418 hoc
299 2387 392 2417 modo
419 2389 508 2417 sexto
533 2386 676 2424 fugiendi
697 2386 822 2423 scribit,
848 2387 994 2417 videatur

213 2440 457 2481 superficialiter
472 2440 745 2471 considerantibus
766 2440 995 2470 rationabiliter

214 2497 245 2524 et
261 2495 309 2534 pie
324 2494 456 2532 sentire‘,
479 2494 503 2523 si
519 2493 591 2533 quis
606 2496 713 2523 tamen
730 2493 929 2532 vigilantiori
944 2496 994 2524 at-

217 2549 356 2579 tentione
377 2548 562 2586 consideret,
587 2547 753 2577 manifeste
772 2550 943 2587 cognoscet
958 2557 995 2578 ea

216 2612 323 2633 carere
332 2602 465 2640 ratione,
477 2601 570 2632 simul
582 2603 612 2632 et
623 2601 748 2641 pietate.
762 2600 841 2632 Nam
850 2605 880 2632 et
890 2611 995 2632 exem-

215 2657 267 2697 pla
282 2666 353 2697 ‹lua›
372 2656 469 2697 ponit,
487 2655 641 2695 ambigua
655 2658 740 2692 sunt,
760 2665 817 2686 nec
837 2666 877 2686 ex
893 2656 995 2696 Scrip-

251 2741 256 2754 ¹
282 2738 384 2764 Mami„
413 2743 489 2765 xxvi,
515 2738 552 2760 HG.
576 2750 605 2754 —
629 2737 639 2752 ἵ
661 2736 733 2765 Beth,
759 2736 783 2759 ir.
807 2736 873 2760 bunc
895 2737 942 2761 loc.
964 2751 994 2755 -

241 2775 396 2803 ilicron.,111
415 2774 515 2801 illrum..
532 2780 553 2796 c.
574 2779 648 2796 xxiii.

799 266 1011 299 APOLOGIAE
1032 266 1252 300 PAUPERUM

1049 335 1132 367 turis
1144 337 1268 368 constat
1281 335 1430 376 praeratos
1443 335 1531 368 viros
1544 345 1587 368 ex
1599 346 1648 377 ea,
1665 347 1764 379 quam
1777 348 1829 372 as-
1841 347 1851 356 ·

1049 388 1169 429 signat,
1193 398 1290 420 causa
1309 389 1444 429 fugisse.
1467 388 1537 428 Qua
1549 391 1670 423 etenim
1690 392 1828 433 ratione,

1048 443 1100 474 vel
1128 443 1317 475 auctoritate
1339 443 1441 475 astrui
1469 445 1592 484 potest,
1619 445 1706 486 quod
1733 445 1831 478 Jacob

1047 495 1146 536 Esau,
1164 496 1289 537 Moyses
1299 495 1514 535 Pharaonem,
1527 497 1627 530 David
1640 498 1782 538 Saulem,
1798 502 1832 531 et

1047 550 1203 583 Silvester
1225 550 1469 583 Constantinum
1491 552 1625 592 fugerit,
1649 562 1690 585 ne
1715 554 1749 585 in
1777 563 1832 586 eos

1048 603 1185 643 gravius
1205 606 1396 644 peccarent?
1422 603 1462 635 Et
1485 604 1557 636 ideo
1582 615 1656 646 quae
1680 607 1832 647 proponit

1046 666 1106 697 pro
1122 656 1223 689 nihilo
1238 657 1386 689 habenda
1400 660 1476 689 sunt
1490 669 1497 690 z
1514 658 1603 699 quia,
1617 662 1654 691 ut
1666 660 1743 692 dicit
1754 660 1831 692 Hie-

1046 720 1206 752 ronymus
1220 713 1242 751 ³,
1260 712 1347 752 quod
1362 712 1401 744 de
1420 712 1595 753 scripturis
1608 715 1829 746 auctoritatem

1046 774 1111 796 nou
1134 765 1249 805 habet,
1279 765 1390 798 eadem
1414 766 1565 798 facilitate
1589 769 1828 809 contemnitur,

1046 828 1111 859 qua
1126 819 1291 860 probatur.
1316 819 1450 860 Insuper
1469 821 1496 851 si
1521 821 1625 852 omnis
1645 822 1701 862 qui
1720 831 1829 863 perse-

1046 874 1158 914 quitur
1175 874 1314 914 justum,
1337 875 1426 905 tanto
1449 875 1556 915 magis
1569 878 1690 916 peccat,
1707 879 1828 917 quanto

1046 928 1214 968 graviores
1240 928 1374 968 injurias
1397 929 1531 969 irrogat,
1556 932 1587 962 et
1612 933 1760 963 sanctum
1780 935 1830 964 est

1046 984 1143 1022 atque
1170 982 1347 1022 perfectum
1372 985 1503 1023 propter
1521 983 1582 1015 hoc
1602 984 1728 1024 sugere,
1745 994 1829 1017 sem-

1046 1044 1103 1076 per
1117 1045 1136 1066 a
1147 1036 1225 1067 facie
1237 1035 1407 1076 cujuslibet
1418 1037 1629 1076 persecutoris
1638 1038 1830 1078 fugiendum

1047 1090 1104 1127 est,
1121 1098 1161 1120 ne
1182 1089 1318 1128 gravius
1334 1091 1452 1129 peccet.
1469 1089 1617 1130 Amplius
1631 1100 1672 1122 ex
1692 1091 1755 1123 hoc
1771 1100 1832 1123 ne-

1047 1143 1184 1174 cessario
1205 1142 1362 1183 sequitur,
1384 1143 1471 1183 quod
1485 1143 1630 1176 Christus
1644 1154 1710 1176 non
1724 1146 1832 1177 abun-

1046 1196 1176 1228 dantem
1190 1197 1453 1236 misericordiam,
1470 1199 1525 1229 sed
1542 1199 1647 1239 potius
1658 1200 1830 1232 crudelita-

1047 1253 1112 1281 tem
1128 1251 1159 1282 in
1174 1250 1302 1282 Judaeos
1323 1253 1514 1290 exercuerit,
1538 1253 1594 1293 qui
1609 1256 1685 1285 tunc
1699 1263 1734 1286 se
1755 1264 1830 1296 pas-

1047 1305 1128 1336 sioni
1152 1305 1278 1344 obtulit,
1301 1306 1429 1346 quando
1455 1307 1563 1347 plures
1583 1308 1617 1338 in
1637 1317 1674 1339 eo
1699 1318 1830 1349 peecare

1048 1361 1233 1399 potuerunt,
1262 1360 1403 1400 paschali
1428 1361 1546 1392 scilicet
1575 1364 1730 1403 tempore,
1755 1372 1830 1394 cum

1047 1413 1235 1444 Judaeorum
1271 1413 1442 1445 multitudo
1475 1415 1515 1446 ad
1548 1415 1664 1446 festum
1693 1418 1831 1448 ventura

1047 1469 1126 1505 erat,
1150 1467 1188 1498 de
1211 1476 1275 1508 qua
1289 1468 1420 1506 sciebat,
1445 1469 1530 1508 quod
1546 1469 1579 1500 in
1601 1470 1673 1510 ejus
1692 1472 1830 1501 mortem

1047 1531 1241 1552 consensura
1263 1525 1341 1553 emt.
1368 1522 1562 1562 Arguuntur
1586 1524 1693 1563 etiam,
1717 1533 1829 1556 secun-

1047 1575 1126 1606 dum
1142 1576 1224 1607 hanc
1239 1577 1430 1616 doctrinam,
1447 1577 1620 1618 impietatis
1636 1580 1668 1609 et
1687 1578 1828 1611 crudeli-

1048 1630 1134 1668 tatis,
1162 1639 1275 1661 omnes
1299 1634 1465 1672 martyres,
1491 1632 1547 1672 qui
1572 1641 1637 1663 non
1660 1632 1826 1672 fugerunt.

1049 1684 1188 1715 Inaniter
1200 1685 1303 1724 igitur
1315 1685 1473 1724 gloriatur
1483 1695 1516 1716 se
1526 1686 1747 1717 adversarium
1758 1695 1830 1718 con-

1049 1738 1177 1776 futasse,
1194 1738 1286 1777 quasi
1308 1739 1419 1778 fugere
1436 1748 1500 1769 non
1524 1739 1565 1769 sit
1581 1739 1801 1780 imperfectum
1817 1763 1829 1779 ,

1048 1801 1122 1822 cuin
1142 1791 1259 1822 habeat
1272 1792 1341 1823 lieri
1357 1801 1396 1823 ex
1411 1792 1586 1823 abundanti
1603 1793 1829 1832 misericordia,

1048 1856 1122 1887 quae
1138 1847 1386 1887 imperfectionis
1398 1856 1461 1878 non
1472 1850 1574 1888 potest
1588 1857 1656 1879 esse
1672 1848 1828 1880 ministra.

1049 1901 1083 1931 lu
1106 1911 1170 1941 quo
1194 1901 1325 1932 credens
1347 1901 1477 1932 alterius
1501 1902 1681 1942 improbare
1702 1904 1828 1933 senten-

1049 1955 1136 1993 tiam,
1155 1955 1241 1986 vium
1258 1955 1359 1995 aperit
1375 1955 1414 1985 ad
1426 1955 1659 1995 reprobandam
1673 1964 1777 1987 suam.
1795 1955 1829 1987 si

1048 2009 1134 2040 enim
1151 2009 1304 2046 Christus,
1319 2008 1373 2049 qui
1390 2009 1474 2047 fugit
1488 2018 1529 2039 ex
1543 2009 1760 2040 misericordia
1778 2018 1827 2040 re-

1049 2067 1158 2103 spectu
1179 2062 1451 2103 persequentium,
1475 2062 1597 2093 nullam
1615 2063 1828 2103 imperfectio-

1049 2117 1098 2147 nis
1112 2119 1221 2147 uotam
1239 2116 1384 2154 incurrit,
1401 2116 1502 2146 multo
1519 2116 1632 2156 magis,
1650 2116 1675 2147 si
1690 2116 1774 2156 fugit
1787 2125 1828 2151 ex

1050 2171 1268 2201 misericordia
1289 2173 1433 2210 respectu
1450 2170 1672 2201 membrorum
1693 2179 1829 2202 suorum

1050 2225 1266 2262 intirmorum,
1285 2224 1324 2255 ad
1351 2224 1559 2264 praebeudum
1575 2224 1636 2254 illis
1657 2224 1826 2264 solatium,

1050 2288 1114 2309 non
1129 2278 1220 2309 debet
1236 2278 1468 2318 imperfectioni
1487 2279 1678 2317 adscribere,
1699 2279 1752 2310 sed
1774 2288 1830 2319 po-

1051 2332 1462 2372 tius-judicareperfectum.
1486 2332 1575 2369 Quod
1589 2334 1697 2363 autem
1719 2333 1751 2363 in
1766 2333 1829 2363 fine

1050 2386 1222 2423 concludit,
1241 2386 1327 2426 quod
1346 2386 1395 2416 liis
1410 2388 1548 2426 quatuor
1562 2386 1663 2417 modis
1684 2386 1828 2418 Christus

1051 2441 1146 2480 fugit,
1163 2443 1194 2471 et
1208 2441 1321 2479 fugere
1337 2440 1444 2471 docuit
1455 2464 1465 2479 ‚
1482 2442 1512 2471 et
1528 2440 1588 2472 viri
1609 2440 1826 2481 perfectissimi

1050 2495 1083 2524 in
1096 2494 1157 2525 hoc
1172 2503 1247 2525 eum
1266 2494 1380 2524 imitati
1404 2495 1489 2530 sunt,
1506 2496 1537 2524 et
1552 2494 1612 2524 hoc
1630 2494 1707 2524 alios
1726 2494 1828 2525 facere

1050 2548 1240 2586 docuerunt,
1252 2550 1283 2578 et
1298 2547 1383 2588 quod
1398 2547 1539 2578 ChriStus
1551 2547 1707 2587 fugiendo
1722 2556 1829 2578 exem-

1051 2602 1140 2642 plum
1171 2603 1308 2632 infirmis
1329 2602 1467 2642 praebuit
1493 2612 1500 2632 ι
1524 2601 1662 2631 infirmis
1681 2601 1755 2632 dicit
1776 2601 1828 2631 in·-

1051 2656 1200 2686 t‘irmitate
1215 2656 1332 2694 carnis,
1346 2664 1419 2695 quae
1433 2655 1576 2695 perfectis
1586 2655 1746 2695 competit,
1763 2664 1828 2686 non

1051 2709 1178 2746 mentis,
1186 2718 1260 2749 quae
1272 2709 1376 2740 solum
1383 2708 1532 2739 convenit
1541 2708 1742 2748 imperfectis,
1751 2709 1828 2750 quia

1053 2773 1093 2794 ex
1109 2763 1363 2803 praecedentibus
1377 2762 1452 2793 satis
1467 2763 1673 2802 reprobatum
1688 2765 1746 2801 est,
1763 2771 1827 2794 non
