2029 3052
628 203 912 240 RESPONsloNis
934 202 1107 243 QUARTAE
1129 203 1258 237 CAPUT
1280 205 1334 238 111.

175 277 236 309 bus
248 276 343 308 etiam
351 276 521 309 concordat
526 284 614 308 sacer
623 273 813 308 Ambrosius
825 273 859 304 in
870 272 953 304 libro

176 332 220 364 De
229 332 350 372 officiis
365 331 491 364 dicens¹
505 343 513 364 z
533 343 547 362 α
559 331 684 372 Pauper
695 331 727 361 et
739 329 764 360 si
777 337 842 360 non
852 327 951 359 habet

176 386 263 418 unde
282 386 392 418 reddat
410 387 591 427 pecuniam,
613 385 716 417 reddit
738 383 888 424 gratiam.
916 381 954 413 In

177 450 241 482 quo
263 443 387 473 certum
413 443 471 480 est,
495 441 581 482 quod
604 440 677 482 plus
700 438 828 476 reddat,
854 445 953 477 quam

176 495 343 536 acceperit.
384 495 523 528 Pecunia
557 495 643 527 enim
682 501 818 524 nummo
854 490 951 522 solvi-

177 551 242 587 tur,
260 549 364 589 gratia
382 559 460 582 vero
482 558 650 590 nunquam
671 546 856 580 exinanitur
877 545 953 576 red-

177 602 280 634 dendo
309 604 466 635 vacuatur
497 603 648 644 pecunia;
681 601 786 642 gratia
813 608 890 631 vero
923 600 955 630 et

175 656 322 688 habendo
348 657 494 697 solvitur,
518 659 549 689 et
572 656 723 690 solvendo
745 654 911 686 retinetur.
935 663 950 681 n

176 709 251 741 Haec
280 710 480 743 Ambrosius.
510 710 559 742 Ex
583 710 701 751 quibus
731 710 778 740 est
801 707 952 746 evidens,

175 764 258 804 quod
276 764 436 805 praedictae
457 765 499 805 (a)
521 764 666 797 veritatis
687 761 858 794 auctoritas
876 770 952 792 con-

174 818 226 849 tra
257 818 460 857 evangelicos
493 826 649 858 pauperes
679 816 857 856 intorqueri
888 821 955 846 non

174 872 287 912 potest.
321 871 410 903 Unde
436 873 467 903 et
499 871 608 904 Glossa
637 871 731 902 Bedae
760 870 880 901 ibidem
906 873 917 889 ²
944 880 951 901 :

179 937 194 956 α
209 925 280 957 Non
301 926 363 957 illis
381 926 436 967 qui
451 926 568 958 relictis
584 925 736 957 omnibus
757 924 856 955 secuti
879 924 955 954 sunt

175 980 359 1020 Dominum,
372 981 486 1013 divites
496 980 763 1021 eleemosynarios
777 978 952 1019 praeponit3

175 1035 230 1066 sed
244 1035 315 1066 illos
330 1035 472 1066 maxime
486 1035 655 1075 glorificat,
672 1034 728 1075 qui
743 1034 864 1065 cunctis
879 1042 954 1074 quae

175 1089 337 1129 possident
360 1089 594 1128 renuntiantes,
619 1089 770 1120 laborant
790 1087 955 1118 nihilomi-

174 1152 237 1174 nus
250 1144 411 1184 operando
426 1144 586 1182 manibus,
601 1145 638 1175 ut
652 1143 791 1174 habeant
805 1141 891 1172 unde
902 1141 957 1172 tri-

175 1196 276 1228 buant
289 1197 510 1229 necessitatem
525 1197 668 1238 patienti.
684 1208 699 1226 J)
720 1196 776 1227 His
788 1195 956 1227 Cassianus

175 1252 352 1282 consonat⁸
373 1262 379 1283 :
399 1263 414 1281 «
434 1251 510 1283 Haec
533 1253 592 1289 est,
615 1262 630 1280 »
658 1251 774 1291 inquit,
800 1262 815 1280 c‹
839 1250 957 1290 impar-

174 1304 281 1336 tientis
294 1305 417 1336 beatior
431 1305 577 1345 largitas,
594 1314 692 1346 quam
706 1304 888 1345 accipientis
903 1313 956 1344 pe-

174 1359 281 1397 cunia,
297 1368 370 1400 quae
384 1369 451 1391 non
473 1360 512 1391 de
526 1359 700 1391 reconditis
722 1358 868 1390 avaritiae
890 1358 957 1389 the-

175 1412 279 1443 sauris
294 1412 500 1452 impenditur,
514 1412 568 1443 sed
583 1421 656 1453 quae
668 1412 706 1443 de
716 1411 874 1442 fructibus
885 1420 957 1451 ope-

175 1465 221 1496 ris
239 1466 377 1506 proprii,
405 1468 435 1497 et
458 1466 511 1506 pio
533 1466 648 1497 sudore
671 1466 842 1506 profertur.
866 1475 881 1493 n
909 1464 957 1495 Ex

176 1520 293 1561 quibus
307 1520 462 1560 habetur,
480 1521 567 1561 quod
592 1521 618 1551 si
638 1520 710 1561 quis
733 1529 808 1551 cum
823 1528 957 1560 pauper-

174 1576 250 1612 tate,
264 1576 295 1605 et
305 1574 455 1605 exercitio
470 1574 567 1605 studii
580 1574 762 1615 spiritualis,
780 1573 880 1604 labori
892 1582 958 1604 ma-

174 1637 280 1659 nuum
303 1628 485 1667 intendens,
512 1629 654 1668 seipsum
683 1630 714 1659 et
743 1628 821 1658 alios
845 1627 954 1668 pascit,

175 1682 317 1714 imitator
337 1682 468 1714 effectus
491 1682 624 1723 apostoli
650 1682 759 1720 Pauli,
786 1691 867 1722 opus
888 1682 957 1722 agit

175 1736 307 1777 majoris
323 1736 627 1776 supererogationis,
649 1746 748 1777 quam
763 1736 818 1776 qui
833 1736 873 1766 ab
888 1736 958 1767 aliis

176 1791 317 1822 subsidia
330 1791 477 1831 requirit,
495 1792 526 1821 et
544 1791 669 1831 accipit.
687 1791 725 1821 Et
738 1790 822 1828 ideo,
838 1790 957 1830 perfec-

179 1844 272 1875 tionis
288 1844 395 1875 omnis
411 1846 535 1875 amator
552 1844 739 1875 Franciscus
754 1844 794 1874 ad
813 1843 957 1874 laborem

176 1898 361 1930 manualem
377 1900 547 1929 sectatores
562 1907 638 1929 suos
653 1899 684 1928 et
697 1898 780 1929 filios
796 1898 957 1929 moderate

177 1962 214 1984 ac
231 1953 405 1993 prudenter
425 1952 559 1991 inducit,
582 1951 661 1982 dum
683 1951 722 1982 ad
746 1951 807 1982 hoc
828 1952 957 1983 idoneos

175 2006 337 2044 informat,
354 2007 385 2037 et
396 2005 524 2044 excitat,
539 2006 624 2046 quod
639 2005 683 2036 sic
698 2005 854 2043 laborent,
872 2006 957 2045 quod

175 2061 339 2101 refugiant
350 2060 465 2099 otium,
478 2061 510 2091 et
519 2060 667 2100 spiritum
677 2068 741 2090 non
751 2059 955 2099 extinguant.

176 2115 225 2146 Ad
240 2115 335 2155 quod,
351 2123 538 2155 quanquam
553 2114 594 2145 sit
615 2114 791 2154 perfectum
814 2116 845 2144 et
866 2123 958 2145 sanc—

176 2171 260 2207 tum,
276 2169 451 2201 universali
465 2170 625 2208 praecepto
644 2168 823 2207 astringere
840 2167 954 2206 noluit,

176 2231 234 2263 pro
256 2231 294 2254 eo
318 2223 403 2262 quod
427 2223 510 2253 hanc
536 2222 756 2253 celsitudinem
787 2230 955 2261 superero-

178 2277 286 2315 gantis
299 2276 498 2316 perfectionis
508 2276 679 2306 infirmitas
687 2285 870 2316 corporum,
882 2285 956 2306 cum

176 2330 323 2361 tarditate
342 2330 567 2369 ingeniorum,
590 2331 625 2360 in
649 2330 836 2360 hominibus
855 2329 957 2360 nostri

176 2384 331 2424 temporis
344 2393 408 2414 non
421 2383 570 2414 admittit.
586 2383 660 2414 Esto
670 2383 784 2422 igitur,
799 2383 886 2423 quod
896 2383 956 2414 hoc

176 2437 272 2468 modo
284 2437 408 2467 beatius
418 2436 457 2467 sit
468 2437 554 2473 dare,
571 2446 669 2476 quam
681 2437 833 2477 accipere,
847 2446 957 2468 secun-

176 2491 255 2522 dum
280 2490 492 2521 imitationem
516 2490 673 2530 Apostoli,
700 2492 889 2521 nontamen
915 2500 955 2521 ex

176 2545 237 2576 hoc
253 2546 355 2585 potest
369 2544 489 2582 inferri,
507 2544 594 2584 quod
612 2544 802 2584 accipientes
817 2544 879 2576 sint
894 2545 956 2575 im-

210 2607 217 2623 1
242 2607 372 2637 Ambros„
396 2607 424 2631 (Ie
447 2607 518 2637 Offi„
541 2607 584 2631 lib.
611 2608 647 2636 ll,
673 2614 694 2630 e.
717 2613 783 2637 xxv,
802 2614 826 2631 n.
854 2609 906 2631 127.
926 2621 957 2626 -

179 2643 187 2657 ²
201 2643 262 2667 Bed.
280 2658 310 2662 —
323 2644 333 2660 5
347 2644 422 2668 Joan.
441 2642 544 2667 Cassian
559 2661 566 2673 ‚
582 2643 611 2666 cle
627 2643 708 2667 lrzslz't.
724 2644 849 2672 ΜονιιιςΙι.)
865 2644 907 2667 lib.
924 2645 955 2675 X,

179 2686 201 2703 c.
218 2685 272 2703 mx.
284 2692 314 2697 —
327 2679 337 2696 θ
352 2680 419 2704 Psnl.
437 2686 524 2709 exim,
541 2680 563 2703 S.
578 2692 607 2696 —
626 2680 634 2693 ⁵
650 2680 724 2710 Aug„
741 2680 820 2703 Enarr
845 2681 870 2703 iaz
887 2680 954 2704 anl.

179 2720 270 2746 exim,
288 2722 316 2740 n.
337 2717 375 2741 17.
393 2729 423 2734 —
444 2716 452 2731 θ
469 2715 587 2746 Hieron,
601 2714 634 2739 ad
646 2715 754 2747 Julian„
769 2715 843 2747 epist.
864 2721 954 2747 xxmv,

1730 212 1788 242 51¹1

1007 272 1148 312 perfecti,
1165 273 1241 313 quia
1254 283 1313 306 nee
1327 274 1470 315 Apostoli
1485 283 1505 306 a
1524 276 1717 316 perfectione
1735 287 1790 310 ex-

1006 325 1152 357 ciderunt
1161 326 1195 358 in
1205 327 1276 366 hoc,
1286 328 1370 369 quod
1381 329 1644 362 sustentabantur
1653 331 1693 362 ab
1703 331 1787 371 aliis,

1007 389 1066 411 nec
1087 380 1228 412 Christus
1250 382 1499 423 imperfectionis
1525 384 1681 424 magister
1705 385 1789 426 fuit,·

1007 434 1062 474 qui
1077 435 1277 474 perfectionis
1291 437 1488 476 evangelicae
1503 437 1704 470 doctoresab
1719 439 1789 470 aliis

1007 489 1179 520 sustentari
1201 489 1379 529 ordinavit,
1404 492 1435 522 et
1456 491 1517 522 hoc
1545 491 1579 522 in
1600 492 1706 532 seipso
1731 502 1789 534 per

1007 542 1192 583 exemplum
1207 544 1353 576 ostendit.
1362 544 1451 576 Unde
1458 545 1677 586 Augustinus,
1691 555 1791 587 super

1006 596 1086 627 illud
1102 596 1220 628 Psalmi
1235 597 1245 614 ⁶
1269 608 1276 628 :
1303 598 1369 638 Qui
1392 599 1545 639 producit
1564 601 1601 632 in
1622 600 1789 634 montibus

1009 650 1128 689 foenum
1143 650 1153 667 ⁶
1171 661 1178 683 z
1201 662 1216 681 α
1234 651 1338 689 Quare
1366 652 1467 684 voluit
1492 663 1589 694 egere
1611 654 1789 694 Dominus,

1008 704 1071 735 nisi
1089 706 1127 735 ut
1146 704 1236 736 daret
1253 706 1417 737 montibus
1440 707 1645 748 exemplum,
1670 710 1707 740 ut
1730 717 1788 749 pa-

1008 759 1116 790 rerent
1150 759 1274 791 foenum
1287 784 1296 799 ,
1332 770 1373 792 ne
1404 763 1515 793 contra
1545 762 1691 802 pluviam
1725 764 1788 794 ste-

1007 813 1082 844 riles
1105 813 1335 845 redderentur?
1356 825 1370 843 n
1394 815 1470 846 Haec
1492 816 1707 856 Augustinus,
1733 825 1791 857 per

1008 867 1153 907 pluviam
1167 868 1247 899 dans
1264 869 1401 909 intelligi
1419 869 1598 902 doctrinam
1615 879 1680 911 qua
1699 879 1792 902 men-

1007 923 1055 952 tes
1080 921 1292 961 erudiuntur,
1317 924 1348 953 et
1375 932 1432 964 per
1455 923 1579 956 foenum
1601 924 1791 965 temporalia

1009 975 1126 1016 quibus
1153 976 1329 1016 corporalia
1355 979 1589 1009 sustentantur.
1619 978 1725 1018 Sane,
1754 980 1792 1010 ut

1010 1029 1115 1060 omnis
1139 1030 1512 1069 calumniandifimateria
1536 1034 1651 1072 cesset,
1677 1033 1793 1064 intelli-

1012 1083 1157 1123 gendum
1178 1085 1236 1123 est,
1258 1085 1343 1125 quod
1366 1085 1516 1126 quamvis
1539 1086 1682 1127 accipere
1701 1095 1793 1118 com-

1010 1140 1158 1178 paratum
1172 1138 1211 1169 ad
1226 1138 1301 1169 dare
1315 1139 1355 1170 de
1373 1149 1491 1179 genere
1511 1140 1617 1180 operis
1632 1141 1742 1172 minus
1754 1141 1795 1172 sit

1010 1192 1141 1224 beatum
1162 1194 1257 1232 atque
1278 1193 1470 1232 perfectum,
1495 1196 1598 1234 potest
1621 1196 1731 1226 tamen
1753 1204 1795 1226 ex

1011 1246 1232 1286 superadjecta
1247 1247 1487 1278 circumstantia
1506 1257 1576 1279 esse
1600 1248 1726 1280 beatius
1742 1251 1795 1280 at-

1011 1308 1074 1339 que
1096 1300 1283 1340 perfectius,
1307 1300 1455 1332 videlicet
1484 1311 1559 1332 cum
1589 1303 1661 1343 quis
1683 1303 1797 1344 accipit

1012 1355 1166 1385 extremae
1181 1355 1377 1394 paupertatis
1395 1364 1517 1394 amore,
1541 1357 1719 1388 secundum
1734 1366 1791 1389 sex

1012 1407 1207 1438 conditiones
1230 1409 1379 1448 superius
1408 1418 1590 1449 expressas,
1622 1410 1656 1441 in
1678 1411 1797 1451 quihus

1012 1461 1108 1493 simul
1120 1462 1240 1502 Junctis
1252 1462 1380 1502 integra
1394 1463 1538 1495 consistit
1558 1464 1660 1504 ipsius
1673 1466 1796 1505 perfec-

1011 1517 1067 1554 tio,
1083 1526 1150 1547 non
1165 1517 1269 1547 solum
1284 1518 1316 1548 in
1331 1517 1530 1549 abdicatione
1550 1519 1795 1559 proprietatum,

1014 1579 1128 1603 verum
1150 1571 1247 1602 etiarn
1271 1571 1305 1601 in
1326 1571 1509 1611 acceptione
1524 1572 1793 1612 necessariorum,

1013 1634 1088 1656 cum
1111 1625 1259 1656 videlicet
1282 1625 1355 1665 quis
1379 1625 1539 1656 mendicat
1562 1627 1594 1656 et
1613 1626 1736 1666 accipit,
1759 1629 1797 1658 ut

1013 1680 1195 1720 acceptione
1219 1680 1391 1720 penuriosa
1416 1682 1586 1720 purgetur,
1612 1681 1797 1713 verecunda

1013 1734 1213 1773 humilietur,
1231 1735 1394 1765 attenuata
1410 1734 1630 1774 restringatur
1653 1736 1683 1766 et
1702 1736 1796 1766 casti-

1015 1791 1122 1829 getur,
1138 1790 1232 1828 grata
1247 1788 1432 1819 concilietur
1446 1788 1486 1819 ad
1501 1788 1698 1828 proximum,
1718 1798 1796 1820 con-

1014 1842 1198 1874 descensiva
1219 1843 1443 1881 configuretur
1459 1842 1499 1872 ad
1517 1841 1694 1880 Christum,
1711 1843 1797 1874 fidu-

1014 1895 1085 1926 ciali
1100 1897 1131 1926 et
1153 1895 1216 1925 alta
1237 1904 1367 1926 sursum
1382 1896 1500 1934 agatur
1514 1895 1548 1925 in
1566 1895 1669 1926 Deum
1685 1906 1692 1926 :
1709 1896 1796 1935 quod

1013 1949 1145 1990 quidem
1165 1948 1373 1979 excellentius
1388 1951 1445 1987 est,
1465 1958 1563 1989 quam
1577 1949 1722 1989 praebere
1736 1949 1796 1980 ali-

1013 2005 1123 2035 menta
1152 2003 1361 2043 pauperibus.
1394 2003 1483 2034 Unde
1508 2003 1726 2044 Hieronymus
1750 2004 1796 2036 ad

1013 2058 1183 2090 Julianum
1200 2058 1209 2074 ⁸
1229 2067 1237 2088 ε
1259 2069 1273 2086 ((
1292 2057 1422 2089 Extruis
1437 2057 1686 2097 monasterium,
1713 2058 1796 2089 mul-

1013 2115 1064 2144 tus
1091 2122 1109 2143 a
1130 2114 1160 2143 te
1185 2114 1370 2144 sanctorum
1399 2121 1556 2144 numerus
1578 2114 1774 2144 sustentatur
1783 2124 1792 2152 ;

1013 2166 1067 2197 sed
1089 2166 1203 2197 melius
1224 2167 1354 2205 faceres,
1372 2167 1400 2197 si
1422 2169 1453 2198 et
1473 2167 1540 2207 ipse
1561 2168 1690 2198 sanctus
1709 2167 1794 2198 inter

1013 2221 1138 2251 sanctos
1150 2220 1378 2252 numerareris,
1394 2231 1409 2249 »
1429 2220 1467 2251 Et
1477 2219 1658 2251 Bernardus
1670 2220 1704 2251 in
1716 2229 1794 2261 qua-

1012 2274 1087 2305 dam
1112 2273 1252 2314 Epistola
1277 2274 1287 2290 ⁷
1313 2284 1320 2304 :
1352 2284 1367 2303 «
1396 2273 1474 2305 Volo
1500 2276 1530 2305 te
1558 2274 1699 2305 amicum
1726 2283 1795 2305 esse

1011 2337 1208 2368 pauperum,
1239 2328 1344 2367 magis
1372 2330 1480 2359 autem
1501 2328 1705 2359 imitatorem.
1738 2327 1794 2359 Ille

1012 2382 1133 2422 gradus
1148 2384 1195 2412 est
1204 2382 1440 2422 proficientium
1451 2392 1458 2419 ;
1472 2382 1523 2412 hic
1534 2382 1759 2421 perfectorum.
1772 2392 1788 2410 n

1013 2436 1196 2467 Secundum
1222 2436 1293 2467 haec
1320 2436 1423 2475 igitur
1444 2436 1612 2476 perfectIus
1640 2438 1688 2467 est
1716 2445 1791 2467 cum

1012 2490 1134 2522 Christo
1144 2499 1250 2530 egere,
1262 2492 1294 2521 et
1303 2490 1521 2530 eleemosynas
1532 2498 1605 2521 cum
1619 2489 1792 2530 accipiente

1012 2546 1165 2586 accipere,
1182 2553 1279 2585 quam
1293 2544 1333 2575 sit
1351 2543 1491 2575 amicum
1511 2552 1578 2575 esse
1597 2552 1789 2584 pauperum,

1013 2632 1060 2656 col.
1083 2638 1117 2655 m.
1142 2632 1196 2655 270.
1222 2643 1252 2648 —
1274 2631 1283 2647 ⁷
1306 2629 1440 2659 Beruard.‚
1463 2628 1497 2653 acl
1516 2629 1626 2660 fratrem
1653 2615 1795 2662 Willelmt'g

1013 2668 1085 2698 epist.
1103 2673 1160 2698 ctu,
1174 2673 1199 2690 n.
1217 2669 1238 2690 ·1.

1043 2717 1075 2746 (α)
1093 2716 1152 2741 Caee.
1168 2715 1229 2740 edit.
1245 2715 1373 2747 praedicta.
