2029 3052
867 204 1004 238 LECTIO
1028 205 1079 238 lv.

163 278 243 307 enim
258 277 459 306 interfectores
468 274 522 305 filii
531 275 576 304 sui
585 281 742 312 nunquam
753 273 858 309 odivit,
869 281 944 302 nun-

163 333 257 362 quam
282 326 385 354 contra
407 332 458 353 eos
482 321 639 360 impatiens
661 320 725 348 fuit.
749 321 822 348 Nam
845 320 868 348 si
894 320 944 348 alii

163 375 309 409 martyres
323 370 527 409 patientissimi
547 369 666 397 fuerunt
682 369 710 396 in
731 367 874 404 martyrio
890 375 944 395 suo

162 419 323 456 corporali,
347 420 459 456 quanto
484 416 581 452 magis
601 417 716 452 martyr
736 416 837 443 nostra
856 414 945 443 Maria

162 466 193 494 in
203 466 344 504 martyrio
360 473 414 494 suo
429 463 598 502 spirituali?
610 464 646 490 Dc
660 463 744 499 cujus
757 462 853 490 nobili
869 469 946 489 mar-

162 513 239 550 tyrio
254 513 450 549 Hieronymus
470 511 512 539 ait
527 511 535 528 ¹
553 519 559 538 :
581 520 594 536 «
613 510 687 544 Quia
707 509 896 546 spiritualiter
919 510 946 537 et

1721 211 1780 241 243

1000 275 1060 302 Heu
1073 275 1078 301 !
1097 281 1190 310 quam
1207 274 1295 311 longe
1311 283 1328 304 a
1338 274 1433 311 gratia
1444 274 1540 304 Mariae
1555 275 1598 304 est
1611 275 1700 305 miser
1714 285 1780 305 ace-

1001 319 1112 356 dIOSus,
1131 322 1214 357 cujus
1229 329 1324 358 mens,
1340 330 1446 351 manus
1458 324 1486 351 et
1500 322 1603 359 lingua
1617 325 1685 352 sunt
1697 324 1781 352 toties

999 375 1018 395 a
1031 368 1141 396 meritis
1154 369 1270 397 otiosas!

1037 415 1145 448 Quinto
1160 416 1239 451 vide,
1261 416 1442 452 charissime,
1460 417 1543 454 quod
1558 419 1647 447 Maria
1670 419 1781 447 tenuis·
1818 432 1844 451 B.
1857 431 1903 451 Ma-

1000 461 1075 489 sima
1090 461 1142 490 fuit
1159 471 1212 498 per
1226 466 1442 500 paupertatem.
1455 467 1519 502 {psa
1534 465 1614 494 enim
1625 467 1668 494 est
1682 467 1781 502 Maria,
1796 462 1833 483 ¹¹³¹*
1851 469 1904 490 ΡΝ·

1001 507 1039 536 de
1056 516 1116 544 qua
1131 508 1237 537 dicitur
1251 511 1262 527 ⁷
1277 520 1282 538 :
1300 512 1464 539 Invenerunt
1484 513 1614 548 Mariam,
1631 515 1656 541 et
1670 513 1780 549 Joseph,
1797 498 1877 522 mm*

65 1227 148 1248 B.Ma-

0 1262 2 1288 Ξ
39 1257 78 1279 τίω
98 1258 148 1279 dili-

61 1289 136 1315 gentia

65 1320 128 1340 inde-

62 1351 127 1372 sessa.

162 560 291 588 atrocius
320 567 407 596 passa
444 563 487 586 est
516 556 617 593 gladio
647 556 794 593 passionis
823 555 946 591 Christi,

161 606 322 643 plusquam
350 606 463 642 martyr
485 604 548 632 fuit.
578 615 591 631 »
617 604 639 632 Ο
662 603 738 632 mira
768 603 863 632 Mariae
893 611 946 639 pa-

161 653 262 681 tientia
277 655 304 682 et
319 651 530 685 mansuetudo,
546 659 613 688 quee
633 659 696 679 non
718 650 816 679 solum
831 650 946 686 patien-

162 700 274 728 tissima
288 699 353 735 tuit,
371 699 445 727 dum
460 705 561 726 eoram
576 697 641 733 ipsa
659 697 738 725 filius
753 697 815 733 ejus
831 697 946 725 erucifi-

162 748 298 782 geretur;
327 745 380 774 sed
402 745 490 774 etiam
518 744 590 772 dum
613 745 680 772 ante
704 744 946 778 crucifixionem,

161 794 283 830 propter
300 792 398 828 ipsam
417 791 496 819 filius
520 791 584 827 ejus
605 790 850 827 vilipenderetur,
873 791 947 819 sicut

161 840 192 868 in
206 841 351 875 Evanqelz'o
365 839 452 868 Marci
468 839 575 867 dicitur
589 838 599 854 ²
616 848 622 867 ι
639 840 734 868 Nonne
749 839 792 866 hic
812 841 850 866 est
869 839 947 873 fabri

161 887 238 921 filius
257 889 283 914 et
304 888 422 914 Mariae?
444 885 499 914 Ubi
519 887 586 922 post
609 893 706 922 pauca
730 885 864 921 sequitur
881 894 888 912 :
911 886 946 912 Et

161 933 419 961 scandalizabantur
447 935 477 960 in
497 941 535 961 eo.
559 933 672 961 Revera
695 932 779 960 faber
801 933 843 960 est
865 931 946 959 Chri-

161 982 233 1014 stus,
248 980 302 1008 sed
319 979 371 1016 qui
387 980 545 1008 fabricatus
564 981 607 1007 est
625 987 766 1007 auroram
788 981 816 1007 et
837 978 946 1006 Solem.

161 1027 233 1062 Heu,
249 1035 341 1062 quam
355 1027 444 1062 longe
455 1035 472 1055 a
483 1027 577 1062 gratia
587 1026 748 1055 mitissimae
763 1025 858 1054 Mariae
869 1026 947 1060 sunt,

163 1074 215 1110 qui
231 1075 291 1102 tam
306 1073 444 1109 immites,
456 1075 518 1102 tam
530 1073 728 1110 impatientes,
742 1075 803 1101 tam
814 1073 947 1101 iracundi

162 1122 240 1156 sunt,
256 1120 331 1149 sicut
346 1121 574 1154 commensales,
590 1123 617 1149 et
626 1120 709 1156 socii,
722 1122 749 1148 et
763 1120 853 1148 vicini
868 1127 947 1156 saepe

163 1168 307 1196 sentiunt!

198 1216 308 1248 Quarto
323 1215 404 1249 vide,
415 1215 597 1247 charissime,
611 1215 694 1251 quod
716 1214 947 1242 indefessissima

164 1263 192 1290 et
204 1261 419 1289 studiosissima
443 1262 498 1289 fuit
521 1270 575 1297 per
599 1261 789 1289 sedulitatem
813 1261 843 1288 in
859 1261 948 1289 bonis

165 1308 315 1344 operibus.
336 1310 401 1344 Ipsa
414 1316 546 1344 namque
571 1310 614 1336 est
636 1308 724 1337 Maria
748 1308 810 1341 illa,
835 1307 872 1335 de
888 1316 948 1343 qua

152 1355 272 1383 >dicitur
286 1355 317 1383 in
331 1356 411 1383 Actis
433 1356 443 1372 ³
462 1365 468 1383 :
493 1356 531 1382 Hi
546 1363 632 1383 omnes
652 1357 729 1382 erant
747 1357 947 1390 perseverantes

165 1403 332 1429 unanimiter
349 1404 378 1429 z'n
397 1404 519 1430 oratione
540 1410 599 1429 cum
621 1402 791 1435 mulieribus,
811 1404 835 1429 et
857 1403 948 1429 Maria

165 1451 252 1476 matre
261 1450 333 1476 Jesu.
344 1449 443 1483 Maria,
456 1449 602 1476 indefesse
612 1448 833 1485 perseverando
844 1448 874 1476 in
883 1456 948 1476 ora-

167 1495 256 1529 tione,
281 1495 452 1531 exemplum
471 1495 574 1523 dedit:
599 1504 691 1531 quam
714 1497 830 1531 oportet
851 1495 947 1530 sequi,

168 1543 196 1570 et
208 1550 269 1570 non
284 1542 420 1570 deficere.
436 1544 469 1570 Et
479 1542 502 1570 si
518 1542 606 1570 Maria
621 1544 682 1570 tam
695 1542 797 1570 sedule
813 1542 908 1570 oravit
919 1542 949 1569 in

167 1588 260 1623 terris,
277 1589 433 1625 quomodo
454 1597 515 1617 non
540 1589 643 1617 sedule
665 1589 762 1617 orabit
782 1597 838 1625 pro
861 1589 949 1616 nobis

167 1635 198 1663 in
220 1634 322 1663 coelis?
344 1638 466 1672 Propter
485 1636 543 1664 hoc
565 1644 620 1664 nos
644 1636 721 1664 bene
740 1636 874 1664 hortatur
893 1638 949 1664 Au-

167 1682 301 1717 gustinus
322 1682 424 1710 dicens
444 1684 454 1699 ¹·
479 1692 485 1710 ι
505 1692 519 1708 «
539 1683 647 1711 Omnes
668 1683 763 1710 Mariae
783 1682 949 1718 patrocinia

167 1729 250 1756 omni
263 1729 330 1757 nisu
348 1730 544 1766 imploremus
560 1740 566 1758 :
584 1733 626 1765 ut,
647 1731 720 1758 dum
739 1731 865 1767 supplici
882 1739 946 1758 eam

167 1776 313 1812 obsequio
329 1776 551 1812 frequentamus
562 1778 592 1805 in
607 1778 701 1812 terris,
717 1778 780 1813 ipsa
795 1786 850 1806 nos
863 1786 948 1814 prece

166 1823 272 1851 sedula
295 1824 506 1851 commendare
528 1824 666 1860 dignetur
687 1824 717 1851 in
740 1824 830 1852 coelis.
852 1835 865 1850 n
891 1825 949 1852 Sed

167 1878 235 1898 ecce
250 1871 339 1898 Maria
359 1873 459 1899 nostra
478 1879 540 1899 non
562 1872 660 1899 solum
680 1880 732 1900 ore
756 1873 786 1899 in
807 1872 948 1900 orationi-

166 1917 234 1952 bus,
249 1918 300 1945 sed
316 1918 404 1946 etiam
419 1919 508 1946 corde
530 1919 560 1946 in
583 1919 689 1947 sanctis
705 1920 948 1948 meditationibus

165 1964 314 1993 indefessa
326 1965 380 1993 fuit
395 1968 423 1993 et
437 1966 550 1994 sedula.
567 1967 632 2002 Ipsa
647 1966 726 1994 enim
741 1968 783 1994 est
794 1967 893 2002 Maria,
911 1967 947 1995 de

165 2019 226 2047 qua
240 2011 347 2039 dicitur
361 2012 392 2039 in
411 2014 557 2047 Evanflelio
576 2014 660 2041 Lucae
677 2013 686 2029 ⁵
704 2023 710 2041 :
728 2015 820 2041 Maria
843 2022 948 2042 conser-

165 2059 246 2086 vabat
269 2061 360 2086 omnia
382 2060 462 2086 verba
481 2060 550 2094 haec,
576 2061 710 2093 conferens
738 2062 768 2087 z'n
793 2061 869 2088 corde
890 2069 947 2089 suo.

165 2105 239 2138 Quia
260 2113 331 2140 ergo
355 2105 444 2134 Maria
468 2114 529 2134 non
552 2106 607 2133 fuit
629 2107 777 2142 acediosa,
794 2107 863 2135 ideo
887 2116 948 2136 non

166 2151 220 2179 fuit
240 2151 345 2179 odiosa
368 2161 374 2179 ε
402 2154 430 2180 et
454 2152 533 2187 ideo,
556 2161 616 2181 non
642 2153 740 2181 solum
763 2157 892 2182 mentem
918 2155 949 2182 in

167 2199 273 2226 sanctis
292 2198 544 2234 meditationibus,
563 2208 625 2227 non
647 2200 745 2228 solum
764 2200 898 2236 linguam
919 2202 948 2229 in

167 2245 282 2273 devotis
297 2245 496 2281 orationibus3
513 2246 564 2273 sed
580 2246 669 2274 etiam
693 2255 800 2275 manus
813 2247 845 2275 in
861 2248 949 2276 bonis

168 2291 310 2328 operibus
322 2292 441 2319 sedulas
454 2292 568 2320 habuit.
586 2295 707 2329 Propter
722 2294 805 2330 quod
814 2295 900 2330 bene,
913 2296 950 2323 si-

167 2341 216 2367 cut
237 2339 441 2374 supradictum
462 2340 514 2373 est,
530 2339 638 2367 mansit
660 2341 747 2368 Maria
769 2349 836 2369 cum
860 2342 949 2370 Elisa-

168 2386 239 2414 beth
249 2385 342 2414 tribus
352 2386 516 2414 mensibus
525 2386 569 2414 Ad
580 2387 672 2422 quid?
683 2388 948 2424 RespondetBeda,

169 2435 197 2460 et
215 2433 255 2460 ait
278 2433 287 2450 ὃ
313 2442 319 2460 ;
346 2443 359 2459 ι(
384 2434 416 2460 Ut
440 2433 556 2461 mulieri
571 2436 717 2469 provectae
739 2435 840 2469 aetatis,
865 2435 948 2471 virgo

169 2479 329 2514 juvencula
356 2480 552 2508 ministerium
583 2480 687 2508 sedula
715 2480 908 2516 impenderet.
934 2494 946 2509 n

205 2565 213 2580 ¹
229 2565 343 2595 Hieron„
358 2565 393 2589 ad
407 2565 480 2589 Paul,
495 2567 518 2589 et
535 2565 660 2595 Eunoen,
677 2565 749 2596 epist.
766 2571 791 2597 Χ,
807 2569 865 2597 post
880 2568 947 2593 med.

174 2612 203 2617 —-
219 2599 229 2615 Β
244 2601 337 2632 Marc„
355 2607 395 2631 νι,
412 2604 435 2625 3.
456 2615 485 2619 —-
503 2601 513 2618 ³
534 2602 586 2626 Act.
603 2602 691 2632 apost„
714 2608 734 2632 1,
753 2603 789 2626 14.
805 2616 835 2619 —
850 2603 860 2619 4
874 2605 950 2634 Aug,

174 2635 203 2658 (le
213 2635 320 2665 Sanctis,
337 2644 412 2660 serm.
433 2643 510 2667 xxxv,
526 2637 558 2661 al.
576 2643 663 2665 ccviii,
676 2644 701 2661 n.
715 2639 750 2667 12,
764 2639 826 2669 App.
843 2641 904 2663 tom.
918 2640 948 2664 V.

175 2683 205 2688 -
220 2672 228 2685 ⁵
246 2670 311 2701 Luc„
336 2678 365 2702 11,
384 2674 422 2697 19.
438 2686 468 2691 —
482 2673 491 2687 e.
510 2673 581 2703 Bed.,
604 2673 677 2697 hom.
694 2674 719 2696 z'n
734 2673 860 2698 solemnit.
879 2676 948 2704 Deip.

1001 557 1026 582 et
1039 556 1174 589 infantem
1184 558 1303 592 positum
1317 559 1347 585 in
1363 560 1504 594 proesepio.
1522 560 1655 588 Pastores
1670 568 1783 596 paupe-

1000 610 1046 630 res
1067 602 1245 631 invcnerunt
1265 611 1429 640 pauperem
1450 606 1570 634 Mariam
1593 608 1729 642 matrem,
1755 610 1784 636 et

1000 657 1163 686 pauperem
1187 651 1329 680 infantem
1354 653 1385 680 in
1403 661 1535 690 paupere
1559 654 1645 690 loco,
1670 663 1732 684 non
1754 657 1784 693 in

1001 707 1149 736 pomposa
1165 701 1257 737 curia,
1273 696 1325 729 sed
1340 701 1371 730 in
1387 711 1519 739 paupere
1536 705 1683 741 praesepio
1699 715 1704 733 :
1718 713 1785 742 quae

1001 746 1103 782 utique
1114 748 1299 784 paupercula
1313 750 1408 778 mater
1422 750 1538 778 bonum
1555 751 1718 787 hospitium
1731 752 1785 781 ha-

1001 793 1122 829 buisset,
1134 794 1158 822 si
1172 803 1288 831 pauper
1298 804 1360 824 non
1375 796 1484 825 fuisset.
1501 798 1556 826 Ista
1571 798 1644 826 dum
1660 798 1785 835 diligen-

1002 841 1044 868 ter
1058 842 1193 876 attendis,
1210 844 1279 870 tunc
1294 846 1500 880 paupertatem
1518 845 1613 873 Mariae
1633 846 1785 874 evidenter

1001 888 1174 924 perpendis,
1191 890 1228 918 de
1252 899 1312 927 qua
1330 893 1458 920 Joannes
1477 893 1707 930 Chrysostomus
1724 895 1783 922 ait:

1005 944 1019 960 «
1032 935 1104 963 Vide
1114 938 1295 973 paupertatis
1306 939 1401 966 Mariae
1412 940 1651 975 magnitudinem
1658 951 1666 976 ;
1684 943 1711 970 et
1722 942 1787 978 qui-

1002 989 1131 1018 cumque
1147 991 1262 1020 pauper
1285 987 1337 1020 est,
1360 986 1485 1022 accipiat
1503 988 1747 1017 consolatIOnem.
1770 998 1783 1014 »

1003 1029 1188 1067 Quicumque
1204 1033 1281 1060 certe
1296 1035 1419 1069 propter
1437 1035 1528 1062 Deum
1547 1043 1662 1071 pauper
1677 1037 1719 1063 est
1733 1044 1786 1064 vo-

1002 1075 1128 1105 luntarie
1143 1080 1170 1106 et
1184 1078 1321 1115 libenter,
1340 1081 1388 1108 vel
1403 1081 1491 1109 etiam
1512 1083 1695 1119 quicumque
1709 1092 1786 1120 pau-

1003 1131 1056 1159 per
1077 1125 1120 1151 est
1145 1127 1309 1155 necessarie
1325 1129 1352 1155 et
1365 1128 1519 1164 patienter,
1534 1129 1662 1158 multum
1679 1139 1786 1159 conso—

1003 1169 1058 1198 lari
1069 1173 1165 1207 potest
1178 1172 1215 1200 de
1230 1176 1405 1210 paupertate
1426 1176 1531 1211 Mariae,
1549 1179 1576 1204 et
1595 1177 1632 1205 de
1654 1186 1787 1214 paupere

1003 1217 1126 1246 Christo.
1142 1219 1184 1247 Ab
1195 1219 1246 1248 illa
1260 1222 1464 1250 consolatione
1474 1223 1570 1259 iniqui
1582 1224 1687 1253 divites
1697 1225 1787 1261 longe

1004 1267 1081 1300 sunt,
1099 1266 1151 1301 qui
1164 1266 1254 1302 longe
1269 1268 1358 1296 aliam
1378 1272 1524 1305 quaerunt.
1548 1271 1629 1299 Unde
1654 1272 1788 1300 Salvator

1004 1311 1076 1340 dicit
1089 1312 1099 1328 ⁸
1114 1322 1121 1340 :
1140 1314 1186 1341 Vae
1200 1315 1272 1342 vobis
1295 1315 1443 1350 divitibus,
1459 1319 1508 1352 qui
1522 1318 1625 1345 habetis
1641 1319 1684 1346 hic
1700 1327 1788 1347 conso-

1005 1360 1132 1387 lationem
1148 1364 1275 1389 vestram.
1295 1362 1369 1390 Nolo
1386 1365 1482 1391 tamen
1498 1364 1656 1401 desperare
1672 1365 1788 1401 divites,

1005 1406 1075 1441 quia
1095 1415 1156 1435 non
1177 1408 1274 1436 solum
1292 1417 1439 1445 pauperes
1456 1414 1601 1446 pastores,
1625 1413 1677 1440 sed
1700 1413 1789 1441 etiam

1005 1452 1110 1480 divites
1132 1462 1217 1489 reges
1236 1463 1399 1491 pauperem
1419 1457 1554 1492 Mariam,
1576 1461 1603 1487 et
1625 1467 1788 1496 pauperem

1005 1498 1110 1527 Filium
1137 1501 1200 1535 ejus
1223 1502 1411 1538 invenerunt,
1434 1504 1509 1532 sicut
1531 1505 1637 1533 dicitur
1660 1506 1690 1533 in
1715 1508 1789 1535 Mat-

1006 1546 1073 1573 thoeo
1088 1547 1098 1563 ⁹
1115 1556 1121 1574 z
1139 1548 1174 1574 Et
1198 1549 1333 1576 intrantes
1350 1550 1457 1577 domum
1475 1553 1652 1587 invenerunt,
1672 1554 1724 1581 etc,
1743 1554 1788 1582 Sic

1004 1592 1047 1620 illi
1067 1593 1172 1622 divites
1183 1594 1264 1631 ipsos
1280 1595 1466 1632 invenerunt,
1482 1598 1533 1634 qui
1546 1607 1671 1628 munera
1684 1601 1788 1629 attule-

1004 1642 1083 1667 runt.
1102 1642 1248 1677 Pauperes
1263 1651 1333 1678 ergo
1350 1644 1585 1673 consolationem
1603 1647 1689 1675 istam
1704 1648 1788 1676 inve-

1005 1687 1090 1715 niunt
1104 1696 1157 1723 per
1175 1692 1379 1726 paupertatem
1386 1701 1394 1726 3
1411 1692 1516 1720 divites
1539 1702 1621 1729 vero,
1645 1703 1698 1731 per
1712 1696 1788 1724 libe-

1004 1734 1160 1762 raIItatem.
1195 1737 1268 1764 Dum
1306 1746 1453 1774 pauperes
1491 1748 1544 1776 per
1580 1745 1787 1778 paupertatem

1005 1781 1117 1809 Christo
1132 1783 1364 1820 conformantur,
1386 1785 1490 1814 divites
1505 1796 1559 1823 per
1581 1788 1788 1819 liberalitatem

1005 1828 1117 1856 Christo
1131 1829 1340 1859 reformantur.

1041 1876 1126 1904 Sexto
1143 1877 1222 1911 vide,
1239 1878 1420 1914 charissime,
1437 1881 1521 1916 quod
1536 1882 1624 1911 Maria
1639 1885 1787 1920 tempera-

1005 1922 1118 1950 tissima
1133 1923 1187 1951 fuit
1201 1932 1254 1959 per
1275 1925 1475 1954 sobrietatem.
1497 1929 1561 1964 lpsa
1576 1930 1655 1957 enim
1671 1934 1713 1959 est
1728 1934 1785 1961 Ma-

1005 1970 1059 2004 ria,
1072 1971 1118 1998 cui
1134 1971 1240 1999 dicitur
1253 1972 1288 2000 ¹⁰:
1301 1974 1342 2001 Ne
1353 1975 1457 2010 timeas,
1469 1976 1572 2010 Marsa,
1581 1979 1712 2006 invenisti
1726 1988 1786 2014 qra-

1007 2018 1083 2051 tiam,
1099 2020 1153 2046 etc.
1169 2020 1253 2053 Nota,
1268 2021 1352 2055 quod
1368 2021 1474 2050 dicitur
1492 2025 1643 2052 :Invenisti
1654 2029 1784 2060 qratiam.

1006 2064 1165 2100 Nunquam
1180 2066 1268 2094 Maria
1284 2069 1395 2095 tantam
1410 2069 1536 2104 gratiam
1551 2071 1719 2107 invenisset,
1730 2074 1787 2101 nisi

1007 2111 1100 2145 gratia
1116 2112 1236 2139 Mariam
1251 2113 1281 2140 in
1296 2114 1363 2142 cibo
1380 2117 1407 2142 et
1420 2118 1492 2150 potu
1510 2119 1787 2153 temperatissimam

1006 2156 1174 2187 invenisset.
1192 2161 1255 2187 Non
1271 2160 1350 2188 enim
1370 2170 1399 2189 se
1416 2164 1637 2198 compatiuntur
1651 2167 1745 2201 gratia
1760 2170 1788 2196 et

1006 2203 1087 2239 gula,
1103 2205 1174 2240 quia
1189 2206 1373 2242 impossibile
1389 2210 1432 2236 est
1446 2210 1529 2246 quod
1540 2211 1632 2240 homo
1648 2213 1737 2241 simul
1753 2215 1788 2242 sit

1005 2258 1059 2286 per
1070 2252 1194 2287 gratiam
1216 2254 1273 2281 Deo
1291 2256 1399 2289 gratus,
1418 2258 1446 2283 et
1460 2265 1512 2292 per
1527 2259 1628 2293 gulam
1643 2260 1786 2296 ingratus.

1007 2299 1120 2326 Bonum
1147 2301 1189 2326 est
1213 2308 1283 2335 ergo
1309 2309 1439 2337 quaerere
1469 2305 1610 2341 gratiam,
1637 2310 1663 2335 et
1686 2308 1787 2343 fugere

1007 2345 1118 2380 gulam.
1133 2346 1204 2374 Dicit
1219 2348 1298 2375 enim
1314 2350 1420 2378 Paulus
1437 2355 1454 2372 ¹¹
1469 2361 1475 2379 :
1495 2353 1632 2388 Optt'mum
1644 2359 1682 2382 est
1697 2359 1788 2391 qratia

1006 2392 1129 2419 stabilire
1144 2401 1197 2426 cor,
1212 2402 1265 2421 non
1281 2398 1356 2431 escis,
1373 2406 1432 2431 quoe
1450 2407 1502 2426 non
1517 2402 1679 2434 profuerunt
1694 2404 1787 2430 ambu-

1007 2439 1126 2465 lantibus
1145 2442 1174 2466 in
1189 2442 1237 2468 ez's.
1249 2443 1322 2470 Nota
1338 2443 1426 2472 etiam
1442 2446 1525 2481 quod
1545 2447 1651 2475 dicitur
1668 2449 1687 2465 ¹²
1701 2458 1706 2476 :
1722 2451 1788 2478 Ecce

1007 2487 1139 2520 concipies
1163 2488 1192 2514 in
1222 2491 1308 2517 utero.
1337 2492 1496 2527 Nunquam
1524 2494 1613 2522 Maria
1639 2496 1730 2524 Deum
1758 2497 1788 2524 in

1007 2533 1090 2559 utero
1108 2534 1298 2570 concepisset,
1318 2537 1342 2564 si
1362 2537 1443 2565 idem
1459 2541 1559 2568 uterus
1578 2544 1681 2571 eontra
1696 2544 1789 2572 Deum

1012 2605 1082 2637 γίνῃ.
1098 2607 1195 2637 qnando
1208 2609 1328 2634 salutavit
1344 2611 1487 2640 Elizabetlz,
1499 2615 1557 2637 aute
1572 2615 1640 2639 med.
1653 2630 1684 2634 —
1699 2618 1706 2631 ⁷
1721 2618 1789 2647 Lua,

1009 2648 1038 2672 11,
1057 2644 1092 2666 16.
1109 2656 1138 2660 ——
1151 2644 1161 2659 Β
1175 2645 1242 2675 Lac„
1256 2652 1290 2677 vi,
1302 2649 1340 2672 ⁸24.
1355 2649 1403 2665 -θ
1426 2649 1571 2681 Maltl1.,11,
1594 2654 1630 2676 11.
1650 2654 1710 2671 ——10
1723 2655 1788 2685 Lina,

1011 2683 1040 2703 ιι,
1065 2680 1103 2702 30.
1124 2692 1154 2696 -
1177 2681 1191 2694 ¹·
1210 2681 1294 2712 Helm„
1314 2689 1370 2714 xm,
1387 2685 1409 2707 9.
1427 2698 1455 2701 —
1470 2685 1490 2701 ¹²
1506 2685 1573 2713 Luc,
1592 2693 1610 2717 ι,
1627 2689 1664 2713 3ι.

1826 1894 1850 1914 Β,
1863 1894 1909 1914 Mn·

1815 1931 1852 1944 ΝΞ
1862 1931 1896 1945 SO-

1810 1956 1900 1976 tui-ictae.
