2029 3052
477 209 686 243 SPECULUM
705 207 851 242 BEATAE
873 206 1013 240 MARIAE
1034 207 1221 241 VIRGINIS.
1242 205 1383 239 LEGTIO
1407 205 1431 238 l.

148 289 162 307 «
175 280 251 316 Quid
268 288 323 309 nos
345 279 461 315 tantilli,
477 278 552 316 quid
566 278 681 308 actione
701 276 802 315 pusilli
817 277 849 305 in
861 276 927 305 lau-

144 328 234 357 dibus
248 327 343 357 Mariae
357 327 529 362 referemuS,
544 334 613 354 cum
635 325 772 354 omnium
791 325 927 352 nostrum

145 375 282 404 membra
296 375 321 403 si
335 374 366 403 in
380 374 498 410 linguas
510 374 703 408 verterentur,
721 379 788 400 eam
802 370 928 399 laudare

145 423 245 452 nullus
257 422 391 451 sufficere
403 420 537 449 valeret?
551 429 565 447 »
586 421 670 454 Item,
686 427 756 448 cum
771 420 779 436 ¹
795 419 854 446 laus
876 425 929 446 non

145 471 182 500 sit
194 471 313 506 speciosa
323 470 353 497 in
363 476 407 497 ore
418 469 580 504 peccatoris,
598 466 755 504 quomodo
771 473 826 502 ego
839 464 930 493 miser

145 518 284 554 peccator
309 516 413 551 homo,
439 514 594 551 quomodo
618 513 832 550 indignissimae
863 512 930 540 vitae

147 572 203 600 ego
222 562 397 597 homuncio,
419 561 524 591 laudes
548 561 642 590 Mariae
663 561 792 589 audeam
811 567 928 595 sonare,

148 618 217 639 cum
230 610 262 638 in
276 609 322 638 his
336 609 421 638 illum
442 608 623 644 dignissimae
636 607 703 636 vitae
717 607 931 644 Hieronymum

148 657 270 686 audiam
293 656 464 693 trepidare?
486 655 530 684 Sic
561 663 691 691 namque
720 654 790 683 dicit
807 655 838 683 2:
857 663 871 680 «
890 653 932 682 Ti-

148 712 217 733 meo
231 704 312 739 satis,
327 706 355 732 et
371 703 457 732 valde
472 702 658 739 pertimesco,
676 702 750 729 dum
763 701 867 730 vestris
882 709 932 729 cu-

147 751 199 788 pio
213 759 317 788 parere
331 749 522 787 profectibus,
535 757 572 777 ne
584 749 659 777 forte
675 749 750 777 sieut
764 748 931 784 improbus,

147 799 188 827 ita
199 800 226 826 et
239 797 379 833 indignus
393 796 532 825 laudator
544 795 690 824 inveniar.
706 795 851 831 Profecto,
864 804 933 823 cum

148 853 204 873 nee
219 844 366 880 sanctitas,
381 852 437 872 nec
450 843 591 872 facundia
606 844 753 880 suppetat,
767 844 799 871 ut
813 843 933 871 beatam

149 894 177 920 et
191 891 354 927 gloriosam
373 891 523 926 Virginem
541 890 630 926 digne
643 890 768 918 laudare
784 898 930 926 queam.»

149 939 220 967 Item
237 949 243 966 :
262 949 276 965 ει
291 938 336 966 Ad
352 937 427 974 quid
443 946 529 974 aquae
540 937 707 974 pauxillum
715 937 791 965 mari
802 937 934 965 addam?

149 986 195 1014 Ad
218 985 293 1022 quid
314 985 468 1013 modicum
492 984 629 1021 lapillum
650 984 744 1013 monti
771 984 934 1020 adjiciam?

151 1034 208 1062 Sed
226 1034 304 1062 certe
320 1041 389 1061 cum
408 1033 498 1061 Maria
512 1032 620 1061 divinis
636 1035 664 1061 et
682 1033 824 1068 angelicis
838 1033 935 1061 laudi-

151 1081 209 1109 bus
223 1080 349 1108 nimium
363 1080 554 1115 magnificata
571 1079 617 1114 sit,
636 1079 710 1116 quid
729 1081 840 1114 nostra,
861 1079 936 1116 quid

151 1127 298 1164 praecipue
320 1135 388 1154 mea
407 1127 539 1163 parvitas
560 1127 622 1163 ejus
647 1126 789 1154 laudibus
808 1126 936 1162 adjicere

151 1174 267 1210 possit?
286 1185 299 1199 »
318 1173 448 1210 Denique
472 1175 575 1201 Beatus
597 1174 793 1210 Hieronymus
814 1173 851 1201 de
872 1174 938 1210 ipsa

152 1221 279 1257 loquens
294 1221 334 1249 ait
349 1222 359 1238 ³
376 1230 382 1249 ς
398 1230 412 1246 «
428 1222 461 1248 Ut
475 1229 578 1248 verum
597 1220 699 1256 fatear,
720 1221 870 1257 quidquid
883 1221 939 1249 hu—

152 1268 249 1296 manis
261 1268 320 1296 dici
333 1269 430 1304 potest
439 1267 548 1302 verbis,
559 1268 658 1295 minus
668 1276 686 1296 a
699 1268 789 1296 laude
799 1268 866 1296 coeli
877 1269 935 1296 est:

153 1315 297 1352 quoniam
306 1315 414 1343 divinis
424 1316 453 1343 et
460 1314 602 1351 angelicis
613 1317 655 1343 est
663 1314 854 1343 excellentius
865 1323 938 1352 prae-

152 1363 249 1391 dicata
263 1364 291 1390 et
304 1362 427 1391 laudata
438 1363 604 1399 praeconiis,
619 1371 637 1390 a
646 1362 801 1398 prophetis
813 1363 938 1399 quidem

152 1410 358 1447 praenuntiata,
373 1418 391 1438 a
408 1409 582 1446 patriarchis
604 1409 707 1445 figuris
729 1411 757 1437 et
772 1409 937 1445 ‹aenigmati-

153 1457 211 1486 bus
238 1457 428 1493 praesignata,
454 1457 492 1484 ab
523 1456 716 1492 Evangelistis
749 1456 879 1484 exhibita
912 1459 939 1484 et

153 1505 327 1540 monstrata,
344 1504 382 1532 ab
403 1504 521 1540 Angelis
544 1504 753 1532 venerabiliter
767 1506 856 1540 atque
871 1504 938 1532 offi-

155 1551 316 1579 ciosissime
335 1551 472 1579 salutata.
501 1561 515 1577 »
551 1553 615 1579 Haec
653 1551 755 1579 omnia
782 1551 940 1586 diligenter

154 1600 288 1634 pensata,
317 1599 402 1635 pium
424 1599 567 1626 lectorem
596 1598 742 1634 piumque
769 1598 939 1626 auditorem

155 1653 277 1673 movere
293 1645 403 1673 debent
417 1645 534 1679 merito,
549 1647 582 1673 ut
597 1646 731 1681 ignoscat
745 1645 829 1679 mihi,
850 1645 939 1681 quid-

155 1692 230 1728 quid
248 1692 473 1727 insuffieientiae,
495 1692 642 1728 quidquid
670 1692 824 1728 imperitiae
847 1693 873 1720 ei
891 1700 940 1720 oc-

156 1739 279 1767 currerit
293 1739 324 1767 in
335 1740 393 1767 hoc
407 1739 525 1776 scripto.
542 1740 701 1774 Quomodo
716 1739 799 1768 enim
813 1748 868 1775 ego
878 1741 940 1767 tam

155 1786 347 1821 insufficiens,
363 1787 471 1814 cudere
487 1787 618 1815 valerem
635 1794 679 1822 ea,
697 1795 763 1823 quae
777 1789 864 1814 tantae
880 1786 940 1814 Vir-

156 1835 232 1870 ginis
247 1834 388 1862 laudibus
403 1834 503 1869 digna,
524 1836 672 1870 tantaeque
692 1834 818 1870 Virginis
832 1834 939 1862 zelato-

157 1882 239 1910 ribus
258 1881 354 1909 forent
367 1881 575 1915 accommoda,
591 1890 658 1909 eum
674 1882 705 1908 in
721 1881 766 1908 his
778 1882 828 1909 ille
844 1884 940 1910 tantus

157 1928 268 1956 zelator
285 1929 348 1964 ejus
365 1930 391 1956 et
404 1928 544 1956 laudator
556 1929 660 1956 beatus
675 1929 841 1957 Bernardus
857 1937 940 1956 coer-

159 1976 258 2003 cetur?
272 1975 318 2004 Ait
332 1976 411 2003 enim
426 1976 466 2003 sic
481 1976 491 1992 ”
504 1985 510 2003 ;
532 1986 545 2001 ι(
561 1978 624 2004 Non
640 1977 682 2003 est
698 1976 781 2012 quod
795 1984 843 2004 me
859 1976 940 2003 dele-

159 2025 214 2051 ctet
227 2023 333 2059 magis,
349 2032 441 2060 quam
459 2024 495 2052 de
511 2024 607 2059 glorIa
624 2024 750 2060 Virginis
772 2024 868 2052 Matris
887 2024 940 2051 ha-

1715 207 1774 237 233

984 276 1057 305 bere
1071 283 1252 305 sermonem.
1269 285 1283 302 »
1298 276 1331 303 Et
1344 281 1466 304 causam
1475 274 1566 310 hujus
1577 273 1774 310 subjungens,

985 324 1025 353 ait
1040 333 1047 352 τ
1067 334 1081 350 ιι
1095 325 1186 353 Tanto
1203 332 1270 353 eam
1285 322 1393 352 affectu
1408 321 1577 350 devotionis
1591 321 1775 358 amplectun-

985 372 1042 407 tur,
1050 371 1211 406 honorant,
1223 370 1397 406 suscipiunt,
1411 371 1442 398 ut
1453 369 1579 405 dignum
1592 370 1645 404 est,
1656 369 1775 397 univer-

986 417 1022 453 si,
1031 420 1063 446 ut
1071 418 1140 446 licet
1156 418 1194 446 de
1210 425 1245 446 ea
1259 417 1344 454 loqui
1355 417 1482 453 gestiant
1493 424 1609 450 omneS,
1620 415 1771 452 quidquid

987 465 1094 494 dieitur
1108 465 1145 493 de
1158 464 1316 499 indicibili,
1330 472 1366 493 eo
1378 464 1444 500 ipso
1456 463 1540 501 quod
1556 463 1592 501 (a)
1609 463 1668 492 diei
1686 464 1775 500 potu-

987 512 1051 547 erit,
1061 512 1160 540 minus
1167 513 1285 548 gratum
1292 512 1338 547 sit,
1346 511 1445 539 minus
1451 511 1580 548 placeat,
1587 511 1687 538 minus
1695 518 1776 538 acce-

987 561 1093 596 ptetur.
1103 569 1117 586 »
1127 560 1263 588 Hortatur
1271 560 1371 587 tamen
1382 560 1410 587 et
1425 557 1597 587 consolatur
1609 565 1657 585 me
1671 557 1777 585 beatus

987 607 1184 643 Hieronymus
1191 605 1292 634 dicens
1301 606 1326 633 ⁵:
1336 605 1410 634 «Etsi
1421 605 1460 634 ad
1467 605 1524 633 hoc
1532 612 1620 633 nemo
1629 603 1778 633 invenitur

988 655 1126 689 idoneus,
1143 653 1218 682 votis
1233 655 1334 682 tamen
1349 652 1491 681 omnibus
1507 660 1621 681 cessare
1644 660 1707 680 non
1722 651 1776 679 de-

988 702 1040 731 bet
1054 701 1182 739 quilibet
1195 699 1522 737 peccatoralaudibus.
1541 709 1555 727 »
1572 701 1676 727 Beatus
1688 699 1778 727 etiam

988 749 1179 785 Augustinus,
1195 748 1323 785 loquens
1339 746 1496 783 quomodo
1512 745 1562 774 Dei
1577 745 1666 773 Filius
1689 745 1778 774 matri

990 804 1050 824 suoe
1063 795 1286 824 foecunditatem
1301 794 1451 823 veniendo
1464 793 1570 828 attulit,
1588 794 1616 821 et
1626 793 1778 828 integrita-

989 845 1050 871 tem
1063 843 1215 871 nascendo
1229 850 1292 870 non
1304 842 1436 877 abstulit,
1451 843 1518 878 post
1530 849 1628 877 pauca
1646 841 1687 868 sie
1698 840 1778 868 intu-

990 890 1023 918 lit
1044 890 1146 918 dicens
1169 899 1175 917 :
1201 900 1214 916 «
1235 891 1359 918 Tantum
1375 889 1488 926 quippe
1511 888 1628 916 donum
1652 887 1701 915 Dei
1722 895 1778 915 nec

990 937 1044 965 fari
1060 945 1230 973 possumus,
1246 937 1286 964 ad
1301 937 1365 972 ejus
1380 936 1580 964 enarrandam
1594 934 1777 971 magnitudi-

990 992 1061 1012 nem
1080 983 1214 1020 parvuli;
1241 985 1269 1012 et
1290 985 1389 1011 tamen
1411 983 1536 1011 laudare
1557 981 1780 1018 compellimur,

992 1039 1028 1059 ne
1047 1030 1174 1059 tacendo
1198 1038 1375 1058 maneamus
1397 1030 1515 1065 ingrati.
1539 1031 1571 1057 Et
1590 1030 1666 1057 certe
1688 1028 1781 1056 vidua

991 1078 1185 1114 paupercula,
1202 1086 1268 1114 quae
1289 1077 1351 1105 duo
1371 1085 1430 1105 aera
1443 1077 1558 1104 minuta
1575 1077 1632 1104 Deo
1649 1075 1780 1112 gratissi-

992 1133 1042 1153 ma
1055 1124 1172 1158 obtulit,
1187 1132 1250 1152 non
1261 1126 1384 1160 propter
1394 1124 1451 1151 hoc
1466 1123 1573 1151 offerre
1586 1131 1648 1151 non
1665 1123 1780 1157 debuit,

993 1173 1064 1208 quia
1085 1172 1180 1208 magis
1201 1172 1307 1199 offerre
1324 1179 1386 1199 non
1405 1171 1512 1206 valuit;
1538 1171 1599 1199 imo
1626 1170 1781 1199 offerendo

993 1220 1078 1256 quod
1096 1219 1202 1256 potuit,
1225 1226 1344 1247 summo
1370 1219 1428 1246 Deo
1455 1218 1575 1254 placuit.
1598 1228 1611 1244 »
1632 1217 1703 1246 Hinc
1729 1220 1781 1252 est,

994 1266 1078 1303 quod
1099 1275 1154 1302 ego
1179 1274 1295 1303 pauper
1319 1265 1453 1301 ingenio,
1480 1265 1542 1293 imo
1573 1265 1782 1301 pauperrimus

993 1316 1054 1342 tam
1075 1313 1197 1342 scientia
1224 1321 1316 1350 quam
1344 1312 1526 1349 eloquentia,
1552 1313 1610 1340 hoc
1639 1312 1782 1348 exiguum

994 1361 1120 1395 donum,
1136 1361 1194 1389 hoe
1214 1360 1435 1397 pauperculum
1460 1359 1605 1396 scriptum
1627 1359 1667 1387 ad
1688 1359 1783 1388 hono-

994 1416 1058 1436 rem
1086 1410 1174 1436 tantae
1205 1407 1324 1443 Reginae
1346 1406 1453 1434 offerre
1472 1406 1648 1442 praesumpsi
1672 1416 1678 1434 :
1701 1408 1732 1434 ut
1752 1406 1784 1434 in

994 1455 1071 1491 ipso,
1080 1456 1226 1490 tanquam
1236 1454 1267 1482 in
1280 1453 1416 1490 quodam
1424 1453 1553 1481 obscuro
1569 1453 1702 1489 speculo,
1715 1453 1783 1480 sim-

994 1502 1132 1538 pliciores
1149 1501 1284 1537 ejusdem
1307 1501 1426 1536 Reginae
1451 1503 1610 1535 amatores,
1636 1500 1733 1537 qualis
1757 1502 1785 1528 et

995 1551 1108 1586 quanta
1123 1549 1159 1576 sit
1178 1549 1283 1576 saltem
1303 1547 1426 1576 tenuiter
1448 1547 1647 1583 speculentur.
1666 1549 1698 1575 Et
1714 1548 1785 1584 quia

994 1597 1076 1625 idem
1096 1596 1239 1632 scriptum
1255 1595 1293 1624 ad
1309 1595 1401 1623 instar
1415 1595 1499 1623 rudis
1515 1595 1628 1631 speculi
1651 1595 1786 1631 aliquan-

994 1646 1058 1672 tum
1073 1643 1346 1680 repraesentativum
1362 1644 1404 1670 est
1419 1642 1495 1677 vitae,
1513 1645 1541 1670 et
1557 1642 1667 1677 gratiae,
1681 1644 1709 1670 et
1722 1643 1785 1678 glo-

995 1691 1045 1719 riae
1066 1691 1161 1719 Mariae
1173 1700 1180 1725 3
1204 1690 1273 1718 ideo
1294 1697 1356 1717 non
1377 1689 1625 1717 inconvenienter
1640 1689 1785 1725 appellari

995 1741 1091 1775 potest
1107 1738 1267 1774 Speculum
1282 1737 1377 1765 Manae
1396 1738 1442 1774 (b)⁴
1465 1738 1516 1765 Eia
1537 1746 1620 1773 ergo,
1636 1737 1785 1774 benignis-

996 1787 1071 1814 sima
1086 1786 1212 1814 Domina
1227 1794 1294 1814 mea
1308 1786 1406 1821 Maria,
1420 1786 1498 1814 illud
1510 1786 1652 1821 exiguum
1663 1794 1784 1820 munuS,

996 1834 1080 1870 quod
1095 1834 1146 1861 dat
1162 1833 1214 1861 tibi
1229 1841 1342 1869 pauper
1360 1834 1485 1868 amicus,
1507 1833 1635 1869 accipito
1652 1833 1784 1869 placide.

996 1883 1033 1909 Te
1049 1881 1128 1909 enim
1143 1889 1211 1908 oum
1226 1881 1283 1908 hoe
1299 1880 1490 1915 munusculo,
1506 1882 1533 1908 te
1555 1889 1623 1908 cum
1637 1880 1695 1908 hoc
1710 1888 1785 1916 opu-

997 1928 1079 1955 sculo
1095 1927 1280 1956 salutationis
1303 1929 1360 1955 tuae
1378 1927 1485 1962 saluto,
1502 1929 1528 1955 te
1546 1927 1672 1963 genibus
1688 1927 1785 1962 flexis,

997 1978 1024 2003 te
1043 1976 1137 2011 eapite
1159 1975 1311 2010 inclinato,
1335 1977 1361 2003 te
1388 1975 1478 2003 corde
1500 1976 1527 2002 et
1548 1983 1598 2003 ore
1618 1974 1725 2009 saluto,
1742 1983 1786 2002 sa-

996 2023 1150 2058 lutemque
1167 2023 1246 2051 dieo.
1263 2024 1328 2057 Ave,
1344 2023 1449 2057 Maria,
1471 2024 1524 2050 ete.

403 2224 539 2254 LECTIO
564 2225 682 2254 PRIMA
689 2247 696 2254 .

161 2293 238 2326 Quod
262 2293 291 2319 z'n
313 2292 485 2320 Salutatioue
508 2294 636 2328 Anqeh'ca
658 2295 778 2329 quinque
803 2295 943 2321 sententias

197 2335 371 2369 ordinantur,
392 2337 422 2362 in
444 2336 540 2370 quibus
555 2338 672 2371 quinque
696 2337 862 2365 dulcissimae
883 2338 943 2364 lau—

197 2378 243 2404 des
263 2379 294 2404 Β.
313 2378 412 2404 Marz'oe
430 2379 556 2412 Virginis
569 2380 755 2406 insinuantur.

197 2449 266 2482 Ave,
279 2449 380 2483 Maria,
395 2450 486 2483 qratia
494 2449 587 2483 plena,
604 2448 732 2475 Dominus
753 2452 847 2484 tecum,
865 2450 943 2477 bene—

163 2495 239 2522 dicta
253 2498 283 2522 tu
297 2497 328 2522 in
341 2495 513 2529 mulieribus,
531 2498 555 2522 et
566 2496 715 2522 benedictus
727 2497 833 2529 fructus
843 2499 944 2524 ventris

164 2543 215 2569 tui.
236 2542 324 2576 Audi,
347 2542 520 2570 dulcissima
540 2542 628 2577 Virgo
646 2542 745 2577 Maria,
765 2543 835 2570 audi
853 2551 943 2577 nova,

198 2616 204 2631 ¹
219 2615 306 2645 Eccli.‚
324 2622 365 2646 xv,
384 2619 406 2640 9.
422 2630 450 2633 —
464 2618 471 2631 ²
485 2617 600 2646 Hieron„
618 2617 665 2640 loo.
680 2617 733 2647 jam
750 2617 832 2641 cil..—
847 2617 857 2633 ³
871 2618 944 2646 ibid„

166 2650 241 2680 paulo
257 2654 323 2681 post.
333 2666 363 2669 —
375 2656 385 2668 ⁶·
397 2653 484 2683 Rern,
500 2653 529 2675 de
543 2654 669 2683 Assumpt.
687 2653 715 2676 B.
729 2654 804 2682 Maza,
817 2660 893 2677 serm.
909 2660 943 2683 Π,

166 2692 191 2710 n.
208 2687 230 2710 5.
244 2699 274 2704 —
288 2688 296 2701 ὃ
310 2688 425 2719 Hieron,
441 2689 484 2712 ubl
499 2696 554 2719 sup.
571 2688 697 2720 proxime.

999 2213 1071 2242 audi
1086 2213 1171 2241 mira.
1188 2212 1275 2246 Audi,
1292 2212 1363 2246 tilia,
1380 2213 1408 2239 et
1422 2211 1501 2246 vide,
1517 2213 1544 2239 et
1557 2211 1668 2240 inclina
1683 2219 1786 2239 aurem

1000 2263 1091 2289 tuam.
1116 2260 1191 2288 Audi
1211 2259 1378 2287 Gabrielem
1405 2258 1543 2286 nuntium
1568 2258 1653 2286 illum
1677 2259 1786 2294 glorio<

1000 2316 1076 2335 sum.
1094 2307 1169 2335 Audi
1188 2306 1418 2334 foecundationis
1437 2308 1493 2333 tuae
1514 2305 1639 2333 modum
1660 2306 1787 2333 miracu-

1000 2355 1108 2382 losum.
1126 2353 1237 2382 Inclina
1252 2361 1356 2381 aurem
1370 2355 1451 2381 tuam
1472 2353 1512 2380 ad
1534 2361 1711 2380 consensum
1725 2352 1787 2380 sru-

1001 2404 1147 2429 ctuosum.
1164 2400 1240 2428 Audi
1257 2402 1333 2428 certe
1349 2401 1433 2436 quod
1454 2408 1470 2428 a
1486 2401 1544 2427 Deo
1562 2402 1643 2427 Patre
1666 2399 1718 2427 tibi
1733 2407 1787 2427 an-

1001 2449 1195 2477 nuntiabitur.
1213 2449 1284 2476 Vide
1305 2448 1461 2485 quomodo
1475 2448 1563 2475 Filius
1580 2448 1629 2475 Dei
1649 2455 1685 2474 ex
1700 2449 1726 2474 te
1743 2447 1789 2474 in-

1002 2496 1182 2525 carnabitur.
1207 2496 1317 2523 Inclina
1336 2504 1439 2523 aurem
1462 2494 1580 2530 Spiritui
1605 2497 1718 2529 saneto,
1735 2494 1787 2530 qui

1002 2544 1077 2571 intra
1092 2546 1119 2571 te
1140 2543 1322 2578 operabitur.
1339 2542 1413 2576 Quia
1428 2550 1499 2577 ergo
1522 2541 1615 2569 habes
1631 2549 1718 2569 aures
1733 2549 1787 2569 au-

1003 2590 1115 2625 diendi,
1133 2590 1214 2625 audi,
1227 2592 1254 2618 et
1264 2590 1294 2617 in
1304 2589 1451 2625 principio
1465 2588 1697 2623 audiendorum,
1713 2588 1785 2617 audi
1801 2615 1804 2617 Α

1036 2687 1071 2718 (α)
1087 2686 1148 2710 Caet.
1164 2685 1223 2710 edit.
1240 2692 1300 2717 quo.
1318 2698 1348 2703 —
1366 2684 1400 2715 (b)
1417 2685 1478 2708 Item
1493 2684 1635 2715 speculum,
1651 2683 1739 2708 Marta.
