2029 3052
81 988 179 1013 Quutuor

86 1024 168 1046 genera

86 1052 166 1071 Mona-

77 1082 173 1103 chorum.

652 201 811 235 CONTRA
832 201 1067 234 MAGISTRUM
1089 201 1334 234 GUILELMUM.

189 271 313 314 petitis,
329 271 383 304 sed
408 271 541 311 oblatis,
565 270 647 303 sicut
666 271 702 302 in
718 269 858 302 secundo
883 269 966 302 libro

190 327 463 360 Retractationum
475 328 485 346 ²
496 325 581 358 dicit.
598 324 754 357 Facienda
767 325 815 356 est
824 332 905 364 ergo
916 323 966 356 vis

190 381 224 412 in
239 380 299 412 hoc
313 380 399 421 quod
413 379 489 412 dicit
504 390 511 411 :
534 379 687 418 Voluisse,
703 377 788 419 quod
803 386 870 409 non
881 385 967 408 sem-

191 443 247 476 per
260 433 457 475 praeceptum
481 434 542 473 est;
566 433 597 464 et
619 433 654 464 in
676 432 736 464 hoc
756 431 843 472 quod
863 430 939 463 dicit
956 441 964 462 ε

192 487 308 521 Servos
328 488 388 520 Dei
398 511 407 527 ,
424 487 512 529 quod
529 487 692 519 indefinite
712 486 834 518 dictum
849 487 915 525 est3
936 486 968 517 et

191 542 226 574 in
244 541 306 573 hoc
325 541 410 582 quod
430 541 505 573 dicit
524 552 531 573 :
549 541 595 574 Ne
615 540 858 582 compellamur,
882 539 968 581 quod

191 605 257 628 non
278 595 414 637 pertinet
430 596 470 628 ad
491 605 647 637 pauperes
668 595 884 634 voluntarios,
913 594 968 627 sed

191 649 299 691 potius
312 649 353 681 ad
366 649 495 682 invitos

231 703 280 736 Ad
295 703 374 736 illud
386 704 472 745 quod
487 703 639 744 objicitur
654 703 693 735 de
715 703 882 735 monachis
895 727 903 743 ‚
920 702 968 734 di-

192 758 329 790 cendum
343 758 430 799 quod
443 758 592 790 monachi
606 757 775 798 regulares
796 757 895 799 aliqui
910 758 970 789 ha-

192 812 268 843 bent
282 811 316 843 in
330 811 527 853 professione
541 813 573 843 et
586 813 662 844 voto
676 812 820 843 laborem
836 821 972 843 manua-

191 866 275 905 lem,
294 865 395 907 aliqui
411 874 489 897 vero
509 865 654 897 minime.
672 865 764 898 Ratio
778 875 856 898 vero
870 867 972 907 hujus

193 921 240 951 est
264 919 431 952 diversitas
449 920 702 961 professionum,
719 929 760 951 ex
782 922 871 960 parte
889 923 970 952 tem-

194 983 326 1015 porum,
354 982 566 1014 personarum
599 975 632 1005 et
666 973 892 1006 intentionum.
923 974 972 1005 Ex

194 1029 283 1069 parte
296 1029 490 1069 temporum,
507 1028 582 1068 quia
596 1028 681 1060 circa
695 1030 840 1069 tempora
859 1029 973 1070 primi-

194 1082 270 1114 tivae
293 1082 439 1114 Ecclesiae
462 1084 601 1124 quatuor
615 1084 706 1114 erant
723 1092 844 1123 genera
858 1093 973 1115 mona-

194 1136 348 1176 chorum,
364 1137 448 1168 sicut
469 1136 640 1177 distinguit
659 1137 771 1168 heatus
785 1137 973 1170 Benedictus

194 1190 227 1222 in
236 1190 393 1231 principio
403 1189 548 1230 Regulae,
560 1190 679 1222 scilicet
689 1190 874 1230 Coenobitae,
890 1192 975 1223 Ana-

194 1243 335 1283 choritee,
359 1244 532 1276 Sarabaitae
547 1245 606 1286 (a),
631 1246 662 1276 et
683 1244 856 1286 Gyrovagi.
873 1245 973 1278 Primi

194 1300 286 1330 erant
303 1298 390 1338 boni,
407 1298 537 1330 secundi
556 1298 686 1339 optimi,
712 1299 798 1331 tertii
813 1302 844 1331 et
869 1301 975 1340 quarti

193 1352 334 1394 pessimi.
367 1352 465 1384 Tertii
492 1353 580 1384 enim
604 1355 636 1385 et
658 1353 764 1394 quarti
789 1362 854 1385 non
878 1354 974 1386 duce-

195 1406 314 1438 bantur
324 1407 409 1447 jugo
423 1406 546 1447 aliquo,
563 1407 618 1438 sed
636 1407 813 1439 secundum
827 1408 975 1449 proprias

195 1461 465 1502 concupiscentias
487 1461 695 1493 ambulabant
711 1472 718 1493 :
737 1461 909 1502 Sarabitae,
924 1463 972 1495 in->

194 1515 358 1546 tendentes
384 1515 491 1554 carni;
523 1514 703 1555 Gyrovagi,
729 1517 807 1556 vagi
836 1517 976 1548 mutabi-

194 1569 241 1600 les
263 1571 295 1600 et
321 1569 529 1609 vagabundi,
555 1572 586 1601 et
608 1570 649 1601 ad
674 1570 783 1601 omnia
805 1571 889 1602 mala
915 1581 975 1611 pa-

194 1623 266 1654 rati.
291 1622 447 1663 Secundi,
470 1623 591 1655 scilicet
616 1624 832 1664 Anachoritae,
861 1626 975 1666 regula

195 1685 262 1708 non
277 1676 478 1717 indigebant,
493 1677 571 1718 quia
585 1680 740 1718 tanquam
753 1679 974 1719 perfectissimi

195 1730 431 1770 regulabantur
444 1740 462 1762 a
479 1731 595 1771 gratia.
612 1731 729 1763 Primis
738 1733 847 1764 debuit
859 1735 975 1773 regula

196 1785 275 1824 dari,
289 1786 325 1816 ut
335 1785 613 1825 distinguerentur
621 1795 639 1817 a
650 1785 830 1827 Gyrovagis
841 1789 872 1818 et
884 1787 975 1819 Sara-

196 1839 289 1870 baitis
302 1839 351 1879 (b);
365 1840 556 1871 conveniens
568 1840 638 1879 fuit,
655 1850 696 1872 ne
707 1842 976 1882 compellerentur

198 1893 340 1924 exterius
361 1893 466 1932 exire,
481 1894 521 1925 ad
543 1894 685 1925 laborem
707 1896 905 1935 corporalem
921 1906 975 1928 eos

197 1947 345 1987 astringi.
363 1947 452 1979 Unde
466 1948 669 1988 Augustinus
688 1949 721 1980 in
734 1949 815 1980 libro
833 1950 871 1983 cle
886 1958 975 1991 opere

197 2001 437 2042 Menaenorum,
446 2002 490 2033 ait
497 2003 508 2019 ⁵³
518 2013 524 2034 :
533 2014 547 2032 (ι
554 2002 782 2034 Callidissimus
796 2005 896 2036 hostis
908 2007 974 2036 tani

198 2057 316 2088 multos
331 2057 514 2098 hypocritas
533 2057 593 2088 sub
607 2058 721 2089 habitu
741 2059 974 2091 monachorum

197 2119 430 2152 usquequaque
451 2111 613 2151 dispersit,
639 2111 872 2144 circumeuntes
899 2123 975 2154 pro-

198 2164 340 2204 vincias,
355 2174 516 2205 nusquam
541 2165 675 2205 missos,
700 2175 860 2207 nusquam
880 2168 973 2207 fixos,

200 2227 360 2259 nusquam
381 2221 499 2250 stantes
511 2243 518 2257 ,
542 2229 704 2260 nusquam
728 2221 884 2253 sedentes.
903 2233 917 2251 >›
936 2222 976 2254 Et

199 2274 295 2313 post:
317 2284 331 2301 «
352 2272 465 2304 Nonne
489 2273 613 2305 calescit
637 2283 691 2305 cor
718 2276 861 2306 vestrum
891 2277 977 2308 intra

200 2335 278 2365 vos,
308 2328 338 2357 et
366 2326 400 2356 in
426 2316 630 2358 meditatione
662 2330 769 2359 vestra
801 2330 976 2362 exardescit

200 2380 289 2420 ignis
301 2404 309 2418 ,
333 2382 370 2411 ut
393 2380 528 2411 istorum
546 2381 629 2412 mala
651 2391 747 2422 opera
761 2383 853 2414 bonis
869 2385 976 2425 operi-

199 2435 260 2466 bus
273 2435 522 2475 persequamini,
539 2437 575 2466 ut
590 2436 634 2466 eis
649 2437 821 2476 amputetis
835 2439 976 2470 occasio—

200 2497 274 2519 nem
290 2488 435 2529 turpium
454 2489 692 2528 nundinarum,
710 2491 826 2530 quibus
841 2492 976 2523 aestima-

199 2543 243 2574 tio
259 2544 365 2575 vestra
383 2543 528 2582 laeditur,
549 2545 581 2575 et
594 2544 731 2575 infirmis
746 2545 975 2578 offendiculum

232 2644 240 2660 1
258 2644 332 2675 Aug,
351 2644 469 2673 Retract„
487 2644 531 2668 lib.
552 2645 588 2674 11,
607 2652 629 2667 c.
651 2650 750 2668 XX1.—
771 2645 780 2661 2
796 2645 842 2676 ld„
860 2645 888 2669 cle
907 2653 978 2676 repere

202 2674 324 2703 Monach.⁷
342 2683 363 2699 c.
384 2678 536 2705 xxvm‚313.
558 2689 587 2692 —
608 2675 617 2691 3
637 2675 709 2706 lbid.,
733 2684 754 2699 e.
777 2683 835 2707 mv,
852 2684 877 2701 n.
893 2680 930 2702 ῖὶῑῑ,
947 2692 977 2696 -

204 2710 212 2724 ⁴
227 2711 342 2741 Hieron„
358 2712 390 2735 acl
405 2712 505 2742 Rustic„
522 2712 596 2744 epist.
613 2717 648 2743 iv,
664 2712 713 2736 col.
730 2719 765 2735 m.
781 2714 819 2737 45.

1742 205 1800 235 407

1021 270 1176 311 ponitur?
1196 270 1389 303 Miseremini
1410 280 1491 312 ergo
1511 273 1543 304 et
1568 271 1799 312 compatimini,

1021 325 1053 356 et
1064 324 1220 357 ostendite
1234 324 1430 365 hominibus,
1445 334 1511 358 non
1524 334 1584 358 vos
1598 325 1633 356 in
1645 325 1710 357 otio
1728 325 1802 356 faci-

1021 377 1085 409 lem
1099 378 1223 410 victum
1241 388 1402 420 quaerere,
1419 379 1473 411 sed
1498 388 1554 420 per
1574 381 1748 419 angustam
1772 381 1804 410 et

1022 432 1142 463 arctam
1170 432 1257 464 viam
1280 433 1381 474 hujus
1404 433 1558 475 propositi
1582 442 1727 473 regnum
1746 433 1801 464 Dei

1023 494 1180 527 quaerere.
1206 486 1325 518 Eadem
1347 488 1439 520 vobis
1457 488 1539 519 ratio
1557 489 1627 526 est,
1647 496 1721 529 quae
1741 487 1804 519 fuit

1023 539 1175 581 Apostolo
1185 564 1195 579 ,
1211 542 1249 572 ut
1261 542 1434 582 amputetis
1453 543 1653 575 occasionem
1668 543 1733 582 his,
1747 542 1803 583 qui

1023 596 1176 636 quaerunt
1185 595 1395 636 occasionem,
1411 598 1518 638 utqui
1534 597 1664 630 illorum
1678 597 1804 638 putori-

1024 650 1086 681 bus
1099 649 1325 690 praefocantur,
1342 650 1376 682 in
1391 653 1498 683 vestro
1514 652 1600 684 bono
1618 652 1715 684 odore
1729 652 1803 683 refi-

1024 704 1160 736 ciantur.
1178 715 1192 733 υ
1212 704 1387 745 Hucusque
1398 706 1617 746 Augustinus.

1066 758 1115 790 Ex
1135 760 1224 799 parte
1250 759 1347 791 etiam
1367 768 1580 800 personarum
1600 760 1804 797 voventium,

1026 813 1103 853 quia
1125 813 1274 845 monachi
1299 815 1378 845 tunc
1404 813 1557 854 temporis
1582 822 1641 854 pro
1662 813 1807 845 maxima

1026 869 1116 907 parte
1130 870 1221 899 erant
1234 868 1308 899 laici
1323 870 1354 899 et
1368 867 1494 909 plebeii,
1510 869 1541 899 et
1555 867 1628 899 ideo
1646 869 1805 908 compete-

1027 921 1081 952 bat
1102 921 1147 952 eis
1167 922 1250 953 circa
1264 924 1415 953 consueta
1429 931 1526 962 opera
1540 922 1699 962 occupari.
1717 921 1807 953 Unde

1027 975 1240 1015 Augustinus,
1252 976 1287 1007 in
1298 976 1379 1007 libro
1389 976 1427 1008 de
1442 984 1532 1017 opere
1541 976 1768 1009 Monackorum
1777 976 1787 993 ³
1797 986 1809 1007 .-

1033 1030 1112 1061 «Illi
1132 1030 1187 1071 qui
1204 1033 1320 1071 praeter
1345 1031 1438 1062 istam
1461 1031 1643 1062 societatem
1664 1033 1809 1062 sanctam

1029 1084 1130 1116 vitam
1144 1085 1253 1116 labore
1268 1085 1410 1125 corporis
1423 1085 1658 1125 transigebant,
1675 1094 1718 1116 ex
1732 1094 1811 1126 quo-

1030 1149 1104 1172 rum
1119 1149 1257 1171 numero
1272 1139 1383 1180 plures
1397 1139 1437 1171 ad
1452 1139 1647 1171 monasteria
1661 1139 1808 1178 veniunt,

1030 1194 1057 1225 si
1082 1194 1197 1225 nolunt
1218 1194 1363 1234 operari,
1387 1203 1453 1225 non
1477 1194 1684 1225 manducent.
1701 1193 1812 1234 Neque

1030 1248 1117 1279 enim
1139 1247 1173 1278 in
1198 1248 1372 1279 christiana
1392 1247 1506 1279 militia
1529 1248 1569 1279 ad
1589 1249 1810 1288 paupertatem

1030 1302 1144 1334 divites
1159 1301 1384 1341 humiliantur,
1400 1303 1436 1333 ut
1455 1310 1612 1342 pauperes
1634 1302 1675 1332 ad
1698 1311 1810 1342 super-

1030 1356 1117 1388 biam
1142 1355 1356 1394 extollantur3
1375 1355 1530 1396 nulloque
1549 1356 1645 1386 modo
1659 1355 1758 1395 decet,
1775 1358 1813 1387 ut

1030 1411 1064 1441 in
1081 1419 1118 1441 ea
1132 1410 1201 1442 vita
1215 1409 1272 1441 ubi
1288 1410 1448 1441 senatores
1469 1409 1554 1440 fiunt
1573 1409 1739 1448 laboriosi,
1767 1409 1812 1440 ibi

1031 1464 1110 1495 fiant
1134 1463 1266 1504 opifices
1287 1463 1390 1502 otiosi,
1411 1465 1442 1494 et
1458 1472 1521 1503 quo
1545 1463 1682 1495 veniunt
1695 1463 1813 1495 relictis

1031 1518 1161 1557 deliciis,
1178 1517 1234 1558 qui
1257 1518 1389 1548 fuerunt
1404 1517 1600 1557 praediorum
1615 1517 1749 1555 domini,
1768 1517 1812 1549 ibi

1030 1573 1109 1604 fiant
1123 1572 1233 1603 rustici
1245 1571 1380 1602 delicati.
1397 1582 1411 1600 »

1072 1627 1120 1658 Ex
1146 1628 1235 1667 parte
1258 1626 1491 1664 intentionum,
1519 1626 1596 1666 quia
1619 1626 1814 1658 monasteria

1032 1681 1196 1722 primitiva
1207 1681 1354 1712 instituta
1365 1681 1455 1711 erant
1469 1679 1509 1711 ad
1522 1680 1622 1711 vitam
1636 1679 1811 1711 solitariam

1032 1736 1210 1777 agendam,
1234 1738 1270 1766 ut
1292 1733 1515 1775 unusquisque
1540 1734 1673 1765 haberet
1700 1743 1813 1766 curam

1033 1791 1095 1827 sui,
1111 1791 1143 1821 et
1157 1789 1243 1830 apud
1258 1799 1291 1820 se
1305 1789 1483 1826 habitaret3
1502 1790 1533 1819 et
1548 1788 1619 1819 ideo
1635 1789 1814 1820 monachus

1032 1845 1134 1876 dictus
1149 1846 1196 1874 est
1212 1854 1218 1874 :
1237 1845 1268 1874 et
1289 1842 1365 1883 quia
1380 1842 1646 1882 paucissimorum
1670 1845 1717 1873 est
1732 1851 1814 1874 sem-

1033 1906 1090 1937 per
1106 1896 1223 1927 divinis
1240 1895 1415 1933 intendere,
1429 1895 1511 1934 ideo,
1530 1904 1570 1926 ne
1587 1895 1679 1926 otiosi
1695 1898 1813 1933 essent,

1033 1949 1235 1989 congruebat
1250 1958 1362 1980 eorum
1374 1948 1561 1988 professioni
1577 1948 1718 1979 exerceri
1732 1949 1815 1980 circa

1032 2013 1113 2045 opus
1147 2002 1307 2035 manuale.
1343 2002 1431 2033 Unde
1466 2001 1682 2042 Hieronymus
1717 2003 1761 2033 ait
1775 2003 1785 2019 ”
1804 2013 1812 2034 :

1038 2070 1052 2088 c<
1063 2057 1290 2098 AEgyptiorum
1306 2056 1499 2087 monasteria
1513 2056 1600 2087 hunc
1615 2065 1738 2087 morem
1765 2058 1814 2087 te-

1035 2115 1131 2151 nent,
1156 2114 1191 2143 ut
1212 2111 1340 2142 nullum
1363 2111 1483 2151 absque
1499 2111 1607 2141 labore
1627 2110 1813 2151 suscipiant,

1034 2177 1100 2198 non
1127 2168 1193 2197 tam
1214 2167 1344 2205 propter
1369 2165 1474 2196 victus
1499 2164 1694 2203 necessaria,
1716 2174 1814 2205 quam

1034 2222 1165 2261 propter
1188 2219 1306 2250 animae
1327 2227 1394 2249 suae
1414 2218 1568 2257 salutem,
1594 2227 1635 2249 ne
1653 2221 1815 2258 vagentur

1035 2273 1220 2316 perniciosis
1236 2272 1494 2312 cogitationibus,
1511 2275 1543 2303 et
1564 2272 1603 2303 ad
1628 2273 1729 2303 instar
1750 2272 1814 2303 sor-

1034 2328 1170 2359 nicantis
1193 2326 1368 2358 Jerusalem
1394 2326 1483 2357 omni
1502 2326 1679 2357 transeunti
1700 2325 1815 2356 divari-

1034 2384 1108 2413 cent
1130 2381 1225 2421 pedes
1249 2389 1335 2411 suos.
1351 2391 1365 2409 n
1385 2379 1588 2420 Competebat
1603 2389 1682 2419 ergo
1701 2388 1813 2410 mona-

1036 2436 1139 2467 steriis
1151 2434 1247 2475 primi
1257 2434 1409 2474 temporis
1420 2434 1554 2473 astringi
1566 2443 1607 2464 ex
1620 2433 1815 2473 professione

1034 2490 1073 2520 ad
1094 2498 1175 2529 opus
1197 2488 1364 2526 manuale,
1382 2488 1505 2519 ratione
1525 2487 1676 2527 temporis
1683 2510 1692 2525 ‚
1710 2495 1816 2526 perso-

1036 2552 1152 2574 narum
1174 2544 1204 2573 et
1225 2542 1441 2583 professionis.
1460 2541 1521 2572 Sed
1538 2543 1607 2581 post
1621 2541 1820 2577 instantibus,

1035 2597 1234 2637 temporibus
1265 2596 1396 2627 modicis
1422 2595 1549 2635 quando
1577 2594 1621 2624 illi
1653 2594 1815 2634 Gyrovagi

1037 2653 1127 2682 erant
1151 2650 1347 2689 consumpti,
1367 2651 1397 2679 et
1417 2648 1555 2679 Ecclesia
1578 2648 1729 2687 opulenta
1743 2647 1812 2685 fuit,

1069 2714 1102 2744 (a)
1115 2717 1123 2738 t
1135 2715 1176 2738 cel.
1193 2714 1252 2738 edil.
1267 2713 1390 2738 §ai-abita.
1403 2725 1433 2729 —
1448 2712 1479 2742 (b)
1497 2712 1559 2736 [tem
1574 2711 1704 2736 sarahitis.
