2029 3052
234 227 293 257 308

231 292 395 324 sensuales
413 293 570 334 appetitus
591 293 730 331 arcebat,
745 294 782 324 ut
795 292 853 324 vix
867 300 1012 324 necessa-

230 345 280 377 ria
302 348 444 378 sumeret
465 345 687 378 sustentationi
712 347 849 378 naturae.
881 345 1011 377 Difficile

229 408 371 440 namque
390 400 457 431 fore
471 399 595 431 dicebat
607 399 787 431 necessitati
801 398 944 440 corporis
957 407 1009 430 sa-

229 453 385 493 tisfacere,
402 455 433 485 et
447 453 600 494 pronitati
622 462 776 484 sensuum
796 462 861 485 non
883 461 1007 494 parere.

230 506 365 548 Propter
389 507 477 548 quod
503 507 592 538 cocta
615 506 736 538 cibaria
756 507 900 538 sanitatis
923 508 1009 538 tem-

229 570 306 601 pore
328 561 385 592 vix
405 561 592 592 admittebat
613 562 645 592 et
668 569 758 600 raro,
774 561 912 593 admissa
933 570 1010 593 vero

229 616 286 646 aut
315 614 504 646 conficiebat
526 614 643 653 cinere,
668 616 724 646 aut
745 615 941 646 condimenti
957 624 1008 646 sa-

229 677 341 708 porem
363 668 559 700 admixtione
576 677 670 710 aquae
692 670 729 700 ut
742 668 919 709 plurimum
940 668 1011 700 red-

229 721 323 753 debat
341 722 528 763 insipidum.
551 722 594 754 De
612 724 690 763 potu
705 722 782 763 quid
797 722 917 760 dicam,
934 731 1009 754 cum

228 777 260 806 et
273 775 312 807 de
325 785 410 817 aqua
423 776 554 816 frigida,
570 776 648 808 dum
665 776 733 807 sitis
746 778 898 807 aestuaret
913 776 1010 808 ardo-

228 838 275 869 re,
287 830 342 862 vix
351 830 390 862 ad
401 830 625 863 sufficientiam
642 830 790 861 biberet?
805 829 913 861 Modos
923 829 1010 861 adin-

228 883 377 915 veniebat
400 884 598 915 abstinentiae
627 883 782 924 potioris,
808 885 839 914 et
866 883 1010 924 quotidie

228 938 454 970 exercitatione
468 938 646 976 arescebam
661 937 798 978 licetque
811 938 879 977 jam
895 938 1010 978 perfec-

228 993 325 1024 tionis
335 994 463 1025 culmen
477 994 664 1034 attingeret,
673 995 828 1034 tanquam
839 993 1008 1033 incipiens,

228 1055 354 1087 semper
389 1047 509 1088 aliquid
552 1047 729 1078 innovabat
746 1071 754 1086 ,
785 1045 1010 1078 afflictionibus

228 1101 334 1131 carnis
361 1101 523 1141 puniendo
554 1101 734 1132 libidinem.
759 1100 937 1140 Egrediens
961 1103 1010 1132 ta-

228 1163 303 1185 men
323 1155 485 1195 exterius,
502 1157 632 1196 propter
650 1155 786 1186 verbum
802 1153 972 1193 Evangelii
987 1155 1007 1192 ¹,

227 1207 447 1239 conformabat
461 1217 494 1239 se
507 1207 753 1248 suscipientibus
767 1207 873 1248 ipsum
886 1206 918 1237 in
928 1216 1009 1247 qua-

227 1260 315 1292 litate
331 1261 490 1300 eiborum,
517 1270 590 1293 cum
612 1264 718 1292 tamen
735 1261 773 1292 ad
790 1260 943 1291 interiora
959 1270 1010 1291 re-

229 1324 362 1355 gressus
376 1315 515 1347 districte
533 1317 674 1347 servaret
687 1315 828 1355 rigidam
845 1314 1009 1345 abstinen-

228 1368 282 1400 tiae
305 1369 502 1409 parcitatem.
530 1368 645 1409 Sicque
673 1368 814 1408 seipsum
843 1370 1009 1399 austerum

228 1422 299 1460 sibi,
323 1423 505 1453 humanum
522 1422 684 1463 proximo,
706 1421 885 1461 subjectum
902 1421 1007 1453 Evan-

230 1476 316 1516 gelio
331 1476 446 1508 Christi
462 1485 518 1516 per
532 1476 641 1507 omnia
656 1475 803 1513 reddens,
820 1484 885 1506 nou
901 1475 1005 1506 solum

229 1530 436 1569 abstinendo,
453 1530 664 1561 verumetiam
682 1529 904 1560 manducando
924 1538 1006 1570 prae-

229 1584 323 1616 bebat
334 1585 553 1616 aedificationis
568 1584 764 1625 exemplum.
782 1583 873 1615 Nuda
888 1584 1009 1614 humus

228 1640 265 1669 ut
279 1639 476 1679 frequentius
487 1638 587 1669 lectus
597 1641 666 1669 erat
678 1639 792 1669 lassato
805 1637 1007 1677 corpusculo,

228 1694 259 1724 et
281 1692 398 1732 saepius
419 1692 548 1731 sedens,
567 1692 658 1731 ligno
674 1692 723 1722 vel
742 1691 844 1731 lapide
859 1691 896 1721 ad
913 1694 1009 1732 caput

228 1746 330 1787 posito
341 1771 349 1785 ,
372 1746 560 1785 dormiebat,
577 1746 671 1777 unica
687 1754 826 1786 paupere
847 1747 1010 1775 contectus

228 1800 370 1831 tunicula
383 1825 390 1839 ,
414 1801 447 1832 in
464 1801 607 1832 nuditate
631 1800 766 1831 Domino
790 1799 958 1837 serviebat,
978 1802 1008 1830 et

228 1854 362 1893 frigore.
399 1854 617 1894 Interrogatus
645 1853 816 1894 aliquando
848 1853 1009 1893 quomodo

228 1911 346 1941 vestitu
363 1913 428 1941 tam
445 1910 530 1941 tenui
544 1919 576 1940 se
591 1912 695 1950 posset
711 1910 750 1940 ah
767 1908 913 1939 hiemalis
924 1908 1009 1948 algo-

228 1963 272 1994 ris
294 1964 464 2004 aspcritate
486 1964 586 2000 tueri,
603 1964 635 1994 in
659 1963 787 2003 spiritus
803 1964 927 1994 fervore
943 1972 1008 1993 rcs-

229 2017 340 2057 pondit
357 2028 363 2047 :
383 2017 413 2047 Si
431 2026 579 2057 superna}
595 2017 707 2057 patria·
726 2018 855 2047 flamma
877 2025 933 2056 per
954 2016 1010 2047 de-

229 2070 382 2101 siderium
394 2073 641 2110 coutegeremur
653 2070 796 2109 interius,
809 2070 911 2110 frigus
923 2070 1008 2101 istud

229 2125 370 2156 exterius
395 2125 483 2156 facile
506 2127 716 2165 portaremus.
734 2123 835 2155 Vestis
859 2124 1009 2155 horrebat

230 2178 408 2217 mollitiem,
422 2179 624 2219 asperitatem
640 2178 923 2215 amahat,ail'erens
937 2187 1011 2218 pro-

229 2234 298 2272 pter
333 2233 393 2263 hoe
425 2232 580 2263 (loannem
609 2232 781 2272 Baptistam
815 2241 869 2262 ore
898 2231 1008 2263 divino

229 2285 326 2316 fuisse
340 2285 518 2316 laudatum.
536 2286 567 2316 Si
582 2285 710 2326 quando
726 2294 802 2316 vero
816 2285 847 2315 in
862 2285 934 2315 data
947 2285 1007 2315 sihi

229 2339 339 2370 tunica
366 2339 529 2370 lenitatem
564 2340 710 2377 sentiret,
743 2338 904 2370 chordulis
937 2348 1007 2370 eam

229 2394 418 2425 contexebat
433 2393 569 2423 interius
581 2404 586 2423 ε
598 2394 672 2433 quia
688 2403 751 2424 non
764 2393 794 2423 in
807 2392 921 2423 casulis
933 2402 1009 2432 pau-

229 2457 354 2488 perum,
371 2448 425 2479 sed
441 2447 474 2478 in
489 2447 612 2488 palatiis
632 2449 825 2488 principum,
840 2449 935 2487 juxta
952 2458 1007 2479 ve-

228 2501 329 2532 ritatis
345 2502 480 2533 verbum
496 2502 518 2540 ²,
534 2502 800 2532 vestimentorum
821 2502 944 2532 dicebat
959 2511 1008 2533 re-

228 2554 419 2594 quirendam
431 2564 498 2586 esse
514 2555 690 2585 mollitiem.
709 2555 910 2594 l⁴prericiitia
922 2556 1008 2586 enim

227 2610 312 2638 certa
336 2608 497 2647 didicerat,
517 2608 679 2639 daeiiiones
700 2608 866 2647 asperitate
882 2610 1006 2648 terreri,

227 2661 383 2693 deliciosis
407 2665 513 2693 autem
536 2665 566 2693 et
587 2661 739 2693 mollibus
758 2662 795 2692 ad
819 2663 1007 2694 tentandum

258 2726 349 2755 ¹L1oe.,
365 2732 389 2755 x,
407 2728 428 2750 κ.
445 2740 474 2744 -
490 2728 498 2742 ³
516 2726 612 2752 ¹walth..
630 2732 665 2755 51,
685 2727 706 2749 S.
724 2739 753 2742 —
768 2726 778 2740 Ἄ
791 2726 850 2755 Job,
867 2732 918 2755 xri,
937 2728 973 2750 ¹2.

797 223 986 257 LEGENDA
1005 223 1040 256 S.
1061 224 1279 259 FRANCISCI.

1066 293 1182 325 fortius
1201 294 1350 326 animari.
1367 294 1458 327 Unde
1481 304 1557 327 cum
1578 297 1670 328 nocte
1690 296 1843 338 quadam,

1065 349 1195 388 propter
1220 348 1442 380 infirmitatem
1465 348 1577 390 capitis
1604 351 1637 381 et
1663 348 1843 389 oculorum,

1065 402 1182 441 praeter
1204 401 1335 433 solitum
1364 411 1488 434 morem
1514 401 1651 434 cervical
1673 403 1712 434 de
1734 401 1846 443 pluma

1065 455 1205 496 positum
1224 455 1356 487 haberet
1376 455 1417 488 ad
1439 458 1554 497 caput,
1576 456 1705 488 daemon
1719 456 1754 488 in
1767 455 1846 488 illud

1065 508 1231 548 ingressus
1250 509 1358 550 ipsum
1374 519 1477 551 usque
1490 510 1530 542 ad
1542 510 1657 542 horam
1671 510 1846 542 matutina-

1065 561 1128 593 lem
1151 562 1365 603 inquietatum
1389 564 1579 596 multImode
1599 573 1619 596 a
1639 566 1757 596 sanctae
1771 573 1844 596 ora-

1065 615 1160 647 tionis
1169 616 1274 648 studio
1281 617 1494 658 perturbavit,
1502 618 1614 658 donec,
1625 620 1738 650 vocato
1747 618 1844 657 socio,

1066 666 1225 707 pulvinari
1241 677 1315 700 cum
1328 669 1490 701 daemonio
1504 669 1578 701 fecit
1591 671 1682 701 extra
1697 669 1846 702 cellulam

1065 719 1196 761 longius
1229 723 1402 763 exportari.
1436 722 1596 763 Egressus
1628 725 1737 755 autem
1771 732 1845 754 cum

1065 774 1226 815 pulvinari
1241 777 1337 808 frater
1361 777 1401 809 de
1423 777 1520 816 cella,
1537 777 1760 810 membrorum
1774 786 1844 809 om-

1064 828 1155 860 nium
1181 830 1264 861 vires
1287 831 1393 862 amisit
1415 834 1446 863 et
1466 841 1581 871 usum,
1602 841 1789 873 quousque,
1805 831 1847 863 ad

1065 891 1176 914 vocem
1192 884 1290 916 sancti
1307 885 1405 926 patris
1422 885 1484 917 hoc
1499 885 1721 926 cognoscentis
1737 885 1771 916 in
1785 884 1847 926 spi-

1065 936 1130 968 ritu
1143 961 1152 975 ,
1169 937 1266 977 vigor
1285 939 1439 979 pristinus
1460 939 1564 971 cordis
1578 941 1609 971 et
1623 938 1766 980 corporis
1785 938 1846 970 sibi

1065 989 1123 1021 fuit
1149 990 1291 1031 plenarie
1323 992 1502 1024 restitutus.
1528 992 1668 1032 Rigidus
1694 992 1728 1024 in
1751 991 1844 1024 disci-

1065 1043 1152 1084 plina
1172 1054 1269 1085 super
1291 1045 1469 1077 custodiam
1489 1055 1583 1077 suam
1598 1046 1718 1084 stabat,
1735 1054 1846 1077 curam

1065 1098 1300 1137 permaximam
1318 1107 1436 1138 gerens
1455 1099 1494 1131 de
1511 1099 1680 1140 utriusque
1703 1098 1846 1131 hominis

1065 1151 1204 1191 puritate
1214 1153 1369 1184 servanda
1383 1163 1389 1184 :
1403 1155 1608 1194 quapropter,
1622 1153 1706 1184 circa
1715 1161 1846 1184 conver-

1065 1204 1163 1235 sionis
1184 1214 1251 1236 suae
1275 1206 1468 1246 primordia,
1487 1208 1629 1246 tempore
1646 1205 1795 1244 hiemali,
1813 1205 1846 1236 in

1064 1258 1189 1290 foveam
1212 1259 1339 1299 plenam
1365 1259 1467 1300 glacie
1491 1260 1632 1300 seipsum
1656 1259 1846 1300 plerumque

1065 1312 1252 1352 mergebat,
1284 1315 1319 1343 ut
1343 1315 1374 1344 ct
1406 1313 1616 1345 domesticum
1641 1313 1700 1344 sibi
1720 1312 1845 1344 hostem

1064 1366 1200 1406 perfecte
1222 1367 1403 1407 subjiceret,
1431 1369 1462 1398 et
1485 1367 1658 1398 candidum
1672 1367 1845 1398 vestimen-

1065 1422 1134 1450 tum
1159 1420 1290 1460 pudoris
1314 1431 1332 1452 a
1354 1421 1527 1462 voluptatis
1549 1421 1696 1452 incendio
1711 1429 1845 1461 praeser-

1065 1477 1164 1506 varet.
1191 1474 1399 1506 Tolerabilius
1426 1476 1497 1507 viro
1523 1474 1680 1516 spirituali
1708 1475 1774 1506 sore
1796 1474 1847 1506 in-

1064 1528 1321 1568 comparabiliter
1336 1529 1496 1560 asserebat
1511 1538 1670 1569 magnum
1686 1528 1846 1560 sustinere

1065 1581 1168 1621 frigus
1185 1582 1218 1613 in
1234 1592 1340 1621 carne,
1355 1592 1452 1623 quam
1464 1583 1611 1614 ardorem
1627 1582 1763 1614 carnalis
1778 1581 1847 1613 libi—

1064 1635 1146 1665 dinis
1172 1635 1221 1666 vel
1249 1636 1408 1667 modicum
1434 1637 1552 1668 sentire
1573 1636 1606 1667 in
1630 1638 1748 1667 mente.
1766 1635 1846 1666 Cum

1064 1690 1171 1719 autem
1181 1689 1265 1729 apud
1275 1699 1420 1721 eremum
1432 1690 1470 1721 de
1482 1689 1653 1721 Sarthiano
1666 1691 1756 1720 nocte
1770 1697 1847 1729 qua-

1064 1741 1137 1772 dam
1152 1743 1287 1773 orationi
1305 1745 1431 1774 vacaret
1446 1743 1479 1774 in
1494 1743 1618 1782 cellula,
1629 1742 1757 1774 vocavit
1770 1751 1846 1773 eum

1064 1796 1165 1827 hostis
1189 1797 1358 1837 antiquus,
1385 1797 1478 1828 tertio
1502 1797 1610 1828 dicens
1634 1795 1843 1834 :Francisce‚

1066 1849 1241 1889 Francisce,
1261 1850 1283 1881 F
1286 1850 1439 1881 rancisee.
1461 1850 1517 1882 Cui
1544 1858 1630 1887 cum,
1651 1849 1728 1890 quid
1751 1858 1843 1889 quae-

1064 1906 1159 1941 reret,
1175 1904 1397 1944 respondisset,
1416 1903 1566 1934 fallaciter
1582 1902 1634 1934 ille
1651 1902 1821 1943 subjunxit
1835 1913 1842 1933 :

1065 1957 1176 1989 Nullus
1195 1960 1241 1989 est
1259 1958 1292 1988 in
1311 1958 1432 1989 mundo
1453 1959 1608 1998 peccator,
1626 1957 1677 1988 cui
1689 1980 1698 1994 ‚
1724 1956 1749 1987 si
1770 1965 1846 1988 con-

1064 2022 1178 2043 versus
1194 2012 1300 2051 fuerit,
1318 2021 1383 2043 non
1401 2011 1568 2051 indulgeat
1585 2010 1666 2042 Deus
1676 2022 1683 2049 ;
1701 2010 1754 2041 sed
1770 2010 1842 2050 qui-

1064 2076 1204 2107 cumque
1213 2067 1420 2107 semetipsum
1431 2066 1616 2107 poenitentia
1624 2065 1704 2096 dura
1714 2073 1845 2095 necave-

1064 2120 1116 2159 rit,
1128 2120 1376 2151 misericordiam
1387 2129 1450 2151 non
1466 2119 1607 2150 inveniet
1623 2119 1655 2149 in
1670 2120 1840 2150 aeternum.

1064 2174 1176 2205 Statim
1204 2174 1254 2204 vir
1279 2174 1332 2204 Dei
1358 2182 1415 2214 per
1441 2173 1668 2204 revelationem
1692 2171 1846 2212 cognovit

1065 2228 1334 2266 hostissallaeiam,
1343 2227 1505 2268 quomodo
1515 2227 1612 2258 nixus
1620 2226 1715 2257 fuerit
1725 2225 1846 2257 eumad

1064 2282 1167 2323 tepida
1183 2291 1333 2313 revocare
1349 2292 1356 2313 :
1375 2291 1450 2313 uam
1462 2282 1523 2313 hoe
1533 2290 1671 2322 sequens
1691 2280 1844 2312 indicavit

1064 2339 1204 2368 eventus.
1225 2336 1380 2368 Continuo
1399 2337 1486 2368 euim
1509 2339 1578 2377 post
1596 2337 1666 2375 hoc,
1688 2336 1728 2367 ad
1743 2334 1843 2366 insuf-

1065 2392 1226 2422 flationem
1253 2391 1356 2430 illius,
1382 2392 1475 2431 quus
1500 2390 1622 2423 halitus
1645 2397 1770 2430 prunas
1785 2396 1842 2420 ar-

1065 2445 1137 2477 dere
1165 2446 1245 2484 facit
1261 2448 1283 2483 ³,
1306 2445 1417 2485 gravis
1448 2438 1552 2485 ipsum
1585 2443 1689 2475 carnis
1713 2442 1844 2473 tentatio

1064 2500 1284 2540 apprehendit.
1310 2500 1414 2538 Quam
1441 2501 1476 2530 ut
1502 2497 1667 2540 praesensit
1692 2495 1844 2527 castitatis

1065 2556 1198 2593 amator,
1214 2554 1356 2594 deposita
1371 2556 1468 2592 veste,
1488 2552 1606 2584 chorda
1617 2550 1711 2591 eoepit
1725 2559 1758 2580 se
1775 2558 1845 2580 ver-

1065 2609 1175 2639 berare
1187 2608 1358 2639 fortissime
1371 2618 1376 2638 :
1391 2607 1457 2645 Eia,
1468 2605 1626 2646 inquiens,
1640 2605 1735 2634 frater
1743 2603 1842 2642 asine,

1065 2663 1108 2693 sie
1128 2665 1157 2693 te
1182 2662 1270 2692 decet
1294 2670 1442 2698 manere,
1468 2659 1511 2690 sic
1536 2658 1642 2689 subire
1666 2657 1842 2697 flagellum.

1064 2716 1184 2747 'l'unica
1195 2714 1347 2755 religioni
1358 2713 1506 2751 deservit,
1517 2712 1689 2744 sanctitatis
1697 2711 1843 2751 signacu—
