2029 3052
29 1852 61 1873 Ad
74 1854 111 1874 lx.

601 265 756 299 CONTRA
777 265 1013 298 MAGISTRUM
1037 266 1283 299 GUILELMUM.

137 334 223 376 quod
246 334 327 366 sicut
350 334 471 368 divitiae
495 343 559 366 non
583 335 659 366 sunt
681 334 714 365 in
735 333 840 375 culpa,
857 333 912 365 sed

137 389 292 430 cupiditas
315 389 516 429 divitiarum,
543 389 587 420 sic
611 390 735 429 egestas
761 389 794 420 in
818 388 912 429 culpa

138 452 202 475 non
216 445 274 482 est,
288 443 341 476 sed
356 442 553 484 impatientia
567 443 728 483 egestatis,
745 451 842 483 quarn
855 443 911 483 qui

137 496 244 536 habet,
255 497 399 537 ajustitia
407 497 551 537 declinat,
561 496 650 536 dum,
663 496 816 537 fugiendo
824 505 913 537 eges-

137 551 247 589 tatem,
256 550 345 582 vadit
357 552 427 591 post
439 551 619 591 pecuniam,
634 559 730 591 quam
740 551 795 591 qui
809 551 913 592 sequi-

138 605 190 636 tur
211 595 249 636 de
264 605 358 644 facili,
383 604 519 636 declinat
533 614 552 636 a
562 605 697 645 justitia.
723 604 784 640 Qut
798 604 884 635 enim
903 608 911 625 ¹

138 658 248 691 volunt
262 658 382 692 divites
396 658 480 698 fieri,
497 658 648 691 incidunt
659 659 912 697 intentationes,

137 715 165 746 et
179 715 216 746 in
231 713 377 754 laqueum
392 713 526 752 diaboli,
542 717 570 745 et
590 713 754 746 desideria
770 713 871 746 multa
886 716 916 746 et

137 768 263 800 nociva.
278 767 317 799 Et
331 767 412 799 sicut
426 767 496 799 talis
510 768 635 807 egestas
649 768 696 798 est
712 767 807 806 mala,
826 767 871 798 sic
884 769 916 798 et

136 820 326 852 mendicatio
348 830 389 853 ex
409 821 464 852 tali
480 822 621 861 egestate
637 821 829 861 proveniens
844 821 912 852 cul-

136 874 251 915 panda.
281 874 358 906 Cum
385 877 495 907 autem
524 875 597 916 plus
626 875 728 916 placet
758 875 912 916 penuria,

136 938 234 969 quam
248 929 452 969 abundantia,
470 931 501 961 et
514 930 612 961 homo
626 931 756 970 propter
770 939 912 961 amorem

136 984 330 1024 paupertatis
345 984 520 1016 contemnit
534 984 762 1015 abundantiam
778 984 912 1014 terreni-

136 1037 218 1076 tatis,
239 1037 308 1068 talis
324 1047 388 1069 non
414 1038 509 1069 habet
531 1038 728 1069 occasionem
751 1037 912 1069 declinan-

136 1090 168 1121 di
188 1100 246 1131 pro
278 1091 332 1122 tali
353 1093 492 1132 egestate
507 1101 526 1123 a
550 1091 688 1132 justitia;
720 1093 751 1122 et
773 1091 844 1122 talis
868 1093 915 1122 est

136 1147 308 1186 paupertas
321 1148 352 1177 et
364 1146 565 1185 mendicatio,
580 1155 653 1186 quae
663 1147 782 1186 spectat
794 1145 833 1176 ad
846 1154 915 1185 per-

136 1198 304 1231 fectionem
317 1200 549 1239 evangelicam.
564 1199 603 1231 Et
613 1200 699 1241 quod
712 1199 772 1230 ista
784 1208 915 1240 respon-

137 1253 184 1284 sio
204 1253 246 1284 sit
270 1257 365 1292 recta,
390 1256 477 1294 patet
498 1263 555 1294 per
577 1254 680 1294 ipsam
702 1253 857 1292 Glossam,
882 1254 916 1284 in

137 1317 202 1349 qna
219 1308 344 1348 dicitur,
368 1309 454 1350 quod
482 1310 649 1349 «egestas,
672 1309 751 1340 dum
778 1308 916 1339 saturari

137 1363 235 1403 cupit,
251 1363 387 1395 declinat
401 1374 420 1395 a
437 1364 572 1404 justitia.
590 1374 604 1392 n
623 1363 754 1403 Egenus
776 1365 833 1401 est,
860 1363 915 1403 qui

137 1416 224 1456 cupit
247 1417 394 1448 saturari.
420 1417 474 1448 Est
494 1426 639 1457 egenUS,
663 1417 720 1457 qni
737 1426 802 1448 non
830 1419 917 1447 amat

138 1472 371 1510 paupertatem,
397 1471 451 1502 sed
476 1471 690 1509 saturitatem;
723 1480 788 1502 non
812 1480 914 1511 penu-

138 1523 230 1563 riam,
244 1524 296 1555 sed
311 1525 550 1557 abundantiam.
567 1525 606 1556 Et
620 1525 690 1555 talis
706 1534 770 1556 non
785 1526 832 1556 est
842 1535 918 1565 pau·

138 1584 195 1615 per
210 1576 428 1616 evangelicus,
443 1579 499 1608 aut
518 1577 665 1614 coelestis,
684 1577 739 1616 qui
760 1577 918 1608 mendicat

138 1636 179 1658 ex
193 1629 478 1668 supererogatione
495 1628 628 1668 Justitiae
639 1640 646 1667 3
665 1628 719 1659 sed
740 1629 846 1668 potins
860 1638 915 1660 cu-

138 1683 231 1723 pidus
245 1685 276 1714 et
290 1684 459 1723 terrestris,
483 1684 539 1724 qui
560 1684 719 1715 mendicat
733 1693 773 1715 ex
795 1684 918 1716 vitiosi-

140 1738 201 1768 tate
213 1737 328 1778 culpae,
340 1737 518 1769 secundum
531 1737 619 1778 prius
632 1737 775 1769 habitam
791 1746 919 1778 respon-

139 1791 274 1824 sionem.

180 1846 229 1877 Ad
235 1845 314 1877 illud
323 1846 408 1886 quod
418 1846 468 1886 obj
475 1845 569 1877 icitur
579 1846 618 1877 de
624 1845 742 1886 Glossa,
756 1847 841 1886 quod
849 1847 919 1878 vult

140 1899 310 1940 Apostolus
324 1901 335 1916 ²
351 1909 460 1932 servos
480 1900 534 1931 Dei
558 1901 762 1940 corporaliter
779 1901 917 1941 operari,

140 1955 218 1992 etc.;
235 1953 404 1985 dicendum
415 1977 424 1992 ,
442 1954 529 1994 quod
544 1954 621 1985 illud
635 1954 717 1985 velle
736 1954 776 1994 (α)
793 1964 858 1986 non
874 1957 920 1986 est

139 2008 221 2041 velle
249 2008 418 2049 praecepti,
446 2008 501 2039 sed
532 2007 772 2046 admonitionis;
801 2011 857 2039 aut
893 2009 919 2039 si

141 2064 187 2093 est
201 2062 282 2094 velle
304 2062 465 2103 praecepti,
489 2070 554 2092 non
577 2070 610 2092 se
631 2061 772 2092 extendit
787 2062 826 2093 ad
848 2071 918 2093 om-

141 2125 209 2154 005,
225 2118 279 2147 ant
292 2116 331 2157 (b)
347 2116 387 2148 ad
401 2125 454 2147 eos
478 2115 532 2156 qui
548 2115 661 2147 volunt
677 2124 791 2155 egere3
810 2116 863 2147 sed
880 2116 916 2156 (c)

142 2169 179 2200 ad
198 2169 269 2200 illos
284 2172 410 2202 tantum
424 2179 458 2200 se
471 2168 623 2207 extendit,
639 2169 693 2209 qui
708 2178 773 2200 non
787 2171 920 2209 possunt

143 2224 266 2263 maiora
292 2232 400 2263 agere.
431 2223 469 2254 Et
492 2232 533 2254 ex
555 2222 616 2253 hoc
641 2232 704 2253 1100
736 2223 918 2262 colligitur,

143 2277 228 2317 quod
250 2286 427 2317 pauperum
449 2279 516 2310 vita
534 2279 574 2310 sit
594 2279 689 2318 mala,
710 2278 766 2319 qui
783 2278 918 2308 mandu-

145 2332 261 2361 cantet
275 2330 424 2362 manibus
434 2332 500 2362 suis
510 2341 573 2363 non
586 2334 770 2373 operantur,
787 2332 841 2363 sed
858 2341 922 2363 me-

145 2384 277 2415 lioribus
293 2387 324 2416 et
348 2385 575 2417 salubrioribus
589 2386 748 2418 exercitiis
763 2395 920 2426 occupan-

147 2439 211 2469 tur.
233 2438 271 2469 Et
290 2439 376 2479 quod
396 2439 480 2470 istud
500 2439 539 2470 sit
561 2449 695 2477 verum,
715 2439 921 2471 manifestum

147 2494 216 2524 est:
239 2502 315 2523 nam
339 2493 366 2523 si
390 2494 528 2524 verbum
552 2493 653 2524 illud:
678 2493 743 2533 Qui
766 2501 831 2525 non
856 2493 924 2526 vult

148 2547 293 2586 operari,
321 2555 386 2580 non
413 2547 599 2587 manducet,
628 2548 812 2588 simpliciter
840 2551 922 2579 esset

149 2604 354 2641 praeceptum,
375 2603 452 2633 tunc
470 2611 582 2633 omnes
594 2604 698 2633 essent
712 2601 746 2632 in
761 2601 845 2632 malo
860 2603 923 2632 sta—

181 2699 190 2715 1
211 2699 219 2723 l
242 2699 315 2729 Tim„
335 2706 373 2731 vi,
389 2702 413 2725 9.
427 2714 458 2718 —
478 2701 487 2715 ²
505 2702 527 2725 ll
548 2701 637 2729 Thess.5
660 2706 702 2731 111,
721 2702 758 2726 12.
774 2714 805 2718 —
826 2700 835 2716 ³
852 2700 924 2730 thid„

153 2736 234 2760 11-12.
258 2748 288 2753 —
309 2735 317 2749 ⁴¹
342 2737 408 2767 Luc„
434 2743 476 2767 ix,
504 2738 542 2761 60.
568 2751 598 2754 —
623 2738 632 2753 5
657 2737 784 2767 Ambros„
806 2737 832 2760 in
857 2737 925 2766 Luta,

151 2770 194 2794 lib.
215 2771 275 2802 Vll,
291 2778 315 2795 0.
333 2772 361 2795 34
378 2774 403 2795 et
421 2772 485 2804 seq„
501 2773 585 2804 quoad
604 2780 717 2797 sensum.
736 2786 763 2790 —
782 2773 792 2788 ⁶
807 2773 872 2801 Act,
888 2778 924 2802 vi,

291 2825 354 2848 ToM
358 2839 366 2848 ·
388 2825 443 2849 xlv
448 2839 456 2845 .

1688 268 1746 298 385

970 336 1005 365 tn
1026 335 1081 375 qui
1103 335 1254 366 manibus
1272 333 1409 375 propriis
1431 333 1551 364 victum
1571 342 1668 365 suum
1683 343 1747 365 non

969 391 1132 429 quaerunt,
1149 398 1221 420 cnm
1234 389 1373 429 possent,
1385 389 1415 419 ct
1429 387 1490 419 hoc
1504 389 1586 419 esset
1595 387 1748 419 damnare

969 444 1072 474 totum
1088 443 1257 474 mnndum.
1275 443 1365 481 Quod
1380 442 1497 473 iterum
1511 450 1544 473 sc
1558 450 1624 473 non
1639 443 1749 473 exten-

970 497 1015 529 dit
1030 497 1069 529 ad
1084 507 1240 538 pauperes
1255 497 1454 530 voluntarios
1463 499 1494 529 et
1508 497 1672 538 perfectos,
1689 497 1750 529 hoc

970 553 1101 592 apparet
1115 561 1156 582 ex
1178 551 1246 592 ipsa
1259 551 1368 583 Glossa
1379 560 1452 592 quae
1469 550 1544 582 dicit
1561 562 1567 581 :
1597 550 1663 582 «Ut
1683 559 1751 582 non

971 605 1203 646 compellantur
1235 607 1375 645 egestate
1396 604 1573 636 necessaria
1595 605 1712 645 petere.
1734 601 1749 633 ί»

970 659 1061 691 Tales
1087 659 1174 691 enim
1201 668 1267 690 non
1296 658 1477 690 mendicant
1503 659 1586 690 sicut
1611 659 1751 698 egestate

971 713 1138 754 compulsi,
1165 713 1219 744 sed
1242 712 1323 744 sicut
1346 721 1456 744 amore
1478 712 1678 752 perfectionis
1700 712 1749 743 in-

970 766 1067 798 ducti.
1088 766 1263 806 Postremo,
1281 766 1368 806 quod
1388 775 1453 797 non
1472 774 1506 796 se
1521 765 1672 797 extendat
1690 766 1752 797 nisi

970 820 1010 851 ad
1025 829 1090 859 005,
1107 820 1163 861 qui
1184 829 1248 851 non
1270 822 1344 851 sunt
1359 820 1443 851 circa
1458 820 1580 860 majora
1595 820 1751 860 occupati,

970 876 1101 914 apparet
1111 883 1152 905 cx
1161 874 1229 914 ipso
1241 875 1331 905 textu
1339 874 1350 891 ⁸
1363 885 1369 905 :
1389 873 1586 906 Audivimus
1597 873 1753 914 quosdam

970 929 1057 961 inter
1071 936 1125 960 vos
1141 928 1303 961 ambulare
1332 929 1487 968 inquiete,
1511 928 1598 960 nihil
1621 936 1754 968 operan-

971 986 1034 1021 tes,
1059 983 1116 1015 sed
1139 984 1262 1016 czm'ose
1287 986 1425 1024 aqentes.
1457 983 1519 1015 His
1542 985 1669 1022 autem,
1695 984 1754 1023 qui

970 1036 1129 1076 ejusmodi
1142 1040 1231 1075 sunt,
1246 1037 1478 1070 denuntiamus
1490 1047 1501 1068 .·
1515 1040 1552 1070 ut
1564 1045 1637 1068 cum
1651 1037 1753 1069 silen-

971 1091 1015 1123 tio
1030 1094 1208 1131 operantes,
1231 1099 1349 1131 panem
1367 1099 1460 1123 suum
1486 1090 1695 1123 manducent.
1714 1090 1753 1121 Et

972 1144 1058 1184 quod
1072 1145 1158 1176 istud
1169 1145 1208 1176 sit
1221 1154 1347 1183 verum,
1363 1146 1450 1185 patet
1460 1153 1516 1185 per
1529 1144 1750 1183 Ambrosium,

972 1198 1028 1239 qui
1049 1207 1145 1239 super
1168 1198 1247 1230 illud
1262 1201 1293 1230 ⁶:
1310 1199 1445 1232 Dimitte
1468 1201 1609 1232 mortuos
1622 1199 1753 1239 sepelire

971 1254 1111 1284 mortuos
1133 1260 1219 1292 suos,
1245 1252 1319 1284 dicit
1337 1253 1381 1284 sic
1394 1253 1403 1270 ⁵
1421 1262 1428 1284 :
1450 1253 1574 1284 «Docet
1598 1253 1754 1284 Dominus

973 1306 1098 1337 minora
1121 1307 1217 1346 hona,
1242 1315 1300 1347 pro
1323 1307 1459 1338 utilitate
1488 1308 1661 1347 maiorum,
1687 1316 1754 1339 esse

972 1360 1257 1401 praetermittenda.
1269 1360 1329 1401 Maj
1336 1370 1372 1391 us
1380 1363 1427 1392 est
1439 1361 1527 1392 enim
1537 1361 1661 1392 animas
1671 1371 1755 1393 rnor-

973 1416 1105 1445 tuorum
1120 1414 1322 1454 praedicando
1339 1414 1503 1453 suscitare,
1526 1424 1625 1455 quam
1640 1424 1755 1455 corpus

973 1470 1140 1498 mortuum
1170 1468 1204 1498 in
1233 1470 1319 1498 terra
1347 1468 1552 1499 abscondere.
1578 1479 1592 1497 »
1613 1468 1701 1499 Unde
1724 1471 1756 1500 et

973 1521 1116 1561 Apostoli
1131 1521 1279 1552 dicebant
1293 1521 1319 1552 ⁶:
1338 1521 1410 1553 Non
1426 1524 1472 1553 est
1486 1530 1613 1561 (equum
1628 1530 1686 1554 nos
1701 1522 1755 1554 cle-

973 1575 1150 1615 relinquere
1164 1574 1293 1606 verbum
1315 1574 1383 1613 Dei,
1406 1576 1434 1606 et
1450 1575 1640 1608 ministrare
1665 1584 1753 1607 men-

973 1629 1031 1661 sis.
1061 1629 1200 1668 Apparet
1227 1628 1323 1659 etiam
1345 1637 1401 1668 per
1434 1628 1691 1669 Hieronymum,
1721 1629 1755 1660 in

974 1682 1111 1722 Prologo
1134 1691 1231 1722 super
1253 1683 1318 1721 Job,
1334 1682 1491 1713 dicentem
1506 1683 1550 1713 sic
1564 1686 1575 1702 ⁷
1594 1694 1600 1714 :
1623 1694 1637 1712 «
1652 1683 1685 1714 Si
1700 1683 1754 1714 fis-

974 1736 1085 1767 cellam
1111 1737 1216 1776 ι10030
1240 1738 1402 1774 texerem,
1429 1739 1485 1767 aut
1506 1736 1687 1776 palmarum
1705 1737 1756 1768 fo-

974 1790 1016 1821 lia
1044 1790 1279 1831 complicarem,
1304 1792 1339 1821 ut
1366 1790 1401 1820 in
1425 1790 1541 1821 sudore
1561 1790 1670 1822 vultus
1691 1791 1755 1821 mei

974 1845 1174 1875 comederem
1191 1853 1306 1884 panem
1330 1852 1451 1882 meum,
1478 1846 1509 1874 et
1534 1844 1654 1875 ventris
1675 1853 1755 1884 opus

974 1899 1107 1930 sollicita
1144 1901 1250 1929 mente
1276 1900 1522 1938 pertractarem,
1539 1898 1649 1929 nullus
1674 1908 1756 1930 mor-

974 1953 1079 1992 deret,
1108 1953 1216 1984 nullus
1245 1952 1490 1992 reprehendere.
1516 1952 1608 1984 Nunc
1634 1954 1754 1991 autem,

974 2007 1050 2046 quia
1080 2008 1176 2047 juxta
1201 2006 1391 2037 sententiam
1418 2005 1592 2038 Salvatoris
1618 2007 1648 2045 ⁸,
1682 2007 1755 2038 volo

974 2062 1100 2101 operari
1114 2061 1230 2098 cibum,
1256 2061 1395 2100 quinon
1416 2060 1515 2100 perit,
1538 2061 1569 2090 et
1591 2060 1756 2100 antiquam

974 2115 1159 2146 divinorum
1177 2114 1382 2146 voluminum
1412 2113 1499 2144 viam
1528 2113 1670 2144 sentibus
1689 2114 1755 2145 vir-

975 2169 1138 2209 gultisque
1153 2176 1307 2208 purgare,
1324 2176 1416 2198 error
1433 2166 1518 2196 mihi
1531 2166 1682 2206 geminus
1704 2167 1755 2198 in-

975 2224 1097 2263 figitur,
1114 2224 1271 2254 corrector
1282 2221 1474 2261 scriptorum
1489 2221 1636 2252 falsarius
1646 2231 1754 2260 vocor,

975 2279 1006 2308 et
1028 2286 1151 2308 errores
1174 2285 1240 2307 11011
1270 2275 1406 2314 auferre,
1437 2275 1491 2306 sed
1514 2284 1661 2306 serere.»
1690 2275 1757 2306 Hoc

976 2331 1072 2362 etiam
1088 2331 1217 2370 apparet
1240 2338 1302 2371 per,
1317 2329 1448 2360 beatum
1470 2329 1702 2368 Augustinum,
1722 2328 1756 2358 in

976 2385 1058 2415 libro
1088 2383 1126 2415 cle
1153 2390 1242 2423 opere
1269 2382 1517 2421 Menaenorum,
1545 2383 1601 2413 ubi
1629 2382 1704 2413 dicit
1723 2385 1754 2420 ⁹,

976 2438 1063 2479 quod
1082 2449 1096 2467 α
1110 2437 1167 2476 1111,
1184 2437 1241 2477 qui
1258 2437 1420 2468 habebant
1435 2436 1470 2466 in
1491 2437 1551 2467 hoc
1566 2435 1683 2466 saeculo
1697 2435 1754 2466 ali-

977 2492 1072 2532 quid,
1100 2500 1164 2531 quo
1188 2491 1279 2522 facile
1304 2491 1371 2522 sinc
1395 2490 1520 2530 opificio
1543 2491 1757 2520 sustentarent

978 2547 1077 2578 vitam
1090 2545 1195 2583 istam,
1213 2545 1298 2585 quod
1313 2544 1458 2575 conversi
1473 2543 1512 2574 ad
1528 2543 1698 2574 Dominum
1708 2543 1756 2573 in-

979 2600 1164 2640 digentibus
1179 2598 1335 2638 dispertiti
1348 2597 1424 2636 sint,
1441 2596 1527 2637 quod
1538 2596 1617 2627 tales
1632 2597 1671 2628 ad
1686 2605 1757 2637 ope-

981 2661 1002 2683 2.
1020 2672 1050 2676 ——
1065 2659 1071 2673 7
1088 2658 1194 2682 Hieron.
1210 2669 1240 2674 ——
1256 2657 1264 2671 Β
1278 2657 1360 2686 Joan„
1377 2662 1412 2684 vi,
1428 2655 1511 2678 2'1.-
1526 2656 1534 2669 ‘¹
1549 2657 1624 2687 Aug„
1641 2655 1670 2679 de
1682 2655 1754 2686 Oper.

980 2694 1102 2725 Monaesi„
1118 2700 1177 2723 xxv,
1193 2695 1230 2724 32,
1247 2692 1331 2723 quoad
1346 2698 1460 2716 sensum.

1011 2737 1042 2764 (a)
1066 2735 1126 2759 Cret.
1147 2734 1206 2757 w‘it.
1227 2732 1284 2757 mld.
1307 2734 1359 2756 aut.
1380 2745 1409 2749 —
1436 2732 1469 2761 (b)
1493 2732 1553 2755 Coet.
1575 2731 1636 2755 esltt.
1658 2731 1711 2755 sed.
1727 2743 1757 2749 —

984 2774 1011 2801 (0)
1028 2771 1088 2795 Caet.
1104 2770 1164 2795 edat.
1182 2769 1247 2793 deest
1263 2769 1316 2792 sed.

1575 2815 1613 2843 0-5
