2029 3052
649 216 699 248 ET
720 215 1012 249 CONFESSIONES
1033 216 1226 248 AUDIANT.

130 289 228 320 tatem
249 287 391 328 aliquam
407 285 608 324 absolvendi3
632 284 688 317 sed
705 285 754 317 est
771 284 906 324 signum

129 343 258 374 tantum
272 340 481 380 contritionis,
502 349 566 381 quo
586 339 804 381 perpenditur,
820 338 906 379 quod

129 395 324 428 sacerdotem
333 394 568 434 desideraverit,
578 394 634 435 qui
644 394 724 426 laico
732 395 780 425 est
787 393 906 425 confes-

129 458 195 482 505.
212 448 291 481 Item
302 458 377 481 cum
388 448 472 481 dicat
486 457 599 488 canon,
615 448 702 489 quod
714 447 770 489 qui
782 447 906 479 habens

129 511 232 535 unum
251 502 455 542 beneficium,
482 503 534 534 cui
559 502 600 533 sit
622 511 700 534 cura
721 501 905 533 animarum

129 565 272 595 annexa,
302 556 413 597 recipit
434 556 540 596 aliud,
566 555 651 597 quod
674 555 817 597 primum
837 555 906 596 ipso

125 611 201 651 ι1010
211 611 282 651 Jam
291 612 394 649 vacet,
406 613 437 642 et
450 611 489 642 ad
497 619 596 652 quem
610 610 748 651 pertinet
760 609 905 650 ejusdem

130 664 274 695 beneficii
289 663 425 704 collatio,
439 664 499 695 nisi
520 664 598 695 illud
613 664 695 695 infra
707 673 765 695 sex
779 672 906 695 menses

129 718 270 750 conferat
283 718 374 750 alteri
387 718 514 757 idoneo,
530 718 616 759 quod
631 717 755 749 collatio
764 718 834 758 jam
849 717 905 749 de-

128 772 277 805 volvatur
287 766 327 804 ad
337 772 448 811 alium;
465 774 496 803 et
511 781 569 803 nos
577 773 647 813 ,iam
662 771 827 804 videamus
838 772 907 814 plu·

127 826 229 858 rimos
248 826 341 867 plura
361 826 548 866 hujusmodi
568 828 678 857 contra
698 834 836 857 canones
857 827 906 857 te-

127 889 203 912 nere
217 880 380 920 beneficia,
402 880 503 920 liquet
524 881 654 920 quantae
671 881 741 920 ¹jam
766 879 905 911 ecclesiae

127 934 190 966 sint
202 936 363 974 vacantes,
379 936 410 966 et
427 935 569 965 carentes
586 942 661 966 vero
676 935 815 974 pastore,
831 943 906 965 cum

127 990 158 1019 et
171 988 243 1029 ipsi,
260 988 316 1029 qui
327 989 396 1029 jam
410 989 519 1020 tenent
532 996 596 1026 eas,
612 997 678 1019 non
692 988 832 1020 habeant
851 990 906 1030 jus

127 1042 162 1074 in
177 1042 233 1081 eis,
253 1052 312 1074 nec
329 1043 473 1083 ipsorum
491 1042 614 1081 vicarii,
638 1043 669 1073 et
690 1042 808 1082 quibus
825 1044 907 1083 post-

127 1096 260 1128 modum
284 1097 494 1128 conferuntur
514 1097 554 1128 ab
577 1097 656 1136 illis,
681 1097 736 1137 qui
757 1097 827 1137 jam
850 1097 907 1137 jus

127 1151 309 1182 conferendi
330 1153 461 1192 propter
484 1151 650 1192 praefatam
672 1150 907 1191 negligentiam

127 1205 316 1244 amiserunt,
332 1205 412 1236 nihil
426 1205 511 1246 juris
528 1205 722 1246 percipiunt,
743 1214 819 1236 cum
842 1215 907 1237 non

127 1259 266 1290 habeant
286 1260 341 1299 jus
364 1259 418 1290 illa
439 1259 594 1290 beneficia
614 1260 682 1298 Jam
712 1259 902 1291 conferendi.

129 1313 208 1345 Item
218 1322 294 1344 cum
306 1313 488 1344 animarum
499 1322 577 1344 cura
586 1312 698 1344 debeat
707 1313 747 1344 ab
758 1314 905 1354 episcopo

128 1367 296 1406 committi,
314 1367 378 1405 vel,
399 1368 481 1398 sicut
502 1367 535 1398 in
556 1367 748 1407 quibusdam
769 1367 908 1399 ecclesiis

128 1421 305 1460 consuevit,
322 1421 362 1452 ab
376 1421 615 1460 archidiaconis,
632 1424 668 1452 ut
684 1421 785 1452 sciant
798 1421 908 1462 quales

129 1475 192 1506 sint
215 1475 333 1516 quibus
356 1475 480 1506 animas
505 1475 736 1515 gubernandas
757 1476 908 1507 commit-

129 1531 214 1568 tunt,
235 1531 266 1561 et
289 1529 346 1568 illi,
372 1530 428 1570 qui
447 1530 518 1570 jam
542 1529 693 1561 videntur
717 1532 860 1570 pastores
875 1530 909 1561 in

114 1578 275 1624 ‘pluribus
289 1583 382 1614 terris
398 1593 454 1624 per
469 1593 513 1622 se,
530 1584 729 1615 constituunt
743 1593 801 1624 pro
816 1592 849 1615 se
861 1584 910 1616 vi-

129 1637 232 1668 carios
246 1637 279 1668 in
302 1637 452 1675 ecclesiis,
479 1637 535 1678 qui
558 1647 617 1669 nec
631 1638 671 1669 ab
686 1638 833 1679 episcopo
858 1638 910 1671 vel

129 1690 200 1722 aliis
213 1691 399 1722 auctoritate
414 1691 517 1731 ipsius
537 1701 649 1723 curam
667 1692 827 1732 recipiunt
839 1693 910 1723 ani-

130 1754 270 1784 marum,
285 1745 363 1776 tales
380 1747 466 1785 patet
480 1745 615 1778 vicarios
623 1747 678 1786 jus
693 1755 758 1777 non
773 1747 904 1778 habere.

130 1798 211 1831 Nam
225 1808 299 1830 cum
314 1799 346 1830 in
367 1809 446 1830 cura
460 1799 643 1831 animarum
662 1800 701 1831 sit
716 1800 910 1841 requirenda

130 1853 266 1893 pastoris
292 1853 464 1890 idoneitaS‚
490 1862 555 1884 non
582 1854 674 1884 debet
694 1854 778 1885 hanc
799 1864 910 1885 curam

131 1916 189 1947 per
203 1906 302 1937 alium
322 1915 447 1946 gerere,
473 1906 536 1937 nisi
560 1916 617 1946 pro
633 1916 728 1938 causa
751 1908 909 1947 rationali,

132 1961 216 1992 etde
230 1960 357 1992 licentia
378 1959 517 2000 speciali,
543 1969 618 1991 cum
635 1961 702 2000 ipse
723 1961 762 1992 de
782 1961 909 1992 anima-

131 2016 192 2047 bus
206 2015 265 2046 sibi
278 2014 457 2046 commissis
470 2014 512 2045 sit
526 2014 685 2045 rationem
701 2015 763 2046 Deo
778 2015 812 2046 in
822 2015 910 2056 judi-

131 2069 181 2100 cio
201 2069 395 2100 redditurus.
413 2068 490 2099 ltem
512 2077 586 2099 cum
610 2068 763 2100 Dominus
782 2069 814 2100 C.
831 2069 911 2101 Por-

131 2123 252 2155 tuensis
275 2123 442 2163 episcopus
469 2122 643 2153 Cardinaiis
673 2123 837 2163 quondam
863 2123 908 2155 10-

131 2179 227 2217 gatus
254 2176 461 2215 Theutoniae,
494 2177 680 2216 generalem
707 2178 816 2209 tulerit
837 2186 908 2209 sen-

131 2231 264 2262 tentiam
299 2231 516 2271 suspensionis
549 2231 588 2262 ab
619 2231 723 2262 officio
754 2234 784 2263 et
812 2232 908 2263 bene-

132 2285 204 2316 ficio
227 2286 336 2316 contra
367 2285 497 2316 clericos
521 2285 725 2317 sollicitantes
755 2286 909 2317 moniales

133 2339 366 2379 cujuscumque
379 2339 519 2378 habitus,
532 2340 910 2371 etexcommunicationis

133 2394 243 2424 contra
257 2401 370 2423 omnes
384 2393 551 2424 carnaliter
566 2403 618 2425 eas
631 2396 866 2433 cognoscentes,
880 2398 911 2426 et

135 2446 288 2478 Dominus
304 2446 389 2487 Papa
402 2446 573 2487 Gregorius
588 2447 627 2478 lX
644 2448 730 2479 illam
743 2449 911 2479 confirma-

1683 219 1742 250 555

961 283 1058 323 verit,
1074 286 1105 316 et
1119 285 1229 325 paucis
1248 285 1468 317 auctoritatem
1491 284 1675 316 absolvendi
1690 287 1741 316 ta—

960 337 1006 369 les
1019 339 1223 378 concesserit,
1238 339 1418 371 timendum
1431 339 1479 370 est
1491 338 1609 370 multos
1624 339 1742 380 110105-

961 391 1047 423 modi
1060 392 1224 424 sententiis
1236 393 1346 434 ligari,
1357 393 1413 434 qui
1425 401 1484 424 nec
1494 391 1636 432 cogitant
1646 400 1743 433 super

961 455 994 476 se
1008 445 1216 477 absolutionis
1231 447 1282 479 vel
1301 446 1545 488 dispensationis
1568 445 1672 486 gratia
1689 445 1742 477 111-

961 498 1081 539 digere,
1101 502 1133 531 et
1154 501 1262 532 tamen
1286 501 1331 532 sic
1356 501 1553 539 ministrant,
1578 501 1610 531 et
1633 501 1743 531 tenent

961 562 1073 584 curam
1099 553 1299 593 animarum,
1328 556 1360 586 et
1383 554 1561 595 percipiunt
1587 553 1743 585 beneficia

961 607 1168 638 ecclesiastica
1193 607 1240 638 510
1265 607 1368 648 ligati.
1404 608 1483 639 item
1514 606 1743 648 archiepiscopi

961 661 995 692 in
1010 661 1077 692 suis
1092 661 1245 701 conciliis,
1261 663 1293 693 ct
1309 661 1447 702 episcopi
1461 662 1495 692 in
1514 661 1644 702 synodis
1659 669 1743 701 saepe

960 715 1068 746 ferunt
1087 715 1260 747 sententias
1279 717 1390 747 contra
1411 715 1557 748 diversos
1578 723 1741 754 excessus,

961 778 980 800 a
994 769 1113 810 quibus
1127 771 1204 801 sunt
1218 769 1327 810 plures
1348 769 1455 800 clerici
1477 778 1544 800 non
1566 769 1741 800 immunes.

1001 827 1115 855 Forma
1129 832 1208 864 ergo
1228 823 1354 863 petendi
1373 820 1599 855 auctoritatem
1619 823 1658 854 ab
1674 823 1744 863 epi-

960 877 1063 918 scopis
1074 877 1223 908 audiendi
1237 877 1461 915 confessiones⁷
1475 877 1671 917 generaliter
1684 877 1744 908 ista

961 932 1156 971 potestesse,
1169 931 1222 963 vel
1236 931 1298 962 alia
1312 931 1523 972 aequipollens
1537 941 1544 962 :
1563 942 1578 961 ε(
1594 930 1741 968 Domine,

960 993 1019 1017 vos
1033 985 1108 1016 estis
1130 986 1237 1025 pastor
1256 985 1368 1017 ovium
1391 985 1506 1017 Christi
1528 985 1562 1016 in
1581 985 1642 1016 hac
1667 984 1742 1016 (1100-

961 1039 1034 1078 0051,
1051 1041 1082 1070 01
1096 1038 1187 1071 vobis
1203 1038 1362 1070 incumbit
1381 1039 1549 1080 providere
1572 1039 1743 1070 animabus

962 1093 1139 1124 commissis
1153 1094 1269 1124 vestrae
1291 1092 1507 1131 sollicitudini,
1523 1102 1565 1124 ne
1586 1093 1620 1123 in
1634 1092 1744 1133 aliquo

961 1147 1181 1187 negligantur.
1200 1146 1280 1178 Cum
1298 1147 1401 1186 igitur
1415 1149 1544 1187 propter
1559 1146 1744 1177 multitudi-

963 1212 1040 1234 nem
1055 1202 1208 1243 plebium,
1225 1204 1256 1233 et
1272 1202 1469 1233 incrementa
1481 1204 1696 1243 peccatorum,
1715 1203 1746 1233 et

962 1255 1204 1297 perplexitatem
1220 1265 1366 1293 casuum,
1390 1255 1518 1296 plebani
1533 1265 1599 1287 non
1623 1255 1747 1296 possint

963 1310 1003 1342 ad
1029 1309 1160 1350 plenum
1182 1310 1333 1341 omnibus
1356 1310 1561 1351 expediendis
1585 1310 1745 1348 sufficere,

963 1364 1084 1405 placeat
1096 1364 1198 1403 vobiS,
1216 1366 1253 1395 ut
1265 1365 1380 1396 fratres
1391 1365 1448 1405 qui
1463 1365 1583 1396 habent
1593 1364 1676 1395 inter
1688 1372 1747 1394 1105

964 1419 1169 1451 confessionis
1183 1419 1335 1458 officium,
1353 1419 1542 1450 auctoritate
1557 1421 1664 1451 vestra
1684 1419 1748 1450 sint

964 1474 1125 1514 adJutores
1149 1484 1273 1513 eorum,
1296 1477 1327 1506 et
1352 1475 1547 1506 subveniant
1573 1475 1605 1505 in
1629 1475 1748 1515 quibus

965 1530 1099 1569 possunt
1114 1538 1224 1560 eorum
1239 1529 1472 1560 insufficientiae
1488 1529 1610 1569 populi,
1627 1531 1658 1560 et
1668 1529 1747 1560 alio-

964 1591 1040 1614 rum
1054 1583 1289 1623 requirentium
1301 1583 1335 1614 in
1350 1583 1604 1614 confessionibus
1618 1583 1749 1614 audien-

965 1636 1033 1676 dis,
1061 1637 1149 1668 salvo
1168 1638 1243 1677 jure
1269 1637 1430 1677 ipsorum,
1453 1637 1507 1669 vel
1531 1637 1750 1678 quorumlibet

965 1690 1195 1730 praelatorum,
1219 1700 1294 1722 cum
1320 1691 1497 1731 specialiter
1520 1691 1560 1723 ad
1580 1691 1642 1722 hoc
1666 1691 1749 1723 Ordo

966 1746 1072 1775 noster
1096 1745 1135 1776 sit
1156 1754 1175 1775 a
1195 1744 1276 1776 Sede
1294 1745 1477 1785 Apostolica
1501 1745 1690 1777 destinatus.
1717 1745 1749 1777 Si

965 1808 1043 1830 vero
1059 1799 1242 1839 dignamini
1256 1800 1348 1830 nobis
1361 1800 1482 1840 aliquid
1499 1800 1662 1840 potestatis
1672 1809 1750 1840 prae-

966 1856 1015 1884 ter
1030 1862 1235 1884 communem
1258 1862 1390 1884 cursum
1412 1854 1450 1885 de
1470 1853 1633 1894 aliquibus
1651 1854 1750 1893 111010-

966 1907 1056 1937 ribus
1068 1907 1107 1937 ad
1123 1916 1180 1939 vos
1196 1907 1375 1947 specialiter
1398 1907 1616 1947 spectantibus
1637 1916 1751 1947 super-

966 1960 1109 1992 addendo
1128 1961 1338 2000 committere,
1361 1963 1491 2001 propter
1512 1960 1584 1992 illos
1609 1960 1750 1992 maxime

964 2014 1080 2054 quibus
1099 2024 1163 2045 non
1183 2015 1282 2045 facilis
1308 2015 1348 2045 ad
1368 2024 1426 2046 vos
1451 2017 1536 2055 patet
1562 2015 1749 2055 frequenter

963 2077 1127 2107 accessuS,
1155 2069 1206 2100 vel
1231 2068 1348 2109 quibus
1369 2070 1498 2109 propter
1522 2068 1583 2099 alia
1613 2068 1748 2108 negotia

963 2123 1170 2163 personaliter
1185 2123 1349 2154 intendere
1362 2132 1426 2154 non
1442 2123 1565 2160 valetis,
1580 2131 1748 2163 speramus

964 2177 1028 2208 Deo
1046 2186 1112 2208 esse
1125 2177 1288 2217 placitum,
1310 2179 1341 2208 et
1357 2177 1539 2217 proficuum
1561 2177 1746 2208 animabus„

964 2231 1097 2272 Insuper
1114 2232 1174 2263 erit
1188 2232 1286 2263 vestri
1297 2231 1401 2263 oneris
1416 2231 1636 2263 sublevamen.
1650 2244 1664 2260 »
1679 2231 1745 2262 Hoc

964 2286 1128 2325 videlicet,
1157 2288 1189 2318 et
1231 2287 1293 2317 1100
1321 2286 1479 2326 expressis
1512 2285 1654 2317 articulis
1666 2309 1675 2323 ,
1713 2285 1747 2315 in

964 2341 1097 2380 scripto;
1115 2343 1145 2371 et
1160 2340 1186 2371 si
1201 2342 1303 2381 potest
1326 2340 1406 2379 fieri,
1433 2340 1493 2371 sub
1509 2340 1652 2380 ejusdem
1678 2339 1747 2379 epi—

964 2395 1051 2435 scopi
1066 2395 1185 2435 sigillo,
1200 2396 1319 2435 omnia,
1336 2404 1410 2436 quae
1425 2394 1627 2432 concesserit,
1645 2402 1748 2425 reser-

970 2451 1102 2480 ventur.

1785 833 1865 852 Forma

1766 863 1854 889 petendi

1759 894 1786 914 ab
1810 894 1865 921 epis-

1759 931 1813 952 copo
1836 925 1865 945 ia-

1761 958 1866 978 cultatem

1761 988 1867 1010 audiendi

1769 1020 1856 1041 conses-

1765 1052 1848 1074 siones.
