2029 3052
584 232 650 272 QUI
673 231 805 265 ORDlNI
830 231 1022 265 FRATRUM
1044 231 1126 264 MlN.
1150 231 1458 267 ADVERSANTUR.

213 303 296 335 lares
309 305 341 335 et
354 302 526 335 insolentes
539 300 622 340 laici,
637 309 738 342 quare
758 300 918 342 impeditis
932 300 991 332 ali-

213 358 352 399 quando,
372 357 468 389 etiam
483 365 540 397 per
554 355 760 396 privilegium
774 355 897 396 papale,
914 354 992 386 alios

213 411 381 452 religiosos
406 411 490 442 circa
515 411 656 442 vestram
680 409 910 441 habitationem
932 408 990 439 sibi

213 465 413 497 mansionem
441 465 637 502 construere,
663 463 724 494 nisi
751 463 836 504 quod
864 462 992 495 videtur

211 518 334 551 invidia
346 527 415 550 esse
430 518 464 549 in
478 520 594 550 causa?

523 613 680 649 Responsio.

252 681 319 714 Nou
336 691 393 723 pro
407 681 541 720 invidia,
559 681 614 712 sed
629 680 735 721 potius
749 689 808 721 pro
829 688 906 720 pace
924 679 992 720 pri-

210 736 368 777 vilegium
383 736 445 768 hoc
460 745 474 767 a
489 735 568 767 Sede
578 734 758 775 Apostolica
771 734 882 765 datum
892 742 992 773 agno-

210 790 320 830 scitur,
339 793 370 822 et
383 790 424 822 ob
446 789 592 821 eamdem
613 797 742 819 causam
757 788 842 829 pacis
863 797 901 819 eo
925 787 992 819 uti-

210 853 296 883 mur,
313 852 387 875 cum
401 852 466 874 non
484 845 550 874 tam
571 843 663 874 nobis
687 851 785 883 quam
801 841 898 873 etiam
921 841 991 873 aliis

210 897 309 938 possit
323 897 414 928 aliter
429 897 464 928 in
478 899 643 938 posterum
660 896 799 927 turbatio
810 898 841 927 et
857 896 991 927 materia

89 961 133 983 cur
145 961 196 988 Jure
210 951 348 982 scandali
363 951 512 982 suboriri.
530 950 564 982 Si
581 950 666 982 enim
676 949 849 990 aliquando
864 958 991 980 necesse

97 993 186 1014 cautum

103 1025 145 1052 est,
154 1031 183 1046 ne

97 1062 189 1077 monas-

103 1087 184 1109 terium

109 1118 119 1145 j
122 1119 175 1139 uxta

110 1149 171 1170 aliud

99 1186 190 1202 monus-

101 1213 183 1234 terium

210 1005 292 1036 foret
306 1005 350 1036 eis
373 1005 424 1036 vel
445 1005 537 1036 nobis
559 1014 649 1036 areas
672 1006 796 1036 nostras
816 1003 988 1044 ampliare,

211 1069 276 1091 non
290 1068 468 1100 possemus,
490 1068 563 1091 cum
577 1058 630 1090 alii
651 1058 772 1099 priores
791 1066 844 1089 eas
854 1059 923 1098 Jam
939 1067 990 1089 oc-

212 1115 391 1154 cupassent.
409 1112 444 1145 Si
466 1115 574 1144 autem
599 1113 716 1153 aliquae
738 1121 822 1144 areae
835 1112 919 1143 inter
932 1121 991 1143 nos

211 1169 242 1199 et
257 1167 328 1199 illos
341 1170 446 1199 essent
460 1168 572 1199 mediae
587 1192 595 1207 ,
621 1177 696 1199 cum
707 1167 838 1207 utrique
852 1176 905 1198 eas
921 1176 989 1198 cer-

95 1243 197 1271 aedffioeq
210 1222 301 1253 tatim
320 1231 547 1263 praeoccupare
561 1222 787 1260 desiderarent,
805 1231 845 1253 ex
857 1222 991 1253 avaritia

96 1276 140 1297 tur.

209 1286 269 1308 sua
283 1277 465 1308 venditores
479 1286 591 1308 earum
607 1277 663 1308 vix
676 1286 733 1317 pro
744 1276 900 1317 triplicato
915 1285 990 1317 pre-

208 1331 253 1362 tio
265 1340 318 1363 eas
333 1331 456 1363 darent.
481 1331 539 1363 Vel
557 1332 584 1362 si
606 1331 686 1362 forte
707 1340 864 1372 pauperes
886 1333 991 1362 essent

208 1395 405 1427 possessores
420 1396 544 1426 earum,
562 1387 679 1427 aliquis
693 1387 782 1418 dives
797 1395 914 1419 avarus
937 1395 990 1418 eas

207 1443 416 1480 praeemeret,
439 1443 475 1472 ut
504 1441 597 1472 nobis
620 1450 674 1472 eas
696 1442 804 1481 postea
826 1440 991 1472 carissime

208 1495 370 1533 venderet,
395 1495 508 1527 videns
529 1504 587 1526 nos
606 1495 682 1536 ipsis
703 1495 881 1526 necessario
906 1494 989 1526 indi-

208 1557 297 1587 gere.
320 1548 397 1580 Item
423 1549 503 1580 sorte
527 1550 713 1581 conveniret
732 1549 790 1588 eis,
810 1549 861 1580 vel
876 1549 988 1587 nobis,

207 1602 351 1633 officinas
362 1605 488 1635 nostras
500 1606 628 1644 propter
638 1604 736 1635 situm
746 1603 807 1634 loci
817 1603 989 1643 aliquando

206 1656 250 1687 sic
271 1657 430 1695 ordinare,
457 1658 544 1698 quod
567 1659 671 1689 essent
693 1657 762 1688 aliis
785 1667 843 1698 pro
867 1667 989 1697 magno

205 1710 409 1742 incommodo
423 1735 431 1749 ,
460 1713 491 1742 et
518 1711 678 1752 frequenti
705 1711 852 1743 cordium
876 1712 990 1742 turha-

205 1764 303 1802 tione,
319 1767 356 1796 ut
370 1765 397 1796 si
412 1765 531 1797 chorus
545 1766 691 1806 ipsorum
714 1768 888 1806 poneretur
905 1766 990 1806 apud

207 1818 314 1850 locum
342 1819 549 1851 intirmorum
579 1822 785 1858 nostrorum,
815 1820 868 1852 vel
897 1820 990 1850 aliter

208 1873 348 1913 quolibet
374 1874 480 1912 modo,
510 1874 656 1906 videlicet
679 1874 807 1912 latrina,
832 1875 987 1915 coquina,

208 1927 445 1966 dormitorium,
474 1928 690 1967 refectorium,
715 1929 902 1970 capitulum,
932 1929 990 1960 do-

208 1991 284 2012 mus
296 1981 473 2022 hospitum,
486 1983 573 2023 quod
590 1983 629 2023 (a)
638 1985 768 2024 propter
778 1992 888 2024 pacem
899 1983 988 2014 infir-

208 2044 337 2067 morum
362 2036 525 2075 cordium,
556 2037 661 2077 magis
685 2038 812 2078 expedit
836 2047 895 2069 nos
922 2047 989 2069 esse

207 2088 340 2129 longius
355 2093 552 2130 segregatos.
566 2090 674 2123 Posset
688 2091 782 2122 etiam
797 2092 990 2132 quandoque

208 2142 355 2175 divinum
377 2144 518 2175 officium
542 2145 625 2185 apud
641 2145 812 2177 alterutros
828 2146 988 2186 impediri,

208 2197 234 2227 si
249 2198 388 2229 oratoria
404 2199 502 2230 nimis
516 2201 620 2231 essent
633 2200 795 2240 contigua,
818 2202 913 2231 cantu
926 2209 986 2231 suo

208 2253 322 2283 mutuo
344 2262 377 2283 se
401 2253 660 2294 impedientibus,
686 2255 772 2286 idem
795 2257 900 2295 posset
913 2254 982 2286 fieri

208 2305 246 2336 de
268 2306 504 2346 praedicatione,
533 2317 607 2339 cum
630 2309 802 2349 utrobique
826 2309 905 2339 forte
929 2317 988 2348 pro

208 2368 304 2390 causa
317 2360 424 2400 aliqua
438 2362 611 2401 praedicare
622 2363 833 2403 contingeret.
846 2363 879 2395 Si
891 2363 987 2394 etiam

208 2412 323 2454 aliquis
333 2415 528 2456 quandoque
543 2418 747 2449 confiteretur
764 2418 848 2458 apud
861 2418 941 2457 illos,
957 2420 988 2449 et

207 2468 345 2508 placeret
370 2470 399 2500 ei
420 2470 517 2501 etiam
540 2471 675 2512 alicujus
696 2472 781 2512 apud
806 2481 863 2503 nos
883 2472 986 2503 consi-

208 2521 288 2553 lium
303 2523 479 2563 requirere,
499 2526 556 2555 aut
570 2534 635 2556 non
650 2525 781 2557 auderet
797 2526 899 2557 facere
914 2526 985 2565 hoc,

206 2575 322 2607 timens
347 2577 433 2617 quod
454 2578 541 2618 prior
565 2580 723 2611 confessor
742 2579 984 2620 indignaretur,

207 2631 298 2670 quasi
313 2640 378 2662 non
399 2632 557 2664 sufficeret
573 2633 602 2664 ei
623 2643 680 2674 pro
703 2634 892 2673 confessore,
909 2634 986 2665 dum

206 2687 365 2724 quaereret
388 2686 507 2726 alium,
533 2690 588 2720 aut
609 2688 689 2720 forte
712 2690 879 2729 putaretur
904 2688 986 2720 velle

206 2738 384 2779 explorare,
410 2742 487 2782 quid
509 2742 561 2773 ille
585 2743 635 2774 vel
657 2743 709 2773 ille
733 2742 923 2781 consuleret,
956 2745 986 2774 et

345 2803 421 2827 ΤοΜ.
445 2805 513 2829 mv.

1768 242 1828 273 529

1049 299 1122 332 inde
1139 310 1287 342 quaercre
1309 303 1476 335 materiam
1498 303 1697 337 detrahendi.
1723 305 1757 338 Si
1772 308 1828 348 qui

1049 354 1145 386 etiam
1163 357 1270 396 magis
1283 357 1521 398 frequentarent
1542 357 1623 398 illos,
1641 368 1738 400 quam
1752 361 1829 394 istos

1049 408 1082 439 in
1097 409 1204 441 officio
1216 404 1327 443 divino
1341 412 1393 444 vel
1406 412 1440 443 in
1455 412 1537 450 aliis,
1550 413 1736 447 viderentur
1751 416 1829 448 alios

1049 463 1158 494 minus
1182 464 1325 506 diligere,
1352 468 1384 498 ct
1411 467 1502 499 fieret
1523 468 1656 500 materia
1678 478 1830 502 murmu-

1048 518 1150 550 randi.
1171 519 1310 552 lnssrmis
1325 522 1412 553 enim
1435 522 1582 554 cordibus
1600 532 1640 555 ex
1655 524 1719 556 levi
1737 534 1828 557 occa-

1049 572 1137 604 sione
1152 573 1225 614 plus
1246 575 1432 608 infirmandi
1455 577 1587 609 materia
1606 578 1827 612 ministratur:

1048 629 1079 658 et
1094 627 1165 659 ideo
1186 637 1313 661 necesse
1334 632 1392 670 est,
1414 633 1451 662 ut
1464 634 1709 672 praecaveantur
1732 633 1828 673 talia,

1048 689 1121 721 quae
1143 681 1220 722 ipsis
1240 686 1366 724 nocent,
1390 687 1421 717 et
1435 686 1513 718 alios
1534 688 1763 727 scandalizant,
1789 698 1830 721 nc

1047 737 1156 775 postea
1172 738 1336 769 emendari
1352 748 1417 770 non
1432 740 1548 780 valeat,
1565 742 1652 782 quod
1666 742 1700 774 in
1716 743 1830 784 princi-

1049 789 1102 829 pio
1118 789 1242 822 facilius
1255 795 1466 832 praecavetur.
1485 794 1575 826 Utilis
1595 796 1691 827 etiam
1706 799 1754 829 est
1768 798 1826 830 ho-

1049 844 1191 875 minibus
1218 845 1372 885 civitatis,
1407 848 1465 879 ubi
1494 849 1607 880 fratres
1637 853 1826 892 morantur,

1048 898 1135 938 quod
1145 898 1176 929 in
1190 899 1324 931 diversis
1334 900 1412 932 locis
1427 911 1445 932 a
1455 911 1488 933 se
1503 903 1671 944 disjunctis
1686 905 1829 946 religiosi

1049 954 1226 991 morentur,
1243 963 1342 994 quam
1356 956 1442 996 quod
1452 956 1485 988 in
1499 967 1567 989 uno
1581 959 1705 998 angulo
1720 960 1829 1000 plures

1049 1008 1227 1046 manerent,
1245 1010 1277 1039 et
1291 1008 1352 1040 alia
1367 1019 1441 1050 pars
1454 1011 1559 1042 inanis
1573 1016 1749 1054 remaneat,
1773 1023 1830 1056 per

1048 1068 1188 1100 quorum
1200 1061 1397 1094 vicinitatem
1407 1067 1534 1104 possent
1543 1066 1749 1106 spiritualiter
1757 1077 1829 1100 con-

1047 1113 1155 1145 solari.
1185 1115 1275 1152 Quod
1296 1116 1321 1147 si
1337 1117 1418 1149 forte
1438 1119 1515 1150 tales
1540 1120 1643 1152 forent
1663 1122 1826 1162 religiosi,

1047 1169 1101 1208 qui
1116 1169 1201 1209 apud
1216 1179 1275 1201 nos
1288 1170 1432 1203 habitare
1446 1173 1575 1212 vellent,
1592 1184 1649 1215 per
1663 1185 1744 1216 quos
1762 1186 1828 1209 non

1047 1222 1284 1255 aedificarentur
1300 1225 1419 1265 fideles,
1446 1227 1500 1258 sed
1514 1229 1621 1268 potius
1635 1231 1828 1263 scandaliza-

1045 1279 1170 1316 rentur,
1187 1280 1264 1308 tunc
1278 1280 1409 1311 omnino
1424 1282 1562 1322 expedit,
1580 1284 1665 1324 quod
1685 1294 1750 1316 non
1765 1285 1828 1317 sint

1046 1331 1139 1362 nobis
1154 1331 1262 1371 vicini,
1279 1342 1318 1364 ne
1329 1333 1409 1365 forte
1422 1334 1567 1375 ipsorum
1580 1337 1761 1371 insolentiae
1774 1349 1828 1371 no-

1046 1384 1094 1415 bis
1110 1385 1282 1426 aliquando
1301 1388 1547 1428 ascriberentur,
1574 1392 1630 1422 aut
1649 1393 1828 1425 nesciretur

1046 1448 1087 1470 an
1103 1440 1143 1471 ad
1165 1449 1230 1479 eos,
1244 1441 1294 1472 vel
1310 1442 1348 1473 ad
1363 1451 1422 1474 nos
1436 1443 1571 1475 latenter
1585 1445 1741 1478 intrarent
1753 1457 1826 1488 per-

1046 1502 1134 1525 sonae
1148 1497 1314 1535 suspectae,
1331 1499 1388 1527 aut
1402 1499 1486 1529 certe
1501 1499 1645 1538 ipsorum
1660 1501 1827 1534 dissolutio

1046 1548 1136 1579 fieret
1159 1549 1330 1589 aliquando
1352 1551 1482 1583 novitiis
1506 1554 1623 1585 nostris
1643 1556 1827 1588 tentationis

1046 1603 1178 1641 occasio,
1202 1603 1254 1634 vel
1270 1604 1367 1635 etiam
1382 1605 1452 1636 aliis
1468 1615 1564 1638 causa
1583 1608 1825 1650 inquietudinis,

1045 1658 1076 1687 et
1090 1656 1360 1697 impedimentum
1371 1659 1404 1690 in
1417 1660 1522 1692 studio
1538 1662 1708 1702 spirituali.
1726 1665 1758 1696 Si
1771 1675 1828 1697 au-

1045 1713 1109 1742 tem
1125 1711 1257 1752 quidam
1270 1712 1390 1744 infirmi
1402 1714 1573 1755 aliquando
1586 1717 1739 1758 dolerent,
1751 1729 1827 1752 cum

1043 1766 1125 1797 forte
1143 1765 1288 1797 viderent
1301 1766 1370 1798 aliis
1385 1768 1546 1809 religiosis
1561 1770 1718 1811 largiores
1737 1773 1823 1806 elee-

1046 1827 1198 1860 mosynas
1215 1820 1282 1851 dari
1299 1831 1399 1861 quam
1423 1823 1492 1861 sibi,
1519 1826 1550 1855 et
1570 1836 1609 1857 cx
1632 1827 1692 1858 hac
1706 1828 1827 1860 invidia

1045 1874 1273 1913 torquerentur
1289 1875 1327 1906 de
1343 1876 1504 1909 vicinitate
1525 1879 1663 1919 illorum,
1684 1881 1746 1913 hoc
1769 1892 1828 1914 nec

1046 1928 1233 1966 probamus,
1254 1938 1311 1960 nec
1335 1931 1467 1962 omnino
1489 1941 1663 1973 negamus;
1687 1936 1741 1967 sed
1760 1946 1827 1968 non

1046 1983 1091 2012 est
1106 1983 1215 2013 nostra
1236 1982 1371 2015 intentio
1390 1987 1520 2026 propter
1536 1987 1597 2019 hoc
1611 1990 1763 2029 praedicto
1777 1992 1826 2022 uti

1045 2036 1228 2077 privilegio,
1256 2039 1310 2070 sed
1335 2039 1440 2079 potius
1463 2044 1593 2082 propter
1616 2053 1729 2076 causas
1752 2047 1826 2078 ante

1045 2091 1174 2130 positas,
1195 2094 1226 2123 et
1240 2092 1265 2123 si
1282 2102 1356 2133 quae
1375 2094 1447 2125 aliae
1471 2099 1604 2135 possunt
1622 2099 1825 2132 rationabiles

1044 2143 1198 2176 inveniri.

1314 2191 1430 2224 Quaestio
1449 2197 1551 2224 octava.

1085 2256 1163 2287 Cum
1180 2257 1355 2298 unicuique
1380 2259 1518 2292 liberum
1533 2262 1571 2293 sit
1592 2266 1715 2295 vestem
1731 2275 1824 2297 suam

1044 2310 1192 2348 formare,
1209 2313 1304 2351 prout
1320 2313 1399 2351 vult,
1417 2316 1447 2345 et
1461 2314 1499 2346 de
1515 2325 1624 2356 panno
1648 2327 1704 2350 seu
1719 2320 1824 2352 colore

1043 2365 1196 2404 quolibet,
1220 2366 1373 2398 videmini
1399 2368 1489 2400 valde
1514 2370 1664 2411 injuriari
1687 2373 1820 2413 quibus-

1043 2419 1117 2450 dam
1131 2419 1291 2459 religiosis
1299 2421 1379 2452 viris
1396 2422 1445 2453 vel
1455 2423 1606 2465 foeminis,
1623 2427 1822 2466 prohibendo

1043 2482 1083 2504 ne
1098 2473 1240 2505 deferant
1254 2477 1357 2507 vestes
1372 2477 1405 2507 in
1421 2478 1524 2510 colore
1539 2480 1588 2511 vel
1610 2481 1714 2513 forma
1733 2483 1823 2515 habi-

1042 2527 1090 2557 tui
1104 2530 1211 2560 vestro
1230 2530 1419 2563 conformes.

1359 2627 1510 2662 Responsio.

1083 2691 1189 2723 Multis
1213 2693 1251 2724 de
1274 2695 1378 2726 causis
1400 2695 1548 2728 habitum
1570 2701 1718 2733 nostrum
1743 2703 1822 2735 alios

1075 2755 1105 2785 (a)
1123 2754 1179 2786 Leq,
1196 2763 1210 2780 a
1226 2756 1326 2788 quibus.

1640 2812 1679 2842 34

1853 2294 1945 2315 Cui-ha-

1856 2324 1927 2346 bitum

1838 2358 1938 2378 nostrum

1838 2388 1865 2408 ab
1896 2388 1946 2409 aliis

1854 2420 1934 2442 deferri

1860 2453 1922 2474 iude·

1838 2490 1890 2506 cens
1909 2485 1945 2513 sit,

1838 2522 1879 2537 nec
1895 2523 1944 2538 sus-

1857 2550 1929 2572 tinen-

1837 2585 1891 2605 dum
1898 2591 1943 2606 om-

1838 2616 1899 2638 nino.
