2029 3052
241 255 301 285 508

239 328 339 361 quam
349 319 432 351 filios
444 318 649 351 accrescentis
656 317 673 349 J
675 317 785 358 oseph‚
797 316 1016 357 multipliciter

239 373 404 406 benedixit
419 384 426 405 :
441 373 494 414 pie
508 373 542 404 in
559 373 622 404 hoc
641 371 812 412 providens
831 371 927 402 saluti
945 371 1015 402 ani-

241 436 385 466 marum,
401 426 479 458 etin
500 425 589 456 nullo
610 423 824 465 praejudicans
838 423 1018 455 auctoritati

239 481 439 521 pontificum,
456 481 609 519 tanquam
623 486 758 514 ornans,
780 485 846 508 non
859 477 1017 508 deornans

240 533 483 565 eeclesiasticam
521 531 746 563 hierarchiam.
791 530 892 562 Tanta
931 531 1017 562 enim

240 590 319 626 erat,
330 588 364 618 in
378 587 519 618 adventu
532 585 717 627 hujusmodi
730 594 922 626 pauperum,
935 593 1019 625 prae-

240 642 415 674 dicantium
432 641 561 680 raritas,
579 643 616 672 ut
631 640 708 671 illud
723 639 948 680 evangelicum
968 639 1017 671 vi—

240 696 370 728 deretur
403 695 528 736 impleri
555 706 562 726 :
592 694 707 727 Messis
734 693 866 734 quidem
895 692 1017 732 multa,

242 750 385 790 operarii
412 751 524 788 autem,
549 749 660 788 pauci.
697 747 788 785 Quod
822 748 1020 787 pertractans

242 803 415 843 Gregorius
438 803 481 834 ait
504 803 513 820 ¹
540 812 547 834 :
573 814 588 832 «
603 802 681 833 Ecce
697 801 838 832 mundus
852 801 1020 832 sacerdoti-

241 858 302 890 bus
316 857 430 898 plenus
444 858 508 895 est,
531 859 562 887 et
584 858 693 887 tamen
717 855 752 886 in
775 863 877 885 messe
896 854 950 886 Dei
965 864 1019 886 ra-

241 920 297 942 rus
311 911 477 942 invenitur
490 909 667 950 operarius.
689 908 769 940 Nam
793 908 852 939 etsi
871 910 947 939 sunt
964 908 1020 948 qui

241 965 326 996 bona
343 964 486 1002 audiant,
512 964 627 995 desunt
644 963 700 1004 qui
717 963 832 1001 dicant,
855 963 932 1002 quia
951 962 1018 993 offi-

241 1018 328 1050 cium
336 1018 468 1059 quidem
478 1017 670 1049 sacerdotale
684 1016 879 1057 suscipimus
898 1017 951 1056 (a),
966 1016 1021 1047 sed

241 1082 322 1113 opus
337 1072 431 1103 officii
446 1081 512 1102 non
528 1071 709 1112 implemus.
728 1082 742 1099 n
760 1070 924 1108 Quantum
944 1079 1020 1101 vero

242 1126 475 1168 praedicationis
489 1135 569 1166 opus
587 1125 627 1156 sit
645 1124 790 1156 Ecclesiae
806 1124 1020 1154 necessarium

241 1182 275 1212 in
301 1190 349 1219 se,
375 1180 484 1221 pium,
508 1182 538 1210 et
564 1179 626 1210 Deo
647 1181 833 1219 acceptum,
853 1178 1020 1210 manifeste

243 1235 487 1276 Chrysostomus
518 1233 654 1264 ostendit
680 1240 775 1272 super
813 1232 996 1264 Matthoeum
1012 1257 1019 1270 ,

242 1289 320 1320 illud
334 1290 472 1319 tractans
486 1287 624 1318 verbum
638 1286 851 1324 Dominicum,
864 1286 948 1326 quod
960 1287 1022 1317 dis-

242 1345 348 1385 cipulo
370 1344 449 1375 dixit
470 1345 593 1384 patrem
618 1342 752 1382 sepelire
770 1342 890 1373 volenti
906 1346 917 1361 ¹
935 1352 942 1373 :
969 1343 1022 1374 Di-

241 1400 332 1431 mitte
349 1400 489 1430 mortuos
505 1397 636 1437 sepelire
650 1399 789 1428 mortuos
805 1404 891 1435 suos,
911 1400 945 1429 τιι
966 1405 1022 1428 au-

242 1456 304 1484 tem
326 1452 417 1490 vade,
447 1454 476 1483 et
509 1452 673 1483 annuncia
703 1458 838 1490 reanum
872 1451 940 1482 Dei.
971 1450 1023 1481 Ait

242 1507 328 1538 euim
343 1507 374 1536 ³:
393 1518 407 1535 «
424 1505 584 1545 Numquid
603 1514 666 1535 non
687 1507 755 1535 erat
776 1504 1023 1544 ingratitudinis

242 1562 367 1591 naturae
382 1559 433 1599 (b),
446 1568 510 1590 non
519 1559 618 1597 adire,
631 1568 703 1588 cnm
714 1558 901 1598 sepeliretur
913 1559 1022 1597 pater?

243 1613 412 1644 Prohibuit
425 1621 504 1652 ergo
522 1622 596 1642 enm
608 1636 617 1650 ,
635 1615 825 1650 monstrans,
842 1612 925 1652 quod
943 1612 1022 1642 nibil

242 1666 423 1697 coelestibus
445 1666 582 1705 negotiis
603 1666 708 1705 magis
723 1666 938 1696 necessarium
955 1675 1022 1695 esse

242 1722 412 1760 oporteret,
429 1722 459 1750 et
475 1729 580 1759 ireque
598 1729 711 1759 parum
730 1720 865 1757 tardare,
883 1720 940 1749 etsi
955 1720 1023 1750 val-

242 1774 280 1804 de
295 1773 490 1804 inevitabilia
511 1776 541 1804 et
562 1773 725 1804 incitantia
748 1773 866 1804 suerint
889 1782 962 1813 quae
979 1782 1024 1803 re-

242 1827 386 1858 trahunt.
403 1838 416 1855 n
441 1827 520 1858 Cum
543 1826 644 1866 igitur
666 1826 801 1866 sepelire
834 1827 956 1866 patrem
983 1826 1024 1856 sit

243 1890 371 1921 magnae
388 1881 512 1921 pietatis
533 1890 632 1920 opus,
649 1883 680 1911 et
703 1880 878 1911 secundum
898 1881 1021 1920 sapien-

242 1936 296 1966 tiae
328 1935 487 1965 dictamen
513 1934 631 1965 divium
662 1934 777 1974 majori
808 1934 890 1964 bono
917 1934 1024 1964 minus

243 1988 385 2030 praeferri
400 1997 463 2019 non
478 1988 604 2026 debeat;
619 1987 811 2027 relinquitur
827 1987 910 2027 qnod
927 1988 1026 2026 niujo-

244 2043 288 2073 ris
310 2042 433 2083 pietatis
462 2043 509 2072 cst
534 2041 706 2081 praedia-are
736 2041 873 2071 verbum
903 2041 1022 2079 salutis,

245 2105 341 2136 quam
365 2096 465 2126 facere
484 2105 565 2135 opus
582 2097 882 2135 quantumeumque
901 2095 1025 2125 iniseri-

245 2150 360 2180 cordice
385 2149 567 2188 corporalis.
596 2149 696 2188 Digne
726 2149 856 2188 quidem
870 2172 877 2185 ,
906 2158 962 2188 pro
988 2158 1025 2179 co

246 2204 329 2244 quod
346 2204 552 2244 spiritualiter
567 2213 622 2243 per
637 2204 742 2243 ipsum
759 2203 882 2233 cibatur
894 2206 923 2233 et
939 2206 1025 2243 pota-

246 2260 318 2296 tur,
335 2258 469 2288 vestitur
485 2260 514 2287 et
530 2257 667 2297 bospitio
683 2257 862 2296 colligitur,
880 2258 919 2288 ab
936 2258 1025 2288 intir-

247 2311 357 2342 mitate
372 2311 543 2348 relevatur,
554 2313 583 2341 et
595 2311 760 2341 avinculis
776 2313 806 2341 et
827 2320 844 2341 a
862 2315 964 2342 morte
980 2321 1025 2341 re-

247 2365 380 2395 dimitur
401 2365 531 2404 spiritus
555 2365 593 2394 ad
619 2364 795 2403 imaginem
820 2364 872 2395 Dei
902 2366 1023 2395 sactus:

248 2421 279 2449 et
307 2419 377 2449 ideo
400 2427 474 2448 cum
499 2418 608 2457 gravis
636 2418 675 2447 sit
701 2418 826 2447 sceleris
857 2418 1026 2458 probibere

248 2481 444 2512 quemquam
464 2472 504 2502 ab
525 2471 673 2512 operibns
699 2471 819 2510 piaetatis
847 2475 877 2502 ct
903 2473 1027 2503 miseri-

249 2525 364 2556 σοι-«1133
385 2525 567 2565 corporali-⁸3
585 2525 682 2564 longe
709 2525 839 2563 majoris
858 2525 1028 2565 impietatis

250 2580 310 2610 erit
334 2582 428 2620 atque
450 2579 612 2619 perfidiae,
637 2579 736 2609 divini
760 2579 847 2609 verbi
874 2580 1028 2611 ministris

284 2679 290 2694 ¹
306 2679 422 2709 Cragon,
439 2678 464 2701 in
483 2679 587 2708 Evnmy„
606 2677 676 2701 bom.
696 2683 762 2707 λνιι,
778 2684 803 2701 11.
822 2679 843 2701 ssl.
861 2692 890 2695 —
907 2680 913 2692 ²
927 2680 1027 2709 Mami„

251 2720 307 2744 vill,
321 2716 360 2738 22.
384 2727 414 2732 —
429 2714 439 2729 3
460 2714 604 2745 Chrysea„
627 2714 652 2736 in
674 2713 773 2741 Maean,
799 2714 867 2738 bom.
888 2721 970 2745 xxvii,
995 2716 1027 2739 al.

251 2755 345 2782 xxvm,
361 2756 387 2775 n.
403 2751 426 2774 3.
437 2763 467 2768 -
481 2751 488 2763 ⁴
506 2750 581 2773 Dion.
599 2750 703 2780 Areop.,
717 2749 747 2772 ‹le
762 2749 829 2774 Eccl.
846 2750 926 2781 mean,
947 2760 968 2775 c.
990 2758 1012 2775 vi
1023 2770 1029 2781 ‚

817 247 1028 281 APOLOGIAE
1048 248 1268 285 PAUPERUM

1071 317 1194 351 idoneis
1207 320 1437 361 impedimenta
1450 321 1606 361 praebere.
1630 320 1778 352 Pensatis
1786 320 1851 361 igi-

1071 374 1125 404 tur
1139 373 1329 405 multiformi
1344 375 1478 406 utilitate
1494 384 1530 406 ac
1544 374 1729 406 necessitate
1739 374 1851 406 salutis

1072 427 1256 459 animarum
1269 453 1278 468 ‚
1299 430 1529 461 numerositate
1549 429 1770 469 indigentium
1782 428 1852 469 ple-

1072 481 1174 520 bium,
1191 484 1223 514 et
1229 483 1361 514 raritate
1374 484 1604 515 sufficientium
1615 483 1848 522 ministrorum,

1072 534 1153 566 nulli
1161 535 1254 567 debet
1265 537 1366 568 videri
1380 537 1574 578 injuriosum
1585 540 1616 569 et
1631 537 1848 579 superfluum,

1073 588 1101 619 si
1116 589 1234 620 coelesti
1256 590 1445 622 hierarchiae
1464 591 1656 632 complacuit.
1673 591 1797 632 aliquos
1810 590 1851 622 ad

1072 642 1134 674 hoc
1148 652 1247 684 opu5‚
1263 647 1294 678 ei
1311 645 1338 676 si
1355 654 1420 676 non
1444 645 1630 677 necessitate
1653 645 1850 683 constrictos,

1074 697 1129 728 sed
1144 697 1297 729 charitate
1311 699 1457 730 inductos
1475 699 1595 739 eligere
1605 723 1613 737 ‚
1628 708 1709 740 quos
1724 701 1756 731 et
1774 699 1851 730 sub-

1075 751 1210 783 coelestis
1223 752 1386 784 hierachia
1399 753 1502 785 voluit
1515 755 1546 785 et
1565 753 1675 785 debuit
1693 752 1852 793 approba-

1076 815 1122 837 re.
1140 806 1229 844 Quod
1245 808 1271 838 si
1286 807 1339 838 cui
1354 808 1433 838 forte
1456 807 1583 839 videtur
1597 807 1702 839 ordini
1717 807 1852 847 disposi—

1075 860 1170 891 tionis
1194 860 1385 892 hierarchiae
1419 870 1625 902 nequaquam
1648 870 1715 892 esse
1736 870 1852 892 conve-

1075 914 1168 946 niens
1184 915 1394 946 monasticam
1416 916 1514 946 vitam
1542 915 1701 955 professos
1718 915 1758 947 ad
1772 923 1854 956 opus

1075 968 1310 1008 praedicationis
1324 969 1457 1007 assumi,
1468 978 1526 1009 pro
1536 977 1574 999 eo
1590 968 1676 1009 quod
1684 968 1855 1008 Dionysius

1076 1022 1150 1053 dicit
1165 1022 1176 1039 ⁴
1191 1023 1365 1053 monachos
1389 1022 1424 1053 in
1445 1022 1658 1053 ecclesiastica
1676 1021 1856 1053 hierarchia

1076 1085 1139 1107 non
1154 1076 1272 1107 habere
1287 1078 1406 1107 statum
1421 1075 1658 1117 perficientium
1672 1099 1680 1113 ‚
1704 1075 1757 1106 sed
1783 1084 1857 1116 per-

1076 1129 1306 1169 ficiendorum,
1323 1132 1353 1160 et
1368 1130 1586 1170 Hieronymus
1601 1129 1711 1160 asserit
1728 1132 1750 1168 ³,
1771 1129 1856 1169 quod

1081 1184 1289 1214 «monachus
1309 1192 1376 1214 non
1402 1183 1564 1220 docentis,
1594 1183 1647 1214 sed
1674 1182 1856 1223 plangentis

1077 1237 1172 1268 habet
1192 1238 1354 1276 officium;
1380 1249 1395 1266 n
1425 1240 1456 1269 et
1474 1237 1556 1268 sacri
1583 1246 1720 1269 canones
1746 1237 1854 1268 decer-

1076 1294 1194 1329 nunt⁶‚
1210 1293 1296 1333 quod
1315 1304 1329 1321 «
1349 1292 1496 1323 monachi
1519 1293 1614 1332 Juxta
1640 1292 1688 1322 sui
1713 1291 1856 1322 nominis

1076 1346 1369 1386 interpretationem
1406 1346 1556 1377 solitariae
1587 1346 1662 1376 vitae
1692 1345 1853 1386 deputati,

1077 1400 1240 1431 intendere
1263 1400 1377 1431 debent
1401 1400 1496 1431 saluti
1525 1399 1680 1440 propriae,
1698 1409 1764 1431 non
1779 1400 1855 1431 alie-

1077 1463 1127 1485 nae
1144 1464 1152 1485 2
1171 1465 1185 1482 »
1206 1454 1387 1493 intelligant
1408 1453 1592 1493 hujusmodi
1619 1454 1701 1485 dicta
1727 1456 1856 1494 patrum

1077 1510 1108 1539 et
1135 1517 1295 1539 canonum
1324 1508 1362 1539 de
1390 1508 1501 1539 ordine
1529 1507 1704 1539 monastico
1731 1516 1788 1548 pro
1817 1517 1855 1539 eo

1078 1564 1220 1602 tempore
1259 1562 1356 1593 fuisse
1392 1563 1597 1602 pronuntiata
1617 1586 1626 1600 ,
1664 1572 1728 1602 quo
1763 1563 1856 1593 erant

1078 1616 1160 1647 inter
1194 1625 1248 1647 eos
1284 1625 1427 1656 personae
1456 1616 1581 1647 laicales
1608 1619 1639 1647 et
1677 1617 1852 1656 imperitae,

1078 1679 1142 1700 non
1171 1670 1379 1701 sacerdotales
1406 1672 1436 1700 et
1463 1670 1618 1700 litteratae.
1646 1669 1742 1706 Nam,
1773 1670 1855 1700 sicut

1078 1724 1161 1754 idem
1192 1725 1242 1754 vir
1273 1724 1490 1755 hierarchicas
1511 1724 1612 1762 docet,
1633 1723 1720 1764 quod
1742 1731 1856 1754 mona-

1082 1777 1217 1808 chorum
1242 1780 1289 1808 est
1308 1777 1458 1817 purgari,
1476 1777 1664 1815 illuminari,
1681 1779 1712 1807 ct
1733 1777 1853 1816 perfici,

1078 1831 1122 1861 sic
1142 1831 1238 1861 etiam
1264 1831 1341 1861 illud
1367 1840 1431 1861 non
1457 1831 1590 1869 reticet,
1621 1830 1706 1871 quod
1735 1839 1859 1870 purga-

1079 1893 1132 1922 re,
1164 1884 1368 1922 illuminare,
1397 1887 1428 1914 et
1457 1885 1607 1924 perficere
1642 1884 1681 1915 ad
1712 1884 1858 1915 ordinem

1079 1939 1195 1977 spectet
1223 1936 1460 1967 sacerdotalem.
1492 1936 1624 1977 Insuper
1653 1938 1683 1966 et
1707 1936 1858 1976 professio

1080 1990 1265 2031 bujiisniodi
1290 1999 1467 2030 pauperum
1493 1999 1557 2020 non
1586 1998 1700 2029 parnm
1725 1989 1819 2020 distat
1840 1998 1859 2020 a

1081 2045 1274 2085 professione
1301 2044 1555 2081 monachorum3
1588 2045 1619 2074 ct
1643 2042 1727 2083 quod
1756 2043 1860 2082 majus

1080 2100 1137 2134 cst,
1156 2097 1340 2137 hujusmodi
1362 2096 1557 2127 hierarchica
1572 2104 1669 2136 opera
1687 2104 1751 2125 non
1766 2103 1859 2134 pera-

1081 2153 1165 2190 gunt
1185 2150 1370 2181 auctoritate
1387 2159 1445 2179 sna
1457 2174 1464 2187 ‚
1482 2149 1535 2179 sed
1556 2148 1812 2185 Ordinariornm,
1828 2150 1860 2179 et

1081 2205 1245 2244 potissime
1274 2204 1392 2234 summi
1418 2203 1579 2234 Pontisscis
1597 2227 1604 2241 ‚
1631 2204 1724 2241 cujus
1751 2202 1857 2241 dispo-

1082 2258 1204 2289 sitionis
1217 2257 1387 2287 auctoritas
1402 2257 1509 2287 onmia
1520 2257 1595 2295 jura
1609 2256 1858 2296 positivatrans-

1082 2312 1198 2342 cendit.
1218 2311 1279 2342 Nec
1295 2311 1332 2341 ad
1349 2311 1408 2340 hoc
1426 2311 1572 2340 sernntnr
1592 2309 1768 2341 secuudum
1785 2317 1858 2348 pro-

1082 2366 1160 2403 prim
1178 2365 1348 2395 voluntatis
1361 2364 1544 2401 arbitrium,
1559 2363 1613 2394 sed
1620 2365 1716 2403 Juxta
1731 2362 1858 2394 manda-

1082 2421 1151 2449 tum
1167 2418 1379 2459 superiorum,
1400 2427 1419 2447 a
1436 2418 1551 2457 quibus
1567 2417 1789 2454 instituuntur,
1807 2424 1859 2446 re-

1083 2473 1250 2511 gulantur,
1268 2472 1476 2511 castigantur,
1493 2474 1523 2501 et
1539 2471 1809 2508 transmittuntur,
1823 2472 1859 2500 ut

1083 2528 1151 2558 veri
1166 2528 1222 2557 filii
1248 2527 1445 2563 obedientiae,
1470 2535 1534 2556 non
1558 2528 1592 2556 ut
1617 2525 1776 2565 gyrovagi
1808 2524 1859 2555 vel

1083 2581 1242 2618 sarahitae,
1254 2590 1317 2610 non
1326 2580 1501 2610 secuudum
1512 2588 1682 2609 nnmerum
1697 2588 1819 2617 vagum
1829 2581 1860 2609 et

1084 2668 1095 2697 ἒ
1111 2669 1134 2690 3.
1144 2680 1175 2684 ·—
1191 2666 1324 2691 ⁵11i0r0n..
1334 2664 1525 2695 ltrll'.1⁷s9tl(tll!.,
1540 2663 1588 2687 col.
1599 2669 1633 2687 111.
1651 2664 1701 2687 106.
1712 2676 1741 2680 -
1755 2663 1763 2675 ¹³
1773 2664 1858 2694 caus„

1084 2709 1125 2726 xvi
1137 2722 1142 2732 ,
1162 2710 1184 2726 c.
1201 2704 1227 2733 S,
1244 2702 1327 2732 quoad
1343 2708 1455 2724 sensum.

1118 2753 1153 2783 (α)
1169 2752 1243 2783 Apud
1259 2751 1333 2781 (ἶνες.
1351 2750 1517 2781 suscepimus.
1530 2762 1558 2766 —
1575 2748 1609 2780 (b)
1624 2749 1680 2780 Ley.
1698 2750 1828 2774 extremm.
