2029 3052
606 193 893 228 RESPONSIONIS
915 195 1108 231 SECUNDAE
1129 198 1260 231 CAPUT
1283 198 1322 230 11.

158 263 344 305 exemplum
373 273 414 296 ex
441 263 508 296 vita
544 263 685 296 sumitur
720 263 933 304 perfectorum

159 318 392 350 coenobitarum
405 342 415 356 ,
437 327 538 359 quam
565 317 748 350 describens
776 317 935 358 Hierony-

158 381 243 412 muS,
261 372 306 404 ait
340 372 476 413 loquens
503 371 541 403 de
570 371 657 403 sanis
685 374 695 391 ¹
724 380 733 402 z
763 383 778 401 α
807 371 937 404 Vivitur

158 435 250 467 pane,
280 425 513 466 leguminibus,
544 427 576 456 et
598 425 750 465 oleribus,
773 434 848 466 quae
871 426 936 457 sale

158 480 226 512 solo
254 479 459 511 condiuntur.
483 490 498 509 n
529 479 649 511 Dehinc
680 489 738 521 pro
777 479 936 512 debilibus

157 533 264 566 subdit
289 544 296 565 :
318 545 332 564 ει
351 533 472 566 Vinum
495 536 622 566 tantum
647 543 739 567 senes
762 535 934 576 accipiunt,

157 588 274 629 quibus
297 589 329 620 et
350 588 493 629 parvulis
515 598 601 630 saepe
629 589 666 620 fit
692 589 880 630 prandium,
901 591 936 621 ut

156 643 295 675 aliorum
323 643 405 674 fessa
437 645 634 675 sustentetur
667 645 765 681 aetas,
795 646 827 675 et
854 643 936 675 alio-

156 706 232 729 rum
243 706 309 729 non
323 697 492 737 frangatur
506 697 672 738 incipiens.
689 708 704 727 υ
724 697 798 729 Post
810 697 881 729 haec
898 698 936 730 de

157 751 393 783 infirmantibus
414 751 483 783 ait:
507 762 522 781 «
546 751 580 783 Si
605 751 677 792 quis
704 761 782 784 vero
804 752 937 792 coeperit

157 807 328 846 aegrotare,
344 805 535 837 transfertur
550 805 589 836 ad
604 805 756 837 exedram
775 806 934 845 latiorem,

157 862 188 891 et
202 861 289 891 tanto
303 869 419 891 senum
431 860 609 892 ministerio
624 860 821 900 confovetur,
832 863 868 892 ut
878 870 937 892 nec

157 913 286 946 delicias
308 914 457 953 urbium,
479 923 538 946 nec
561 915 672 946 matris
701 917 827 955 quaerat
853 915 936 947 affe-

157 970 283 1000 ctum.»
301 968 377 1001 Haec
391 969 617 1010 Hieronymus.
635 969 735 1001 Porro
749 970 937 1010 exemplum

157 1023 287 1055 secundi
302 1023 467 1055 manifeste
480 1023 622 1063 refulget
631 1024 665 1054 in
676 1023 810 1063 Christo,
822 1024 861 1055 de
871 1033 937 1065 quo

157 1077 403 1118 chrysostomus
434 1085 529 1117 super
560 1077 748 1110 Matthoeum
763 1078 773 1094 2
790 1088 802 1108 .·
823 1089 837 1107 «
858 1077 936 1109 Vide

157 1133 276 1172 quanta
296 1134 343 1163 est
365 1131 481 1162 Christi
506 1132 539 1162 in
567 1131 832 1163 condescensione
861 1132 936 1163 dili-

158 1186 279 1226 gentia,
297 1186 379 1217 sicut
393 1195 467 1217 cum
484 1186 628 1217 comedat
640 1187 672 1217 et
685 1186 783 1225 bibat,
802 1196 875 1218 cum
891 1187 937 1219 vi-

156 1240 269 1272 deatur
284 1249 324 1271 ex
338 1240 472 1271 adverso
487 1239 602 1271 Joanni
615 1239 743 1278 faciens,
760 1242 791 1271 et
804 1241 865 1272 hoo
879 1240 937 1272 Ju-

157 1294 303 1326 daeorum
326 1293 430 1334 gratia
454 1293 565 1325 salutis
587 1294 677 1332 facit,
702 1294 807 1333 magis
827 1297 936 1326 autem

157 1349 243 1380 orbis
265 1350 425 1380 terrarum
448 1347 609 1387 universi,
626 1347 935 1388 simulquehaereti-

157 1412 268 1435 corum
293 1403 463 1434 obstruens
486 1411 552 1433 ora.
579 1413 594 1430 n
619 1402 772 1442 Magister
796 1412 936 1444 namque

156 1456 357 1497 perfectionis
378 1456 571 1488 omnimodae
595 1456 687 1488 Jesus
710 1455 877 1496 Christus,
904 1459 936 1489 et

156 1511 612 1552 supportatorimperfectionis
621 1512 750 1549 nostrae,
759 1513 936 1552 utrumque

155 1565 266 1596 debuit
288 1565 322 1595 in
342 1574 400 1596 sua
424 1564 491 1596 vita
514 1568 708 1603 monstrare;
732 1575 806 1596 cum
826 1567 935 1597 tamen

154 1619 294 1651 Joannes
314 1621 413 1650 totam
438 1619 599 1659 peregerit
627 1619 728 1650 vitam
759 1620 935 1651 secundum

155 1673 364 1705 arctissimam
393 1673 593 1704 abstinentiae
623 1673 742 1712 legem.
768 1674 808 1705 Et
830 1684 935 1714 quan-

155 1736 253 1767 quam
268 1729 357 1758 aetus
368 1727 547 1758 abstinendi
564 1727 733 1766 perfectior
751 1727 791 1758 sit
805 1736 846 1758 ex
859 1737 935 1768 pro-

154 1781 225 1821 prio
237 1790 366 1821 genere,
384 1781 551 1821 perfectius
566 1782 673 1812 tamen
694 1781 762 1821 egit
777 1782 932 1821 Christus,

155 1845 253 1875 quam
274 1835 411 1866 Joannes
423 1859 431 1874 ,
448 1835 523 1875 quia
546 1837 577 1866 et
596 1835 719 1875 puriori
744 1836 838 1867 modo
852 1836 886 1867 in
901 1846 935 1868 se

154 1889 224 1930 ipso
239 1889 413 1927 abstinuit,
430 1890 461 1919 et
475 1888 545 1919 aliis
567 1898 607 1919 ex
627 1890 812 1928 perfectiore
827 1890 934 1920 chari-

154 1945 218 1974 tate
233 1942 464 1974 condescendit.
482 1942 571 1973 Unde
586 1944 617 1973 et
629 1943 831 1982 perfectionis
847 1953 933 1983 prae-

155 1997 268 2037 cipuus
283 1998 417 2028 sectator
432 1996 603 2037 Apostolus
617 2006 683 2027 non
705 1997 810 2028 solum
825 1997 932 2029 imita-

154 2051 251 2082 bilem
266 2059 300 2082 se
315 2051 436 2091 praebet
449 2050 483 2080 in
496 2050 682 2081 austeritate
701 2051 776 2082 vitae
786 2075 793 2089 ,
818 2061 933 2084 verum

154 2105 250 2136 etiam
272 2105 324 2145 pia
350 2105 388 2136 ad
413 2104 576 2145 proximos
599 2104 878 2145 condescensione,
895 2107 934 2138 ad

154 2158 335 2190 Corinthios
369 2159 475 2190 dicens
492 2161 502 2178 ³
524 2169 530 2189 :
549 2159 665 2190 Factus
692 2167 765 2191 sam
788 2160 934 2199 infirmis

154 2212 324 2251 infirmus,
342 2215 379 2244 ut
398 2212 546 2251 infirmos
565 2212 808 2252 lucrifacerem:
834 2215 934 2246 omni-

154 2266 211 2297 bus
239 2266 348 2298 omnia
367 2266 472 2304 factus
496 2274 586 2305 sum,
607 2269 643 2299 ut
664 2275 770 2299 omnes
796 2268 933 2306 facerem

153 2319 270 2352 salvos.
301 2319 389 2350 Hanc
417 2320 691 2351 condescensionis
720 2321 933 2354 aediticatoriae

153 2374 290 2405 sormam
316 2373 477 2413 discipulis
503 2373 542 2404 ad
566 2374 805 2413 praedicandum
827 2376 933 2407 missis

153 2427 308 2459 Dominus
330 2427 433 2465 dedit,
450 2436 524 2458 cum
546 2427 590 2457 ait
606 2428 688 2459 ⁶:172
711 2429 819 2461 eadem
840 2430 931 2463 domo

154 2484 290 2520 vnanete,
307 2481 431 2513 edentes
454 2484 482 2513 ec
503 2481 650 2520 bibentes,
670 2490 741 2522 quse
755 2484 845 2523 apud
860 2484 932 2517 illos

154 2538 241 2568 sunt.
266 2535 305 2567 Et
327 2536 408 2566 ratio
427 2545 446 2566 a
470 2534 619 2566 Matthaeo
642 2536 784 2568 redditur
803 2538 812 2554 ⁵
839 2548 847 2569 :
873 2539 932 2572 Est

186 2634 195 2649 ¹
211 2633 371 2665 Hieronym.,
391 2633 425 2657 (αἱ
444 2633 568 2664 Ειιείοε]ι.,
590 2634 662 2665 epist.
682 2640 751 2666 xxii,
768 2636 810 2659 ubi
831 2644 886 2668 sup.
901 2650 931 2656 —

155 2669 164 2685 ²
179 2669 319 2700 chrysost„
338 2670 363 2692 in
381 2669 484 2699 Mamm,
502 2669 572 2693 hom.
593 2676 680 2701 xxvn,
697 2670 730 2695 al.
747 2677 849 2702 xxv111,
865 2680 890 2697 n.
908 2676 930 2698 3.

157 2718 183 2721 —
200 2705 231 2728 ⁵1
249 2705 315 2735 Corn,
334 2711 368 2735 ix,
383 2706 422 2729 233.
437 2718 469 2723 —
483 2707 490 2719 ⁴
505 2706 571 2736 Lac„
589 2712 613 2736 x,
627 2707 649 2730 7.
668 2719 693 2724 —-
709 2707 719 2724 ⁵
731 2707 834 2739 Malta,
850 2711 929 2740 x,10.

1716 204 1775 233 439

990 266 1078 298 enim
1092 266 1214 308 dianus
1230 267 1397 308 operarius
1411 267 1479 301 cibo
1497 275 1567 302 suo.
1588 268 1670 307 Quia
1686 269 1773 300 enim

991 319 1137 361 discipuli
1159 331 1314 362 pauperes
1337 324 1439 360 erant,
1456 324 1487 354 et
1500 322 1666 354 laboriosis
1688 332 1772 364 prae-

991 373 1157 406 dicationis
1170 377 1413 417 exponebantur
1428 376 1637 415 discursibus,
1654 386 1695 409 ne
1714 387 1774 418 pro

990 428 1126 468 penuria
1139 431 1170 460 et
1183 429 1368 462 difficultate
1391 430 1510 462 laboris
1523 431 1556 462 in
1572 440 1606 462 se
1623 431 1701 472 ipsis
1716 431 1771 463 de-

991 481 1133 520 ficerent,
1151 483 1213 522 vel,
1225 493 1284 524 pro
1293 484 1498 516 difformitate
1513 485 1630 523 victus,
1647 485 1774 516 onerosi

991 535 1204 567 redderentur
1217 538 1463 578 suscipientibus
1475 539 1570 579 ipSOS,
1584 528 1773 580 hujusmodi

991 589 1050 620 fuit
1062 589 1107 621 eis
1122 599 1140 621 a
1156 590 1290 622 Domino
1308 591 1435 624 vivendi
1455 593 1559 624 forma
1574 594 1772 634 praescripta,

990 644 1057 674 tam
1084 643 1134 684 pie
1153 654 1251 685 quam
1273 646 1424 686 provide,
1441 648 1478 677 ut
1500 649 1531 678 et
1549 646 1621 678 aliis
1641 647 1774 678 condes-

991 697 1179 736 cenderent,
1206 700 1237 730 et
1252 699 1436 739 injunctum
1459 700 1519 731 sibi
1535 701 1678 732 laborem
1694 702 1775 733 viri-

991 750 1064 782 liter
1088 752 1224 783 tolerare
1238 753 1393 784 valerent.
1414 753 1463 784 Ex
1486 755 1646 794 praedictis
1670 756 1776 794 igitur

991 805 1158 844 elucescit,
1176 807 1263 847 quod
1282 809 1348 838 tam
1369 807 1529 840 abstinere
1546 818 1565 839 a
1579 809 1730 840 carnibus
1745 812 1777 842 et

991 859 1079 898 vino,
1100 869 1199 900 quam
1219 860 1272 891 his
1290 861 1349 900 uti,
1370 864 1474 902 potest
1494 862 1563 893 fieri
1578 864 1715 903 perfecte
1740 866 1772 895 et

991 913 1195 953 imperfecte3
1212 915 1380 947 sedunum
1394 940 1402 953 ,
1419 916 1537 947 scilicet
1550 917 1721 956 abstinere,
1738 918 1775 949 fit

991 967 1128 1008 perfecte
1157 977 1197 999 ex
1217 969 1346 1009 proprio
1370 978 1506 1009 genere,
1536 970 1673 1003 alterum
1697 981 1775 1003 vero

991 1020 1114 1052 ratione
1131 1022 1381 1054 circumstantiae
1403 1024 1576 1064 adjunctae,
1597 1034 1671 1056 cum
1687 1035 1728 1056 ex
1743 1035 1776 1057 se

985 1075 1098 1124 'magis
1114 1076 1249 1108 declinet
1264 1077 1303 1108 ad
1321 1077 1606 1118 imperfectionem.
1625 1078 1702 1110 Haec
1715 1089 1774 1111 au-

992 1132 1055 1162 tem
1072 1140 1138 1161 non
1154 1131 1270 1162 idcirco
1286 1131 1434 1170 dicimus,
1449 1132 1525 1172 quia
1536 1133 1626 1164 cibus
1637 1133 1671 1164 in
1681 1134 1777 1174 culpa

993 1184 1044 1223 sit,
1058 1194 1133 1216 cum
1143 1185 1224 1216 dicat
1232 1185 1403 1225 Apostolus
1412 1186 1451 1217 ad
1462 1186 1641 1218 Corinthios
1653 1188 1662 1204 ⁶
1674 1198 1680 1218 z
1694 1188 1777 1220 Esca

992 1246 1049 1271 nos
1062 1247 1127 1271 non
1141 1239 1344 1272 commendat
1355 1240 1428 1272 Deo.
1444 1240 1555 1271 Glossa
1572 1252 1579 1272 z
1600 1253 1614 1270 «
1628 1241 1775 1282 Sumpta,

992 1293 1043 1323 vel
1055 1302 1117 1324 non
1129 1295 1291 1333 sumpta.»
1304 1293 1342 1324 Et
1352 1294 1570 1334 Augustinus,
1582 1294 1668 1326 libro
1681 1296 1775 1327 tertio

992 1347 1030 1378 de
1040 1347 1194 1380 Doctrina
1206 1347 1394 1380 Christiana
1405 1351 1415 1368 '¹
1423 1357 1434 1379 .·
1447 1359 1461 1378 <‹
1471 1349 1552 1386 Quid
1562 1349 1651 1388 locis,
1662 1351 1693 1380 et
1703 1351 1780 1380 tem-

992 1401 1079 1442 pori,
1097 1403 1128 1432 et
1151 1402 1295 1441 personis
1317 1402 1508 1441 conveniat,
1525 1402 1700 1442 diligenter
1724 1406 1777 1434 at-

992 1457 1188 1488 tendendum
1201 1460 1259 1496 est,
1275 1467 1316 1488 ne
1331 1460 1451 1489 temere
1463 1458 1589 1498 flagitia
1603 1459 1777 1499 reprehen—

992 1511 1116 1542 damus
1133 1511 1216 1542 Fieri
1231 1512 1318 1543 enim
1336 1514 1449 1552 potest,
1465 1515 1501 1543 ut
1515 1513 1583 1543 sine
1599 1513 1705 1554 aliquo
1722 1514 1774 1545 vi-

992 1567 1036 1597 tio
1051 1567 1226 1607 cupidinis,
1248 1567 1299 1599 vel
1319 1568 1500 1599 voracitatis
1513 1592 1520 1606 ,
1544 1569 1773 1607 pretiosissimo

992 1621 1062 1652 cibo
1077 1621 1204 1661 sapiens
1219 1623 1340 1660 utatur,
1355 1621 1510 1662 insipiens
1520 1624 1627 1653 autem
1638 1623 1775 1654 foedissi-

993 1684 1055 1705 mae
1076 1675 1164 1714 gulae
1187 1675 1319 1705 flamma
1341 1675 1377 1705 in
1400 1675 1592 1707 vilissimum
1618 1677 1773 1715 ardescat,

992 1730 1024 1759 et
1043 1728 1153 1759 sanius
1180 1729 1317 1769 quisque
1350 1729 1499 1760 maluerit
1528 1739 1617 1761 more
1647 1731 1775 1762 Domini

992 1783 1076 1823 pisce
1092 1783 1197 1821 vesci,
1221 1793 1319 1824 quam
1340 1783 1490 1814 lenticula
1507 1793 1596 1815 more
1610 1784 1705 1823 Esau,
1720 1787 1776 1817 aut

991 1837 1113 1868 hordeo
1132 1846 1220 1867 more
1240 1837 1474 1876 jumentorum.
1491 1848 1505 1866 n
1526 1837 1602 1869 Haec
1616 1838 1774 1878 Augusti-

991 1899 1063 1921 nus.
1083 1891 1131 1921 Ad
1147 1890 1231 1930 quod
1255 1890 1350 1920 etiam
1369 1891 1443 1921 facit
1459 1891 1544 1931 quod
1560 1892 1635 1922 dicit
1651 1892 1773 1931 Grego-

991 1946 1073 1982 rius,
1099 1944 1181 1975 libro
1202 1953 1269 1974 ΧΧΧ
1292 1944 1467 1976 Moralium
1484 1944 1494 1960 ³
1512 1955 1518 1975 :
1541 1956 1556 1973 (ι
1576 1944 1647 1976 Non
1671 1945 1773 1985 cibus,

991 1998 1046 2029 sed
1066 1998 1224 2038 appetitus
1245 1999 1279 2028 in
1300 1998 1378 2029 vitio
1404 2000 1460 2029 est.
1482 2010 1496 2027 >2
1518 1998 1606 2029 Unde
1626 1999 1775 2030 lautiores

991 2052 1077 2083 cibos
1095 2052 1285 2092 plerumque
1302 2052 1370 2083 sine
1385 2053 1478 2093 culpa
1491 2053 1661 2092 sumimus,
1674 2055 1705 2084 et
1720 2053 1774 2084 ab·

988 2106 1137 2146 Jectiores
1152 2115 1217 2136 non
1233 2106 1300 2136 sine
1318 2108 1409 2137 reatu
1431 2107 1633 2137 conscientiae
1653 2107 1771 2146 degus-

991 2162 1108 2191 tamus.
1125 2160 1205 2190 Hinc
1223 2160 1307 2191 Esau
1322 2161 1497 2200 primatum
1513 2170 1569 2201 per
1589 2161 1773 2192 lenticulam

990 2214 1144 2255 perdidit,
1165 2216 1194 2244 et
1214 2214 1299 2244 Elias
1320 2214 1353 2245 in
1378 2224 1485 2246 eremo
1513 2224 1624 2246 earnes
1652 2216 1772 2247 edendo

990 2269 1143 2300 virtutem
1155 2268 1295 2308 corporis
1308 2269 1458 2300 servavit.
1476 2268 1563 2300 Unde
1574 2271 1605 2300 et
1620 2270 1772 2310 antiquus

990 2323 1090 2354 hostis
1118 2323 1260 2363 primum
1289 2323 1349 2353 sibi
1380 2323 1547 2354 homiuem
1575 2333 1639 2354 non
1664 2333 1769 2361 carne,

990 2377 1044 2408 sed
1060 2385 1155 2417 pomo
1171 2376 1324 2411 subdidit:
1337 2378 1367 2407 et
1382 2377 1570 2415 secundum,
1584 2387 1649 2408 non
1662 2386 1769 2414 carne,

989 2431 1043 2461 sed
1058 2439 1139 2470 pane
1155 2430 1298 2460 tentavit.
1317 2429 1406 2461 Patet
1420 2431 1532 2470 igitur,
1550 2431 1635 2471 quod
1651 2431 1770 2462 delica-

989 2485 1029 2515 tis
1044 2484 1090 2515 uti
1103 2493 1159 2524 pro
1174 2483 1243 2514 loco
1258 2486 1288 2514 et
1301 2485 1443 2524 tempore
1458 2493 1630 2524 possumus
1648 2486 1769 2525 absque

989 2540 1116 2579 peccato
1134 2548 1140 2568 :
1168 2537 1245 2577 quia
1264 2539 1382 2576 tamen,
1408 2547 1464 2577 per
1487 2538 1711 2569 excitationem
1729 2540 1779 2580 (a),

992 2651 1017 2655 —
1031 2637 1040 2651 θ
1055 2637 1061 2660 Ι
1075 2637 1144 2665 Cor„
1154 2641 1210 2666 vm,
1226 2637 1249 2660 8.
1262 2649 1288 2653 —-
1303 2637 1310 2650 ⁷
1324 2638 1400 2666 Aug„
1413 2635 1443 2659 (le
1456 2636 1526 2660 Doct.
1542 2636 1650 2668 Christ„
1664 2637 1708 2661 lib.
1726 2637 1768 2668 tlt,

990 2681 1012 2697 c.
1033 2679 1085 2702 ΧΠ,
1100 2679 1126 2696 n.
1147 2674 1186 2696 19.
1207 2685 1238 2690 -—
1256 2672 1267 2689 8
1287 2673 1374 2702 Greg„
1394 2672 1496 2702 Moral.,
1514 2672 1557 2697 lib.
1574 2674 1654 2703 XXX,
1671 2680 1693 2697 c.
1710 2679 1768 2704 xiii,

991 2710 1025 2734 al.
1042 2714 1116 2740 xviii,
1132 2715 1158 2732 n.
1174 2710 1212 2732 60.
1226 2722 1256 2726 —
1272 2708 1308 2739 (α)
1323 2708 1383 2733 Caet.
1395 2707 1455 2732 edit.
1469 2708 1687 2734 exercitationem.
