2060 3052
625 187 675 220 DE
697 186 754 220 SS.
777 183 1008 218 APOSTOLIS.
1032 182 1165 215 SERMO
1188 181 1269 214 Vlli.
1723 179 1763 209 23

140 259 248 296 inquit,
267 258 410 287 «duobus
423 256 573 286 mandatis
586 255 724 284 universa
738 254 788 283 lex
799 253 921 291 pendet,

141 306 344 343 etprophetoe.
359 316 373 331 »
392 304 450 334 Sed
464 303 539 341 quid
552 305 594 332 est
606 303 683 332 hoc?
695 301 848 338 Numquid
860 308 922 329 non

141 356 209 382 sunt
222 353 281 382 alia
297 352 391 381 multa
404 351 548 379 mandata
557 350 625 379 Dei?
640 350 769 379 Audistis
787 348 923 385 quaestio-

141 409 227 429 nem:
243 400 344 429 audite
357 398 592 436 responsionem.
604 397 763 434 Gregorius
775 396 855 425 enim
865 396 923 423 hoc

142 448 247 485 quaerit
270 447 371 475 dicens
385 448 394 464 ¹
411 454 418 474 :
434 455 448 472 <c
463 447 537 474 Cum
560 446 666 473 cuncta
695 452 779 472 sacra
803 442 925 479 eloquia

140 495 231 532 plena
245 495 302 523 sint
317 493 475 522 dominicis
492 492 663 529 praeceptis,
681 491 755 528 quid
770 492 822 526 est,
840 489 924 527 quod

143 543 180 571 de
195 542 261 571 sola
276 541 445 575 dilectione,
461 540 547 577 quasi
562 540 600 568 de
620 539 763 575 singulari
782 538 925 567 mandato

143 590 285 619 Dominus
308 589 378 617 dicit
401 598 407 617 :
429 582 493 617 Hoc‘
504 591 542 616 est
562 590 724 624 proeceptum
738 595 835 620 meum,
857 586 924 620 etc„

143 637 199 665 nisi
220 637 291 674 quia
315 644 404 664 omne
426 636 602 663 mandatum
625 635 662 663 de
682 634 747 662 sola
768 633 925 662 dilectione

144 686 197 719 est,
212 685 240 712 et
255 683 405 720 quidquid
415 682 594 719 praecipitur,
607 682 638 710 in
650 682 715 710 sola
730 681 869 709 charitate
881 688 926 708 so-

143 732 276 760 lidatur‘e
304 732 361 759 Nec
385 730 477 758 habet
500 729 616 766 aliquid
643 728 798 757 viriditatis
826 736 927 756 ramus

143 779 217 808 boni
238 778 347 815 operis,
363 777 386 806 si
402 785 464 806 non
478 777 619 806 manserit
642 776 673 804 in
688 776 788 804 radice
803 775 928 803 charita-

144 827 189 855 tis.
205 837 218 854 »
237 828 269 855 Et
284 825 385 854 addit:
406 827 571 861 «Praecepta
583 832 653 860 ergo
671 823 822 851 Dominica
834 822 928 851 multa

145 875 222 910 sunt,
239 875 266 901 et
280 881 374 901 unum
391 882 397 900 :
414 872 507 900 multa
521 880 574 908 per
590 871 790 900 diversitatem
812 869 926 907 operis3

145 923 173 949 et
191 929 285 949 unum
300 920 332 948 in
349 920 450 948 radice
472 919 630 948 charitatis.
648 928 662 945 »
690 917 863 954 Exemplum
885 919 929 945 est

145 968 176 996 in
191 968 309 1002 arbore,
322 968 406 1003 cujus
420 967 496 995 rami
508 967 538 994 in
549 975 579 994 se
590 968 658 994 sunt
669 965 778 993 diversi
791 966 819 992 et
831 964 927 999 multi,

146 1016 199 1044 sed
218 1016 250 1043 in
272 1015 373 1043 radice
394 1016 462 1043 sunt
484 1014 570 1049 uniti,
593 1022 611 1041 a
632 1021 693 1050 qua
714 1012 873 1049 accipiunt,
897 1014 930 1040 ut

146 1063 204 1091 sint
217 1063 278 1090 vivi
302 1064 330 1090 et
348 1062 489 1090 fructiferi
505 1072 511 1089 ι
529 1061 601 1098 quia
620 1061 682 1089 sine
700 1069 735 1088 ea
760 1061 828 1088 sunt
846 1067 928 1087 moru

146 1111 199 1145 tui,
215 1112 242 1138 et
255 1110 346 1138 nullis
367 1109 471 1137 usibus
486 1109 556 1145 apti.
573 1108 631 1137 Nisi
646 1108 736 1144 igitur
755 1108 795 1136 sic
815 1109 842 1135 et
866 1115 930 1135 om-

147 1157 198 1185 nia
212 1165 304 1194 opera
331 1159 432 1185 nostra
456 1156 513 1184 sint
531 1164 645 1190 unum,
666 1156 728 1183 sive
752 1155 884 1183 radicata
901 1154 931 1182 in

148 1204 249 1233 divina
266 1204 417 1238 charitate,
433 1204 556 1231 omnino
571 1204 638 1231 sont
651 1202 735 1230 nulla
756 1211 762 1230 :
790 1202 861 1238 quia
876 1209 930 1229 nec

148 1254 206 1281 Deo
220 1253 345 1288 possunt
358 1259 420 1279 esse
437 1252 567 1287 accepta,
581 1249 638 1278 nisi
658 1249 766 1277 fuerint
785 1249 842 1277 hoc
862 1249 930 1285 igne

148 1302 278 1328 excocta.
295 1300 366 1328 Sunt
381 1298 460 1326 enim
476 1297 577 1326 omnia
598 1305 690 1333 opera
709 1298 811 1324 nostra
832 1296 928 1331 bona,

108 1384 109 1387 Ἰ
148 1346 335 1375 considerata
353 1346 384 1373 in
399 1353 440 1380 se,
457 1344 531 1373 sicut
544 1352 637 1381 poma
651 1344 795 1378 silvatica,
812 1343 861 1371 vel
875 1343 930 1371 do-

148 1394 270 1422 mestica
285 1401 346 1421 non
361 1394 489 1427 matura,
506 1400 572 1428 quae
585 1393 653 1419 sunt
668 1391 792 1419 omnino
804 1390 930 1426 inutilia,

149 1442 172 1469 si
186 1449 247 1483 non
260 1440 368 1468 fuerint
382 1440 451 1475 igne
471 1439 596 1474 digesta,
612 1440 640 1466 et
657 1438 808 1466 medlente
831 1438 931 1466 calore

149 1489 188 1517 ad
203 1488 402 1516 maturitatem
415 1487 546 1515 redacta.
567 1486 639 1514 Dicit
649 1485 729 1527 e·nim
742 1486 891 1522 Scriptura
901 1487 911 1502 2
923 1495 930 1514 ε

152 1536 289 1571 «Diliges
311 1535 471 1563 Dominum
487 1535 579 1562 Deum
600 1535 682 1561 tuum
707 1541 741 1561 ex
764 1534 825 1561 toto
841 1533 932 1561 corde

150 1585 213 1619 tuo,
222 1594 236 1611 »
248 1583 279 1611 id
294 1584 346 1618 est,
363 1582 392 1610 in
409 1584 469 1610 toto
485 1581 651 1615 intellectu,
662 1579 725 1608 sine
739 1589 838 1609 errore
856 1590 862 1609 :
875 1589 933 1609 «ex

150 1633 211 1659 tota
224 1630 324 1658 anima
338 1632 389 1658 tua
401 1650 409 1664 ,
422 1640 436 1656 »
454 1629 486 1657 id
501 1630 553 1663 est,
569 1628 600 1655 in
615 1629 676 1656 tota
689 1628 854 1662 voluntate,
870 1628 932 1656 sinc

150 1677 402 1712 contradictione3
424 1677 508 1704 “tota
530 1677 627 1704 mente
643 1677 703 1710 tua,
720 1685 733 1700 »
751 1675 783 1702 id
801 1677 853 1709 est,
869 1683 933 1703 me-

150 1725 260 1760 moria,
285 1725 347 1752 sine
372 1723 543 1757 oblivione3
573 1724 630 1750 «et
654 1722 794 1750 omnibus
819 1722 934 1750 viribus

151 1773 218 1808 tuis,
234 1783 247 1798 n
265 1772 297 1800 id
312 1773 372 1805 est,
395 1771 462 1799 totis
483 1770 665 1804 visceribus,
681 1770 743 1797 sive
759 1769 913 1797 affectibus
925 1791 933 1804 ,

151 1821 213 1848 sine
225 1819 395 1848 omissione.
408 1819 430 1847 O
443 1826 534 1854 quam
545 1817 615 1845 felix
630 1818 717 1852 esset,
728 1817 780 1853 qui
791 1817 831 1844 sic
843 1818 934 1844 Deum

152 1869 275 1900 amaret,
291 1868 318 1894 et
332 1866 363 1894 in
376 1865 460 1893 nullo
477 1865 514 1893 de
528 1873 563 1893 eo
576 1865 697 1898 erraret,
712 1865 761 1892 vel
775 1864 882 1892 falsum
898 1864 934 1892 de

153 1923 188 1943 eo
203 1914 332 1948 sentiret,
350 1913 381 1941 in
395 1912 479 1940 nullo
502 1913 564 1947 ejus
579 1912 725 1940 voluntati
749 1912 935 1940 contradice-

151 1964 213 1997 ret,
234 1962 286 1989 sed
300 1969 330 1989 se
349 1959 496 1988 voluntati
510 1960 618 1987 divinae
633 1959 842 1994 conformaret,
858 1968 935 1987 sem-

151 2017 204 2045 per
226 2017 295 2037 eum
314 2008 345 2036 in
365 2007 510 2035 memoria
534 2006 669 2040 haberet,
691 2006 770 2034 etde
793 2007 858 2042 ipso
872 2006 936 2042 jugi

152 2055 297 2084 memoria
311 2055 465 2091 cogitaret,
490 2056 516 2082 et
527 2053 601 2081 nihil
617 2054 654 2081 de
667 2054 883 2090 pertinentibus
898 2053 936 2082 ad

152 2103 304 2132 servitium
318 2102 409 2139 ipsius
422 2102 580 2135 omitteret,
596 2101 649 2129 sed
664 2109 768 2129 omnes
781 2102 857 2129 vires
869 2109 938 2129 suas

153 2151 192 2178 ad
212 2151 270 2178 hoc
291 2150 389 2186 ipsum
411 2149 600 2185 impenderet
617 2150 622 2176 !
646 2149 715 2182 Quis
738 2148 787 2176 tali
802 2148 938 2176 felicior?

154 2198 220 2234 quis
235 2197 415 2225 sublimior?
433 2196 498 2232 quis
519 2197 577 2223 Deo
595 2195 729 2231 gratior?
748 2195 805 2223 Sed
827 2195 878 2223 ubi
898 2196 939 2223 est

153 2244 243 2272 hodie
260 2244 336 2279 talis,
359 2243 451 2271 immo
477 2242 544 2279 quis
565 2251 626 2270 non
651 2243 833 2270 contrarium
848 2242 939 2270 facit?

154 2294 256 2320 Nonne
272 2291 368 2319 omnis
383 2291 514 2318 mundus
530 2290 685 2318 erroribus
699 2290 806 2326 plenus
825 2290 939 2317 existit?

153 2340 255 2367 Nonne
265 2339 398 2366 humana
418 2337 562 2365 voluntas
585 2337 615 2364 in
635 2337 681 2365 his
701 2337 822 2365 deficit?
838 2339 940 2365 Nonne

153 2386 243 2415 hodie
260 2385 356 2421 gulosi
373 2384 441 2421 plus
459 2384 497 2411 de
513 2384 640 2419 deliciis,
661 2384 742 2412 avari
757 2384 824 2420 plus
842 2384 878 2412 de
894 2384 940 2411 di-

154 2433 242 2468 vitiis,
255 2432 357 2461 lascivi
372 2432 440 2468 plus
457 2431 494 2459 de
511 2431 608 2465 vanis,
626 2431 745 2467 superbi
766 2431 834 2467 plus
850 2439 942 2467 quam

156 2481 193 2509 de
210 2482 286 2514 Deo,
303 2480 334 2507 in
357 2478 526 2507 honoribus
551 2478 754 2506 delectantur?
778 2480 824 2506 Est
843 2480 942 2506 tamen

156 2527 287 2556 notabile
302 2526 402 2561 valde,
423 2525 509 2562 quod
524 2526 616 2552 Deum
632 2525 819 2561 diligendum
841 2526 944 2554 asserit

157 2577 217 2603 toto
233 2573 341 2602 corde:
365 2572 439 2609 quid
456 2574 498 2601 est
518 2572 598 2600 enim
619 2574 680 2600 toto
701 2573 791 2601 corde
808 2573 943 2609 diligere,

190 2637 337 2669 ¹flreg.,1'7z
353 2637 460 2667 Ευαηφ,
475 2636 546 2660 honi.
561 2641 642 2665 xxxii,
657 2643 682 2660 n.
701 2637 721 2659 1.
738 2650 767 2654 -—
781 2638 790 2653 2
807 2638 891 2668 Dent„
908 2643 941 2668 vr,

159 2676 221 2699 5.-
234 2675 242 2688 ³
255 2673 345 2703 Ecclt„
363 2678 435 2704 xxxx,
451 2674 490 2696 20.
504 2685 532 2689 -
550 2672 560 2688 ⁶
575 2672 661 2703 Asson,
678 2678 696 2703 1,
715 2674 736 2697 5,

978 251 1034 280 nisi
1048 259 1123 288 pure
1139 251 1167 279 et
1182 250 1245 279 sine
1259 249 1342 278 socio
1358 255 1471 281 amare,
1486 247 1518 275 id
1534 248 1587 281 est,
1601 245 1677 274 nihil
1689 240 1771 283 prae-'

977 300 1021 327 ter
1035 307 1104 327 eum
1119 298 1266 334 diligere?
1289 298 1354 325 Non
1369 295 1450 324 enim
1465 296 1508 323 est
1520 293 1626 322 vinum
1639 301 1761 330 purum,

979 346 1025 374 cui
1041 345 1175 373 admixta
1190 346 1232 373 est
1252 352 1331 381 aqua
1350 353 1356 372 :
1381 343 1442 371 imo
1464 341 1557 370 virtus
1579 340 1762 375 debilitatur,

979 394 1092 429 quanto
1112 392 1179 428 plus
1199 400 1284 428 aquae
1305 391 1347 419 ilii
1368 389 1551 426 adjungitur.
1572 388 1618 416 Sic
1636 389 1665 415 et
1689 389 1764 415 Deus
1803 410 1813 418 .

978 441 1060 467 tanto
1074 439 1173 466 minus
1188 441 1316 474 amatur,
1331 440 1443 475 quanto
1458 436 1527 473 plus
1538 435 1669 464 extranei
1682 442 1765 463 amo-

979 487 1019 515 ris
1035 486 1061 514 ei
1074 486 1200 523 aliquod
1215 486 1405 514 admiscetur.
1418 484 1502 512 Nulla
1514 483 1594 512 enim
1606 484 1648 510 est
1660 482 1764 517 virtus,

981 543 1048 571 quae
1060 543 1096 562 ex
1107 533 1293 570 appositione
1305 533 1350 561 sui
1362 531 1502 561 contrarii
1516 538 1578 559 non
1592 530 1691 558 minor
1701 529 1766 557 red-

981 582 1079 615 datur,
1095 581 1170 609 sicut
1184 589 1220 608 ex
1243 580 1430 617 appositione
1454 579 1498 606 sui
1520 577 1624 606 similis
1638 578 1766 605 robora-

981 631 1037 657 tur.
1053 631 1127 657 Nam
1142 636 1250 656 aurum
1264 636 1385 664 purum,
1402 627 1478 662 ignis
1493 634 1554 654 non
1571 626 1653 654 timet
1667 624 1768 653 incen-

982 676 1066 704 dium
1083 685 1089 704 :
1107 684 1168 704 non
1187 675 1329 703 scinditur
1349 674 1470 709 malleo,
1487 675 1767 710 quantumcumque

982 723 1163 760 percutiatur
1169 733 1177 759 3
1189 723 1242 751 sed
1255 722 1363 750 ictibus
1375 721 1524 751 dilatatur,
1541 722 1573 748 ut
1584 720 1673 748 etiam
1685 719 1768 748 omni

981 771 1085 799 formae
1100 772 1136 799 sit
1150 772 1263 807 aptum.
1278 769 1334 797 Sed
1349 769 1373 797 si
1388 768 1463 805 quid
1481 767 1640 796 adulterini
1655 766 1768 794 mctalli

982 819 1069 847 fuerit
1084 819 1112 847 ei
1125 817 1304 852 admixtum,
1321 823 1439 852 semper
1461 815 1517 843 sub
1533 814 1643 843 malleo
1658 814 1768 842 scindi-

983 868 1040 902 tur,
1062 875 1118 894 nec
1143 865 1259 902 aliquid
1276 872 1313 892 ex
1336 871 1370 891 eo
1392 862 1526 897 efficitur,
1549 870 1708 898 quousque
1729 861 1768 889 ab

984 922 1019 942 eo
1029 935 1036 949 ,
1063 913 1147 950 quod
1173 912 1342 940 adulterum
1366 913 1424 945 est,
1445 911 1608 946 separatur.
1638 909 1684 938 Sic
1707 916 1770 937 non

983 963 1080 997 potest
1095 962 1169 988 Deus
1188 959 1316 996 perfecte
1341 957 1447 992 amari,
1469 957 1526 985 nisi
1545 956 1632 984 solus
1642 957 1770 991 ametur,

984 1016 1039 1036 nec
1053 1007 1169 1044 aliquid
1185 1015 1253 1034 cum
1268 1014 1303 1033 eo
1320 1007 1493 1033 extraneum
1510 1004 1661 1039 diligatur,
1685 1003 1770 1039 quod

984 1063 1046 1083 non
1060 1057 1181 1091 propter
1195 1053 1294 1090 ipsum
1307 1053 1432 1080 ametur.

1020 1102 1126 1135 Tertio,
1143 1101 1182 1129 ad
1195 1101 1332 1128 divinum
1354 1106 1488 1127 amorem
1505 1098 1621 1126 inducit
1635 1106 1690 1126 nos
1705 1098 1770 1135 Ipsa

986 1150 1080 1186 gratia
1095 1148 1183 1177 nobis
1191 1148 1221 1175 in
1231 1146 1438 1183 redemptione
1455 1145 1615 1175 salvatoris
1626 1145 1768 1174 exhibita.

988 1199 1024 1225 De
1040 1204 1101 1233 qua
1116 1196 1243 1224 dicitur3
1261 1204 1266 1222 :
1288 1205 1301 1219 «
1315 1194 1445 1222 Gratiam
1468 1192 1652 1229 fidejussoris
1676 1193 1719 1220 tui
1733 1201 1771 1221 ne

987 1244 1189 1272 obliviscaris:
1204 1242 1286 1271 dedit
1301 1242 1380 1270 enim
1394 1243 1485 1278 prote
1498 1241 1631 1269 animam
1646 1248 1743 1269 suam.
1755 1251 1768 1268 »

985 1295 1050 1321 Non
1066 1293 1168 1329 utique
1184 1291 1266 1319 dedit
1286 1299 1410 1324 aurum,
1425 1298 1487 1318 non
1510 1291 1666 1325 argentum
1677 1310 1686 1324 ,
1710 1297 1773 1317 non

986 1340 1120 1376 lapidem
1134 1338 1298 1375 pretiosum
1308 1359 1316 1372 ,
1332 1346 1394 1365 non
1409 1344 1543 1371 servum,
1560 1344 1622 1364 non
1637 1335 1772 1372 aliquem

987 1387 1174 1423 angelorum,
1192 1386 1244 1414 sed
1261 1386 1401 1422 seipsum.
1417 1384 1486 1418 Quis
1501 1392 1584 1420 ergo,
1598 1383 1654 1411 nisi
1665 1383 1701 1411 sit
1710 1391 1772 1411 ma-

987 1435 1033 1462 lus
1057 1442 1177 1468 servus,
1203 1441 1265 1461 non
1285 1432 1390 1468 diligat
1417 1431 1596 1460 Dominum?
1620 1430 1690 1464 Quis
1710 1432 1774 1458 tam

987 1482 1094 1513 malus,
1110 1484 1142 1509 ut
1156 1489 1186 1509 se
1209 1489 1226 1509 a
1246 1488 1362 1508 carcere
1387 1487 1448 1507 non
1472 1480 1551 1506 amet
1571 1478 1773 1506 liberantem?

988 1529 1057 1563 Quis
1072 1530 1132 1556 tam
1147 1528 1279 1563 ingratus
1293 1527 1344 1563 qui
1365 1527 1408 1554 est
1422 1526 1461 1554 ad
1480 1527 1608 1553 mortem
1624 1525 1773 1559 infirmus,

989 1576 1074 1612 quod
1088 1584 1150 1604 non
1165 1576 1244 1603 amet
1257 1574 1408 1602 medicum
1425 1573 1487 1600 sine
1503 1572 1598 1608 pretio
1617 1580 1647 1599 se
1663 1580 1772 1599 curan-

989 1624 1069 1652 tem?
1083 1626 1114 1651 Et
1129 1623 1195 1659 quis
1211 1622 1288 1651 adeo
1306 1629 1479 1658 perversuS,
1496 1620 1519 1647 si
1542 1621 1584 1648 est
1600 1627 1705 1654 caecuS,
1722 1619 1774 1655 qui

989 1681 1051 1701 non
1065 1674 1143 1700 amet
1158 1670 1378 1699 illuminantem
1393 1677 1423 1697 se
1434 1671 1448 1697 ἱ)
1463 1671 1537 1697 Nam
1551 1667 1625 1704 pulli
1641 1667 1775 1695 hirundi-

990 1728 1063 1748 num
1079 1727 1147 1747 suas
1162 1720 1263 1746 amant
1278 1719 1402 1751 matres,
1419 1725 1449 1744 se
1464 1715 1675 1743 illuminantes.
1694 1716 1775 1742 Certe

990 1776 1045 1796 nos
1061 1774 1179 1795 eramus
1204 1765 1355 1794 diabolico
1380 1764 1491 1792 carceri
1512 1763 1694 1799 mancipati,
1711 1770 1776 1790 era-

990 1823 1057 1843 mus
1071 1814 1189 1851 penitus
1205 1812 1285 1847 caeci,
1302 1814 1329 1840 et
1346 1820 1363 1839 a
1378 1819 1450 1839 vera
1460 1811 1527 1839 luce
1541 1810 1642 1845 alieni,
1659 1818 1778 1838 eramus

991 1863 1113 1899 peccato
1130 1860 1251 1895 mortui,
1269 1861 1297 1887 et
1309 1859 1371 1894 jam
1387 1858 1473 1894 quasi
1488 1857 1643 1885 ininferno
1659 1857 1777 1893 sepulti.

992 1908 1152 1943 Quomodo
1168 1915 1240 1943 ergo
1263 1914 1325 1934 non
1346 1906 1433 1933 illum
1452 1905 1640 1939 amabimus,
1657 1904 1709 1940 qui
1724 1912 1780 1932 nos

995 1966 1048 1985 sua
1071 1956 1165 1992 gratia
1180 1954 1376 1988 illuminavit,
1399 1952 1450 1989 qui
1479 1960 1497 1980 a
1521 1960 1638 1980 carcere
1666 1951 1781 1979 diaboli

993 2013 1048 2033 nos
1060 2002 1211 2037 liberavit,
1230 2004 1257 2029 et
1273 2009 1328 2029 nos
1350 2008 1367 2028 a
1388 2001 1483 2027 morte
1500 1999 1611 2035 culpze,
1636 2007 1690 2026 suo
1714 2006 1781 2026 san-

995 2052 1084 2088 guine
1101 2050 1265 2084 redimens,
1282 2049 1350 2076 vitae
1364 2047 1512 2075 restituit?
1528 2046 1608 2074 Unde
1624 2046 1731 2073 dicitur
1746 2046 1756 2062 ⁶
1773 2054 1780 2073 ς

997 2109 1010 2125 «
1026 2099 1136 2127 Dilexit
1150 2106 1215 2133 nos,
1233 2098 1261 2125 et
1276 2095 1350 2124 lavit
1371 2103 1426 2122 nos
1450 2103 1468 2122 a
1483 2093 1610 2129 peccatis
1630 2093 1737 2120 nostris
1751 2092 1783 2120 in

995 2146 1140 2181 sanguine
1156 2153 1221 2172 suo.
1241 2154 1254 2171 n
1278 2144 1299 2171 Ο
1322 2141 1457 2170 inaudita
1481 2140 1616 2168 dilectio!
1639 2149 1656 2168 o
1670 2140 1784 2175 magni-

995 2193 1069 2221 ficus
1084 2193 1187 2220 amor!
1206 2199 1224 2219 o
1241 2198 1313 2218 vera
1327 2188 1467 2226 probatio
1490 2187 1655 2215 dilectionis
1667 2208 1675 2221 ,
1698 2187 1781 2222 dum,

995 2250 1051 2277 pro
1067 2248 1171 2269 amore
1184 2239 1331 2270 hominis,
1349 2245 1437 2265 suum
1461 2236 1638 2271 sanguinem
1654 2235 1740 2270 fudit,
1756 2236 1784 2262 et

997 2288 1213 2316 crudelissimae
1228 2286 1316 2314 morti
1332 2293 1361 2313 se
1382 2283 1522 2318 tradidit,
1539 2291 1593 2310 nec
1609 2283 1646 2310 de
1662 2290 1784 2310 concer-

997 2335 1137 2363 nentibus
1153 2334 1323 2370 quidquam
1336 2331 1452 2360 omisit!
1470 2331 1496 2358 Si
1517 2330 1558 2357 sic
1583 2329 1663 2357 canis
1686 2329 1784 2357 domi-

998 2391 1069 2410 num
1086 2390 1176 2410 suum
1192 2383 1272 2409 amat
1288 2388 1343 2416 pro
1359 2387 1436 2415 pane
1452 2377 1673 2411 modico;sisic
1689 2384 1785 2412 equus

997 2438 1052 2466 pro
1075 2429 1199 2457 modico
1225 2427 1356 2462 hordeo3
1382 2427 1405 2453 si
1433 2425 1474 2453 sic
1499 2427 1527 2452 et
1549 2425 1647 2452 asinus
1663 2432 1717 2459 pro
1732 2432 1785 2460 pa-

999 2477 1071 2505 bulo
1091 2479 1118 2504 et
1131 2476 1223 2510 foeno,
1250 2477 1396 2511 quantum
1425 2473 1473 2500 ille
1498 2480 1515 2499 a
1535 2471 1621 2499 nobis
1639 2471 1786 2499 amandus

1000 2524 1108 2558 existit,
1125 2524 1177 2559 qui
1192 2530 1313 2550 carnem
1326 2529 1410 2548 suam
1427 2519 1509 2547 dedit
1524 2518 1611 2546 nobis
1628 2519 1658 2546 in
1673 2518 1786 2553 cibum,

1000 2570 1182 2606 sanguinem
1202 2570 1232 2597 in
1251 2572 1353 2606 potum
1365 2590 1373 2603 ,
1389 2567 1481 2595 vitam
1506 2566 1535 2593 in
1555 2566 1704 2601 meritum,
1716 2568 1742 2594 et
1757 2574 1787 2594 se

1002 2622 1098 2647 totum
1113 2618 1145 2646 in
1161 2617 1338 2654 praemium?
1352 2618 1424 2643 Nam
1440 2614 1504 2649 leo,
1522 2613 1596 2641 sicut
1614 2613 1644 2641 in
1660 2613 1789 2641 Domini-

1003 2667 1118 2696 calibus
1135 2666 1327 2695 Sei-monibus
1343 2664 1432 2701 patet,
1449 2671 1518 2691 cum
1533 2671 1550 2691 a
1562 2664 1697 2700 serpente
1711 2662 1789 2690 cine-

1833 2619 1911 2639 Exem-

1803 2649 1873 2677 plum.
