2029 3052
387 201 465 209 ...ρ-μη

222 267 314 299 bium
337 266 448 299 divina
470 266 671 308 providentia
695 265 727 298 id
752 265 880 305 gestum
908 270 996 301 esse,

220 321 305 362 quod
315 321 370 353 tali
378 320 523 361 dogmati
533 320 594 352 tale
601 319 848 360 praemitteretur
857 315 996 354 initium,

222 377 258 406 ut
271 376 326 415 qui
339 374 419 414 legit
429 375 593 414 agnoscat,
610 373 696 414 quod
704 372 801 404 libelli
813 371 912 411 hujus
926 378 998 401 con-

220 429 366 469 scriptor,
383 429 420 459 ut
440 427 596 459 detractor
617 427 769 467 loquitur,
787 434 851 456 non
871 425 908 455 ut
923 423 996 454 doc-

219 483 280 512 tor.
298 481 392 519 Sane,
409 481 484 521 quia
507 480 708 512 detractionis
722 479 838 511 vitium
853 484 996 508 excaeca-

219 534 339 566 tionem
350 534 481 574 inducit,
490 534 645 574 Gregorio
652 534 685 565 in
693 533 829 574 registro
839 530 975 564 dicente¹
986 541 993 561 :

223 599 237 618 11
251 588 332 627 Quid
354 588 439 620 aliud
455 588 656 620 detrahentes
678 588 809 627 faciunt,
829 586 891 618 nisi
910 585 996 626 quod

218 641 250 672 in
264 641 432 682 pulverem
447 642 589 681 susssant,
612 644 708 683 atque
732 642 766 672 in
787 640 896 672 oculos
919 647 994 670 suos

216 697 336 727 terram
355 696 505 735 excitant,
530 698 567 728 ut
588 696 674 728 unde
697 695 769 736 plus
793 693 995 726 detractionis

215 750 362 790 perflant,
379 750 453 781 inde
464 750 567 790 magis
575 749 656 781 nihil
668 749 808 782 veritatis
818 748 965 780 videant?
975 758 989 776 1)

215 803 289 835 Ideo
303 804 445 844 perversi
458 804 557 844 hujus
567 803 730 844 dogmatis
738 803 840 834 cultor
855 811 992 843 semper,

214 857 292 888 dum
309 857 429 896 scribit,
454 857 488 888 in
513 859 605 898 pejus
627 857 762 898 proficit,
785 858 817 887 et
839 858 992 896 tanquam

214 919 316 942 caecus
328 911 362 942 in
376 912 501 943 foveam
517 912 592 943 ruit.
604 911 685 944 Nam
696 912 927 951 consequenter
942 919 995 940 an-

213 965 312 996 nectit
328 976 335 996 :
357 976 372 994 «
388 964 470 1003 Quid
483 965 570 996 enim
584 965 671 997 aliud
683 965 786 996 dicere
798 963 924 1001 volunt,
936 962 993 1003 qui

215 1019 246 1049 iu
263 1019 330 1050 suis
345 1020 470 1060 scriptis
491 1020 721 1060 dogmatizant,
738 1019 825 1060 quod
847 1018 992 1050 Christus

216 1072 369 1104 Dominus
383 1073 491 1114 aliqua
505 1074 584 1114 egit,
598 1083 663 1105 non
678 1074 712 1105 in
723 1082 860 1105 summae
875 1073 993 1114 perfec-

214 1126 311 1158 tionis
325 1127 552 1167 ostensionem,
573 1128 627 1159 sed
646 1128 681 1159 in
702 1128 918 1165 infirmorum,
934 1136 992 1158 seu

214 1180 473 1220 imperfectorum
484 1181 796 1220 condescensionem,
813 1182 907 1222 cujus
922 1190 994 1212 con-

213 1235 351 1266 trarium
367 1235 538 1276 aliquando
549 1236 628 1267 viris
641 1236 785 1276 perfectis
795 1236 897 1267 facere
908 1235 990 1274 licet,

213 1297 277 1319 non
299 1289 570 1329 vituperabiliter,
597 1290 652 1321 sed
680 1289 900 1328 laudabiliter,
927 1289 993 1320 imo

212 1342 403 1375 laudabilius
428 1344 550 1384 agitur,
574 1353 672 1385 quam
695 1344 866 1375 omittitur.
890 1355 904 1373 1)
927 1343 994 1374 Ηο6

213 1398 260 1428 651
283 1397 379 1428 etiam
401 1398 486 1438 quod
508 1407 566 1438 pro
591 1407 719 1429 summo
746 1398 843 1429 habet
867 1407 990 1437 errore,

214 1451 300 1490 quod
324 1452 479 1491 tanquam
501 1461 663 1483 venenum
685 1452 850 1490 abhorret,
874 1453 905 1482 et
925 1460 994 1483 res-

214 1504 295 1544 puit,
308 1505 393 1545 quod
404 1504 547 1536 Christus
556 1505 649 1544 Deus,
663 1506 755 1545 cujus
771 1505 909 1546 perfecta
919 1508 994 1536 sunt

214 1567 322 1598 opera,
340 1559 470 1600 aliquod
484 1568 564 1599 opus
586 1560 735 1599 effecerit,
754 1569 810 1600 per
827 1559 912 1600 quod
928 1559 993 1590 im-

214 1613 360 1652 perfectis
376 1613 649 1652 condescenderet,
671 1616 703 1645 et
721 1614 870 1652 infirmis,
887 1623 923 1645 ac
938 1623 994 1654 per

214 1664 275 1696 1106
304 1665 604 1697 condescensionem
625 1666 812 1706 huiusmodi
837 1667 994 1706 tanquam

214 1718 396 1750 rectitudini
425 1719 573 1759 perfectae
598 1719 803 1756 contrariam,
826 1719 867 1750 ab
882 1728 992 1750 exem-

215 1773 295 1813 plari
310 1774 504 1805 omnimodae
519 1774 721 1814 perfectionis
733 1775 864 1806 omnino
880 1774 995 1806 astruit

215 1836 283 1858 esse
295 1828 445 1859 alienam.
459 1828 548 1866 Quod
563 1829 713 1868 quamvis
721 1829 889 1869 superficie
900 1831 994 1860 tenus

214 1880 361 1911 videatur
376 1881 533 1912 excelsam
553 1882 687 1921 justitiae
711 1882 937 1922 perfectionem
961 1883 994 1913 in

216 1933 339 1965 Christo
354 1935 563 1975 praetendere,
583 1937 615 1966 et
636 1935 706 1967 ideo
726 1936 767 1966 ad
780 1936 850 1976 eJ'us
865 1936 994 1967 laudem

215 1988 386 2028 pertinere,
396 1989 473 2029 quia
482 1991 590 2020 tamen
601 1989 720 2029 abipso
735 1991 842 2020 actum
856 1999 993 2021 summae

215 2042 341 2081 pietatis
356 2042 507 2080 excludit,
524 2042 605 2073 1111111
622 2042 708 2073 aliud
723 2044 780 2082 est,
802 2052 900 2083 quam
922 2044 993 2075 fon-

216 2095 255 2125 tis
271 2096 497 2127 misericordiae
516 2105 625 2135 venas,
648 2096 821 2137 salutisque
837 2097 905 2128 vias
932 2098 994 2128 ini-

216 2157 278 2188 que
293 2149 488 2189 praecludere
499 2174 507 2189 ,
530 2159 655 2182 necnon
670 2150 768 2191 Regis
783 2151 895 2182 aeterni
916 2161 992 2183 con-

217 2202 436 2234 descensivani
469 2204 671 2236 clementiam
709 2205 805 2245 impie
839 2205 992 2247 blasphe-

217 2264 316 2287 mare.

256 2309 304 2340 Ad
327 2309 544 2342 defensionem
564 2312 668 2351 igitur
690 2312 853 2350 veritatis,
877 2315 908 2344 et
930 2313 992 2344 im-

216 2363 438 2402 probationem
465 2365 583 2395 erroris
594 2390 602 2404 ,
632 2366 752 2405 eligere
780 2366 992 2407 disponimus,

215 2417 362 2457 exemplo
377 2417 477 2448 David
491 2418 515 2456 ²,
538 2419 680 2459 quinque
694 2420 932 2460 limpidissimos
947 2421 992 2452 la-

216 2471 305 2511 pides
320 2471 358 2502 de
373 2473 514 2502 torrente
538 2473 744 2504 redundantis
763 2474 926 2514 sapientiae
940 2484 992 2506 ca-

214 2524 407 2556 tholicorum
429 2525 618 2563 Doctorum,
644 2527 780 2566 quibus,
807 2528 834 2558 si
858 2529 911 2568 pia
934 2529 995 2559 fide

246 2587 253 2602 ¹
268 2588 354 2618 Grcg„
370 2588 404 2611 ml
417 2588 517 2612 pallad.
538 2588 632 2619 presb„
651 2588 695 2613 lib.
712 2590 778 2619 Vlll,
795 2590 869 2620 cpist.
885 2597 943 2621 XLV,
961 2591 993 2615 al.

215 2620 259 2645 lib.
276 2623 323 2652 Xl,
340 2623 416 2654 epist.
433 2630 460 2647 11.
479 2637 509 2641 —
529 2624 537 2637 ²
555 2625 561 2647 1
579 2625 647 2655 Reqq
669 2631 737 2653 xvii,
756 2628 794 2649 40.
810 2639 840 2642 —-
856 2626 864 2639 ³
878 2628 953 2656 Aue,
969 2628 994 2649 in

215 2657 284 2682 Psal.
301 2665 357 2690 6111,
373 2667 449 2684 serni.
469 2667 515 2691 111,
534 2667 559 2684 n.
580 2664 613 2684 11.
630 2674 660 2678 -—
681 2662 686 2674 ⁸
704 2661 807 2692 Alutae,
823 2668 893 2689 1111,
910 2665 948 2685 sis.
964 2676 994 2679 —-

214 2694 223 2709 ⁵
241 2693 310 2724 Lucu,
328 2701 394 2726 xxii,
410 2698 449 2720 42.
462 2710 492 2714 -
509 2696 631 2728 “”Α111111.,
650 2697 674 2720 in
689 2697 757 2728 Luc„
773 2697 816 2720 lili.
835 2698 864 2728 X,
880 2705 906 2721 11.
923 2700 961 2721 513,

711 193 996 229 RESPONSIONIS
1019 193 1156 226 PRlMAE
1179 193 1306 227 CAPUT
1328 194 1352 225 l.

1777 201 1836 231 413

1057 262 1183 294 veritati
1199 262 1347 294 assentiri
1363 261 1517 302 voluerit,
1542 263 1709 297 nobiscum
1729 275 1835 298 arme-

1055 317 1109 346 tur
1119 327 1127 354 ;
1143 316 1168 347 si
1185 319 1293 348 autem
1308 317 1345 347 ut
1364 315 1481 346 effrons
1497 316 1653 357 resistere,
1674 318 1708 349 in
1732 319 1836 352 fronte

1054 369 1197 401 feriatur.
1215 370 1332 401 Audiat
1342 379 1421 410 ergo
1433 370 1576 410 primum
1587 372 1665 412 quid
1679 373 1762 405 dicat
1772 374 1837 406 Au-

1055 423 1206 463 gustinus
1227 425 1237 441 ⁸
1255 434 1262 455 :
1284 435 1299 454 «
1320 423 1455 463 Habuit,
1476 436 1490 453 »
1514 424 1630 465 inquit,
1650 437 1665 455 «
1683 426 1836 459 Dominus

1053 476 1185 516 loculos,
1201 479 1232 509 et
1246 477 1366 509 dictum
1381 479 1428 509 est
1442 478 1481 509 de
1496 479 1688 519 quibusdam
1704 480 1834 521 religio-

1054 531 1098 562 sis
1118 531 1269 571 soeminis,
1290 533 1377 573 quod
1397 531 1622 564 ministrabant
1642 533 1671 565 ei
1692 534 1731 566 de
1755 535 1834 566 sub-

1052 585 1171 616 stantia
1185 594 1253 616 sua.
1268 585 1409 617 Futurus
1424 589 1491 618 erat
1506 588 1537 618 et
1552 587 1671 619 Paulus
1681 588 1761 619 nihil
1772 589 1834 620 tale

1052 639 1224 680 aliquando
1241 649 1401 680 quaerens,
1415 643 1446 672 et
1460 641 1570 673 omnia
1583 643 1834 683 provincialibus

1051 693 1184 724 donans.
1201 693 1262 725 Sed
1285 694 1360 734 quia
1376 694 1470 725 multi
1490 694 1612 727 infirmi
1633 697 1693 728 ista
1713 698 1832 738 11116651-

1051 747 1115 777 turi
1130 749 1232 786 erant,
1242 748 1349 787 magis
1365 748 1570 780 infirmorum
1586 760 1757 791 personam
1766 761 1836 784 sus-

1051 799 1134 840 cepit
1153 799 1307 832 Christus.
1330 800 1508 832 Sublimius
1532 802 1651 834 Paulus
1675 805 1835 845 numquid

1050 854 1081 883 et
1094 853 1241 885 Christo?
1255 853 1434 886 Sublimius
1447 854 1604 895 Christus,
1621 856 1699 897 quia
1712 858 1834 889 miseri-

1050 907 1187 938 cordius.
1201 907 1280 939 Cum
1293 908 1380 939 enim
1396 908 1518 940 videret
1531 909 1669 941 Paulum
1684 920 1751 943 non
1766 921 1834 944 esse

1049 960 1110 991 ista
1135 962 1364 1001 quaesiturum,
1393 963 1532 1002 providit
1558 964 1598 1004 (α)
1626 973 1667 995 116
1695 965 1832 997 damna-

1050 1016 1098 1045 ret
1120 1015 1352 1055 quaesiturum,
1373 1019 1404 1048 et
1418 1017 1558 1057 praebuit
1573 1019 1758 1060 exemplum
1783 1021 1833 1051 in-

1049 1068 1154 1099 firmo.
1178 1069 1256 1100 Cum
1275 1070 1362 1101 enim
1382 1071 1505 1102 videret
1529 1072 1648 1104 multos
1669 1078 1834 1115 promptos

1049 1125 1081 1153 et
1094 1123 1273 1162 gaudentes
1296 1125 1396 1157 ituros
1411 1135 1479 1158 esse
1494 1127 1534 1158 ad
1549 1128 1743 1168 martyrium
1759 1138 1832 1169 pas-

1049 1176 1160 1214 sionis,
1182 1178 1383 1210 exultaturos
1403 1180 1436 1210 in
1457 1180 1528 1221 ipsa
1546 1182 1705 1221 passione,
1726 1183 1834 1221 sortes,

1049 1232 1258 1270 centenarios,
1272 1235 1415 1264 maturos
1430 1234 1469 1265 ad
1485 1234 1650 1271 horreum,
1669 1238 1778 1268 tamen
1788 1237 1836 1268 in-

1048 1284 1218 1316 firmorum
1238 1287 1465 1327 quorumdam,
1488 1297 1569 1328 quos
1592 1289 1719 1321 videbat
1742 1300 1835 1331 posse

1048 1339 1232 1370 conturbari
1247 1342 1383 1371 ventura
1405 1341 1563 1381 passione,
1588 1352 1628 1374 ne
1651 1343 1833 1385 deficerent,

1048 1393 1102 1424 sed
1117 1394 1223 1433 potius
1245 1394 1448 1425 voluntatem
1472 1396 1653 1428 humanam
1676 1398 1835 1430 voluntati

1053 1446 1208 1478 Creatoris
1229 1449 1480 1488 conjungerent,
1501 1450 1645 1490 ipsorum
1664 1461 1835 1492 personam

1051 1501 1152 1532 voluit
1178 1502 1339 1542 suscipere
1375 1503 1520 1535 Christus
1549 1505 1581 1535 in
1614 1506 1760 1545 passione
1786 1508 1835 1539 di-

1056 1564 1131 1586 cens
1145 1555 1155 1572 ”
1170 1566 1177 1586 :
1198 1556 1314 1589 Tristis
1324 1560 1370 1589 est
1382 1558 1494 1590 anima
1509 1567 1576 1590 mea
1592 1567 1690 1600 usque
1703 1560 1747 1592 ad
1755 1569 1835 1594 mor-

1051 1612 1123 1641 tem.
1149 1621 1164 1639 1)
1183 1609 1259 1641 Haec
1273 1610 1486 1650 Augustinus.
1512 1612 1593 1650 Quid
1617 1613 1677 1645 hoc
1697 1615 1832 1647 clarius?

1050 1663 1128 1703 quid
1142 1663 1307 1704 limpidius
1322 1666 1434 1696 contra
1448 1666 1667 1698 adversarium
1688 1668 1832 1700 veritatis

1049 1717 1112 1748 dici
1134 1719 1255 1758 potest?
1280 1717 1350 1749 Non
1374 1719 1460 1750 enim
1486 1720 1570 1751 valet
1589 1720 1768 1762 intorqueri
1792 1723 1832 1754 ad

1050 1771 1269 1802 infirmitatem
1292 1772 1409 1812 earnis,
1428 1774 1511 1813 quod
1537 1774 1592 1813 ait,
1620 1774 1652 1805 in
1675 1775 1788 1807 loculis
1803 1779 1833 1808 61

1050 1824 1263 1856 informidine
1276 1826 1431 1865 passionis
1444 1827 1648 1859 infirmorum
1661 1838 1831 1869 personam

1050 1878 1225 1918 suscepisse
1249 1878 1423 1910 Christum.
1448 1879 1528 1911 Nam
1551 1883 1583 1912 et
1606 1882 1729 1914 Paulus
1754 1884 1833 1925 ipse,

1049 1934 1081 1963 et
1095 1933 1151 1972 illi,
1169 1942 1250 1973 quos
1271 1933 1311 1964 ad
1327 1935 1508 1974 passionem
1524 1936 1599 1967 dicit
1617 1937 1662 1968 ire
1686 1939 1833 1977 gauden-

1049 1988 1107 2025 tes,
1133 1997 1213 2027 quos
1236 1988 1332 2018 etiam
1356 1989 1396 2019 ab
1421 1989 1557 2021 infirmis
1583 1991 1773 2031 hujusmodi
1801 1993 1834 2024 in

1048 2041 1146 2072 verbo
1160 2041 1293 2081 praefato
1309 2042 1478 2083 distinguit
1489 2053 1506 2074 a
1519 2045 1624 2076 carnis
1635 2046 1832 2088 infirmitate,

1049 2104 1123 2125 cum
1141 2097 1244 2126 essent
1260 2096 1410 2128 mortales
1430 2097 1597 2137 homines,
1616 2101 1835 2140 nequiverunt

1049 2157 1117 2179 esse
1142 2148 1314 2180 immunes.
1340 2150 1456 2182 Beatus
1478 2161 1607 2193 quoque
1629 2154 1831 2195 Ambrosius,

1049 2211 1147 2242 super
1162 2202 1241 2233 illud
1254 2203 1429 2235 salvatoris
1445 2205 1479 2235 in
1492 2205 1578 2237 Luca
1592 2210 1602 2226 ⁵
1619 2216 1627 2238 :
1649 2208 1802 2248 Transfer
1812 2219 1833 2242 α

1048 2265 1096 2288 me
1109 2256 1242 2288 calicem
1255 2257 1341 2289 hunc
1357 2268 1368 2290 :
1388 2258 1543 2299 «Errant,
1561 2272 1575 2290 »
1596 2261 1700 2302 inquit
1715 2264 1736 2301 θ,
1757 2275 1772 2293 (ι
1797 2264 1831 2295 111

1049 2310 1203 2349 hocloco,
1225 2312 1281 2351 11111
1302 2312 1462 2344 tristitiam
1483 2314 1656 2347 Saivatoris
1671 2317 1711 2348 ad
1730 2327 1828 2357 argu-

1049 2366 1195 2395 mentum
1213 2365 1333 2397 inolitae
1345 2366 1382 2406 (b)
1397 2367 1503 2407 potius
1514 2378 1532 2399 a
1548 2369 1714 2410 principio,
1731 2381 1829 2411 quam

1049 2421 1205 2459 susceptae
1217 2419 1257 2450 ad
1269 2423 1396 2460 tempus
1414 2421 1609 2454 infirmitatis
1624 2424 1787 2463 inclinant,
1799 2429 1830 2458 et

1049 2474 1204 2504 naturalis
1220 2483 1350 2505 sensum
1363 2476 1398 2516 (c)
1414 2477 1548 2516 cupiunt
1563 2478 1750 2519 detorquere
1761 2490 1830 2512 sen—

1049 2528 1166 2559 teutiae.
1190 2528 1355 2568 Nusquam
1378 2530 1483 2569 magis
1506 2531 1655 2571 pietatem
1674 2534 1744 2573 ejus
1760 2543 1830 2575 ma÷

1081 2629 1113 2655 (a)
1131 2628 1191 2652 caet.
1211 2628 1273 2652 edit.
1291 2629 1415 2659 praevidit.
1433 2643 1460 2646 —
1483 2629 1517 2661 (b)
1536 2632 1575 2655 Ita
1593 2632 1750 2665 Ambrosius,
1767 2634 1828 2658 edit.

1051 2663 1189 2690 nuutluw:
1218 2666 1273 2688 [cet.
1300 2665 1358 2688 mlsl.
1390 2665 1479 2689 Roma».
1505 2666 1622 2692 1115011116,
1650 2683 1679 2687 -
1710 2670 1738 2699 (ι’)
1768 2671 1828 2694 Item

1051 2706 1149 2722 sensus.

1856 877 1957 899 Christus

1855 915 1891 929 sus
1895 910 1953 937 cepit

1867 947 1943 967 perso·

1847 979 1900 994 num
1920 974 1956 995 iu-

1866 1005 1939 1026 firmo-

1874 1044 1932 1058 rum.
