2029 3052
867 220 1006 259 LECTIO
1027 222 1080 255 VI.

166 290 288 319 «Adhuc
298 289 372 318 inter
378 290 547 327 peccatores
557 288 679 325 degens,
686 288 768 317 tanta
773 289 840 317 ante
847 289 939 316 Deum

163 337 292 366 claruisti
306 337 474 372 sanctitate,
496 336 528 364 ut
551 335 615 364 sola
637 335 712 363 solio
732 335 833 364 aeterni
854 336 941 371 Regis

162 385 370 422 approximare
385 383 537 412 merueris.
550 392 563 408 n
580 384 669 417 Item,
685 382 758 418 quid
772 382 882 410 mirum
892 403 900 417 ,
918 382 942 410 si

163 432 232 460 dote
252 430 418 459 subtilitatis
440 428 631 458 subtilissima
645 429 691 464 sit,
708 436 775 466 quae
788 429 869 457 dono
885 429 941 457 hu-

161 478 292 507 militatis
307 479 367 506 tam
378 476 570 505 subtilissima
583 475 678 504 fuitin
692 476 829 505 mundo?
845 477 942 512 Ipsam

162 525 242 554 enim
266 524 423 561 alloquens
453 523 558 551 beatus
594 523 760 552 Bernardus
793 523 864 551 dicit
891 525 898 541 ¹
934 532 941 551 ε

166 575 345 610 «Nunquam
364 579 454 608 supra
468 571 576 599 choros
590 570 767 606 angelorum
783 570 943 599 sublimata

162 620 355 654 ascendisses,
368 618 424 647 nisi
440 618 522 655 prius
536 617 613 646 infra
623 626 727 646 omnes
741 617 878 646 homines
890 617 944 645 hu-

162 667 275 695 miliata
298 665 533 694 descendisses.»
563 666 631 693 ltem
642 686 650 700 ,
676 664 750 701 quid
777 664 887 692 mirum
897 685 904 698 ,
920 664 944 692 si

163 714 231 743 dote
246 713 386 749 agilitatis
397 711 585 740 velocissima
595 711 630 739 sit
641 711 672 738 in
683 711 768 746 coelo,
782 720 849 747 quae
862 711 943 739 dono

162 760 277 797 pietatis
292 761 351 788 tam
375 757 562 787 ve1001ssima
585 757 639 785 fuit
664 758 694 785 in
718 758 857 786 mundo?
879 760 945 794 Ipsa

162 815 293 844 namque
308 806 382 835 abiit
395 806 426 833 in
440 806 584 833 montana
599 813 668 832 cnm
682 804 867 833 festinatione
888 813 944 841 pro

162 854 262 883 officio
290 853 420 890 pietatis3
448 852 485 880 de
509 851 593 887 cujus
615 851 809 880 festinationis
835 852 945 880 veloci-

162 903 220 930 tate
235 900 407 929 Ambrosius
420 899 460 928 ait
472 899 482 915 ²
496 908 502 927 :
523 899 610 932 «Quo
623 899 686 934 J‘am
700 900 757 927 Deo
772 898 872 935 plena,
889 899 946 926 nisi

162 948 193 977 in
210 949 353 976 montana
367 955 435 975 cum
454 945 640 974 festinatione
663 945 857 974 ascenderet?
879 948 946 974 Nes-

164 995 202 1023 cit
216 995 300 1023 tarda
311 994 467 1022 molimina
479 993 601 1029 Spiritus
614 993 706 1021 sancti
720 993 824 1028 gratia.
836 1004 849 1020 »
863 995 945 1028 ltcm,

165 1042 239 1078 quid
254 1042 363 1070 mirum
373 1062 381 1076 ,
397 1041 421 1068 si
437 1041 507 1068 dote
524 1040 767 1077 impassibilitatis
778 1041 947 1077 impassibi-

164 1089 277 1118 lissima
291 1089 326 1116 sit
336 1089 367 1116 in
381 1088 468 1122 coelo,
484 1096 550 1124 quae
562 1088 642 1116 dono
653 1088 800 1124 patientiae
811 1090 839 1116 et
850 1096 948 1124 requa-

165 1136 306 1164 nimitatis
320 1137 381 1164 tam
397 1134 664 1171 impassibilissima
678 1135 732 1162 fuit
756 1135 787 1162 in
812 1135 927 1163 mundo
938 1156 946 1170 ,

166 1185 198 1211 ut
212 1183 276 1219 ipsa
291 1190 345 1210 nec
359 1182 518 1210 minimum
533 1182 723 1218 impatientiae
738 1182 785 1209 vel
803 1181 865 1210 odii
880 1182 947 1209 vul-

166 1238 222 1258 nus
237 1230 372 1264 sentiret,
389 1237 456 1257 cum
472 1237 557 1257 suam
577 1229 670 1265 ipsius
685 1229 816 1257 animam
832 1229 949 1264 gladius

166 1276 375 1313 pertransiret?
407 1278 468 1304 imo
494 1276 583 1303 etiam
607 1275 726 1310 signum
750 1275 893 1310 vulneris,
911 1275 949 1303 si-

168 1332 260 1359 gnum
275 1322 422 1359 passionis
436 1322 643 1358 impatientiae,
659 1330 714 1349 nec
730 1322 874 1357 legimus,
895 1330 949 1350 nec

168 1370 317 1399 credimus
332 1369 361 1397 in
376 1369 467 1398 Maria
477 1369 660 1405 quandoque
672 1369 853 1405 apparuisse.
870 1369 950 1397 Unde

169 1417 334 1445 Bernardus
358 1417 398 1444 ait
412 1417 444 1444 ³:
465 1416 616 1444 «Revolve
643 1416 800 1451 diligenter
824 1424 951 1452 evange-

169 1465 231 1492 licae
246 1464 374 1491 historiae
389 1463 495 1490 seriem
511 1462 692 1497 universam,
708 1465 735 1490 et
753 1462 776 1489 si
791 1463 865 1498 quid
877 1463 951 1491 forte

170 1510 421 1547 increpatorium,
437 1511 460 1538 si
476 1509 551 1546 quid
574 1509 683 1537 durum
695 1530 704 1544 ,
730 1510 753 1537 si
770 1510 851 1545 quod
869 1510 952 1538 deni-

171 1567 230 1594 que
245 1558 362 1594 signum
381 1557 430 1584 vel
452 1557 548 1585 tenuis
563 1556 776 1592 indignationis
793 1557 954 1585 occurrerit

171 1605 202 1632 in
217 1605 317 1639 Maria,
333 1605 370 1632 de
386 1606 490 1632 caetero
506 1606 674 1640 suspectam
688 1603 811 1637 habeas,
827 1605 855 1631 et
870 1611 953 1631 acce-

173 1652 242 1679 dere
256 1651 421 1679 verearis.»
437 1652 580 1679 Caeterum
595 1650 619 1677 si
631 1651 711 1678 tanta
726 1652 767 1678 est
783 1650 879 1686 gloria
891 1650 954 1686 glo-

172 1697 325 1726 riosissimi
354 1698 488 1734 corporis
511 1697 621 1732 Mariae,
651 1699 774 1733 quanta,
793 1698 891 1733 putas,
913 1699 955 1724 est

173 1745 269 1781 gloria
284 1754 343 1773 suae
357 1745 531 1772 beatissimae
546 1745 676 1772 animae?
691 1744 778 1778 Quod
792 1744 860 1772 licet
876 1745 954 1772 certe

174 1793 261 1820 beata
275 1792 374 1820 anima
390 1793 446 1819 tres
461 1792 551 1819 habet
564 1791 649 1819 dotes
664 1791 761 1827 ipsam
777 1791 955 1819 beatifican-

175 1840 233 1873 tes,
259 1838 397 1866 videlicet
416 1838 516 1866 dotem
538 1838 619 1865 mirae
643 1838 837 1873 cognitionis,
855 1838 956 1866 dotem

176 1886 258 1913 mirae
273 1885 456 1919 dilectionis,
483 1885 585 1912 dotem
599 1885 681 1912 mirae
699 1884 865 1920 fruitionis,
892 1886 959 1920 vel,

176 1932 341 1960 secundum
354 1932 516 1959 modernos
532 1932 691 1967 quosdam,
707 1932 808 1959 dotem
824 1932 956 1967 visionis,

176 1979 334 2014 fruitionis,
348 1981 374 2006 et
387 1978 535 2013 tentionis,
552 1986 743 2014 quocumque
755 1981 854 2006 autem
865 1979 958 2007 modo

179 2026 262 2054 dotes
276 2026 382 2054 animae
394 2025 584 2061 accipiantur,
601 2027 713 2052 certum
726 2027 768 2052 est
782 2025 866 2061 quod
875 2025 959 2054 dotes

178 2073 285 2101 animae
303 2072 397 2100 Mariae
413 2072 549 2100 omnium
565 2072 733 2099 animarum
748 2072 870 2100 dotibus
884 2080 960 2108 prce-

179 2119 319 2147 feranlur.
346 2121 418 2147 Nam
434 2119 459 2146 si
476 2127 579 2146 omnes
594 2119 687 2146 beatae
701 2119 807 2146 animae
822 2119 866 2146 his
883 2119 960 2146 doti-

179 2167 235 2194 bus
250 2166 454 2194 beatificantur
468 2166 497 2193 in
513 2166 588 2193 coelo
598 2187 607 2200 ,
622 2168 734 2202 quanto
748 2166 843 2201 magis
859 2167 960 2195 anima

181 2213 244 2248 ejus
255 2233 263 2247 ,
288 2221 354 2248 quae
378 2213 512 2240 omnium
534 2213 702 2241 animarum
727 2213 960 2241 beatificatorem

182 2259 283 2295 genuit
297 2259 327 2286 in
342 2259 478 2287 mundo‘?
494 2259 570 2293 Quid
585 2259 711 2293 mirum,
728 2260 751 2287 si
764 2260 827 2295 jam
843 2260 873 2287 in
888 2260 962 2288 luci-

182 2306 303 2334 dissima
319 2306 487 2341 cognitione
504 2309 546 2333 est
561 2307 660 2334 anima
676 2307 785 2342 Mariaae,
815 2316 881 2344 quae
898 2308 962 2343 jam

181 2353 413 2389 profundissime
432 2353 467 2388 (a)
484 2353 565 2380 unita
581 2356 623 2381 est
642 2354 699 2381 luci
720 2356 856 2382 aeternae‘?
880 2355 961 2383 Unde

182 2401 286 2428 beatus
310 2400 475 2428 Bernardus
490 2400 499 2416 a
515 2400 554 2427 ait
571 2408 577 2426 :
604 2410 616 2425 (ι
628 2400 892 2429 Profundissimam
915 2402 961 2429 di-

182 2448 258 2475 vinae
273 2447 421 2483 sapientiae
432 2468 440 2482 ,
456 2447 534 2474 ultra
553 2455 643 2482 quam
660 2448 740 2475 credi
754 2449 861 2484 valeat,
875 2457 963 2485 pene-

183 2495 268 2522 travit
296 2494 456 2530 abyssum,
487 2496 518 2522 ut
553 2496 699 2530 quantum
727 2496 788 2523 sine
813 2497 963 2532 personali

217 2581 223 2595 ¹
240 2580 284 2604 Vel
310 2580 423 2610 Ecbert„
445 2580 487 2604 ubi
511 2587 588 2611 supra
603 2580 735 2610 proxime,
752 2588 778 2604 n.
794 2583 817 2605 53.
836 2595 865 2607 ,-
878 2583 885 2595 ’·’
903 2582 962 2605 Am-

185 2616 264 2644 bros.,
290 2617 315 2639 ιή
330 2617 402 2645 Luc,
418 2616 461 2640 lib.
481 2617 516 2647 ΙΙ,
533 2624 557 2641 ιι.
575 2618 655 2640 19.—
670 2616 679 2632 3
694 2617 825 2646 Bernard„
851 2618 876 2640 ιἰι
892 2617 962 2641 Dum.

186 2651 233 2681 inf.
252 2652 328 2675 octav.
354 2652 490 2683 assumpt„
514 2659 590 2676 serm.
608 2659 634 2675 n.
657 2653 680 2676 2.
695 2665 722 2668 —
736 2652 745 2667 i·
762 2652 835 2682 ibid„
853 2659 877 2676 n.
895 2654 918 2675 3.
936 2666 962 2669 -

187 2687 193 2698 ³
215 2688 248 2710 De
269 2687 368 2717 Samot„
388 2694 464 2711 serm.
494 2693 577 2717 xxxV,
606 2688 637 2711 al.
662 2693 756 2718 ccvni,
782 2696 807 2711 n.
834 2690 870 2719 11,
899 2689 963 2712 inter

1725 223 1780 253 251

998 290 1109 318 unione
1123 292 1263 319 creaturoe
1278 290 1409 319 conditio
1425 289 1551 326 patitur,
1573 288 1631 317 luci
1645 288 1688 317 illi
1703 289 1784 317 inac-

999 337 1126 378 cessibili
1141 337 1277 366 videatur
1291 337 1384 366 unita.
1399 347 1412 364 n
1431 338 1502 366 Item
1514 358 1522 372 ,
1544 336 1618 372 quid
1635 336 1744 364 mirum
1760 336 1783 364 si

996 384 1060 420 jam
1082 384 1112 412 in
1133 385 1357 413 foecundissima
1372 384 1532 413 dilectione
1547 385 1590 412 est
1605 383 1705 412 anima
1728 385 1784 412 Ma-

998 431 1069 458 riae?
1086 431 1169 467 quid,
1185 432 1320 468 inquam,
1337 432 1457 466 mirum,
1469 431 1492 459 si
1508 439 1568 467 prae
1584 430 1725 458 omnibus
1737 430 1783 458 di-

999 477 1082 513 ligat,
1098 486 1164 514 quae
1181 487 1241 515 prae
1256 478 1398 507 omnibus
1420 481 1462 507 est
1475 478 1604 506 dilecta?
1627 478 1698 505 Vere
1722 485 1783 513 praa

1001 525 1158 560 omnibus;
1186 525 1225 553 ait
1249 526 1329 554 enim
1354 526 1459 554 heatus
1485 525 1664 561 Augustinus
1686 524 1725 552 ad
1740 524 1783 560 ip-

1000 580 1064 600 sam
1079 572 1088 588 ⁵
1105 581 1111 599 :
1130 573 1186 599 «Te
1202 571 1264 608 ipse
1280 574 1340 600 Rex
1363 581 1480 608 regum,
1497 574 1529 600 ut
1543 574 1668 600 matrem
1685 579 1783 600 verani

1001 621 1028 647 et
1043 618 1184 647 decoram
1207 627 1368 655 sponsam,
1389 627 1450 655 prae
1473 619 1614 648 omnibus
1636 619 1763 654 diligens
1776 640 1784 652 ,

1001 666 1111 694 amoris
1126 666 1267 702 amplexu
1281 666 1337 694 sibi
1354 666 1515 694 associat.»
1535 668 1623 700 Item,
1639 666 1713 702 quid
1727 665 1782 693 mi-

1000 721 1078 747 rum,
1093 713 1117 740 si
1129 713 1193 748 jam
1207 713 1237 740 in
1250 713 1468 748 jucundissima
1483 712 1621 740 fruitione
1636 713 1672 740 sit
1684 712 1784 740 anima

1001 760 1106 795 Mariae,
1121 768 1187 796 quae
1201 760 1359 788 benedicto
1372 759 1467 788 fructu
1481 759 1591 787 ventris
1599 759 1643 787 sui
1656 759 1785 795 pascitur

1003 807 1193 835 dulcissime?
1222 806 1302 834 Unde
1330 807 1435 835 beatus
1468 807 1649 841 Augustinus
1687 806 1727 834 ait
1745 807 1754 824 ⁶
1778 816 1784 834 ε

1006 853 1124 882 «Mariae
1139 854 1239 882 anima
1263 854 1393 882 claritate
1417 853 1523 882 fruitur
1537 853 1657 889 Christi,
1681 855 1709 881 et
1724 853 1786 889 glo-

1003 900 1088 928 riosis
1096 901 1158 936 ejus
1169 900 1368 937 amplexibus,
1381 909 1500 937 semper
1515 908 1655 936 praesens,
1670 908 1787 936 semper

1004 947 1204 983 conspiciens,
1221 956 1337 984 semper
1353 947 1456 976 videre
1471 948 1582 983 sitiens,
1597 947 1787 975 inaestimabi-

1002 994 1068 1022 litei·
1083 994 1223 1030 pascitur.
1238 1005 1251 1021 »
1278 995 1366 1030 Igitur
1382 995 1457 1022 sicut
1469 994 1683 1030 gloriosissima
1698 994 1787 1023 Maria

1004 1049 1108 1069 omnes
1122 1043 1237 1069 sanctos
1250 1041 1366 1070 excedit
1385 1041 1414 1069 in
1433 1041 1527 1077 gratia
1543 1041 1614 1076 viae,
1633 1042 1661 1069 et
1676 1041 1706 1069 in
1721 1049 1786 1077 gra-

1003 1088 1043 1115 tia
1069 1088 1259 1123 meritorum,
1284 1089 1324 1116 ita
1355 1096 1459 1116 omnes
1484 1090 1601 1116 sanctos
1623 1088 1737 1116 excedit
1757 1089 1787 1116 in

1005 1135 1099 1170 gratia
1113 1135 1231 1170 gloriae,
1258 1138 1285 1163 et
1307 1135 1337 1162 in
1362 1135 1456 1171 gratia
1479 1135 1681 1171 praemiorum.
1706 1135 1787 1163 Unde

1004 1182 1081 1209 bene
1097 1182 1162 1218 ipsa
1177 1183 1293 1217 signata
1316 1185 1358 1210 est
1379 1190 1432 1218 per
1454 1183 1554 1209 Esther
1575 1182 1728 1217 reginam,
1751 1182 1788 1209 de

1005 1237 1066 1265 qua
1080 1229 1187 1264 legitur
1200 1230 1228 1264 ⁷,
1245 1229 1329 1265 quod
1347 1229 1434 1257 ducta
1457 1229 1496 1257 ad
1514 1228 1688 1257 cubiculum
1701 1229 1788 1264 Regis

1006 1276 1134 1311 Assueri,
1147 1276 1251 1304 habuit
1261 1277 1386 1312 gratiam
1400 1279 1427 1304 ct
1437 1277 1674 1304 misericordiam
1686 1284 1788 1304 coram

1007 1330 1042 1350 eo
1057 1331 1146 1358 super
1161 1330 1265 1351 omnes
1280 1323 1429 1358 mulieres,
1445 1325 1472 1351 et
1486 1323 1733 1359 posuitdiadema
1743 1332 1788 1351 re-

1006 1369 1057 1405 gni
1071 1369 1102 1396 in
1117 1369 1212 1405 capite
1229 1370 1300 1405 ejus.
1318 1370 1418 1397 Esther
1431 1369 1640 1406 interpretatur
1649 1372 1789 1398 Evacuata

1008 1419 1035 1444 et
1048 1418 1171 1444 Elevata.
1190 1419 1248 1445 Hoc
1271 1417 1382 1453 optime
1399 1417 1537 1445 convenit
1553 1417 1664 1452 Mariae,
1679 1417 1716 1445 de
1730 1426 1790 1454 qua

1007 1464 1111 1492 beatus
1126 1464 1322 1500 Hieronymus
1335 1465 1374 1492 ait
1389 1465 1398 1481 ⁸
1415 1473 1421 1492 ε
1442 1476 1453 1489 ιι
1465 1465 1601 1492 Elevatur
1615 1473 1704 1501 super
1719 1465 1790 1493 cho-

1008 1519 1057 1539 ros
1073 1511 1268 1547 angelorum,
1289 1514 1320 1539 ut
1343 1511 1436 1547 possit
1459 1512 1589 1547 speciem
1614 1512 1789 1548 vultumque

1009 1558 1111 1586 videre
1127 1558 1297 1593 salvatoris,
1313 1567 1403 1594 quem
1419 1560 1585 1593 amaverat,
1604 1567 1695 1594 quem
1721 1567 1792 1586 con-

1011 1606 1144 1642 cupierat
1157 1613 1194 1633 ΒΧ
1209 1606 1271 1633 toto
1289 1605 1437 1633 desiderio
1450 1605 1558 1634 cordis.
1573 1616 1585 1631 n
1613 1607 1668 1634 ista
1691 1606 1792 1634 Esther

1009 1653 1124 1688 regina,
1140 1653 1225 1680 beata
1239 1652 1326 1688 Virgo
1343 1653 1442 1686 Maria,
1459 1653 1548 1680 ducta
1564 1654 1606 1680 est
1619 1652 1649 1679 in
1665 1653 1728 1688 ejus
1743 1661 1791 1680 as-

1010 1700 1179 1735 sumptione
1194 1699 1225 1726 in
1249 1699 1421 1727 cubiculum
1445 1699 1522 1735 regis
1544 1699 1660 1727 Assueri
1670 1721 1679 1732 ,
1705 1700 1792 1735 Regis

1011 1747 1131 1778 aeterni,
1148 1747 1179 1774 in
1194 1746 1366 1774 cubiculum
1382 1746 1483 1782 utique
1513 1746 1549 1774 de
1584 1755 1644 1782 quo
1680 1750 1794 1782 Augus-

1011 1794 1090 1821 tinus
1104 1794 1224 1821 Mariam
1240 1793 1397 1829 alloquens
1415 1793 1454 1821 ait
1469 1794 1479 1810 ⁵
1496 1803 1502 1820 :
1520 1804 1532 1819 ιι
1542 1795 1583 1820 Tu
1607 1793 1637 1820 in
1664 1793 1794 1822 cubiculi

1011 1841 1085 1876 regii
1099 1841 1299 1875 beatitudine,
1312 1841 1438 1875 gemmis
1458 1848 1492 1867 ac
1508 1840 1673 1875 margaritis
1689 1842 1795 1868 ornata

1013 1887 1156 1915 consistis.
1172 1897 1186 1913 »
1203 1889 1292 1914 Ducta
1307 1887 1407 1923 itaque
1419 1887 1449 1914 in
1461 1887 1518 1914 hoc
1532 1884 1703 1915 cubiculum
1715 1887 1796 1923 quie-

1014 1935 1049 1963 tis
1064 1937 1178 1963 aeternze
1194 1935 1297 1970 regina
1312 1935 1415 1968 Maria,
1431 1935 1556 1970 gratiam
1569 1935 1647 1970 regis
1662 1935 1776 1962 Assueri
1787 1957 1796 1969 ,

1014 1984 1044 2010 id
1058 1984 1110 2017 est,
1131 1983 1256 2018 gratiam
1276 1983 1336 2010 veri
1352 1982 1438 2017 Regis
1462 1982 1552 2010 habet
1575 1990 1664 2018 super
1694 1990 1798 2010 omnes

1015 2030 1165 2064 mulieres,
1183 2030 1213 2057 id
1229 2032 1284 2064 est,
1302 2037 1391 2065 super
1405 2037 1510 2056 omnes
1523 2029 1731 2064 intelligentias
1747 2037 1796 2056 an-

1015 2077 1135 2112 gelicaS,
1152 2079 1179 2104 et
1189 2084 1278 2112 super
1291 2084 1395 2104 omnes
1411 2076 1512 2104 beatas
1529 2076 1659 2110 animaS,
1675 2077 1705 2103 ut
1721 2076 1756 2103 sit
1768 2076 1798 2102 in

1014 2124 1104 2151 Maria
1114 2114 1214 2159 'gratia
1230 2131 1318 2159 super
1336 2123 1462 2158 gratiam
1478 2122 1613 2150 omnium
1629 2123 1796 2150 beatorum.

1016 2172 1089 2198 Nam
1104 2178 1207 2198 revera
1217 2170 1247 2197 in
1263 2170 1357 2205 capite
1371 2170 1433 2204 ejus
1455 2171 1513 2197 Rex
1535 2177 1640 2203 regum
1657 2169 1798 2197 diadema

1016 2218 1099 2252 regni
1114 2216 1222 2253 posuit.
1248 2216 1388 2243 Diadema
1412 2218 1487 2243 certe
1504 2218 1563 2243 tam
1579 2216 1777 2251 impretiabile
1788 2237 1796 2247 ,

1017 2264 1157 2292 dladema
1171 2266 1230 2291 tam
1244 2262 1435 2297 delectabile,
1462 2262 1601 2290 diadema
1622 2264 1683 2290 tam
1707 2263 1798 2290 mira-

1016 2311 1088 2345 bile,
1105 2311 1188 2346 quod
1206 2311 1263 2338 hoc
1279 2310 1360 2337 omni
1371 2309 1479 2345 linguae
1495 2309 1703 2344 inenarrabile,
1716 2309 1798 2336 omni

1017 2358 1138 2393 ingenio
1162 2357 1351 2384 incrustabile
1371 2358 1423 2384 est.
1448 2357 1492 2384 Sic
1514 2365 1602 2392 ergo,
1619 2356 1797 2390 charissimi,

1017 2405 1130 2433 vidistis
1145 2406 1257 2440 quanta
1273 2404 1366 2440 gratia
1382 2404 1549 2438 donorum,
1578 2405 1690 2439 quanta
1704 2403 1797 2438 gratia

1017 2452 1178 2486 labiorum,
1195 2453 1306 2487 quanta
1321 2451 1414 2486 gralia
1428 2450 1669 2486 privilegiorum,
1686 2451 1798 2485 quanta

1019 2500 1112 2535 gratia
1127 2498 1318 2535 praemiorum
1330 2497 1552 2526 affluentissima
1569 2497 1605 2524 sit
1620 2497 1717 2525 Maria.
1743 2498 1800 2525 Ro-

1019 2574 1091 2604 Opoetz
1106 2574 1181 2604 Aug„
1193 2573 1308 2603 Append.
1320 2574 1382 2596 tom.
1395 2572 1424 2596 V.
1440 2584 1468 2589 —
1482 2572 1490 2584 Γ·
1501 2571 1573 2600 ibid„
1587 2570 1616 2594 (Ie
1628 2571 1755 2601 Asszmzpt.
1768 2571 1803 2599 B.

1019 2610 1095 2639 Mmu,
1115 2615 1148 2639 vi,
1166 2609 1280 2639 append.
1294 2611 1356 2632 tom.
1370 2608 1411 2632 Vl.
1425 2621 1456 2625 —
1466 2608 1472 2620 ⁷
1489 2606 1572 2635 astla,
1584 2612 1611 2636 ιι,
1630 2608 1665 2630 17.
1676 2620 1704 2624 -
1715 2606 1725 2623 ⁸
1741 2606 1798 2630 Hie·

1020 2652 1087 2675 ron„
1103 2644 1132 2668 de
1145 2644 1271 2675 Assumpe.
1288 2645 1316 2668 Β.
1334 2645 1409 2673 Muta,
1421 2650 1508 2672 serm,
1520 2644 1579 2673 post
1593 2642 1661 2666 [ned.

1053 2687 1087 2718 (a)
1104 2686 1143 2711 Al.
1158 2686 1373 2717 profundissimae.
