2029 3052
219 199 280 244 230
484 210 673 246 OFFICIUM
694 211 746 245 DE
765 208 1042 245 COMPASStONE
1061 209 1208 244 BEATAE
1230 211 1370 245 MARIAE
1391 199 1579 247 VIRGINIS.

547 311 672 340 Hrms.

255 375 323 404 Jesu
335 375 404 404 nate
418 374 457 404 de
471 374 599 411 Virgine,
614 375 669 403 etc.

255 422 422 458 Antiphone.
437 424 537 458 Agnus
549 421 639 456 mitis,
652 421 708 450 etc.

542 502 678 530 Psmus.

253 564 295 592 Tu
308 562 366 591 scis
385 562 603 600 improperium
616 570 731 598 meum,
752 563 782 591 et
795 562 1002 591 confusionem

217 618 328 646 meam,
342 611 370 638 et
381 609 580 639 reverentiam
593 617 704 639 meam.

251 659 284 687 ln
305 658 465 694 conspectu
483 659 534 686 tuo
555 659 624 686 sunt
644 664 760 692 omnes,
785 656 838 694 qui
861 655 1004 685 tribulant

216 709 265 733 me
270 714 279 740 ;
294 703 513 742 improperium
527 704 693 742 expectavit
713 711 764 733 cor
781 711 883 732 meum
898 704 927 732 et
943 703 1002 731 mi-

217 751 336 780 seriam.
398 758 400 760 ·

252 799 286 827 Et
301 798 438 834 sustinui,
459 798 510 835 qui
525 798 615 827 simul
638 797 870 833 contristaretur,
892 799 921 826 et
940 804 1003 826 non

216 845 285 882 fuit3
300 847 329 874 et
343 845 395 882 qui
409 845 625 880 consolaretur,
639 846 668 874 et
681 852 744 874 non
758 844 869 873 inveni.

253 893 285 922 Et
299 892 448 921 dederunt
456 892 487 920 in
501 899 600 920 eseam
615 899 712 920 meam
723 891 772 927 fel,
789 893 817 920 et
831 891 862 920 in
876 891 922 920 siti
935 899 1001 920 mea

215 941 395 976 potaverunt
408 947 456 968 me
471 941 566 968 aceto.
582 939 680 968 Gloria
695 939 780 973 Patri,
796 941 850 967 etc.

252 987 423 1022 Antiphone.
439 988 538 1022 Agnus
550 986 628 1014 mitis
643 987 732 1023 eaput
754 986 916 1021 excutiens,
940 985 1001 1014 Heli

215 1034 324 1062 clamat
351 1033 381 1071 in
405 1041 491 1062 cruce
513 1033 658 1069 moriens3
684 1033 783 1070 plorat
809 1034 908 1068 Mater,
932 1041 1001 1061 cum

215 1081 281 1118 ipso
302 1081 422 1118 patitur,
447 1081 487 1110 ad
509 1081 672 1110 clamorem
693 1081 756 1117 ejus
779 1081 840 1110 sere
864 1088 1000 1110 commo—

216 1128 299 1157 ritur.

525 1164 690 1200 capitulum.

251 1222 369 1251 Clamor
397 1222 498 1251 Christi
533 1223 655 1251 Matrem
693 1222 842 1258 angustiat
856 1232 864 1258 ;
900 1222 1000 1251 nullus

216 1269 350 1306 planctus
365 1269 554 1306 plangentem
569 1269 675 1305 satiat3
693 1272 735 1298 est
750 1270 904 1306 utriusque
920 1278 1000 1298 com-

215 1316 325 1352 passio,
341 1325 412 1345 nam
426 1316 573 1353 praecessit
590 1325 709 1345 summa
723 1317 850 1345 dilectio.
868 1318 897 1351 y.
912 1317 999 1353 Virgo

215 1363 321 1392 Filium
343 1366 426 1392 tuum
441 1364 471 1392 in
491 1371 577 1392 cruce
599 1363 817 1392 conclavatum.
842 1364 871 1392 η’.
898 1363 999 1393 Redde

216 1411 274 1439 tuis
288 1411 427 1447 precibus
445 1411 560 1440 miseris
574 1410 736 1447 placatum.

554 1491 659 1519 Orati‘o.

254 1555 373 1590 Propter
387 1561 550 1589 gravamen
562 1555 590 1582 et
601 1556 793 1589 tormentum,
804 1562 866 1591 quo
883 1557 1000 1591 torque-

216 1602 303 1630 batur
317 1601 436 1637 spiritus
452 1603 529 1636 tuuS,
550 1601 639 1637 Virgo
655 1602 854 1636 sanctissima,
876 1602 999 1637 quando

213 1649 298 1683 juxta
314 1656 431 1676 erucem
448 1648 552 1676 Filium
572 1650 655 1676 tuum
675 1657 735 1685 prze
755 1649 911 1677 doloribus
926 1657 999 1677 voce

217 1703 327 1731 magna
342 1695 530 1730 clamantem,
549 1697 574 1723 te
596 1697 714 1723 Matrem
741 1695 878 1724 dilectam
893 1697 999 1724 ,loanni

215 1742 475 1770 commendantem
502 1742 554 1777 (a),
581 1742 610 1770 in
639 1750 804 1778 manusque
838 1743 885 1770 Dei
911 1743 1000 1771 Patris

215 1789 351 1825 spiritum
371 1789 632 1816 commendantem
654 1789 839 1824 attendebas,
862 1797 1000 1818 succurre

216 1836 303 1864 nobis
326 1835 355 1863 in
381 1835 440 1863 fine
467 1835 532 1863 vitae
556 1838 673 1870 nostrae,
701 1839 728 1864 et
755 1836 884 1864 maxime
912 1839 998 1871 tunc,

215 1882 339 1918 quando
353 1882 455 1917 lingua
485 1884 584 1910 nostra
605 1882 772 1918 nequiverit
795 1891 825 1911 se
847 1883 886 1911 ad
911 1885 937 1911 te
954 1883 999 1911 in-

216 1929 386 1958 vocandum
413 1937 552 1962 movere,
580 1937 648 1957 cum
671 1930 749 1957 oculi
773 1930 862 1958 nostri
888 1930 999 1959 lumine

215 1975 424 2011 privabuntur,
440 1983 526 2002 aures
542 1974 712 2003 surdescent
726 1978 753 2002 et
769 1975 999 2008 obturabuntur,

216 2030 379 2058 omnesque
397 2022 473 2049 vires
492 2030 633 2049 sensuum
659 2025 828 2050 nostrorum
851 2022 999 2050 deficient.

217 2071 371 2104 Memento,
396 2069 529 2105 piissima
549 2070 687 2105 Domina,
715 2073 792 2104 tunc,
816 2070 897 2106 quod
922 2078 999 2097 uun«-

216 2116 369 2144 sundimus
388 2124 490 2152 preces
505 2116 543 2144 ad
563 2125 648 2144 aures
671 2120 726 2144 tua·
751 2117 864 2153 pietatis
890 2119 916 2144 et
943 2117 1000 2145 rie-

217 2164 345 2193 menum.
363 2165 389 2191 et
403 2164 528 2191 subveni
544 2164 630 2192 nobis
647 2164 676 2191 in
699 2164 750 2191 illa
774 2164 846 2192 hora
863 2166 1000 2192 extrema:

217 2210 406 2244 necessitatis,
419 2219 452 2238 ae
465 2211 537 2238 Filio
552 2214 600 2239 tuo
613 2211 804 2239 dilectissimo
822 2211 1001 2239 commenda

217 2257 352 2293 spiritum
368 2260 513 2291 nostrum,
530 2266 582 2293 per
605 2266 695 2293 quem
720 2260 770 2286 tuo
797 2258 959 2286 interventu
983 2267 1001 2286 a

218 2303 369 2331 tormentis
380 2306 407 2331 et
422 2305 585 2332 terroribus
601 2305 742 2332 omnibus
757 2313 908 2339 eruamur,
924 2304 1000 2333 etad

217 2350 415 2378 desideratam
431 2351 554 2378 coelestis
579 2353 679 2387 patrico
699 2352 831 2388 requiem
856 2352 999 2388 perduca-

218 2406 284 2426 mur
301 2407 306 2426 :
324 2401 478 2434 praestante
492 2399 611 2432 eodem,
627 2402 679 2427 ete.

487 2509 532 2535 AD
545 2508 724 2536 VESPERAS.

255 2589 338 2623 Deus,
355 2588 385 2616 in
402 2588 584 2624 adjutorium
599 2596 700 2616 meum
714 2589 844 2624 intende,
858 2592 910 2618 ete.

250 2651 285 2681 (a)
310 2651 370 2675 Ccet.
392 2652 452 2676 edil.
476 2652 692 2677 commendatam,
707 2665 736 2670 —
758 2653 791 2683 (h)
814 2655 873 2678 Item
893 2654 999 2678 audieus

220 2693 311 2710 titivm.

1383 313 1520 342 Pomm.

1095 375 1217 404 Salvum
1239 383 1289 404 me
1311 374 1369 411 fae,
1390 376 1476 412 Deus,
1493 375 1639 412 quoniam
1659 375 1844 408 intraverunt

1059 429 1146 460 aqum
1155 430 1252 460 usque
1263 421 1304 451 ad
1317 421 1450 451 animam
1461 429 1571 451 meam.
1828 427 1830 430 ·

1096 469 1208 498 infixus
1221 477 1289 498 sum
1302 469 1333 498 in
1342 469 1416 498 limo
1429 469 1584 507 profundi,
1599 472 1628 500 et
1640 477 1704 500 non
1717 472 1762 500 est
1771 471 1844 501 suh-

1059 516 1175 545 stantia.

1096 563 1169 592 veni
1184 562 1216 591 in
1238 562 1427 592 altitudinem
1447 563 1551 600 maris,
1564 566 1593 594 et
1610 566 1770 602 tempestas
1789 565 1844 594 de-

1058 610 1161 638 mersit
1173 617 1233 638 me.

1095 656 1240 686 Laboravi
1261 656 1405 692 olamans,
1428 665 1526 686 raucas
1550 657 1634 688 factm
1650 660 1720 688 sunt
1740 658 1842 689 fauces

1058 712 1141 733 meae.

1095 751 1267 781 Defecerunt
1288 751 1368 781 oculi
1387 752 1463 788 mei,
1486 752 1561 781 dum
1584 761 1672 790 spero
1696 753 1728 783 in
1751 755 1844 784 neum

1057 806 1170 828 meum.

1093 845 1192 875 Gloria
1205 846 1292 882 Patri,
1309 848 1337 875 et
1350 846 1435 882 Filio,
1447 848 1503 876 etc.

1094 894 1266 933 Antiphone.
1282 894 1384 923 Omnis
1397 896 1467 923 oetas
1483 894 1592 923 defleat
1605 897 1731 924 mortem
1745 895 1844 925 salva-

1058 941 1140 978 toris,
1156 941 1295 978 gloriosas
1307 941 1434 978 Virginis
1446 943 1589 978 praetextu
1603 941 1726 972 doloris.

1365 1021 1531 1057 Capitulum.

1092 1083 1160 1113 Mihi
1175 1083 1253 1112 absit
1266 1083 1399 1120 gloriari,
1422 1083 1479 1112 nisi
1504 1083 1534 1112 in
1557 1091 1643 1113 cruce
1659 1084 1775 1114 Domini
1788 1092 1841 1115 no-

1056 1131 1108 1160 stri
1121 1133 1188 1160 Jesu
1202 1131 1318 1167 Christi,
1331 1139 1385 1168 per
1401 1139 1492 1168 quem
1513 1131 1587 1159 mihi
1602 1131 1734 1175 mundus
1748 1132 1842 1161 cruci-

1056 1177 1134 1207 fixus
1147 1180 1200 1214 est,
1215 1180 1243 1207 et
1257 1185 1313 1214 ego
1327 1177 1452 1206 mundo.
1470 1178 1500 1213 ¹9-
1516 1179 1574 1207 Deo
1589 1177 1708 1214 gratias.

1387 1259 1512 1287 Hnuws.

1200 1321 1290 1348 Castae
1304 1319 1436 1356 parentis
1450 1320 1563 1348 viscera

1163 1369 1252 1396 Poena
1265 1368 1443 1404 torquentur
1456 1375 1572 1404 aspera,

1163 1415 1237 1442 Dum
1252 1413 1349 1448 illum,
1362 1422 1453 1450 quem
1462 1417 1639 1450 conceperat

1162 1461 1269 1495 Verbo,
1284 1460 1417 1497 perversi
1431 1460 1599 1489 verberant.

1198 1507 1284 1535 lllum
1299 1509 1422 1535 tractant
1437 1507 1606 1543 crudeliter,

1161 1554 1292 1590 caedunt,
1309 1557 1462 1582 cruentant
1477 1555 1592 1583 aeriter.

1163 1603 1226 1630 tlaec
1241 1601 1388 1629 audientis
1403 1602 1490 1629 anxie
1505 1602 1549 1636 (b),

1165 1648 1260 1677 Matris
1276 1651 1410 1676 crescunt
1425 1648 1576 1684 angustiae.

1199 1694 1256 1723 Sed
1272 1702 1340 1722 cum
1355 1694 1392 1722 ad
1408 1697 1535 1723 mortem
1550 1695 1676 1731 ducitur,

1164 1743 1243 1770 tlunc
1260 1743 1348 1769 Mater
1361 1741 1448 1770 tristis
1462 1743 1604 1778 sequitur,

1163 1790 1265 1816 Pectus
1279 1788 1461 1825 pertundens
1477 1788 1605 1824 fletibus,

1164 1835 1300 1864 Affieiens
1315 1834 1470 1863 livoribus.

1200 1883 1230 1909 tn
1243 1889 1328 1910 cruce
1341 1881 1414 1909 dum
1428 1882 1606 1916 extenditur,

1163 1929 1271 1956 t'idens
1287 1930 1374 1956 Mater
1389 1929 1473 1965 quod
1489 1929 1628 1964 moritur;

1163 1975 1266 2004 Nullus
1281 1975 1370 2004 dolor
1385 1975 1525 2009 amarior,

1165 2024 1237 2050 Nam
1253 2022 1335 2050 nulla
1350 2022 1450 2058 proles
1465 2022 1592 2050 charior.

1092 2069 1132 2097 Sit
1147 2069 1255 2104 honor,
1273 2069 1346 2097 laus.
1365 2070 1393 2103 5.
1410 2069 1496 2098 Nulla
1511 2069 1593 2097 novit
1607 2070 1732 2105 genitrix
1745 2078 1839 2107 angu-

1055 2116 1124 2144 stias
1141 2119 1199 2144 tam
1223 2116 1322 2144 duras.
1345 2116 1374 2149 iti.
1400 2118 1472 2144 Cum
1494 2117 1599 2152 plagas
1622 2117 1788 2153 inspiceret,
1813 2120 1840 2146 et

1056 2163 1159 2199 rapitis
1174 2164 1346 2199 puncturas

1092 2210 1138 2237 Ad
1165 2211 1336 2245 Maymficat,
1352 2210 1520 2244 Antiphone.
1539 2210 1636 2245 Virgo,
1651 2218 1739 2247 passo
1755 2210 1839 2246 Filio,

1055 2264 1158 2293 poenas
1173 2257 1270 2285 cordis
1285 2257 1406 2292 indicat,
1421 2260 1448 2285 et
1467 2257 1564 2293 plebis
1579 2258 1608 2285 in
1628 2258 1739 2293 medio,
1755 2258 1839 2287 dolo-

1055 2311 1117 2332 rem
1141 2304 1239 2332 eordis
1257 2304 1397 2340 replicat:
1426 2308 1547 2340 urgente
1561 2305 1718 2341 supplicio,
1735 2307 1839 2334 mcesta

1055 2359 1128 2379 voce
1144 2350 1302 2387 supplicat,
1317 2359 1385 2388 quae
1400 2351 1555 2388 quondam
1577 2360 1638 2388 prae
1661 2352 1772 2388 gaudio
1787 2359 1835 2380 ce-

1053 2397 1123 2426 cinit
1138 2397 1312 2433 Magnificat.

1377 2482 1511 2509 PsALuus.

1093 2542 1267 2578 Magniticat.
1286 2542 1312 2574 >²-
1331 2541 1463 2576 Domine,
1479 2541 1596 2569 exaudi.

1390 2620 1497 2647 Oratio.

1091 2687 1211 2720 Propter
1225 2684 1376 2720 planctum
1391 2682 1490 2711 acerbi
1504 2682 1642 2719 ejulatus,
1659 2691 1749 2720 quem
1763 2692 1833 2721 pro-
