2029 3052
237 213 297 244 538
719 203 909 238 anninus
931 183 1229 235 APOLOGETICUS
1251 202 1291 235 IN
1312 202 1386 235 nos

234 289 293 321 pro
308 278 432 311 Christo
445 276 677 318 paupertatem,
693 282 792 315 quam
805 272 852 304 ilii
866 271 1014 303 homines

235 334 355 366 ibidem
369 341 494 373 semper
506 331 675 369 sustinent,
690 328 775 369 apud
788 328 860 360 illos
872 327 1014 367 aliquan-

235 389 291 421 diu
299 389 449 426 tolerare,
464 395 538 418 cum
546 385 608 425 ipsi
619 383 752 425 professi
761 383 825 414 sint
836 383 1014 413 extremam

236 445 267 475 et
289 443 477 483 perpetuam
493 439 528 470 in
543 437 658 478 regula
678 437 910 477 paupertatem.
927 433 1013 465 Indi-

237 506 319 537 gnos
343 496 430 528 enim
452 503 485 526 se
505 493 625 524 faciunt
646 491 765 522 eisdem
789 489 917 528 officiis,
940 497 1014 529 quae

235 561 293 592 pro
321 548 539 582 subveniendo
562 547 711 579 omnibus
738 546 962 586 susceperunt,
987 543 1014 574 si

235 614 293 646 pro
316 603 484 635 commodo
505 599 674 640 temporali
693 599 745 630 vel
769 598 957 630 muneribus
978 605 1015 627 ea

235 655 390 689 vendunt.
413 653 487 685 ideo
511 652 586 684 dicit
606 651 752 683 Salvator
766 650 800 681 in
821 649 971 680 Matthaeo
985 649 1012 679 ²:

238 709 350 743 Gratis
364 708 546 748 accepistis,
562 705 664 746 qratis
680 705 774 737 date:
792 713 858 735 non
872 712 931 744 pro
947 711 1016 733 mu-

236 772 313 795 nere
322 761 502 803 temporali.
515 761 634 792 Dicitur
642 759 727 791 enim
737 758 855 790 talibus
867 757 900 788 iu
913 758 976 788 fine
985 760 1013 788 ¹:

236 819 339 851 Amen
349 818 421 850 dico
429 817 528 855 vobis,
536 816 721 856 receperunt
729 812 901 846 mercedem
909 819 1014 849 suam,

235 882 334 914 quam
350 869 558 913 principalius
577 869 630 900 hic
645 870 677 899 et
691 867 864 899 studiosius
878 865 1013 906 quaesie-

235 927 322 958 runt.
353 924 471 956 Dicitur
499 923 596 954 etiam
624 921 743 953 eisdem
770 920 805 951 in
831 919 967 951 Tbrenis
983 921 1012 950 ⁵:

235 980 398 1013 Dederunt
421 977 564 1019 pretiosa
593 984 722 1016 quoeque
749 983 808 1016 pro
835 974 903 1006 cibo
915 998 924 1013 ,
954 976 1013 1005 etc.

236 1034 378 1066 Pretiosa
392 1034 468 1064 suut
484 1031 584 1064 verba
599 1030 664 1069 Dei,
681 1031 712 1060 et
726 1028 899 1061 auctoritas
915 1027 1016 1058 absol-

234 1088 332 1120 vendi
342 1097 359 1119 a
370 1086 505 1128 peccatis
520 1084 681 1123 confessis,
694 1092 767 1124 quae
782 1083 835 1114 dat
851 1091 908 1123 pro
922 1082 993 1113 cibo
1003 1105 1013 1120 ,

235 1142 291 1184 qui
315 1150 374 1182 pro
398 1139 538 1181 corporis
562 1138 713 1170 alimento
738 1146 776 1168 ea
800 1135 1017 1177 principaliter

236 1195 403 1236 impendit.

488 1283 605 1317 Quoestio
623 1283 765 1317 viqesima.

278 1358 359 1390 Cum
380 1357 415 1388 in
429 1357 501 1388 aliis
516 1355 743 1396 religionibus,
761 1356 792 1385 et
805 1353 951 1393 collegiis
966 1362 1017 1384 ec-

237 1413 423 1451 clesiarum,
447 1412 550 1451 maior
582 1409 762 1441 reverentia
798 1407 959 1448 prioribus
984 1407 1017 1437 in

237 1468 347 1500 ordine
363 1467 511 1498 introitus
524 1466 622 1497 soleat
636 1464 791 1501 exhiberi,
808 1463 893 1504 quod
919 1462 1016 1493 etiam

237 1522 320 1553 inter
334 1522 492 1562 apostolos
507 1520 614 1561 aliquo
630 1519 720 1550 modo
741 1520 905 1549 servatum
928 1516 1016 1548 vide-

238 1577 302 1614 tur,
319 1575 465 1607 videlieet
486 1576 519 1605 in
541 1574 632 1605 stallo
651 1573 751 1611 chori,
773 1574 804 1603 et
823 1571 963 1612 capituli,
988 1573 1020 1602 et

238 1639 377 1669 mensae,
399 1632 429 1661 et
448 1629 533 1667 aliis;
556 1637 675 1668 magna
698 1627 857 1658 rusticitas
879 1625 1015 1664 videtur,

239 1685 325 1726 quod
340 1684 426 1724 apud
440 1693 498 1715 vos
512 1683 601 1714 nulla
623 1683 656 1713 in
678 1682 728 1712 his
746 1680 927 1712 differentia
948 1689 1016 1710 ser-

240 1741 346 1777 vatur,
363 1747 438 1769 cum
460 1737 629 1778 Apostolus
649 1736 731 1767 dicat
744 1738 754 1754 ⁵
772 1746 778 1766 ι
799 1735 921 1767 Honore
932 1734 1019 1766 invi-

240 1801 305 1826 cem
316 1793 561 1834 proevenientes.

552 1888 708 1923 Responsio.

283 1958 419 1989 Sanctus
433 1959 521 1998 pater
537 1959 643 1987 noster
655 1955 840 1986 Franciscus
852 1954 884 1985 in
895 1962 1023 1984 summa

243 2012 345 2044 voluit
359 2012 502 2043 ordinem
517 2011 653 2052 puritate
669 2010 814 2047 fundare,
831 2012 867 2040 ut
887 2009 919 2039 in
935 2009 1023 2040 nullo

244 2067 461 2107 gloriarentur
486 2066 616 2103 fratres,
638 2065 697 2095 nisi
722 2065 754 2094 in
775 2073 868 2094 eruce
896 2063 1022 2093 Domini

244 2120 345 2151 nostri
359 2119 434 2151 Jesu
451 2119 576 2157 Christi,
591 2119 620 2149 id
636 2121 682 2149 est
694 2117 884 2148 humilitatis
900 2119 930 2148 et
945 2117 1021 2147 cha—

244 2175 346 2206 ritatis
359 2175 439 2213 ejus,
453 2183 517 2214 qua
527 2183 584 2214 pro
598 2173 689 2204 nobis
704 2172 768 2212 pati
782 2172 896 2208 voluit,
907 2171 1022 2202 devota

245 2228 433 2266 imitatione,
456 2237 529 2258 cum
556 2228 587 2258 in
608 2226 793 2266 hujusmodi
818 2226 1021 2264 excellentiis,

245 2291 310 2323 qua
321 2282 359 2322 (a)
371 2292 455 2312 unus
467 2282 557 2312 alteri
574 2281 754 2321 praefertur,
766 2280 798 2310 in
807 2280 914 2319 aliquo
928 2279 1026 2310 soleat

245 2336 374 2367 animus
398 2336 655 2375 imperfectorum
680 2344 763 2374 saepe
786 2333 948 2374 pueriliter
969 2343 1025 2364 ex-

247 2390 325 2421 tolli.
343 2389 432 2427 Quod
457 2391 564 2419 autem
585 2388 755 2428 Apostolus
780 2388 882 2425 docet,
905 2388 1026 2418 honore

246 2444 384 2475 invicem
402 2443 591 2483 praevenire,
606 2451 668 2472 non
683 2444 806 2472 tantum
823 2441 862 2472 ad
881 2441 955 2472 istas
969 2450 1026 2472 ex-

247 2497 398 2528 trinsecas
413 2496 604 2528 reverentias
623 2496 823 2526 referendum
839 2498 895 2533 est,
912 2504 975 2535 qua
986 2495 1024 2534 (α)

248 2560 332 2581 unus
348 2551 437 2581 alteri
459 2550 611 2589 assurgit,
629 2549 679 2580 vel
700 2549 771 2579 facit
793 2559 867 2579 eum
884 2559 916 2579 se
942 2558 1026 2589 prze-

248 2604 369 2642 cedere,
381 2607 412 2635 et
428 2605 461 2635 in
474 2604 631 2644 superiori
646 2603 714 2634 loco
732 2604 826 2640 stare,
838 2603 888 2634 vel
903 2603 1023 2641 sedere,

281 2685 288 2701 ¹
306 2685 407 2714 Matllz.‚
427 2691 451 2716 x,
467 2687 489 2709 S.
505 2699 535 2703 —
552 2685 650 2715 ⁷1bid.‚
666 2690 704 2715 Vt,
721 2686 744 2707 2.
764 2697 794 2701 -
808 2684 818 2700 ³
835 2683 931 2713 Threm,
950 2690 966 2711 i,
989 2685 1028 2708 tt.

251 2722 257 2734 ⁴
275 2721 354 2749 fletu„
367 2727 414 2751 xii,
433 2723 508 2746 lo.—
525 2723 532 2736 ⁵
548 2721 653 2752 Philip„
673 2727 700 2752 11,
718 2722 741 2745 3.
757 2732 787 2738 -
802 2720 811 2736 ⁶
824 2720 902 2749 Rom„
920 2726 973 2751 μιν,
989 2722 1027 2745 13.

1069 271 1101 301 et
1122 269 1293 311 similibus,
1308 271 1364 303 sed
1384 271 1491 312 magis
1508 271 1549 304 ad
1565 272 1638 312 hoc,
1653 274 1690 304 ut
1710 274 1845 316 quisque

1069 326 1194 365 reputet
1208 324 1309 356 alium
1325 334 1358 357 se
1373 325 1538 357 meliorem
1553 328 1705 360 esse⁵zlrt
1717 328 1846 362 humili-

1070 379 1132 411 tate
1141 379 1206 411 sibi
1220 380 1359 412 invicem
1368 380 1547 421 superiores
1555 380 1760 422 arbitrantes,
1771 385 1844 422 etc.;

1069 434 1107 463 ut
1127 442 1194 464 non
1207 434 1246 464 sit
1267 443 1388 474 pronus
1405 434 1444 466 ad
1468 434 1742 475 interpretandum
1763 437 1846 468 facta

1070 487 1150 526 ejuS,
1164 486 1218 517 vel
1231 486 1324 525 dicta,
1338 487 1372 518 in
1390 489 1515 528 partem
1536 488 1736 528 deteriorem,
1750 490 1845 530 J'uxta

1069 539 1149 571 illud
1163 540 1174 557 ⁶
1191 551 1198 572 ε
1215 540 1286 573 Νοη
1305 549 1378 582 erqo
1403 542 1545 582 amplius
1565 543 1703 576 invicem
1715 543 1844 584 judice-

1071 602 1152 632 mus,
1168 597 1240 633 etc.;
1257 596 1293 626 ut
1307 595 1446 627 offensus
1460 596 1500 627 ab
1514 605 1563 635 eo,
1578 596 1668 628 facile
1682 597 1712 629 ei
1731 597 1847 637 ignos-

1071 649 1121 678 cat
1135 651 1145 668 ⁷
1163 659 1169 679 :
1187 648 1348 682 Donantes
1375 650 1523 689 invicem,
1541 651 1571 683 si
1594 652 1668 691 quis
1689 651 1846 685 adversus

1071 701 1213 742 aliquem
1227 703 1317 736 habet
1330 704 1510 744 querelam,-
1525 706 1561 736 ut
1571 705 1711 737 studiose
1722 708 1844 746 caveat,

1071 765 1112 787 ne
1135 756 1170 787 in
1195 757 1301 798 aliquo
1320 767 1397 789 eum
1420 758 1583 798 despiciat,
1604 759 1656 790 vel
1681 759 1844 792 offendat:

1071 811 1156 842 unde
1180 811 1224 842 ait
1247 811 1400 843 Dominus
1414 812 1448 844 ⁸:
1469 812 1578 846 Videte
1601 821 1640 845 ne
1665 816 1845 846 contemna-

1072 866 1128 904 tis,
1142 867 1215 904 etc.;
1232 867 1268 897 ut
1284 867 1408 898 absenti
1421 876 1485 898 non
1500 867 1655 906 detrahat,
1672 876 1731 898 nec
1744 868 1846 899 liben-

1070 921 1119 951 ter
1145 920 1388 960 derogationem
1411 922 1481 961 ejus
1510 921 1640 960 audiat,
1663 921 1745 953 sicut
1771 922 1847 954 dicit

1071 973 1222 1005 Salomon
1236 974 1246 991 ⁹
1263 983 1271 1005 :
1291 974 1368 1006 Cum
1382 974 1613 1007 detractoribus
1635 983 1674 1007 ne
1695 977 1848 1009 commis-

1072 1028 1198 1067 cearis;
1212 1029 1248 1059 ut
1261 1027 1416 1068 indigenti
1435 1028 1591 1060 auxilium
1611 1030 1642 1060 et
1662 1031 1847 1070 promptum

1072 1081 1262 1122 obsequium
1288 1081 1423 1113 libenter
1448 1082 1627 1123 impendat,
1649 1084 1745 1123 juxta
1769 1083 1849 1115 illud

1073 1134 1165 1166 Pauli
1190 1136 1212 1155 ¹⁰
1230 1146 1237 1165 :
1257 1135 1316 1168 Per
1344 1135 1538 1169 charitatem
1565 1137 1714 1177 Spiritus
1740 1138 1849 1170 sancti

1072 1190 1188 1222 servite
1211 1190 1372 1226 invicem;
1391 1192 1426 1222 ut
1448 1199 1522 1222 eum
1550 1200 1629 1231 pure
1654 1191 1788 1231 diligat,
1817 1193 1849 1223 et

1073 1243 1159 1284 apud
1179 1243 1279 1275 Deum
1292 1244 1438 1283 fideliter,
1453 1244 1487 1275 in
1507 1244 1625 1285 quibus
1647 1245 1751 1284 valet,
1776 1254 1850 1286 pro-

1073 1300 1211 1329 moveat.
1236 1298 1298 1336 Qui
1323 1298 1391 1330 haec
1414 1298 1601 1339 negligens,
1625 1301 1751 1330 tantum
1777 1299 1849 1330 illas

1073 1351 1265 1383 extrinsecas
1287 1353 1480 1384 reverentias
1497 1353 1543 1393 (ut
1557 1352 1634 1393 dixi>
1651 1353 1741 1384 fratri
1756 1353 1850 1385 exhi-

1072 1407 1136 1445 bet,
1152 1416 1232 1447 quas
1248 1407 1390 1448 plerique
1406 1407 1511 1447 magis
1526 1407 1565 1438 ad
1580 1407 1641 1438 lioc
1657 1407 1718 1438 sibi
1737 1410 1851 1439 mutuo

1073 1461 1238 1500 exhibent,
1254 1470 1294 1492 ne
1309 1461 1477 1492 incuriales
1494 1463 1656 1500 notentur,
1672 1461 1724 1493 vei
1740 1461 1851 1493 adula-

1074 1516 1165 1554 torie,
1181 1518 1217 1547 ut
1239 1515 1301 1546 sibi
1325 1516 1386 1547 ista
1410 1516 1550 1547 vicissim
1575 1516 1824 1547 reexhibeantur
1838 1540 1849 1556 ,

1074 1570 1209 1601 verbum
1235 1570 1376 1610 Apostoli
1397 1570 1542 1601 debiliter
1559 1570 1597 1601 de
1617 1570 1748 1601 honoris
1766 1579 1853 1611 prae-

1075 1624 1223 1656 ventione
1254 1624 1408 1664 implevit.
1436 1623 1520 1655 Inter
1550 1623 1620 1655 illos
1647 1624 1768 1664 igitur,
1792 1624 1848 1665 qui

1075 1678 1196 1719 aliquid
1220 1678 1433 1710 exterioribus
1453 1679 1489 1718 (b)
1514 1678 1644 1718 gloriae,
1672 1678 1722 1709 vel
1744 1679 1848 1710 officio

1075 1733 1254 1772 dignitatis,
1277 1733 1326 1764 vel
1355 1742 1396 1764 ex
1419 1733 1480 1763 alia
1504 1733 1681 1764 intentione
1704 1733 1849 1772 honesta,

1076 1786 1209 1826 cupiunt
1231 1787 1349 1818 habere
1371 1787 1548 1818 secundum
1572 1787 1754 1825 hominem,
1777 1796 1850 1827 pos—

1077 1843 1151 1871 sunt
1172 1841 1241 1872 istae
1262 1841 1450 1872 reverentiae
1465 1841 1637 1872 observari.
1659 1840 1723 1872 Nos
1744 1844 1853 1873 autem

1076 1897 1255 1926 extremam
1269 1897 1301 1926 et
1312 1895 1498 1926 altissimam
1512 1897 1732 1936 paupertatem
1753 1896 1787 1927 in
1802 1905 1852 1927 re-

1079 1950 1158 1989 gula
1191 1950 1367 1989 professos,
1400 1950 1488 1980 decet
1510 1950 1606 1980 etiam
1638 1950 1854 1981 humilitatem

1078 2013 1240 2035 summam
1262 2004 1294 2034 in
1310 2004 1459 2034 omnibus
1474 2004 1642 2035 custodire.
1661 2004 1695 2034 In
1717 2004 1786 2035 aliis
1801 2013 1853 2035 or-

1079 2058 1221 2096 dinibus,
1236 2058 1292 2088 ubi
1307 2060 1434 2097 tempus
1450 2060 1481 2088 et
1496 2058 1562 2088 dies
1577 2058 1781 2098 professionis
1795 2067 1851 2089 cu-

1074 2113 1194 2152 jusque
1220 2114 1323 2153 potest
1345 2112 1525 2150 observari,
1550 2112 1622 2152 quis
1646 2112 1733 2152 prior
1756 2112 1854 2144 altero

1080 2167 1256 2205 intraverit,
1272 2168 1405 2206 possunt
1419 2166 1514 2196 etiam
1530 2166 1564 2196 in
1578 2166 1653 2196 locis
1668 2166 1759 2197 istam
1776 2167 1856 2207 prio-

1080 2221 1182 2252 ritatis
1201 2230 1328 2252 servare
1344 2220 1588 2251 distinctIOnem.
1601 2220 1692 2260 Apud
1717 2229 1775 2251 nos
1796 2230 1854 2252 au-

1080 2278 1155 2312 tem,
1174 2276 1230 2306 ubi
1246 2284 1330 2315 saepe
1347 2275 1385 2305 de
1400 2274 1468 2305 loco
1485 2274 1525 2305 ad
1548 2274 1653 2305 locum
1677 2276 1853 2314 mutamur,

1080 2331 1161 2361 sicut
1182 2339 1246 2360 non
1272 2338 1441 2368 possumus
1456 2328 1535 2358 scire
1558 2330 1685 2368 tempus
1707 2328 1856 2360 introitus

1081 2386 1324 2424 cujuscumque,
1337 2383 1379 2413 ita
1394 2392 1451 2413 nec
1466 2382 1497 2412 in
1514 2391 1578 2422 quo
1594 2391 1667 2412 eum
1683 2382 1855 2414 debeamus

1082 2438 1173 2469 stallo
1196 2438 1312 2474 locare,
1336 2445 1410 2467 cum
1435 2445 1475 2467 ex
1500 2436 1674 2474 oblivione,
1699 2438 1729 2467 et
1751 2436 1853 2466 ambi-

1081 2493 1188 2529 tione,
1211 2500 1268 2522 seu
1291 2500 1331 2521 ex
1354 2490 1534 2520 humilitate
1556 2490 1661 2530 plures
1690 2490 1853 2527 dicerent,

1082 2547 1172 2587 prius
1186 2545 1236 2577 vel
1258 2544 1415 2586 posterius
1431 2553 1464 2575 se
1478 2544 1619 2582 venisse;
1643 2545 1674 2574 et
1688 2543 1856 2584 aliquoties

1083 2647 1113 2651 —
1129 2634 1135 2647 ⁷
1153 2632 1252 2663 Emesa
1269 2637 1302 2661 lv,
1320 2632 1357 2655 32,
1374 2644 1399 2647 -
1417 2630 1427 2647 ⁸
1443 2629 1542 2658 Marte„
1559 2634 1634 2659 xvul,
1652 2629 1689 2653 10.
1704 2642 1734 2646 —
1748 2629 1758 2645 9
1774 2629 1857 2660 Proin,

1084 2675 1154 2699 xxw,
1171 2670 1210 2692 21.
1230 2680 1255 2684 —
1273 2667 1292 2684 ¹⁰
1309 2667 1378 2697 Gal„
1395 2672 1420 2697 ν,
1436 2667 1474 2690 13.

1117 2722 1150 2749 (α)
1166 2718 1221 2749 Leq.
1238 2717 1338 2749 quibus.
1354 2729 1384 2734 —
1400 2715 1431 2746 (b)
1448 2714 1508 2738 Item
1522 2713 1665 2738 exterioris.
