2029 3052
182 221 244 253 224

219 287 274 323 Qui
287 287 454 318 seeundum
472 287 658 318 divinitatem
670 289 795 326 aequalis
809 289 886 319 Petri
897 298 905 318 :
917 296 964 319 se·

182 333 317 364 cundum
330 343 403 364 vero
417 335 632 364 humanitatem
645 335 746 365 minor
758 337 852 366 Patre.

218 381 383 419 Conceptus
407 382 439 411 in
465 383 549 412 utero
571 382 699 420 Virginis
724 383 831 420 Μανίω,
852 384 966 421 Angelo

181 428 386 463 annuntiante,
413 429 451 458 de
476 429 586 466 Spiritu
615 431 717 459 sancto
744 439 751 459 :
780 438 843 460 nou
865 433 965 461 tamen

181 475 305 512 Spiritus
318 477 438 505 sanctus
451 478 496 505 est
507 478 593 513 pater
607 477 681 513 ejus.

217 523 336 552 Genitus
349 523 380 552 in
395 522 544 552 mundum
557 523 620 552 sine
630 531 720 561 poena
731 525 829 554 carnis
839 525 966 562 Virginis

180 570 278 600 Matris
304 579 311 599 ε
339 571 412 608 quia
446 571 509 600 sine
543 571 739 602 delectatione
771 573 867 603 carnis
893 581 966 603 con-

181 619 293 654 ceptus.

217 665 311 699 Quem
326 664 446 694 laetavit
466 668 576 696 Mater:
601 667 691 696 ubere
710 668 748 696 de
770 668 846 697 coelo
862 668 964 705 pleno.

217 712 311 746 Quem
333 711 524 742 circumstant
543 714 646 750 Angeli
665 714 858 744 obstetricum
875 715 940 744 viee
957 724 964 744 :

181 760 352 790 nuntiantes
363 761 535 798 pastoribus
551 762 697 798 gaudium
710 770 866 799 magnum.

218 807 270 836 llic
288 815 307 836 α
327 808 418 844 Magis
435 808 612 838 muneribus
627 809 778 845 adoratus,
794 809 834 838 ab
849 809 964 838 Herode

182 855 213 883 in
227 857 388 893 AEgyptum
407 856 538 893 fugatus,
553 864 572 885 a
585 858 698 886 Joanne
719 857 750 886 in
763 857 893 886 Jordane
913 858 966 887 ba-

181 902 328 939 ptizatus:
353 903 488 939 traditus,
515 905 629 940 captus,
651 903 828 940 flagellatus,
852 905 966 933 crucili-

180 957 248 986 xus,
261 952 397 980 mortuus
411 953 439 979 et
453 950 594 988 sepultus.

218 998 292 1026 Cum
307 997 404 1034 gloria
416 998 575 1027 resurrexit
589 1008 596 1026 :
612 998 652 1028 ad
667 999 758 1028 coelos
773 999 914 1028 ascendit.

217 1045 357 1082 Spiritum
380 1046 518 1075 Sanctum
538 1046 569 1074 in
591 1046 754 1084 discipulos
777 1056 783 1075 :
804 1049 833 1076 et
856 1048 885 1076 iu
907 1048 965 1076 Ma-

181 1094 256 1121 trem
276 1092 365 1121 misit.

216 1141 311 1174 Quam
333 1139 456 1168 demum
475 1141 537 1177 ipse
557 1141 586 1168 in
607 1141 717 1169 coelum
736 1142 917 1178 assumpsit:
938 1144 966 1170 et

182 1186 265 1215 sedet
283 1186 322 1214 ad
344 1186 499 1215 dexteram
521 1187 596 1222 Filii,
615 1195 675 1216 non
700 1196 818 1217 cessans
837 1197 893 1225 pro
913 1197 965 1218 no-

182 1233 228 1261 bis
243 1233 347 1262 Filium
362 1241 497 1262 exorare.

220 1281 284 1308 lloec
303 1282 345 1308 est
368 1280 442 1309 tides
465 1281 501 1309 dc
526 1281 614 1310 Maria
640 1282 779 1318 Virgine:
797 1291 888 1320 quam
909 1284 965 1312 nisi

183 1327 311 1363 quisque
329 1327 455 1356 fideliter
474 1329 655 1365 firmiterque
674 1329 843 1365 crediderit,
866 1330 966 1359 salvus

183 1382 245 1402 esse
260 1382 320 1403 non
332 1375 448 1411 poterit.

460 1485 686 1522 LITANIAE.

222 1562 318 1599 Kyrie,
334 1562 456 1591 eleison.

221 1609 342 1645 Christe,
355 1610 476 1639 eleison.

222 1657 319 1693 Kyme,
335 1657 458 1686 eleison.

221 1704 342 1740 Christe,
357 1705 428 1732 audi
444 1713 508 1733 nos.

220 1751 342 1786 Christe,
359 1752 467 1780 exaudi
483 1760 547 1780 nos,

185 1800 266 1827 Pater
279 1799 316 1826 de
332 1799 414 1827 coelis
431 1801 517 1834 Deus,
540 1800 634 1829 Mariae
654 1800 790 1828 eonditor
809 1801 967 1838 gloriosus,

220 1846 358 1874 miserere
373 1846 470 1874 nobis.

185 1893 235 1921 tv‘ili
253 1893 435 1929 Redemptor
457 1894 562 1922 mundi
582 1896 666 1928 Deus,
688 1895 782 1923 Marioe
798 1896 906 1925 nobilis
919 1897 969 1924 sue·

222 1940 378 1976 cundator,
391 1941 530 1969 miserere
542 1942 638 1969 nobis.

184 1988 307 2024 Spiritus
320 1991 419 2016 sancte
436 1990 521 2023 Deus,
538 1989 632 2017 Mariae
648 1989 792 2017 mirabilis
808 1990 970 2020 obumbra-

222 2038 277 2070 tor,
290 2036 429 2063 miserere
446 2036 542 2063 nobis.

186 2085 290 2111 Sancta
301 2083 424 2111 Trinitas
433 2091 509 2111 nnus
521 2085 604 2118 neus,
616 2085 666 2120 qni
680 2084 797 2112 Mariam
809 2085 969 2121 glorificas,

222 2130 360 2158 miserere
376 2130 472 2158 nobis.

186 2178 291 2205 Sancta
315 2177 413 2212 Maria,
438 2186 505 2213 quie
528 2179 620 2205 totum
641 2178 788 2206 mundum
808 2179 968 2214 illuminas,

223 2232 274 2252 ora
289 2232 344 2260 pro
360 2224 457 2252 nohis.

186 2272 291 2299 Sancta
308 2271 405 2305 Μανία,
423 2280 489 2307 quie
506 2274 570 2300 tuos
584 2280 685 2301 servos
696 2273 818 2308 exaltas,

189 2318 293 2346 sancta
313 2319 413 2352 Maria,
434 2327 499 2353 quae
515 2327 569 2354 pro
585 2320 792 2355 peccatoribus
807 2321 967 2358 supplicas.

186 2366 291 2393 Sancta
305 2364 405 2398 Μανία,
421 2364 614 2393 illuminatrix
631 2367 776 2395 cordium.

187 2414 292 2440 Sancta
307 2411 405 2446 Maria,
422 2412 486 2439 sons
501 2412 720 2448 misericordiae,

187 2461 292 2487 Sancta
310 2458 408 2493 Maria,
427 2458 569 2495 splendor
585 2460 611 2487 S.
629 2460 770 2489 tit-etesiae.

187 2508 290 2534 Sancta
307 2506 406 2540 Maria,
424 2506 535 2533 flumen
550 2506 716 2541 sapientiae,

186 2554 290 2581 Sancta
305 2553 405 2587 Maria,
421 2553 458 2581 ab
475 2553 586 2589 Angelo
602 2553 738 2589 salutata,

185 2601 289 2628 Sancta
300 2601 398 2635 Maria,
414 2609 466 2636 pei·
480 2600 619 2636 Spiritum
633 2603 766 2629 sanetum
777 2602 968 2637 obumbrata,

186 2648 291 2676 Sancta
306 2648 404 2682 Maria,
416 2647 446 2675 in
461 2647 541 2675 ecelis
553 2647 729 2683 glorificata,

187 2697 290 2723 Sancta
300 2695 399 2729 Μανία,
414 2703 481 2723 rosa
496 2695 572 2723 veris
584 2695 729 2731 speciosa,
741 2704 793 2723 ονα
805 2705 858 2732 pro
871 2698 966 2725 nobis.

638 220 814 254 LlTANlAE
833 220 980 255 BEATAE
1000 221 1141 256 MARIAE
1161 222 1349 257 VlRGlNlS.

1021 290 1127 320 Sancta
1141 290 1245 327 Maria,
1262 291 1329 321 vitis
1344 290 1488 321 frondens
1501 298 1662 331 genem,
1674 301 1731 325 ora
1747 303 1804 334 pro

1057 338 1156 367 nobis.
1710 359 1713 362 .

1021 385 1128 414 Sancta.
1141 385 1242 422 Maria,
1255 385 1352 414 dulcis
1364 386 1449 423 virgo
1463 387 1493 415 et
1505 386 1651 424 speciosa,

1020 431 1127 461 Sancte.
1140 433 1241 468 Maria,
1255 440 1274 462 a
1288 434 1348 462 Deo
1365 434 1448 462 Patre
1462 441 1574 470 sponsa
1587 433 1691 471 electa,

1021 479 1128 508 sancta
1141 479 1242 515 Maria,
1257 479 1345 508 Verbi
1360 480 1410 509 Dei
1425 482 1519 510 mater
1531 481 1696 518 proeelecta,

1020 525 1127 554 Sancta
1140 525 1245 561 Maria,
1259 534 1279 555 a
1291 526 1402 564 Spiritu
1416 529 1520 556 sancto
1534 529 1677 565 protecta,

1020 573 1126 602 sancta
1140 573 1240 609 Maria,
1255 581 1323 610 quae
1337 574 1431 602 Deum
1445 573 1476 602 in
1491 575 1575 604 utero
1593 575 1766 612 concepisti,

1021 620 1127 649 Sancta
1137 619 1237 656 Maria,
1251 628 1318 657 quoe
1333 621 1426 649 Deum
1439 623 1468 650 et
1480 621 1634 651 hominem
1646 623 1785 660 genuisti,

1021 668 1125 696 Sancta
1139 667 1239 703 Μανία,
1255 667 1344 704 Virgo
1359 667 1511 705 virginum
1525 668 1678 706 signifera,

1021 714 1127 743 Sancta
1141 714 1242 751 Maria,
1260 714 1346 752 virga
1359 716 1438 744 Jesse
1452 715 1631 752 Christitera,

1020 762 1124 790 Sancta
1139 761 1240 797 Maria,
1255 762 1346 791 arbor
1360 762 1426 791 vitae
1440 762 1600 799 fructifera,

1019 809 1125 838 Sancta
1140 809 1240 844 Maria,
1254 809 1445 838 foeminarum
1455 809 1669 847 pulcherrima,

1019 855 1125 885 Sancta
1139 856 1238 892 Maria,
1253 856 1412 886 humilium
1427 857 1606 893 humillima,

1019 903 1125 932 Sancta
1139 903 1240 939 Μανία,
1254 905 1426 932 sanctarum
1437 904 1633 940 sanctissima,

1019 951 1126 979 Sancta
1139 951 1241 987 Maria,
1255 959 1345 988 super
1359 959 1464 980 omnes
1477 951 1649 988 diligentius
1663 951 1805 987 amanda,

1019 997 1125 1027 Sancta
1138 998 1240 1033 Maria,
1256 1005 1345 1035 super
1359 1005 1465 1027 omnes
1479 997 1673 1027 excellentius
1685 998 1804 1035 magni-

1055 1045 1186 1080 ficanda,

1019 1093 1124 1121 Sancta
1139 1092 1238 1127 Maria,
1255 1093 1343 1121 Mater
1357 1092 1535 1128 conditoris,

1020 1141 1126 1169 Sancta
1141 1139 1241 1174 Maria,
1252 1141 1340 1168 Mater
1355 1139 1571 1176 Redemptoris.

1019 1188 1125 1216 Sancta
1138 1187 1236 1222 Maria,
1254 1189 1341 1216 Mater
1354 1187 1526 1222 salvatoris,

1020 1235 1124 1263 Sancta
1138 1235 1237 1270 Μανία,
1250 1236 1337 1263 Mater
1348 1233 1463 1262 mundo
1479 1233 1698 1269 desiderabilis,

1020 1283 1125 1310 Sancta
1138 1282 1238 1316 Maria,
1254 1281 1353 1310 interis
1369 1281 1518 1316 terribilis,

1020 1330 1126 1357 Sancta
1141 1329 1240 1363 Maria,
1258 1330 1342 1357 Mater
1355 1328 1503 1364 amabilis,

1021 1377 1126 1405 Sancta
1141 1377 1244 1412 Maria,
1259 1376 1347 1412 Virgo
1362 1376 1453 1413 plena
1467 1376 1572 1412 gratia,

1021 1425 1125 1452 Sancta
1139 1423 1237 1459 Maria,
1253 1423 1341 1459 Virgo
1355 1423 1445 1459 plena
1459 1422 1627 1458 clementia,

1021 1472 1125 1500 Sancta
1140 1470 1239 1506 Maria,
1255 1471 1304 1507 pia
1319 1469 1447 1498 tundens
1461 1469 1578 1505 solatia,

1021 1519 1125 1547 Sancta
1138 1518 1237 1552 Μανία,
1252 1519 1307 1546 flos
1319 1519 1345 1546 et
1358 1517 1448 1546 decus
1462 1517 1636 1553 virginitatis
1647 1516 1696 1554 (a),

1021 1567 1124 1594 Sancta
1140 1566 1240 1599 Maria,
1257 1565 1365 1593 fluvius
1379 1564 1572 1601 sapientialis,

1022 1614 1127 1641 Sancta
1142 1613 1241 1647 Maria,
1257 1612 1400 1648 splendor
1415 1614 1443 1640 et
1457 1611 1508 1639 lux
1524 1611 1685 1646 orientalis,

1021 1661 1126 1688 Sancta
1140 1660 1239 1694 Maria,
1255 1660 1396 1688 virtutum
1412 1659 1478 1687 caeli
1494 1659 1618 1695 ltegina,

1022 1708 1128 1735 Sancta
1143 1707 1241 1742 Maria,
1258 1706 1366 1735 domus
1383 1707 1430 1735 Dei
1445 1706 1628 1742 cypressina,

1022 1756 1128 1783 sancta
1142 1754 1242 1788 Maria,
1255 1753 1320 1782 coeli
1337 1754 1462 1782 fenestra
1477 1752 1662 1789 crystallina,

1021 1804 1126 1830 sancta
1141 1802 1240 1837 Maria,
1257 1803 1408 1838 perpetum
1425 1800 1498 1829 lucis
1511 1808 1634 1834 aurora,

1023 1850 1127 1877 Sancta
1144 1848 1241 1884 Maria,
1254 1848 1341 1884 virgo
1357 1848 1481 1884 pulchra
1491 1850 1519 1876 et
1533 1848 1653 1882 decora,

1023 1898 1129 1925 Sancta
1144 1896 1248 1931 Maria,
1264 1895 1395 1924 melodia
1408 1895 1503 1923 dulcis
1517 1896 1545 1923 et
1559 1902 1681 1929 sonora,

1023 1946 1128 1972 sancta
1143 1944 1242 1978 Maria,
1259 1943 1434 1971 deliciarum
1451 1942 1497 1970 Dei
1511 1942 1654 1978 dapifera,

1023 1993 1129 2019 Sancta
1144 1991 1242 2026 Maria,
1260 1990 1384 2018 cit-lestis
1400 1990 1487 2018 curize.
1502 1990 1656 2026 pincerna,

1023 2040 1127 2067 Sancta
1142 2038 1242 2073 Maria,
1258 2038 1388 2074 paradisi
1403 2040 1489 2074 porta
1504 2037 1618 2073 pervia,

1023 2087 1129 2114 Sancta
1140 2086 1239 2120 Maria,
1257 2085 1398 2121 placitum
1414 2084 1463 2112 Dei
1477 2083 1699 2117 umbraculum,

1025 2135 1129 2162 sancta
1144 2133 1243 2168 Μανία,
1261 2133 1409 2168 virginum
1424 2139 1504 2160 nova
1519 2130 1671 2165 exultatio,

1024 2184 1129 2210 sancta
1144 2181 1243 2215 Maria,
1261 2180 1420 2208 mulierum
1436 2179 1532 2215 prima
1546 2178 1726 2213 benedictio,

1023 2230 1128 2257 Sancta
1144 2228 1243 2264 Maria,
1257 2228 1435 2256 miserorum
1449 2227 1498 2263 pia
1513 2225 1688 2260 consolatio,

1023 2278 1127 2304 sancta
1142 2275 1242 2310 Maria,
1258 2283 1327 2303 vera
1342 2274 1421 2302 salus
1436 2277 1462 2302 et
1478 2273 1646 2309 beatitudo,

1025 2324 1130 2351 Sancta
1146 2323 1246 2358 Maria,
1262 2322 1408 2350 charitatis
1424 2321 1609 2357 magnitudo,

1023 2372 1128 2399 Sancta
1144 2370 1240 2403 Maria,
1255 2370 1370 2406 pietatis·
1384 2369 1520 2403 latitudo,

1024 2419 1128 2446 Sancta
1145 2418 1245 2453 Maria,
1260 2420 1353 2445 mater
1369 2416 1584 2453 orphanorum,

1024 2466 1129 2493 Sancta
1144 2465 1252 2500 Maria,
1268 2464 1400 2492 mamilla
1416 2464 1630 2500 orphanorum,

1024 2514 1128 2541 Sancta
1144 2513 1248 2548 Maria,
1266 2512 1399 2540 mamilla
1414 2511 1619 2547 parvulorum,

1024 2560 1129 2588 Sancta
1147 2559 1245 2594 Maria,
1271 2558 1435 2587 consolatio
1458 2557 1652 2591 afflictorum,
1675 2564 1728 2584 ονα
1750 2563 1805 2591 pro

1063 2606 1160 2635 nobis.

1067 2704 1100 2732 (a)
1117 2703 1177 2727 Uet.
1193 2702 1254 2726 edit.
1270 2701 1406 2731 virginalis.
