<?xml version="1.0" encoding="UTF-8"?>
<!DOCTYPE html PUBLIC "-//W3C//DTD XHTML 1.0 Transitional//EN"
    "http://www.w3.org/TR/xhtml1/DTD/xhtml1-transitional.dtd">
<html xmlns="http://www.w3.org/1999/xhtml" xml:lang="en" lang="en">
 <head>
  <title>
</title>
<meta http-equiv="Content-Type" content="text/html;charset=utf-8" />
  <meta name='ocr-system' content='tesseract 3.04.00' />
  <meta name='ocr-capabilities' content='ocr_page ocr_carea ocr_par ocr_line ocrx_word'/>
</head>
<body>
  <div class='ocr_page' id='page_1' title='image "./operaomniasixtiv14bonauoft/operaomniasixtiv14bonauoft_0298.png"; bbox 0 0 2029 3052; ppageno 0'>
   <div class='ocr_carea' id='block_1_1' title="bbox 131 1539 239 1715">
    <p class='ocr_par' dir='ltr' id='par_1_1' title="bbox 131 1539 239 1715">
     <span class='ocr_line' id='line_1_1' title="bbox 162 1539 238 1560; baseline 0 -1"><span class='ocrx_word' id='word_1_1' title='bbox 162 1539 238 1560; x_wconf 87' lang='lat' dir='ltr'>Domi-</span> 
     </span>
     <span class='ocr_line' id='line_1_2' title="bbox 144 1572 228 1591; baseline 0.012 -2"><span class='ocrx_word' id='word_1_2' title='bbox 144 1572 228 1591; x_wconf 67' lang='lat' dir='ltr'>nusi-st</span> 
     </span>
     <span class='ocr_line' id='line_1_3' title="bbox 131 1603 239 1622; baseline 0.009 -1"><span class='ocrx_word' id='word_1_3' title='bbox 131 1607 181 1621; x_wconf 83' lang='lat' dir='ltr'>eum</span> <span class='ocrx_word' id='word_1_4' title='bbox 194 1603 239 1622; x_wconf 78' lang='lat' dir='ltr'>Ma-</span> 
     </span>
     <span class='ocr_line' id='line_1_4' title="bbox 131 1632 238 1659; baseline 0.019 -8"><span class='ocrx_word' id='word_1_5' title='bbox 131 1632 162 1652; x_wconf 85' lang='lat' dir='ltr'>ria</span> <span class='ocrx_word' id='word_1_6' title='bbox 189 1633 238 1659; x_wconf 74' lang='lat' dir='ltr'>ejus</span> 
     </span>
     <span class='ocr_line' id='line_1_5' title="bbox 132 1662 237 1684; baseline 0.019 -2"><span class='ocrx_word' id='word_1_7' title='bbox 132 1662 176 1683; x_wconf 76' lang='lat' dir='ltr'>fllia</span> <span class='ocrx_word' id='word_1_8' title='bbox 201 1670 237 1684; x_wconf 89' lang='lat' dir='ltr'>no-</span> 
     </span>
     <span class='ocr_line' id='line_1_6' title="bbox 131 1693 238 1715; baseline 0.019 -2"><span class='ocrx_word' id='word_1_9' title='bbox 131 1693 238 1715; x_wconf 77' lang='lat' dir='ltr'>bilissima</span> 
     </span>
    </p>
   </div>
   <div class='ocr_carea' id='block_1_2' title="bbox 264 283 325 314">
    <p class='ocr_par' dir='ltr' id='par_1_2' title="bbox 264 283 325 314">
     <span class='ocr_line' id='line_1_7' title="bbox 264 283 325 314; baseline 0 0"><span class='ocrx_word' id='word_1_10' title='bbox 264 283 325 314; x_wconf 74' lang='lat'>260</span> 
     </span>
    </p>
   </div>
   <div class='ocr_carea' id='block_1_3' title="bbox 250 345 1046 2710">
    <p class='ocr_par' dir='ltr' id='par_1_3' title="bbox 250 345 1046 2710">
     <span class='ocr_line' id='line_1_8' title="bbox 265 345 1046 384; baseline -0.005 -6"><span class='ocrx_word' id='word_1_11' title='bbox 265 357 308 384; x_wconf 85' lang='lat' dir='ltr'>es,</span> <span class='ocrx_word' id='word_1_12' title='bbox 322 349 356 378; x_wconf 91' lang='lat' dir='ltr'>ut</span> <span class='ocrx_word' id='word_1_13' title='bbox 367 348 400 377; x_wconf 89' lang='lat' dir='ltr'>in</span> <span class='ocrx_word' id='word_1_14' title='bbox 413 349 466 377; x_wconf 85' lang='lat' dir='ltr'>tua</span> <span class='ocrx_word' id='word_1_15' title='bbox 477 345 616 383; x_wconf 79' lang='lat' dir='ltr'>virginali</span> <span class='ocrx_word' id='word_1_16' title='bbox 631 345 702 375; x_wconf 80' lang='lat' dir='ltr'>aula</span> <span class='ocrx_word' id='word_1_17' title='bbox 716 347 780 375; x_wconf 82' lang='lat' dir='ltr'>Rex</span> <span class='ocrx_word' id='word_1_18' title='bbox 792 354 899 382; x_wconf 89' lang='lat' dir='ltr'>regum</span> <span class='ocrx_word' id='word_1_19' title='bbox 909 348 939 375; x_wconf 90' lang='lat' dir='ltr'>et</span> <span class='ocrx_word' id='word_1_20' title='bbox 947 346 1046 376; x_wconf 90' lang='lat' dir='ltr'>Domi-</span> 
     </span>
     <span class='ocr_line' id='line_1_9' title="bbox 263 393 1045 430; baseline -0.004 -5"><span class='ocrx_word' id='word_1_21' title='bbox 263 404 321 425; x_wconf 86' lang='lat' dir='ltr'>nus</span> <span class='ocrx_word' id='word_1_22' title='bbox 336 394 564 429; x_wconf 77' lang='lat' dir='ltr'><strong>dominantium,</strong></span> <span class='ocrx_word' id='word_1_23' title='bbox 581 401 600 422; x_wconf 83' lang='lat' dir='ltr'>a</span> <span class='ocrx_word' id='word_1_24' title='bbox 612 393 768 430; x_wconf 82' lang='lat' dir='ltr'>regalibus</span> <span class='ocrx_word' id='word_1_25' title='bbox 778 393 901 422; x_wconf 85' lang='lat' dir='ltr'>sedibus</span> <span class='ocrx_word' id='word_1_26' title='bbox 911 393 1045 428; x_wconf 82' lang='lat' dir='ltr'>veniens,</span> 
     </span>
     <span class='ocr_line' id='line_1_10' title="bbox 263 439 1044 480; baseline -0.005 -8"><span class='ocrx_word' id='word_1_27' title='bbox 263 443 393 480; x_wconf 83' lang='lat' dir='ltr'>primam</span> <span class='ocrx_word' id='word_1_28' title='bbox 411 441 469 470; x_wconf 86' lang='lat' dir='ltr'>sibi</span> <span class='ocrx_word' id='word_1_29' title='bbox 486 441 562 470; x_wconf 81' lang='lat' dir='ltr'>inter</span> <span class='ocrx_word' id='word_1_30' title='bbox 579 439 659 470; x_wconf 88' lang='lat' dir='ltr'>filios</span> <span class='ocrx_word' id='word_1_31' title='bbox 675 441 835 469; x_wconf 87' lang='lat' dir='ltr'>hominum</span> <span class='ocrx_word' id='word_1_32' title='bbox 856 440 1044 470; x_wconf 80' lang='lat' dir='ltr'>mansionem</span> 
     </span>
     <span class='ocr_line' id='line_1_11' title="bbox 263 487 1045 526; baseline -0.004 -8"><span class='ocrx_word' id='word_1_33' title='bbox 263 489 394 526; x_wconf 85' lang='lat' dir='ltr'>eligeret.</span> <span class='ocrx_word' id='word_1_34' title='bbox 405 499 418 516; x_wconf 73' lang='grc' dir='ltr'>»ι</span> <span class='ocrx_word' id='word_1_35' title='bbox 434 489 488 518; x_wconf 79' lang='lat' dir='ltr'>iste</span> <span class='ocrx_word' id='word_1_36' title='bbox 497 487 655 524; x_wconf 83' lang='lat' dir='ltr'>singularis</span> <span class='ocrx_word' id='word_1_37' title='bbox 668 487 764 516; x_wconf 74' lang='lat' dir='ltr'>Mariae</span> <span class='ocrx_word' id='word_1_38' title='bbox 777 487 919 516; x_wconf 87' lang='lat' dir='ltr'>Dominus</span> <span class='ocrx_word' id='word_1_39' title='bbox 935 487 976 516; x_wconf 90' lang='lat' dir='ltr'>sie</span> <span class='ocrx_word' id='word_1_40' title='bbox 985 487 1045 515; x_wconf 89' lang='lat' dir='ltr'>sin-</span> 
     </span>
     <span class='ocr_line' id='line_1_12' title="bbox 263 534 1044 573; baseline -0.004 -8"><span class='ocrx_word' id='word_1_41' title='bbox 263 536 406 573; x_wconf 79' lang='lat' dir='ltr'>gulariter</span> <span class='ocrx_word' id='word_1_42' title='bbox 419 543 488 564; x_wconf 83' lang='lat' dir='ltr'>cum</span> <span class='ocrx_word' id='word_1_43' title='bbox 502 534 592 564; x_wconf 82' lang='lat' dir='ltr'>Maria</span> <span class='ocrx_word' id='word_1_44' title='bbox 605 534 670 569; x_wconf 85' lang='lat' dir='ltr'>fuit,</span> <span class='ocrx_word' id='word_1_45' title='bbox 681 534 766 571; x_wconf 91' lang='lat' dir='ltr'>quod</span> <span class='ocrx_word' id='word_1_46' title='bbox 775 534 865 563; x_wconf 88' lang='lat' dir='ltr'>etiam</span> <span class='ocrx_word' id='word_1_47' title='bbox 873 534 970 571; x_wconf 81' lang='lat' dir='ltr'><strong>ipsam</strong></span> <span class='ocrx_word' id='word_1_48' title='bbox 982 535 1044 562; x_wconf 84' lang='lat' dir='ltr'>tam</span> 
     </span>
     <span class='ocr_line' id='line_1_13' title="bbox 261 581 1043 619; baseline -0.004 -7"><span class='ocrx_word' id='word_1_49' title='bbox 261 582 451 619; x_wconf 80' lang='lat' dir='ltr'>singulariter</span> <span class='ocrx_word' id='word_1_50' title='bbox 465 581 618 611; x_wconf 88' lang='lat' dir='ltr'>dominam</span> <span class='ocrx_word' id='word_1_51' title='bbox 632 582 711 617; x_wconf 75' lang='lat' dir='ltr'>feeit,</span> <span class='ocrx_word' id='word_1_52' title='bbox 733 581 817 618; x_wconf 86' lang='lat' dir='ltr'>quod</span> <span class='ocrx_word' id='word_1_53' title='bbox 835 589 891 610; x_wconf 86' lang='lat' dir='ltr'>nee</span> <span class='ocrx_word' id='word_1_54' title='bbox 914 581 1043 618; x_wconf 79' lang='lat' dir='ltr'>primam</span> 
     </span>
     <span class='ocr_line' id='line_1_14' title="bbox 261 627 1044 666; baseline -0.004 -8"><span class='ocrx_word' id='word_1_55' title='bbox 261 629 390 658; x_wconf 89' lang='lat' dir='ltr'>similem</span> <span class='ocrx_word' id='word_1_56' title='bbox 404 629 468 658; x_wconf 86' lang='lat' dir='ltr'>visa</span> <span class='ocrx_word' id='word_1_57' title='bbox 480 631 533 665; x_wconf 89' lang='lat' dir='ltr'>est,</span> <span class='ocrx_word' id='word_1_58' title='bbox 550 637 606 658; x_wconf 83' lang='lat' dir='ltr'>nee</span> <span class='ocrx_word' id='word_1_59' title='bbox 623 628 735 658; x_wconf 80' lang='lat' dir='ltr'>habere</span> <span class='ocrx_word' id='word_1_60' title='bbox 755 630 930 666; x_wconf 79' lang='lat' dir='ltr'>sequentem</span> <span class='ocrx_word' id='word_1_61' title='bbox 947 637 954 656; x_wconf 89' lang='lat'>:</span> <span class='ocrx_word' id='word_1_62' title='bbox 970 627 1044 656; x_wconf 92' lang='lat' dir='ltr'>dum</span> 
     </span>
     <span class='ocr_line' id='line_1_15' title="bbox 259 675 1042 714; baseline -0.004 -8"><span class='ocrx_word' id='word_1_63' title='bbox 259 677 326 714; x_wconf 87' lang='lat' dir='ltr'>ipsa</span> <span class='ocrx_word' id='word_1_64' title='bbox 343 677 531 714; x_wconf 78' lang='lat' dir='ltr'>singulariter</span> <span class='ocrx_word' id='word_1_65' title='bbox 555 676 673 706; x_wconf 88' lang='lat' dir='ltr'>Domini</span> <span class='ocrx_word' id='word_1_66' title='bbox 692 676 766 711; x_wconf 88' lang='lat' dir='ltr'>filia,</span> <span class='ocrx_word' id='word_1_67' title='bbox 793 675 909 704; x_wconf 89' lang='lat' dir='ltr'>Domini</span> <span class='ocrx_word' id='word_1_68' title='bbox 936 676 1042 710; x_wconf 87' lang='lat' dir='ltr'>mater,</span> 
     </span>
     <span class='ocr_line' id='line_1_16' title="bbox 260 722 1043 762; baseline -0.005 -7"><span class='ocrx_word' id='word_1_69' title='bbox 260 725 378 754; x_wconf 86' lang='lat' dir='ltr'>Domini</span> <span class='ocrx_word' id='word_1_70' title='bbox 391 733 515 762; x_wconf 83' lang='lat' dir='ltr'>sponsa,</span> <span class='ocrx_word' id='word_1_71' title='bbox 525 726 554 754; x_wconf 87' lang='lat' dir='ltr'>et</span> <span class='ocrx_word' id='word_1_72' title='bbox 568 723 684 753; x_wconf 89' lang='lat' dir='ltr'>Domini</span> <span class='ocrx_word' id='word_1_73' title='bbox 699 722 807 752; x_wconf 87' lang='lat' dir='ltr'>ancilla</span> <span class='ocrx_word' id='word_1_74' title='bbox 821 722 899 752; x_wconf 84' lang='lat' dir='ltr'>faeta</span> <span class='ocrx_word' id='word_1_75' title='bbox 914 725 957 751; x_wconf 87' lang='lat' dir='ltr'>est</span> <span class='ocrx_word' id='word_1_76' title='bbox 968 731 975 750; x_wconf 72' lang='grc' dir='ltr'><strong>ε</strong></span> <span class='ocrx_word' id='word_1_77' title='bbox 986 724 1043 751; x_wconf 77' lang='lat' dir='ltr'>Ma-</span> 
     </span>
     <span class='ocr_line' id='line_1_17' title="bbox 259 770 1044 806; baseline -0.005 -4"><span class='ocrx_word' id='word_1_78' title='bbox 259 773 306 802; x_wconf 87' lang='lat' dir='ltr'>ria</span> <span class='ocrx_word' id='word_1_79' title='bbox 329 773 409 802; x_wconf 87' lang='lat' dir='ltr'>enim</span> <span class='ocrx_word' id='word_1_80' title='bbox 434 772 496 800; x_wconf 85' lang='lat' dir='ltr'>filia</span> <span class='ocrx_word' id='word_1_81' title='bbox 523 771 639 800; x_wconf 87' lang='lat' dir='ltr'>Domini</span> <span class='ocrx_word' id='word_1_82' title='bbox 669 770 868 806; x_wconf 73' lang='lat' dir='ltr'>singulariter,</span> <span class='ocrx_word' id='word_1_83' title='bbox 898 777 1044 806; x_wconf 84' lang='lat' dir='ltr'>generosa</span> 
     </span>
     <span class='ocr_line' id='line_1_18' title="bbox 259 816 1042 860; baseline -0.006 -11"><span class='ocrx_word' id='word_1_84' title='bbox 259 822 354 860; x_wconf 70' lang='lat' dir='ltr'>mater</span> <span class='ocrx_word' id='word_1_85' title='bbox 374 819 492 849; x_wconf 88' lang='lat' dir='ltr'>Domini</span> <span class='ocrx_word' id='word_1_86' title='bbox 505 817 704 855; x_wconf 77' lang='lat' dir='ltr'>singulariter,</span> <span class='ocrx_word' id='word_1_87' title='bbox 721 816 853 854; x_wconf 82' lang='lat' dir='ltr'>gloriosa</span> <span class='ocrx_word' id='word_1_88' title='bbox 865 824 978 853; x_wconf 86' lang='lat' dir='ltr'>sponsa</span> <span class='ocrx_word' id='word_1_89' title='bbox 989 818 1042 845; x_wconf 92' lang='lat' dir='ltr'>Do-</span> 
     </span>
     <span class='ocr_line' id='line_1_19' title="bbox 259 863 1041 903; baseline -0.006 -7"><span class='ocrx_word' id='word_1_90' title='bbox 259 867 334 896; x_wconf 90' lang='lat' dir='ltr'>mini</span> <span class='ocrx_word' id='word_1_91' title='bbox 348 866 546 903; x_wconf 81' lang='lat' dir='ltr'>singulariter,</span> <span class='ocrx_word' id='word_1_92' title='bbox 562 864 691 902; x_wconf 78' lang='lat' dir='ltr'>pretiosa</span> <span class='ocrx_word' id='word_1_93' title='bbox 711 863 820 893; x_wconf 81' lang='lat' dir='ltr'>aneilla</span> <span class='ocrx_word' id='word_1_94' title='bbox 844 863 959 892; x_wconf 86' lang='lat' dir='ltr'>Domini</span> <span class='ocrx_word' id='word_1_95' title='bbox 981 863 1041 892; x_wconf 87' lang='lat' dir='ltr'>sin-</span> 
     </span>
     <span class='ocr_line' id='line_1_20' title="bbox 259 911 1041 951; baseline -0.005 -8"><span class='ocrx_word' id='word_1_96' title='bbox 259 914 402 951; x_wconf 82' lang='lat' dir='ltr'>gulariter</span> <span class='ocrx_word' id='word_1_97' title='bbox 419 912 603 949; x_wconf 81' lang='lat' dir='ltr'>obsequiosa</span> <span class='ocrx_word' id='word_1_98' title='bbox 621 911 685 940; x_wconf 86' lang='lat' dir='ltr'>suit.</span> <span class='ocrx_word' id='word_1_99' title='bbox 705 912 733 940; x_wconf 92' lang='lat' dir='ltr'>Si</span> <span class='ocrx_word' id='word_1_100' title='bbox 753 913 852 940; x_wconf 87' lang='lat' dir='ltr'>antem</span> <span class='ocrx_word' id='word_1_101' title='bbox 875 911 928 939; x_wconf 85' lang='lat' dir='ltr'>illa</span> <span class='ocrx_word' id='word_1_102' title='bbox 947 911 1041 939; x_wconf 83' lang='lat' dir='ltr'>tribus</span> 
     </span>
     <span class='ocr_line' id='line_1_21' title="bbox 259 958 1041 998; baseline -0.006 -8"><span class='ocrx_word' id='word_1_103' title='bbox 259 961 395 998; x_wconf 89' lang='lat' dir='ltr'>personis</span> <span class='ocrx_word' id='word_1_104' title='bbox 402 959 512 989; x_wconf 88' lang='lat' dir='ltr'>divinis</span> <span class='ocrx_word' id='word_1_105' title='bbox 518 959 658 988; x_wconf 87' lang='lat' dir='ltr'>volumus</span> <span class='ocrx_word' id='word_1_106' title='bbox 665 958 871 995; x_wconf 86' lang='lat' dir='ltr'>appropriare,</span> <span class='ocrx_word' id='word_1_107' title='bbox 880 965 1041 994; x_wconf 85' lang='lat' dir='ltr'>possumus</span> 
     </span>
     <span class='ocr_line' id='line_1_22' title="bbox 260 1004 1042 1044; baseline -0.004 -8"><span class='ocrx_word' id='word_1_108' title='bbox 260 1008 359 1036; x_wconf 83' lang='lat' dir='ltr'>dicere</span> <span class='ocrx_word' id='word_1_109' title='bbox 374 1007 458 1044; x_wconf 86' lang='lat' dir='ltr'>quod</span> <span class='ocrx_word' id='word_1_110' title='bbox 473 1006 615 1035; x_wconf 89' lang='lat' dir='ltr'>Dominus</span> <span class='ocrx_word' id='word_1_111' title='bbox 628 1005 680 1034; x_wconf 89' lang='lat' dir='ltr'>iste</span> <span class='ocrx_word' id='word_1_112' title='bbox 695 1005 748 1042; x_wconf 87' lang='lat' dir='ltr'>qui</span> <span class='ocrx_word' id='word_1_113' title='bbox 771 1008 831 1034; x_wconf 89' lang='lat' dir='ltr'>tam</span> <span class='ocrx_word' id='word_1_114' title='bbox 850 1004 1042 1041; x_wconf 83' lang='lat' dir='ltr'>singulariter</span> 
     </span>
     <span class='ocr_line' id='line_1_23' title="bbox 259 1051 1040 1090; baseline -0.005 -7"><span class='ocrx_word' id='word_1_115' title='bbox 259 1057 303 1083; x_wconf 88' lang='lat' dir='ltr'>est</span> <span class='ocrx_word' id='word_1_116' title='bbox 318 1063 386 1083; x_wconf 89' lang='lat' dir='ltr'>eum</span> <span class='ocrx_word' id='word_1_117' title='bbox 401 1054 500 1089; x_wconf 82' lang='lat' dir='ltr'>Maria,</span> <span class='ocrx_word' id='word_1_118' title='bbox 520 1053 583 1090; x_wconf 89' lang='lat' dir='ltr'>ipse</span> <span class='ocrx_word' id='word_1_119' title='bbox 602 1055 646 1081; x_wconf 88' lang='lat' dir='ltr'>est</span> <span class='ocrx_word' id='word_1_120' title='bbox 665 1052 805 1080; x_wconf 88' lang='lat' dir='ltr'>Dominus</span> <span class='ocrx_word' id='word_1_121' title='bbox 830 1053 924 1087; x_wconf 84' lang='lat' dir='ltr'>Pater,</span> <span class='ocrx_word' id='word_1_122' title='bbox 942 1051 1040 1080; x_wconf 91' lang='lat' dir='ltr'>Domi-</span> 
     </span>
     <span class='ocr_line' id='line_1_24' title="bbox 257 1098 1040 1136; baseline -0.005 -6"><span class='ocrx_word' id='word_1_123' title='bbox 257 1109 315 1130; x_wconf 88' lang='lat' dir='ltr'>nus</span> <span class='ocrx_word' id='word_1_124' title='bbox 329 1101 428 1136; x_wconf 86' lang='lat' dir='ltr'>Filius,</span> <span class='ocrx_word' id='word_1_125' title='bbox 446 1100 588 1129; x_wconf 81' lang='lat' dir='ltr'>Dominus</span> <span class='ocrx_word' id='word_1_126' title='bbox 605 1099 728 1136; x_wconf 82' lang='lat' dir='ltr'>Spiritus</span> <span class='ocrx_word' id='word_1_127' title='bbox 748 1100 877 1134; x_wconf 83' lang='lat' dir='ltr'>sanctus,</span> <span class='ocrx_word' id='word_1_128' title='bbox 898 1098 1040 1127; x_wconf 90' lang='lat' dir='ltr'>Dominus</span> 
     </span>
     <span class='ocr_line' id='line_1_25' title="bbox 257 1145 1040 1183; baseline -0.004 -7"><span class='ocrx_word' id='word_1_129' title='bbox 257 1148 351 1176; x_wconf 87' lang='lat' dir='ltr'>trinus</span> <span class='ocrx_word' id='word_1_130' title='bbox 375 1150 402 1176; x_wconf 92' lang='lat' dir='ltr'>et</span> <span class='ocrx_word' id='word_1_131' title='bbox 420 1155 507 1176; x_wconf 75' lang='lat' dir='ltr'>unuS.</span> <span class='ocrx_word' id='word_1_132' title='bbox 534 1149 596 1183; x_wconf 85' lang='lat' dir='ltr'>lpse</span> <span class='ocrx_word' id='word_1_133' title='bbox 617 1148 660 1174; x_wconf 88' lang='lat' dir='ltr'>est</span> <span class='ocrx_word' id='word_1_134' title='bbox 682 1145 824 1174; x_wconf 90' lang='lat' dir='ltr'>Dominus</span> <span class='ocrx_word' id='word_1_135' title='bbox 844 1147 936 1180; x_wconf 83' lang='lat' dir='ltr'>Pater,</span> <span class='ocrx_word' id='word_1_136' title='bbox 955 1145 1040 1181; x_wconf 85' lang='lat' dir='ltr'>cujus</span> 
     </span>
     <span class='ocr_line' id='line_1_26' title="bbox 255 1192 1038 1229; baseline -0.005 -6"><span class='ocrx_word' id='word_1_137' title='bbox 255 1195 345 1223; x_wconf 87' lang='lat' dir='ltr'>Maria</span> <span class='ocrx_word' id='word_1_138' title='bbox 359 1195 420 1223; x_wconf 83' lang='lat' dir='ltr'>tilia</span> <span class='ocrx_word' id='word_1_139' title='bbox 434 1193 630 1222; x_wconf 87' lang='lat' dir='ltr'>nobilissima.</span> <span class='ocrx_word' id='word_1_140' title='bbox 647 1194 710 1229; x_wconf 84' lang='lat' dir='ltr'>lpse</span> <span class='ocrx_word' id='word_1_141' title='bbox 725 1194 767 1220; x_wconf 84' lang='lat' dir='ltr'>est</span> <span class='ocrx_word' id='word_1_142' title='bbox 783 1192 925 1220; x_wconf 85' lang='lat' dir='ltr'>Dominus</span> <span class='ocrx_word' id='word_1_143' title='bbox 938 1192 1038 1227; x_wconf 76' lang='lat' dir='ltr'>Filius,</span> 
     </span>
     <span class='ocr_line' id='line_1_27' title="bbox 255 1239 1039 1278; baseline -0.005 -8"><span class='ocrx_word' id='word_1_144' title='bbox 255 1242 340 1278; x_wconf 85' lang='lat' dir='ltr'>cujus</span> <span class='ocrx_word' id='word_1_145' title='bbox 359 1241 448 1270; x_wconf 83' lang='lat' dir='ltr'>Maria</span> <span class='ocrx_word' id='word_1_146' title='bbox 462 1242 556 1269; x_wconf 86' lang='lat' dir='ltr'>mater</span> <span class='ocrx_word' id='word_1_147' title='bbox 572 1239 756 1276; x_wconf 68' lang='lat' dir='ltr'>dignissima.</span> <span class='ocrx_word' id='word_1_148' title='bbox 768 1240 831 1276; x_wconf 86' lang='lat' dir='ltr'>lpse</span> <span class='ocrx_word' id='word_1_149' title='bbox 843 1242 885 1267; x_wconf 84' lang='lat' dir='ltr'>est</span> <span class='ocrx_word' id='word_1_150' title='bbox 897 1240 1039 1268; x_wconf 88' lang='lat' dir='ltr'>Dominus</span> 
     </span>
     <span class='ocr_line' id='line_1_28' title="bbox 254 1286 1035 1326; baseline -0.006 -9"><span class='ocrx_word' id='word_1_151' title='bbox 254 1289 378 1326; x_wconf 88' lang='lat' dir='ltr'>Spiritus</span> <span class='ocrx_word' id='word_1_152' title='bbox 393 1289 523 1321; x_wconf 83' lang='lat' dir='ltr'>sanctus,</span> <span class='ocrx_word' id='word_1_153' title='bbox 539 1287 622 1323; x_wconf 84' lang='lat' dir='ltr'>cujus</span> <span class='ocrx_word' id='word_1_154' title='bbox 638 1287 727 1315; x_wconf 82' lang='lat' dir='ltr'>Maria</span> <span class='ocrx_word' id='word_1_155' title='bbox 741 1294 851 1322; x_wconf 85' lang='lat' dir='ltr'>sponsa</span> <span class='ocrx_word' id='word_1_156' title='bbox 864 1286 1035 1322; x_wconf 75' lang='lat' dir='ltr'>justissima.</span> 
     </span>
     <span class='ocr_line' id='line_1_29' title="bbox 254 1334 1039 1372; baseline -0.005 -8"><span class='ocrx_word' id='word_1_157' title='bbox 254 1338 317 1372; x_wconf 80' lang='lat' dir='ltr'>lpse</span> <span class='ocrx_word' id='word_1_158' title='bbox 333 1337 376 1364; x_wconf 86' lang='lat' dir='ltr'>est</span> <span class='ocrx_word' id='word_1_159' title='bbox 389 1336 529 1363; x_wconf 84' lang='lat' dir='ltr'>Dominus</span> <span class='ocrx_word' id='word_1_160' title='bbox 546 1334 638 1362; x_wconf 86' lang='lat' dir='ltr'>trinus</span> <span class='ocrx_word' id='word_1_161' title='bbox 654 1336 682 1361; x_wconf 80' lang='lat' dir='ltr'>et</span> <span class='ocrx_word' id='word_1_162' title='bbox 697 1342 784 1368; x_wconf 71' lang='lat' dir='ltr'>unus²</span> <span class='ocrx_word' id='word_1_163' title='bbox 796 1334 879 1369; x_wconf 79' lang='lat' dir='ltr'>cujus</span> <span class='ocrx_word' id='word_1_164' title='bbox 892 1334 980 1362; x_wconf 77' lang='lat' dir='ltr'>Maria</span> <span class='ocrx_word' id='word_1_165' title='bbox 996 1335 1039 1361; x_wconf 87' lang='lat' dir='ltr'>est</span> 
     </span>
     <span class='ocr_line' id='line_1_30' title="bbox 254 1380 1036 1417; baseline -0.004 -7"><span class='ocrx_word' id='word_1_166' title='bbox 254 1382 363 1411; x_wconf 87' lang='lat' dir='ltr'>aneilla</span> <span class='ocrx_word' id='word_1_167' title='bbox 377 1381 602 1417; x_wconf 81' lang='lat' dir='ltr'>subjectissima.</span> <span class='ocrx_word' id='word_1_168' title='bbox 621 1380 709 1408; x_wconf 78' lang='lat' dir='ltr'>Maria</span> <span class='ocrx_word' id='word_1_169' title='bbox 728 1383 804 1408; x_wconf 87' lang='lat' dir='ltr'>certe</span> <span class='ocrx_word' id='word_1_170' title='bbox 821 1383 863 1408; x_wconf 89' lang='lat' dir='ltr'>est</span> <span class='ocrx_word' id='word_1_171' title='bbox 879 1380 941 1408; x_wconf 84' lang='lat' dir='ltr'>filia</span> <span class='ocrx_word' id='word_1_172' title='bbox 956 1388 1036 1408; x_wconf 85' lang='lat' dir='ltr'>sum-</span> 
     </span>
     <span class='ocr_line' id='line_1_31' title="bbox 254 1428 1036 1464; baseline -0.005 -6"><span class='ocrx_word' id='word_1_173' title='bbox 254 1439 309 1458; x_wconf 81' lang='lat' dir='ltr'>moe</span> <span class='ocrx_word' id='word_1_174' title='bbox 330 1429 508 1464; x_wconf 41' lang='lat' dir='ltr'>aeternitati&amp;</span> <span class='ocrx_word' id='word_1_175' title='bbox 521 1431 616 1457; x_wconf 85' lang='lat' dir='ltr'>mater</span> <span class='ocrx_word' id='word_1_176' title='bbox 631 1437 754 1456; x_wconf 71' lang='lat' dir='ltr'>summos</span> <span class='ocrx_word' id='word_1_177' title='bbox 770 1428 911 1462; x_wconf 80' lang='lat' dir='ltr'>veritatis,</span> <span class='ocrx_word' id='word_1_178' title='bbox 925 1436 1036 1464; x_wconf 73' lang='lat' dir='ltr'>sponsa</span> 
     </span>
     <span class='ocr_line' id='line_1_32' title="bbox 254 1475 972 1510; baseline -0.004 -5"><span class='ocrx_word' id='word_1_179' title='bbox 254 1485 377 1505; x_wconf 78' lang='lat' dir='ltr'>summae</span> <span class='ocrx_word' id='word_1_180' title='bbox 392 1476 543 1510; x_wconf 87' lang='lat' dir='ltr'>bonitatis,</span> <span class='ocrx_word' id='word_1_181' title='bbox 560 1476 670 1504; x_wconf 86' lang='lat' dir='ltr'>ancilla</span> <span class='ocrx_word' id='word_1_182' title='bbox 682 1484 805 1503; x_wconf 65' lang='lat' dir='ltr'>summae</span> <span class='ocrx_word' id='word_1_183' title='bbox 816 1475 972 1503; x_wconf 76' lang='lat' dir='ltr'>Trinitatis.</span> 
     </span>
     <span class='ocr_line' id='line_1_33' title="bbox 292 1521 1035 1559; baseline -0.004 -7"><span class='ocrx_word' id='word_1_184' title='bbox 292 1524 388 1552; x_wconf 85' lang='lat' dir='ltr'>l‘rimo</span> <span class='ocrx_word' id='word_1_185' title='bbox 399 1532 470 1559; x_wconf 78' lang='lat' dir='ltr'>ergo</span> <span class='ocrx_word' id='word_1_186' title='bbox 481 1523 632 1557; x_wconf 84' lang='lat' dir='ltr'>attendite,</span> <span class='ocrx_word' id='word_1_187' title='bbox 647 1522 823 1556; x_wconf 75' lang='lat' dir='ltr'>charissimi,</span> <span class='ocrx_word' id='word_1_188' title='bbox 839 1522 920 1558; x_wconf 88' lang='lat' dir='ltr'>quod</span> <span class='ocrx_word' id='word_1_189' title='bbox 938 1521 1035 1549; x_wconf 81' lang='lat' dir='ltr'>Domi-</span> 
     </span>
     <span class='ocr_line' id='line_1_34' title="bbox 254 1568 1035 1606; baseline -0.004 -8"><span class='ocrx_word' id='word_1_190' title='bbox 254 1579 309 1599; x_wconf 89' lang='lat' dir='ltr'>nus</span> <span class='ocrx_word' id='word_1_191' title='bbox 324 1571 388 1605; x_wconf 60' lang='lat' dir='ltr'>iste‚</span> <span class='ocrx_word' id='word_1_192' title='bbox 411 1571 462 1606; x_wconf 85' lang='lat' dir='ltr'>qui</span> <span class='ocrx_word' id='word_1_193' title='bbox 485 1572 544 1598; x_wconf 88' lang='lat' dir='ltr'>tam</span> <span class='ocrx_word' id='word_1_194' title='bbox 566 1569 755 1605; x_wconf 81' lang='lat' dir='ltr'>singulariter</span> <span class='ocrx_word' id='word_1_195' title='bbox 778 1571 820 1597; x_wconf 73' lang='lat' dir='ltr'>est</span> <span class='ocrx_word' id='word_1_196' title='bbox 842 1578 910 1596; x_wconf 76' lang='lat' dir='ltr'>cum</span> <span class='ocrx_word' id='word_1_197' title='bbox 934 1568 1035 1603; x_wconf 77' lang='lat' dir='ltr'>Maria,</span> 
     </span>
     <span class='ocr_line' id='line_1_35' title="bbox 253 1617 1034 1654; baseline -0.004 -8"><span class='ocrx_word' id='word_1_198' title='bbox 253 1618 315 1654; x_wconf 83' lang='lat' dir='ltr'>ipse</span> <span class='ocrx_word' id='word_1_199' title='bbox 331 1621 373 1646; x_wconf 87' lang='lat' dir='ltr'>est</span> <span class='ocrx_word' id='word_1_200' title='bbox 389 1618 530 1645; x_wconf 80' lang='lat' dir='ltr'>Dominus</span> <span class='ocrx_word' id='word_1_201' title='bbox 544 1618 627 1652; x_wconf 78' lang='lat' dir='ltr'>eujus</span> <span class='ocrx_word' id='word_1_202' title='bbox 644 1617 704 1644; x_wconf 84' lang='lat' dir='ltr'>tilia</span> <span class='ocrx_word' id='word_1_203' title='bbox 723 1617 909 1644; x_wconf 71' lang='lat' dir='ltr'>nobilissima</span> <span class='ocrx_word' id='word_1_204' title='bbox 924 1618 965 1643; x_wconf 83' lang='lat' dir='ltr'>est</span> <span class='ocrx_word' id='word_1_205' title='bbox 981 1618 1034 1644; x_wconf 68' lang='lat' dir='ltr'>,lla—</span> 
     </span>
     <span class='ocr_line' id='line_1_36' title="bbox 252 1663 1034 1698; baseline -0.005 -5"><span class='ocrx_word' id='word_1_206' title='bbox 252 1666 306 1693; x_wconf 85' lang='lat' dir='ltr'>ria.</span> <span class='ocrx_word' id='word_1_207' title='bbox 325 1667 361 1692; x_wconf 87' lang='lat' dir='ltr'>De</span> <span class='ocrx_word' id='word_1_208' title='bbox 376 1665 431 1692; x_wconf 86' lang='lat' dir='ltr'>isto</span> <span class='ocrx_word' id='word_1_209' title='bbox 448 1664 527 1692; x_wconf 83' lang='lat' dir='ltr'>enim</span> <span class='ocrx_word' id='word_1_210' title='bbox 547 1664 683 1698; x_wconf 86' lang='lat' dir='ltr'>Domino,</span> <span class='ocrx_word' id='word_1_211' title='bbox 703 1666 729 1691; x_wconf 86' lang='lat' dir='ltr'>et</span> <span class='ocrx_word' id='word_1_212' title='bbox 749 1663 785 1691; x_wconf 84' lang='lat' dir='ltr'>de</span> <span class='ocrx_word' id='word_1_213' title='bbox 807 1663 857 1691; x_wconf 86' lang='lat' dir='ltr'>illa</span> <span class='ocrx_word' id='word_1_214' title='bbox 874 1663 935 1690; x_wconf 86' lang='lat' dir='ltr'>tilia</span> <span class='ocrx_word' id='word_1_215' title='bbox 960 1663 1034 1690; x_wconf 74' lang='lat' dir='ltr'>acei-</span> 
     </span>
     <span class='ocr_line' id='line_1_37' title="bbox 252 1711 1034 1750; baseline -0.005 -9"><span class='ocrx_word' id='word_1_216' title='bbox 252 1714 281 1750; x_wconf 86' lang='lat' dir='ltr'>pi</span> <span class='ocrx_word' id='word_1_217' title='bbox 299 1715 404 1749; x_wconf 66' lang='lat' dir='ltr'>potest,</span> <span class='ocrx_word' id='word_1_218' title='bbox 421 1712 503 1748; x_wconf 86' lang='lat' dir='ltr'>quod</span> <span class='ocrx_word' id='word_1_219' title='bbox 520 1714 595 1739; x_wconf 79' lang='lat' dir='ltr'>Booz</span> <span class='ocrx_word' id='word_1_220' title='bbox 611 1711 684 1739; x_wconf 64' lang='lat' dir='ltr'>dixit</span> <span class='ocrx_word' id='word_1_221' title='bbox 703 1712 708 1726; x_wconf 92' lang='lat'>¹</span> <span class='ocrx_word' id='word_1_222' title='bbox 727 1721 732 1738; x_wconf 93' lang='lat'>:</span> <span class='ocrx_word' id='word_1_223' title='bbox 752 1712 894 1738; x_wconf 54' lang='lat' dir='ltr'>Infamia-ta</span> <span class='ocrx_word' id='word_1_224' title='bbox 910 1719 935 1738; x_wconf 73' lang='lat' dir='ltr'>cs</span> <span class='ocrx_word' id='word_1_225' title='bbox 952 1720 966 1737; x_wconf 79' lang='lat' dir='ltr'>u</span> <span class='ocrx_word' id='word_1_226' title='bbox 986 1713 1034 1738; x_wconf 75' lang='lat' dir='ltr'>De-</span> 
     </span>
     <span class='ocr_line' id='line_1_38' title="bbox 252 1758 1034 1795; baseline -0.004 -8"><span class='ocrx_word' id='word_1_227' title='bbox 252 1762 335 1795; x_wconf 79' lang='lat' dir='ltr'>mino,</span> <span class='ocrx_word' id='word_1_228' title='bbox 357 1761 426 1794; x_wconf 70' lang='lat' dir='ltr'>lilia,</span> <span class='ocrx_word' id='word_1_229' title='bbox 442 1760 508 1794; x_wconf 69' lang='lat' dir='ltr'>quia</span> <span class='ocrx_word' id='word_1_230' title='bbox 523 1760 641 1794; x_wconf 74' lang='lat' dir='ltr'>priorem</span> <span class='ocrx_word' id='word_1_231' title='bbox 656 1758 870 1785; x_wconf 74' lang='lat' dir='ltr'>m1&#39;ser1&#39;cvrdc&#39;c1111</span> <span class='ocrx_word' id='word_1_232' title='bbox 888 1759 1034 1792; x_wconf 70' lang='lat' dir='ltr'>posteriore</span> 
     </span>
     <span class='ocr_line' id='line_1_39' title="bbox 251 1804 1034 1842; baseline -0.004 -8"><span class='ocrx_word' id='word_1_233' title='bbox 251 1808 397 1842; x_wconf 78' lang='lat' dir='ltr'>superasti.</span> <span class='ocrx_word' id='word_1_234' title='bbox 424 1805 503 1833; x_wconf 86' lang='lat' dir='ltr'>Unde</span> <span class='ocrx_word' id='word_1_235' title='bbox 535 1805 692 1833; x_wconf 70' lang='lat' dir='ltr'>benedicta</span> <span class='ocrx_word' id='word_1_236' title='bbox 718 1813 735 1832; x_wconf 87' lang='lat' dir='ltr'>a</span> <span class='ocrx_word' id='word_1_237' title='bbox 763 1804 886 1832; x_wconf 77' lang='lat' dir='ltr'>Domino</span> <span class='ocrx_word' id='word_1_238' title='bbox 909 1804 970 1832; x_wconf 84' lang='lat' dir='ltr'>tilia</span> <span class='ocrx_word' id='word_1_239' title='bbox 992 1807 1034 1831; x_wconf 68' lang='lat' dir='ltr'>est</span> 
     </span>
     <span class='ocr_line' id='line_1_40' title="bbox 251 1851 1033 1888; baseline -0.003 -7"><span class='ocrx_word' id='word_1_240' title='bbox 251 1854 356 1886; x_wconf 80' lang='lat' dir='ltr'>Maria3</span> <span class='ocrx_word' id='word_1_241' title='bbox 373 1861 391 1880; x_wconf 85' lang='lat' dir='ltr'>a</span> <span class='ocrx_word' id='word_1_242' title='bbox 408 1860 538 1886; x_wconf 82' lang='lat' dir='ltr'>summo,</span> <span class='ocrx_word' id='word_1_243' title='bbox 560 1852 694 1888; x_wconf 81' lang='lat' dir='ltr'>inquam,</span> <span class='ocrx_word' id='word_1_244' title='bbox 717 1852 852 1886; x_wconf 84' lang='lat' dir='ltr'>Domino,</span> <span class='ocrx_word' id='word_1_245' title='bbox 870 1852 954 1886; x_wconf 80' lang='lat' dir='ltr'>cujus</span> <span class='ocrx_word' id='word_1_246' title='bbox 970 1851 1033 1887; x_wconf 84' lang='lat' dir='ltr'>ipsa</span> 
     </span>
     <span class='ocr_line' id='line_1_41' title="bbox 251 1898 1033 1934; baseline -0.004 -6"><span class='ocrx_word' id='word_1_247' title='bbox 251 1903 294 1928; x_wconf 79' lang='lat' dir='ltr'>est</span> <span class='ocrx_word' id='word_1_248' title='bbox 309 1900 378 1927; x_wconf 86' lang='lat' dir='ltr'>lilia.</span> <span class='ocrx_word' id='word_1_249' title='bbox 401 1901 422 1927; x_wconf 85' lang='grc' dir='ltr'>Ο</span> <span class='ocrx_word' id='word_1_250' title='bbox 444 1908 512 1927; x_wconf 83' lang='lat' dir='ltr'>vere</span> <span class='ocrx_word' id='word_1_251' title='bbox 536 1898 712 1927; x_wconf 74' lang='lat' dir='ltr'>nobilissimi</span> <span class='ocrx_word' id='word_1_252' title='bbox 740 1899 825 1934; x_wconf 75' lang='lat' dir='ltr'>{legis</span> <span class='ocrx_word' id='word_1_253' title='bbox 848 1898 1033 1926; x_wconf 72' lang='lat' dir='ltr'>nobilissima</span> 
     </span>
     <span class='ocr_line' id='line_1_42' title="bbox 250 1945 1032 1983; baseline -0.003 -9"><span class='ocrx_word' id='word_1_254' title='bbox 250 1947 322 1982; x_wconf 80' lang='lat' dir='ltr'>tilia,</span> <span class='ocrx_word' id='word_1_255' title='bbox 341 1955 408 1983; x_wconf 68' lang='lat' dir='ltr'>quie</span> <span class='ocrx_word' id='word_1_256' title='bbox 425 1949 483 1974; x_wconf 83' lang='lat' dir='ltr'>tam</span> <span class='ocrx_word' id='word_1_257' title='bbox 499 1946 653 1982; x_wconf 70' lang='lat' dir='ltr'>multiplici</span> <span class='ocrx_word' id='word_1_258' title='bbox 670 1946 790 1973; x_wconf 71' lang='lat' dir='ltr'>interius</span> <span class='ocrx_word' id='word_1_259' title='bbox 805 1948 909 1973; x_wconf 85' lang='lat' dir='ltr'>ornata</span> <span class='ocrx_word' id='word_1_260' title='bbox 925 1954 955 1972; x_wconf 80' lang='lat' dir='ltr'>es</span> <span class='ocrx_word' id='word_1_261' title='bbox 969 1945 1032 1981; x_wconf 78' lang='lat' dir='ltr'>glo-</span> 
     </span>
     <span class='ocr_line' id='line_1_43' title="bbox 250 1993 1032 2029; baseline -0.004 -7"><span class='ocrx_word' id='word_1_262' title='bbox 250 1995 306 2028; x_wconf 86' lang='lat' dir='ltr'>ria,</span> <span class='ocrx_word' id='word_1_263' title='bbox 320 1996 351 2021; x_wconf 88' lang='lat' dir='ltr'>ut</span> <span class='ocrx_word' id='word_1_264' title='bbox 367 2002 433 2021; x_wconf 81' lang='lat' dir='ltr'>rere</span> <span class='ocrx_word' id='word_1_265' title='bbox 450 1993 486 2020; x_wconf 86' lang='lat' dir='ltr'>de</span> <span class='ocrx_word' id='word_1_266' title='bbox 503 2002 537 2021; x_wconf 85' lang='lat' dir='ltr'>ea</span> <span class='ocrx_word' id='word_1_267' title='bbox 553 1993 651 2020; x_wconf 71' lang='lat' dir='ltr'>dicere</span> <span class='ocrx_word' id='word_1_268' title='bbox 667 1993 759 2029; x_wconf 73' lang='lat' dir='ltr'>possit</span> <span class='ocrx_word' id='word_1_269' title='bbox 775 1994 783 2008; x_wconf 83' lang='lat'><strong>²</strong></span> <span class='ocrx_word' id='word_1_270' title='bbox 805 2002 811 2020; x_wconf 78' lang='grc' dir='ltr'>ε</span> <span class='ocrx_word' id='word_1_271' title='bbox 836 1994 929 2020; x_wconf 74' lang='lat' dir='ltr'>Omnis</span> <span class='ocrx_word' id='word_1_272' title='bbox 944 1994 1032 2027; x_wconf 55' lang='grc' dir='ltr'>[μαῖα</span> 
     </span>
     <span class='ocr_line' id='line_1_44' title="bbox 251 2040 1031 2075; baseline -0.003 -7"><span class='ocrx_word' id='word_1_273' title='bbox 251 2041 308 2075; x_wconf 83' lang='lat' dir='ltr'>ejus</span> <span class='ocrx_word' id='word_1_274' title='bbox 323 2042 387 2075; x_wconf 68' lang='lat' dir='ltr'>filice</span> <span class='ocrx_word' id='word_1_275' title='bbox 402 2042 472 2074; x_wconf 63' lang='lat' dir='ltr'>repis</span> <span class='ocrx_word' id='word_1_276' title='bbox 493 2040 526 2066; x_wconf 78' lang='lat' dir='ltr'>ab</span> <span class='ocrx_word' id='word_1_277' title='bbox 546 2042 631 2074; x_wconf 79' lang='lat' dir='ltr'>intus,</span> <span class='ocrx_word' id='word_1_278' title='bbox 651 2043 703 2067; x_wconf 87' lang='lat' dir='ltr'>etc.</span> <span class='ocrx_word' id='word_1_279' title='bbox 727 2040 795 2068; x_wconf 82' lang='lat' dir='ltr'>ldeo</span> <span class='ocrx_word' id='word_1_280' title='bbox 817 2043 958 2075; x_wconf 85' lang='lat' dir='ltr'>tanquam</span> <span class='ocrx_word' id='word_1_281' title='bbox 980 2048 1031 2066; x_wconf 70' lang='lat' dir='ltr'>vi·-</span> 
     </span>
     <span class='ocr_line' id='line_1_45' title="bbox 251 2087 1033 2122; baseline -0.004 -7"><span class='ocrx_word' id='word_1_282' title='bbox 251 2087 366 2115; x_wconf 73' lang='lat' dir='ltr'>rissima</span> <span class='ocrx_word' id='word_1_283' title='bbox 382 2087 468 2122; x_wconf 79' lang='lat' dir='ltr'>[legis</span> <span class='ocrx_word' id='word_1_284' title='bbox 486 2087 548 2115; x_wconf 84' lang='lat' dir='ltr'>tilia</span> <span class='ocrx_word' id='word_1_285' title='bbox 570 2087 609 2114; x_wconf 83' lang='lat' dir='ltr'>ad</span> <span class='ocrx_word' id='word_1_286' title='bbox 630 2095 752 2122; x_wconf 73' lang='lat' dir='ltr'>regnum</span> <span class='ocrx_word' id='word_1_287' title='bbox 774 2087 976 2122; x_wconf 70' lang='lat' dir='ltr'>copiosissime</span> <span class='ocrx_word' id='word_1_288' title='bbox 991 2089 1033 2114; x_wconf 60' lang='lat' dir='ltr'>est</span> 
     </span>
     <span class='ocr_line' id='line_1_46' title="bbox 251 2133 1032 2169; baseline -0.003 -6"><span class='ocrx_word' id='word_1_289' title='bbox 251 2138 350 2169; x_wconf 82' lang='lat' dir='ltr'>tracta,</span> <span class='ocrx_word' id='word_1_290' title='bbox 369 2137 438 2163; x_wconf 81' lang='lat' dir='ltr'>teste</span> <span class='ocrx_word' id='word_1_291' title='bbox 454 2134 542 2161; x_wconf 87' lang='lat' dir='ltr'>beato</span> <span class='ocrx_word' id='word_1_292' title='bbox 558 2133 707 2161; x_wconf 75' lang='lat' dir='ltr'>Bernardo</span> <span class='ocrx_word' id='word_1_293' title='bbox 728 2134 779 2169; x_wconf 86' lang='lat' dir='ltr'>qui</span> <span class='ocrx_word' id='word_1_294' title='bbox 805 2134 843 2161; x_wconf 91' lang='lat' dir='ltr'>ait</span> <span class='ocrx_word' id='word_1_295' title='bbox 862 2143 868 2161; x_wconf 81' lang='lat' dir='ltr'><em>z</em></span> <span class='ocrx_word' id='word_1_296' title='bbox 889 2146 901 2158; x_wconf 70' lang='lat' dir='ltr'>n</span> <span class='ocrx_word' id='word_1_297' title='bbox 916 2136 955 2161; x_wconf 80' lang='lat' dir='ltr'>&#39;l&#39;u</span> <span class='ocrx_word' id='word_1_298' title='bbox 971 2133 1032 2161; x_wconf 80' lang='lat' dir='ltr'>lilia</span> 
     </span>
     <span class='ocr_line' id='line_1_47' title="bbox 252 2180 1031 2216; baseline -0.003 -7"><span class='ocrx_word' id='word_1_299' title='bbox 252 2182 388 2216; x_wconf 68' lang='lat' dir='ltr'>delicata,</span> <span class='ocrx_word' id='word_1_300' title='bbox 409 2183 435 2209; x_wconf 90' lang='lat' dir='ltr'>et</span> <span class='ocrx_word' id='word_1_301' title='bbox 458 2181 540 2208; x_wconf 91' lang='lat' dir='ltr'>omni</span> <span class='ocrx_word' id='word_1_302' title='bbox 564 2180 658 2216; x_wconf 88' lang='lat' dir='ltr'>gratia</span> <span class='ocrx_word' id='word_1_303' title='bbox 680 2180 781 2216; x_wconf 84' lang='lat' dir='ltr'>plena,</span> <span class='ocrx_word' id='word_1_304' title='bbox 806 2180 978 2208; x_wconf 82' lang='lat' dir='ltr'>charissima</span> <span class='ocrx_word' id='word_1_305' title='bbox 1003 2181 1031 2207; x_wconf 92' lang='lat' dir='ltr'>in</span> 
     </span>
     <span class='ocr_line' id='line_1_48' title="bbox 251 2227 1031 2262; baseline -0.003 -6"><span class='ocrx_word' id='word_1_306' title='bbox 251 2228 365 2256; x_wconf 78' lang='lat' dir='ltr'>deliciis</span> <span class='ocrx_word' id='word_1_307' title='bbox 380 2228 446 2261; x_wconf 69' lang='lat' dir='ltr'>luis,</span> <span class='ocrx_word' id='word_1_308' title='bbox 463 2231 554 2255; x_wconf 82' lang='lat' dir='ltr'>tracta</span> <span class='ocrx_word' id='word_1_309' title='bbox 567 2236 597 2255; x_wconf 79' lang='lat' dir='ltr'>es</span> <span class='ocrx_word' id='word_1_310' title='bbox 611 2227 649 2255; x_wconf 89' lang='lat' dir='ltr'>ad</span> <span class='ocrx_word' id='word_1_311' title='bbox 666 2227 793 2262; x_wconf 85' lang='lat' dir='ltr'>gloriam</span> <span class='ocrx_word' id='word_1_312' title='bbox 809 2227 924 2255; x_wconf 76' lang='lat' dir='ltr'>(iecoris</span> <span class='ocrx_word' id='word_1_313' title='bbox 935 2227 986 2261; x_wconf 87' lang='lat' dir='ltr'>lui,</span> <span class='ocrx_word' id='word_1_314' title='bbox 1005 2230 1031 2254; x_wconf 87' lang='lat' dir='ltr'>et</span> 
     </span>
     <span class='ocr_line' id='line_1_49' title="bbox 251 2274 1031 2311; baseline -0.003 -7"><span class='ocrx_word' id='word_1_315' title='bbox 251 2277 280 2304; x_wconf 92' lang='lat' dir='ltr'>in</span> <span class='ocrx_word' id='word_1_316' title='bbox 292 2277 410 2311; x_wconf 79' lang='lat' dir='ltr'>signum</span> <span class='ocrx_word' id='word_1_317' title='bbox 427 2276 602 2303; x_wconf 74' lang='lat' dir='ltr'>dilectionis.</span> <span class='ocrx_word' id='word_1_318' title='bbox 617 2285 630 2301; x_wconf 83' lang='lat'>»</span> <span class='ocrx_word' id='word_1_319' title='bbox 645 2277 698 2302; x_wconf 86' lang='lat' dir='ltr'>lsta</span> <span class='ocrx_word' id='word_1_320' title='bbox 710 2274 865 2302; x_wconf 84' lang='lat' dir='ltr'>benedicta</span> <span class='ocrx_word' id='word_1_321' title='bbox 879 2275 940 2302; x_wconf 86' lang='lat' dir='ltr'>tilia</span> <span class='ocrx_word' id='word_1_322' title='bbox 953 2275 1031 2311; x_wconf 88' lang='lat' dir='ltr'>prio-</span> 
     </span>
     <span class='ocr_line' id='line_1_50' title="bbox 250 2322 1031 2358; baseline -0.003 -7"><span class='ocrx_word' id='word_1_323' title='bbox 250 2332 314 2352; x_wconf 84' lang='lat' dir='ltr'>rem</span> <span class='ocrx_word' id='word_1_324' title='bbox 325 2323 559 2351; x_wconf 72' lang='lat' dir='ltr'>misericordiam</span> <span class='ocrx_word' id='word_1_325' title='bbox 571 2323 732 2358; x_wconf 80' lang='lat' dir='ltr'>posteriore</span> <span class='ocrx_word' id='word_1_326' title='bbox 742 2322 891 2357; x_wconf 69' lang='lat' dir='ltr'>superavit</span> <span class='ocrx_word' id='word_1_327' title='bbox 903 2331 909 2349; x_wconf 92' lang='lat'>:</span> <span class='ocrx_word' id='word_1_328' title='bbox 922 2330 1031 2357; x_wconf 81' lang='lat' dir='ltr'>magna</span> 
     </span>
     <span class='ocr_line' id='line_1_51' title="bbox 251 2369 1030 2405; baseline -0.004 -6"><span class='ocrx_word' id='word_1_329' title='bbox 251 2371 331 2399; x_wconf 88' lang='lat' dir='ltr'>enim</span> <span class='ocrx_word' id='word_1_330' title='bbox 353 2379 423 2405; x_wconf 73' lang='lat' dir='ltr'>erga</span> <span class='ocrx_word' id='word_1_331' title='bbox 439 2371 562 2397; x_wconf 70' lang='lat' dir='ltr'>miseros</span> <span class='ocrx_word' id='word_1_332' title='bbox 579 2370 631 2397; x_wconf 82' lang='lat' dir='ltr'>i&#39;uit</span> <span class='ocrx_word' id='word_1_333' title='bbox 647 2369 849 2397; x_wconf 75' lang='lat' dir='ltr'>misericordia</span> <span class='ocrx_word' id='word_1_334' title='bbox 865 2369 959 2397; x_wconf 68' lang='lat' dir='ltr'>Mariae</span> <span class='ocrx_word' id='word_1_335' title='bbox 977 2369 1030 2396; x_wconf 89' lang='lat' dir='ltr'>ad-</span> 
     </span>
     <span class='ocr_line' id='line_1_52' title="bbox 250 2416 1031 2451; baseline -0.003 -5"><span class='ocrx_word' id='word_1_336' title='bbox 250 2419 308 2446; x_wconf 89' lang='lat' dir='ltr'>huc</span> <span class='ocrx_word' id='word_1_337' title='bbox 323 2418 469 2446; x_wconf 77' lang='lat' dir='ltr'>exulantis</span> <span class='ocrx_word' id='word_1_338' title='bbox 483 2417 512 2444; x_wconf 88' lang='lat' dir='ltr'>in</span> <span class='ocrx_word' id='word_1_339' title='bbox 528 2417 658 2449; x_wconf 83' lang='lat' dir='ltr'>mundo;</span> <span class='ocrx_word' id='word_1_340' title='bbox 676 2416 726 2444; x_wconf 74' lang='lat' dir='ltr'>sed</span> <span class='ocrx_word' id='word_1_341' title='bbox 744 2416 836 2444; x_wconf 88' lang='lat' dir='ltr'>multo</span> <span class='ocrx_word' id='word_1_342' title='bbox 853 2417 948 2451; x_wconf 89' lang='lat' dir='ltr'>maj0r</span> <span class='ocrx_word' id='word_1_343' title='bbox 961 2424 1031 2451; x_wconf 82' lang='lat' dir='ltr'>erga</span> 
     </span>
     <span class='ocr_line' id='line_1_53' title="bbox 250 2463 1031 2498; baseline -0.003 -6"><span class='ocrx_word' id='word_1_344' title='bbox 250 2466 374 2492; x_wconf 76' lang='lat' dir='ltr'>miseros</span> <span class='ocrx_word' id='word_1_345' title='bbox 388 2467 428 2492; x_wconf 74' lang='lat' dir='ltr'>est</span> <span class='ocrx_word' id='word_1_346' title='bbox 446 2463 649 2491; x_wconf 79' lang='lat' dir='ltr'>misericordia</span> <span class='ocrx_word' id='word_1_347' title='bbox 668 2464 730 2498; x_wconf 74' lang='lat' dir='ltr'>ejus</span> <span class='ocrx_word' id='word_1_348' title='bbox 750 2464 811 2497; x_wconf 86' lang='lat' dir='ltr'>jam</span> <span class='ocrx_word' id='word_1_349' title='bbox 832 2464 981 2497; x_wconf 77' lang='lat' dir='ltr'>regnantis</span> <span class='ocrx_word' id='word_1_350' title='bbox 1001 2463 1031 2490; x_wconf 88' lang='lat' dir='ltr'>iu</span> 
     </span>
     <span class='ocr_line' id='line_1_54' title="bbox 251 2510 1030 2546; baseline -0.003 -7"><span class='ocrx_word' id='word_1_351' title='bbox 251 2512 337 2539; x_wconf 70' lang='lat' dir='ltr'>cti-lo.</span> <span class='ocrx_word' id='word_1_352' title='bbox 369 2512 507 2546; x_wconf 45' lang='lat' dir='ltr'>illa-iorem</span> <span class='ocrx_word' id='word_1_353' title='bbox 538 2519 590 2546; x_wconf 85' lang='lat' dir='ltr'>per</span> <span class='ocrx_word' id='word_1_354' title='bbox 623 2510 768 2537; x_wconf 57' lang='lat' dir='ltr'>benetie-ia</span> <span class='ocrx_word' id='word_1_355' title='bbox 800 2510 1030 2538; x_wconf 79' lang='lat' dir='ltr'>innumerabilia</span> 
     </span>
     <span class='ocr_line' id='line_1_55' title="bbox 250 2557 1028 2594; baseline -0.003 -8"><span class='ocrx_word' id='word_1_356' title='bbox 250 2567 329 2586; x_wconf 84' lang='lat' dir='ltr'>nune</span> <span class='ocrx_word' id='word_1_357' title='bbox 340 2559 467 2587; x_wconf 80' lang='lat' dir='ltr'>ostendit</span> <span class='ocrx_word' id='word_1_358' title='bbox 479 2557 651 2585; x_wconf 80' lang='lat' dir='ltr'>bominibus</span> <span class='ocrx_word' id='word_1_359' title='bbox 664 2557 908 2592; x_wconf 74' lang='lat' dir='ltr'>misericordiam,</span> <span class='ocrx_word' id='word_1_360' title='bbox 918 2566 983 2594; x_wconf 68' lang='lat' dir='ltr'>qua}</span> <span class='ocrx_word' id='word_1_361' title='bbox 994 2558 1028 2592; x_wconf 80' lang='grc' dir='ltr'><strong>(ιι)</strong></span> 
     </span>
     <span class='ocr_line' id='line_1_56' title="bbox 250 2603 1031 2642; baseline -0.004 -8"><span class='ocrx_word' id='word_1_362' title='bbox 250 2606 345 2642; x_wconf 73' lang='lat' dir='ltr'>magis</span> <span class='ocrx_word' id='word_1_363' title='bbox 361 2613 439 2633; x_wconf 84' lang='lat' dir='ltr'>nunc</span> <span class='ocrx_word' id='word_1_364' title='bbox 454 2605 535 2632; x_wconf 84' lang='lat' dir='ltr'>videt</span> <span class='ocrx_word' id='word_1_365' title='bbox 550 2603 799 2632; x_wconf 75' lang='lat' dir='ltr'>innumerabilem</span> <span class='ocrx_word' id='word_1_366' title='bbox 810 2604 967 2633; x_wconf 87' lang='lat' dir='ltr'>hominum</span> <span class='ocrx_word' id='word_1_367' title='bbox 978 2604 1031 2632; x_wconf 88' lang='lat' dir='ltr'>mi-</span> 
     </span>
     <span class='ocr_line' id='line_1_57' title="bbox 284 2678 1029 2710; baseline -0.001 -7"><span class='ocrx_word' id='word_1_368' title='bbox 284 2682 288 2694; x_wconf 87' lang='lat'>·</span> <span class='ocrx_word' id='word_1_369' title='bbox 307 2679 380 2710; x_wconf 76' lang='grc' dir='ltr'>ΙιιιΙΙι,</span> <span class='ocrx_word' id='word_1_370' title='bbox 396 2685 438 2707; x_wconf 88' lang='grc' dir='ltr'><strong>ιιι,</strong></span> <span class='ocrx_word' id='word_1_371' title='bbox 466 2681 503 2703; x_wconf 80' lang='lat' dir='ltr'>to.</span> <span class='ocrx_word' id='word_1_372' title='bbox 517 2692 547 2696; x_wconf 92' lang='lat'><em>-</em></span> <span class='ocrx_word' id='word_1_373' title='bbox 566 2679 574 2692; x_wconf 78' lang='lat'>²</span> <span class='ocrx_word' id='word_1_374' title='bbox 589 2678 656 2702; x_wconf 75' lang='lat' dir='ltr'>Psal.</span> <span class='ocrx_word' id='word_1_375' title='bbox 673 2684 743 2708; x_wconf 71' lang='grc' dir='ltr'><strong>ιιιιν,</strong></span> <span class='ocrx_word' id='word_1_376' title='bbox 768 2679 804 2702; x_wconf 72' lang='grc'>14.</span> <span class='ocrx_word' id='word_1_377' title='bbox 825 2691 853 2696; x_wconf 96' lang='grc'>-</span> <span class='ocrx_word' id='word_1_378' title='bbox 871 2679 881 2695; x_wconf 80' lang='lat'><strong>³</strong></span> <span class='ocrx_word' id='word_1_379' title='bbox 898 2680 984 2709; x_wconf 71' lang='lat' dir='ltr'>Deru,</span> <span class='ocrx_word' id='word_1_380' title='bbox 1005 2680 1029 2702; x_wconf 85' lang='grc' dir='ltr'>ιἰι</span> 
     </span>
    </p>
   </div>
   <div class='ocr_carea' id='block_1_4' title="bbox 251 2714 1030 2782">
    <p class='ocr_par' dir='ltr' id='par_1_4' title="bbox 251 2714 1030 2782">
     <span class='ocr_line' id='line_1_58' title="bbox 254 2714 1030 2745; baseline -0.003 -6"><span class='ocrx_word' id='word_1_381' title='bbox 254 2716 322 2739; x_wconf 80' lang='lat' dir='ltr'>Dum.</span> <span class='ocrx_word' id='word_1_382' title='bbox 340 2716 388 2745; x_wconf 70' lang='lat' dir='ltr'>inf.</span> <span class='ocrx_word' id='word_1_383' title='bbox 404 2717 450 2739; x_wconf 77' lang='lat' dir='ltr'>oet.</span> <span class='ocrx_word' id='word_1_384' title='bbox 467 2716 603 2745; x_wconf 61' lang='lat' dir='ltr'>Assumpi„</span> <span class='ocrx_word' id='word_1_385' title='bbox 622 2721 699 2738; x_wconf 81' lang='lat' dir='ltr'>seim.</span> <span class='ocrx_word' id='word_1_386' title='bbox 721 2721 745 2737; x_wconf 93' lang='grc' dir='ltr'>ιι.</span> <span class='ocrx_word' id='word_1_387' title='bbox 762 2716 786 2743; x_wconf 70' lang='lat' dir='ltr'>ii,</span> <span class='ocrx_word' id='word_1_388' title='bbox 802 2722 847 2738; x_wconf 73' lang='lat' dir='ltr'>seu</span> <span class='ocrx_word' id='word_1_389' title='bbox 862 2714 892 2737; x_wconf 75' lang='lat' dir='ltr'>de</span> <span class='ocrx_word' id='word_1_390' title='bbox 910 2715 936 2738; x_wconf 82' lang='lat' dir='ltr'>B.</span> <span class='ocrx_word' id='word_1_391' title='bbox 954 2715 1030 2744; x_wconf 59' lang='lat' dir='ltr'>Maru,</span> 
     </span>
     <span class='ocr_line' id='line_1_59' title="bbox 251 2750 1030 2782; baseline -0.001 -8"><span class='ocrx_word' id='word_1_392' title='bbox 251 2758 281 2774; x_wconf 52' lang='lat' dir='ltr'>tar</span> <span class='ocrx_word' id='word_1_393' title='bbox 296 2750 361 2774; x_wconf 60' lang='lat' dir='ltr'>vcra„</span> <span class='ocrx_word' id='word_1_394' title='bbox 378 2751 450 2782; x_wconf 65' lang='lat' dir='ltr'>Apus.</span> <span class='ocrx_word' id='word_1_395' title='bbox 467 2759 489 2775; x_wconf 81' lang='lat' dir='ltr'>e.</span> <span class='ocrx_word' id='word_1_396' title='bbox 508 2756 584 2774; x_wconf 79' lang='lat' dir='ltr'>x11.-</span> <span class='ocrx_word' id='word_1_397' title='bbox 601 2750 610 2766; x_wconf 70' lang='lat'>⁸</span> <span class='ocrx_word' id='word_1_398' title='bbox 626 2750 692 2775; x_wconf 85' lang='lat' dir='ltr'>Luc..</span> <span class='ocrx_word' id='word_1_399' title='bbox 711 2756 726 2779; x_wconf 71' lang='lat' dir='ltr'>i,</span> <span class='ocrx_word' id='word_1_400' title='bbox 744 2751 814 2773; x_wconf 66' lang='lat' dir='ltr'>-i:2.—</span> <span class='ocrx_word' id='word_1_401' title='bbox 829 2751 838 2765; x_wconf 63' lang='lat' dir='ltr'>b</span> <span class='ocrx_word' id='word_1_402' title='bbox 851 2751 936 2779; x_wconf 60' lang='lat' dir='ltr'>llern„</span> <span class='ocrx_word' id='word_1_403' title='bbox 953 2757 1030 2780; x_wconf 74' lang='lat' dir='ltr'>snper</span> 
     </span>
    </p>
   </div>
   <div class='ocr_carea' id='block_1_5' title="bbox 695 277 1440 312">
    <p class='ocr_par' dir='ltr' id='par_1_5' title="bbox 695 277 1440 312">
     <span class='ocr_line' id='line_1_60' title="bbox 695 277 1440 312; baseline 0.001 -2"><span class='ocrx_word' id='word_1_404' title='bbox 695 277 907 311; x_wconf 81' lang='lat' dir='ltr'>SPECULUM</span> <span class='ocrx_word' id='word_1_405' title='bbox 926 277 1071 311; x_wconf 77' lang='lat' dir='ltr'><strong>BEATAE</strong></span> <span class='ocrx_word' id='word_1_406' title='bbox 1092 277 1232 311; x_wconf 79' lang='lat' dir='ltr'><strong>MARIAE</strong></span> <span class='ocrx_word' id='word_1_407' title='bbox 1252 277 1440 312; x_wconf 83' lang='lat' dir='ltr'>VIRGINlS.</span> 
     </span>
    </p>
   </div>
   <div class='ocr_carea' id='block_1_6' title="bbox 1730 0 2029 1157">
    <p class='ocr_par' dir='ltr' id='par_1_6' title="bbox 1730 0 2029 1157">
     <span class='ocr_line' id='line_1_61' title="bbox 1730 0 2029 1157; baseline 0 -833"><span class='ocrx_word' id='word_1_408' title='bbox 1730 0 2029 1157; x_wconf 95' lang='lat' dir='ltr'>    </span> 
     </span>
    </p>
   </div>
   <div class='ocr_carea' id='block_1_7' title="bbox 1095 344 1883 1091">
    <p class='ocr_par' dir='ltr' id='par_1_7' title="bbox 1095 344 1883 1091">
     <span class='ocr_line' id='line_1_62' title="bbox 1100 344 1882 384; baseline 0 -9"><span class='ocrx_word' id='word_1_409' title='bbox 1100 346 1220 376; x_wconf 78' lang='lat' dir='ltr'>seriam.</span> <span class='ocrx_word' id='word_1_410' title='bbox 1236 346 1318 375; x_wconf 85' lang='lat' dir='ltr'>Unde</span> <span class='ocrx_word' id='word_1_411' title='bbox 1331 353 1388 384; x_wconf 87' lang='lat' dir='ltr'>pro</span> <span class='ocrx_word' id='word_1_412' title='bbox 1407 345 1570 384; x_wconf 78' lang='lat' dir='ltr'>splendore</span> <span class='ocrx_word' id='word_1_413' title='bbox 1587 344 1699 383; x_wconf 80' lang='lat' dir='ltr'>prioris</span> <span class='ocrx_word' id='word_1_414' title='bbox 1712 345 1882 378; x_wconf 56' lang='grc' dir='ltr'>Μικκίων-</span> 
     </span>
     <span class='ocr_line' id='line_1_63' title="bbox 1101 392 1882 433; baseline 0 -11"><span class='ocrx_word' id='word_1_415' title='bbox 1101 392 1158 422; x_wconf 78' lang='lat' dir='ltr'>dioe</span> <span class='ocrx_word' id='word_1_416' title='bbox 1171 392 1226 422; x_wconf 80' lang='lat' dir='ltr'>ruit</span> <span class='ocrx_word' id='word_1_417' title='bbox 1238 393 1328 422; x_wconf 66' lang='lat' dir='ltr'>um&#39;ia</span> <span class='ocrx_word' id='word_1_418' title='bbox 1342 392 1469 430; x_wconf 82' lang='lat' dir='ltr'>pulchra</span> <span class='ocrx_word' id='word_1_419' title='bbox 1486 394 1521 422; x_wconf 83' lang='lat' dir='ltr'>ut</span> <span class='ocrx_word' id='word_1_420' title='bbox 1536 393 1635 429; x_wconf 76' lang='lat' dir='ltr'>Luna3</span> <span class='ocrx_word' id='word_1_421' title='bbox 1650 399 1708 430; x_wconf 85' lang='lat' dir='ltr'>pro</span> <span class='ocrx_word' id='word_1_422' title='bbox 1721 392 1882 433; x_wconf 54' lang='lat' dir='ltr'>spleqdore</span> 
     </span>
     <span class='ocr_line' id='line_1_64' title="bbox 1099 439 1880 478; baseline 0.003 -10"><span class='ocrx_word' id='word_1_423' title='bbox 1099 447 1172 468; x_wconf 85' lang='lat' dir='ltr'>vero</span> <span class='ocrx_word' id='word_1_424' title='bbox 1191 440 1362 478; x_wconf 88' lang='lat' dir='ltr'>posterioris</span> <span class='ocrx_word' id='word_1_425' title='bbox 1375 439 1597 475; x_wconf 73' lang='lat' dir='ltr'>misericordiae,</span> <span class='ocrx_word' id='word_1_426' title='bbox 1611 441 1656 469; x_wconf 77' lang='lat' dir='ltr'>est</span> <span class='ocrx_word' id='word_1_427' title='bbox 1669 439 1763 469; x_wconf 79' lang='lat' dir='ltr'>electa</span> <span class='ocrx_word' id='word_1_428' title='bbox 1773 441 1808 469; x_wconf 83' lang='lat' dir='ltr'>nt:</span> <span class='ocrx_word' id='word_1_429' title='bbox 1817 439 1880 470; x_wconf 75' lang='lat' dir='ltr'>sol.</span> 
     </span>
     <span class='ocr_line' id='line_1_65' title="bbox 1098 486 1882 524; baseline 0.001 -9"><span class='ocrx_word' id='word_1_430' title='bbox 1098 488 1173 515; x_wconf 85' lang='lat' dir='ltr'>Nam</span> <span class='ocrx_word' id='word_1_431' title='bbox 1189 486 1450 524; x_wconf 77' lang='lat' dir='ltr'>quemadmodum</span> <span class='ocrx_word' id='word_1_432' title='bbox 1468 486 1520 516; x_wconf 91' lang='lat' dir='ltr'>Sol</span> <span class='ocrx_word' id='word_1_433' title='bbox 1542 488 1656 516; x_wconf 82' lang='lat' dir='ltr'>Lunam</span> <span class='ocrx_word' id='word_1_434' title='bbox 1677 488 1798 524; x_wconf 80' lang='lat' dir='ltr'>superat</span> <span class='ocrx_word' id='word_1_435' title='bbox 1816 493 1882 516; x_wconf 72' lang='lat' dir='ltr'>ma·</span> 
     </span>
     <span class='ocr_line' id='line_1_66' title="bbox 1099 532 1882 571; baseline 0 -9"><span class='ocrx_word' id='word_1_436' title='bbox 1099 533 1253 569; x_wconf 85' lang='lat' dir='ltr'>gnitudine</span> <span class='ocrx_word' id='word_1_437' title='bbox 1267 533 1454 570; x_wconf 52' lang='lat' dir='ltr'>splendor-iffi</span> <span class='ocrx_word' id='word_1_438' title='bbox 1469 534 1512 562; x_wconf 84' lang='lat' dir='ltr'>sie</span> <span class='ocrx_word' id='word_1_439' title='bbox 1525 533 1658 571; x_wconf 87' lang='lat' dir='ltr'>priorem</span> <span class='ocrx_word' id='word_1_440' title='bbox 1678 533 1775 563; x_wconf 61' lang='grc' dir='ltr'><strong>Μαι-ἰῶ</strong></span> <span class='ocrx_word' id='word_1_441' title='bbox 1790 532 1882 562; x_wconf 77' lang='lat' dir='ltr'>mise-</span> 
     </span>
     <span class='ocr_line' id='line_1_67' title="bbox 1098 579 1883 618; baseline 0 -10"><span class='ocrx_word' id='word_1_442' title='bbox 1098 579 1262 609; x_wconf 83' lang='lat' dir='ltr'>ricordiam</span> <span class='ocrx_word' id='word_1_443' title='bbox 1279 582 1400 618; x_wconf 84' lang='lat' dir='ltr'>superat</span> <span class='ocrx_word' id='word_1_444' title='bbox 1419 580 1597 617; x_wconf 78' lang='lat' dir='ltr'>magnitudo</span> <span class='ocrx_word' id='word_1_445' title='bbox 1614 580 1797 618; x_wconf 81' lang='lat' dir='ltr'>posterIoris.</span> <span class='ocrx_word' id='word_1_446' title='bbox 1812 579 1883 615; x_wconf 83' lang='lat' dir='ltr'>Quis</span> 
     </span>
     <span class='ocr_line' id='line_1_68' title="bbox 1099 625 1882 664; baseline 0.003 -10"><span class='ocrx_word' id='word_1_447' title='bbox 1099 628 1142 655; x_wconf 87' lang='lat' dir='ltr'>est</span> <span class='ocrx_word' id='word_1_448' title='bbox 1156 634 1245 664; x_wconf 89' lang='lat' dir='ltr'>super</span> <span class='ocrx_word' id='word_1_449' title='bbox 1264 635 1356 664; x_wconf 82' lang='lat' dir='ltr'>quem</span> <span class='ocrx_word' id='word_1_450' title='bbox 1375 626 1426 656; x_wconf 89' lang='lat' dir='ltr'>Sol</span> <span class='ocrx_word' id='word_1_451' title='bbox 1444 629 1473 656; x_wconf 85' lang='lat' dir='ltr'>et</span> <span class='ocrx_word' id='word_1_452' title='bbox 1494 629 1575 656; x_wconf 87' lang='lat' dir='ltr'>Luna</span> <span class='ocrx_word' id='word_1_453' title='bbox 1592 634 1656 656; x_wconf 90' lang='lat' dir='ltr'>non</span> <span class='ocrx_word' id='word_1_454' title='bbox 1676 626 1796 656; x_wconf 73' lang='lat' dir='ltr'>luceat?</span> <span class='ocrx_word' id='word_1_455' title='bbox 1813 625 1882 664; x_wconf 78' lang='lat' dir='ltr'>quis</span> 
     </span>
     <span class='ocr_line' id='line_1_69' title="bbox 1099 674 1882 711; baseline 0.001 -9"><span class='ocrx_word' id='word_1_456' title='bbox 1099 675 1144 702; x_wconf 90' lang='lat' dir='ltr'>est</span> <span class='ocrx_word' id='word_1_457' title='bbox 1164 682 1254 711; x_wconf 87' lang='lat' dir='ltr'>super</span> <span class='ocrx_word' id='word_1_458' title='bbox 1275 683 1366 711; x_wconf 83' lang='lat' dir='ltr'>quem</span> <span class='ocrx_word' id='word_1_459' title='bbox 1391 674 1597 703; x_wconf 83' lang='lat' dir='ltr'>misericordia</span> <span class='ocrx_word' id='word_1_460' title='bbox 1623 674 1721 704; x_wconf 58' lang='grc' dir='ltr'><strong>Μαι-ἰῶ</strong></span> <span class='ocrx_word' id='word_1_461' title='bbox 1747 681 1812 703; x_wconf 88' lang='lat' dir='ltr'>non</span> <span class='ocrx_word' id='word_1_462' title='bbox 1834 681 1882 703; x_wconf 85' lang='lat' dir='ltr'>re-</span> 
     </span>
     <span class='ocr_line' id='line_1_70' title="bbox 1098 722 1880 761; baseline 0.001 -10"><span class='ocrx_word' id='word_1_463' title='bbox 1098 722 1273 760; x_wconf 79' lang='lat' dir='ltr'>splendeat?</span> <span class='ocrx_word' id='word_1_464' title='bbox 1286 723 1364 752; x_wconf 81' lang='lat' dir='ltr'>Audi</span> <span class='ocrx_word' id='word_1_465' title='bbox 1377 723 1452 761; x_wconf 89' lang='lat' dir='ltr'>quid</span> <span class='ocrx_word' id='word_1_466' title='bbox 1467 723 1505 752; x_wconf 89' lang='lat' dir='ltr'>de</span> <span class='ocrx_word' id='word_1_467' title='bbox 1519 723 1577 753; x_wconf 87' lang='lat' dir='ltr'>hoe</span> <span class='ocrx_word' id='word_1_468' title='bbox 1592 723 1698 753; x_wconf 81' lang='lat' dir='ltr'>heatus</span> <span class='ocrx_word' id='word_1_469' title='bbox 1712 722 1880 752; x_wconf 77' lang='lat' dir='ltr'>Ber-nardus</span> 
     </span>
     <span class='ocr_line' id='line_1_71' title="bbox 1097 769 1881 806; baseline 0.001 -8"><span class='ocrx_word' id='word_1_470' title='bbox 1097 770 1202 799; x_wconf 87' lang='lat' dir='ltr'>sentiat</span> <span class='ocrx_word' id='word_1_471' title='bbox 1207 781 1216 806; x_wconf 80' lang='lat'>3</span> <span class='ocrx_word' id='word_1_472' title='bbox 1237 770 1278 800; x_wconf 86' lang='lat' dir='ltr'>ait</span> <span class='ocrx_word' id='word_1_473' title='bbox 1296 770 1379 800; x_wconf 88' lang='lat' dir='ltr'>enim</span> <span class='ocrx_word' id='word_1_474' title='bbox 1403 770 1445 799; x_wconf 87' lang='lat' dir='ltr'>sie</span> <span class='ocrx_word' id='word_1_475' title='bbox 1458 771 1470 789; x_wconf 75' lang='lat'>⁸</span> <span class='ocrx_word' id='word_1_476' title='bbox 1488 780 1495 799; x_wconf 95' lang='lat'><strong>:</strong></span> <span class='ocrx_word' id='word_1_477' title='bbox 1515 780 1529 798; x_wconf 73' lang='grc' dir='ltr'><strong>α</strong></span> <span class='ocrx_word' id='word_1_478' title='bbox 1544 770 1807 806; x_wconf 85' lang='lat' dir='ltr'>Quemadmodum</span> <span class='ocrx_word' id='word_1_479' title='bbox 1829 769 1881 800; x_wconf 84' lang='lat' dir='ltr'>Sol</span> 
     </span>
     <span class='ocr_line' id='line_1_72' title="bbox 1097 817 1880 856; baseline 0.001 -10"><span class='ocrx_word' id='word_1_480' title='bbox 1097 817 1192 846; x_wconf 91' lang='lat' dir='ltr'>oritur</span> <span class='ocrx_word' id='word_1_481' title='bbox 1210 826 1301 856; x_wconf 89' lang='lat' dir='ltr'>super</span> <span class='ocrx_word' id='word_1_482' title='bbox 1318 818 1417 847; x_wconf 88' lang='lat' dir='ltr'>bonos</span> <span class='ocrx_word' id='word_1_483' title='bbox 1433 819 1462 847; x_wconf 88' lang='lat' dir='ltr'>et</span> <span class='ocrx_word' id='word_1_484' title='bbox 1480 818 1578 847; x_wconf 90' lang='lat' dir='ltr'>malos</span> <span class='ocrx_word' id='word_1_485' title='bbox 1597 818 1800 848; x_wconf 79' lang='lat' dir='ltr'>indifferenter</span> <span class='ocrx_word' id='word_1_486' title='bbox 1810 828 1820 854; x_wconf 85' lang='lat'>;</span> <span class='ocrx_word' id='word_1_487' title='bbox 1837 818 1880 847; x_wconf 82' lang='lat' dir='ltr'>sie</span> 
     </span>
     <span class='ocr_line' id='line_1_73' title="bbox 1097 865 1880 902; baseline 0.001 -9"><span class='ocrx_word' id='word_1_488' title='bbox 1097 865 1187 894; x_wconf 81' lang='lat' dir='ltr'>Maria</span> <span class='ocrx_word' id='word_1_489' title='bbox 1200 865 1291 902; x_wconf 83' lang='lat' dir='ltr'>petita</span> <span class='ocrx_word' id='word_1_490' title='bbox 1305 873 1367 894; x_wconf 93' lang='lat' dir='ltr'>non</span> <span class='ocrx_word' id='word_1_491' title='bbox 1389 865 1528 894; x_wconf 79' lang='lat' dir='ltr'>discurrit</span> <span class='ocrx_word' id='word_1_492' title='bbox 1541 865 1656 901; x_wconf 79' lang='lat' dir='ltr'>merita,</span> <span class='ocrx_word' id='word_1_493' title='bbox 1671 865 1724 894; x_wconf 90' lang='lat' dir='ltr'>sed</span> <span class='ocrx_word' id='word_1_494' title='bbox 1739 865 1880 894; x_wconf 86' lang='lat' dir='ltr'>omnibus</span> 
     </span>
     <span class='ocr_line' id='line_1_74' title="bbox 1096 912 1879 948; baseline 0.004 -9"><span class='ocrx_word' id='word_1_495' title='bbox 1096 919 1158 940; x_wconf 88' lang='lat' dir='ltr'>sese</span> <span class='ocrx_word' id='word_1_496' title='bbox 1195 912 1391 948; x_wconf 83' lang='lat' dir='ltr'>exorabilem,</span> <span class='ocrx_word' id='word_1_497' title='bbox 1436 912 1578 942; x_wconf 88' lang='lat' dir='ltr'>omnihus</span> <span class='ocrx_word' id='word_1_498' title='bbox 1619 912 1879 942; x_wconf 80' lang='lat' dir='ltr'>clementissimam</span> 
     </span>
     <span class='ocr_line' id='line_1_75' title="bbox 1095 958 1879 996; baseline 0.003 -10"><span class='ocrx_word' id='word_1_499' title='bbox 1095 958 1218 996; x_wconf 81' lang='lat' dir='ltr'>proebet,</span> <span class='ocrx_word' id='word_1_500' title='bbox 1229 959 1364 988; x_wconf 88' lang='lat' dir='ltr'>omnium</span> <span class='ocrx_word' id='word_1_501' title='bbox 1379 959 1509 996; x_wconf 87' lang='lat' dir='ltr'>denique</span> <span class='ocrx_word' id='word_1_502' title='bbox 1523 959 1748 988; x_wconf 77' lang='lat' dir='ltr'>necessitatibus</span> <span class='ocrx_word' id='word_1_503' title='bbox 1756 959 1879 996; x_wconf 81' lang='lat' dir='ltr'>amplis-</span> 
     </span>
     <span class='ocr_line' id='line_1_76' title="bbox 1095 1006 1878 1044; baseline 0.005 -10"><span class='ocrx_word' id='word_1_504' title='bbox 1095 1006 1172 1035; x_wconf 90' lang='lat' dir='ltr'>simo</span> <span class='ocrx_word' id='word_1_505' title='bbox 1186 1007 1342 1036; x_wconf 85' lang='lat' dir='ltr'>miseretur</span> <span class='ocrx_word' id='word_1_506' title='bbox 1355 1008 1474 1037; x_wconf 81' lang='lat' dir='ltr'>affeetu.</span> <span class='ocrx_word' id='word_1_507' title='bbox 1489 1019 1503 1035; x_wconf 73' lang='grc' dir='ltr'>ιι</span> <span class='ocrx_word' id='word_1_508' title='bbox 1523 1007 1663 1037; x_wconf 90' lang='lat' dir='ltr'>Dominus</span> <span class='ocrx_word' id='word_1_509' title='bbox 1682 1015 1754 1044; x_wconf 85' lang='lat' dir='ltr'>ergo</span> <span class='ocrx_word' id='word_1_510' title='bbox 1770 1009 1878 1043; x_wconf 63' lang='lat' dir='ltr'>meum,</span> 
     </span>
     <span class='ocr_line' id='line_1_77' title="bbox 1095 1053 1787 1091; baseline 0.001 -9"><span class='ocrx_word' id='word_1_511' title='bbox 1095 1061 1114 1082; x_wconf 92' lang='lat' dir='ltr'>o</span> <span class='ocrx_word' id='word_1_512' title='bbox 1128 1053 1228 1089; x_wconf 82' lang='lat' dir='ltr'>Maria,</span> <span class='ocrx_word' id='word_1_513' title='bbox 1243 1054 1318 1082; x_wconf 88' lang='lat' dir='ltr'>sieut</span> <span class='ocrx_word' id='word_1_514' title='bbox 1331 1057 1416 1091; x_wconf 82' lang='lat' dir='ltr'>pater</span> <span class='ocrx_word' id='word_1_515' title='bbox 1429 1063 1498 1084; x_wconf 87' lang='lat' dir='ltr'>cum</span> <span class='ocrx_word' id='word_1_516' title='bbox 1511 1055 1576 1084; x_wconf 83' lang='lat' dir='ltr'>filia</span> <span class='ocrx_word' id='word_1_517' title='bbox 1590 1054 1787 1084; x_wconf 82' lang='lat' dir='ltr'>nobilissima.</span> 
     </span>
    </p>
   </div>
   <div class='ocr_carea' id='block_1_8' title="bbox 1129 1101 1976 1139">
    <p class='ocr_par' dir='ltr' id='par_1_8' title="bbox 1129 1101 1976 1139">
     <span class='ocr_line' id='line_1_78' title="bbox 1129 1101 1976 1139; baseline 0.001 -10"><span class='ocrx_word' id='word_1_518' title='bbox 1129 1101 1266 1130; x_wconf 85' lang='lat' dir='ltr'>Secundo</span> <span class='ocrx_word' id='word_1_519' title='bbox 1281 1102 1430 1137; x_wconf 81' lang='lat' dir='ltr'>attendite,</span> <span class='ocrx_word' id='word_1_520' title='bbox 1447 1102 1623 1138; x_wconf 80' lang='lat' dir='ltr'>charissimi,</span> <span class='ocrx_word' id='word_1_521' title='bbox 1639 1101 1724 1139; x_wconf 89' lang='lat' dir='ltr'>quod</span> <span class='ocrx_word' id='word_1_522' title='bbox 1735 1101 1878 1131; x_wconf 85' lang='lat' dir='ltr'>Dominus</span> <span class='ocrx_word' id='word_1_523' title='bbox 1909 1114 1952 1126; x_wconf 58' lang='lat' dir='ltr'>m..</span> <span class='ocrx_word' id='word_1_524' title='bbox 1974 1121 1976 1125; x_wconf 86' lang='lat'><em>-</em></span> 
     </span>
    </p>
   </div>
   <div class='ocr_carea' id='block_1_9' title="bbox 1094 1147 1877 1186">
    <p class='ocr_par' dir='ltr' id='par_1_9' title="bbox 1094 1147 1877 1186">
     <span class='ocr_line' id='line_1_79' title="bbox 1094 1147 1877 1186; baseline 0.004 -11"><span class='ocrx_word' id='word_1_525' title='bbox 1094 1147 1158 1182; x_wconf 84' lang='lat' dir='ltr'>iste,</span> <span class='ocrx_word' id='word_1_526' title='bbox 1179 1148 1232 1184; x_wconf 91' lang='lat' dir='ltr'>qui</span> <span class='ocrx_word' id='word_1_527' title='bbox 1251 1151 1311 1176; x_wconf 84' lang='lat' dir='ltr'>tam</span> <span class='ocrx_word' id='word_1_528' title='bbox 1330 1148 1519 1185; x_wconf 85' lang='lat' dir='ltr'>singulariter</span> <span class='ocrx_word' id='word_1_529' title='bbox 1537 1150 1579 1177; x_wconf 88' lang='lat' dir='ltr'>est</span> <span class='ocrx_word' id='word_1_530' title='bbox 1602 1157 1670 1178; x_wconf 78' lang='lat' dir='ltr'>cum</span> <span class='ocrx_word' id='word_1_531' title='bbox 1692 1149 1791 1185; x_wconf 81' lang='lat' dir='ltr'>Maria,</span> <span class='ocrx_word' id='word_1_532' title='bbox 1814 1149 1877 1186; x_wconf 85' lang='lat' dir='ltr'>ipse</span> 
     </span>
    </p>
   </div>
   <div class='ocr_carea' id='block_1_10' title="bbox 1087 1336 1877 2639">
    <p class='ocr_par' dir='ltr' id='par_1_10' title="bbox 1087 1336 1877 2639">
     <span class='ocr_line' id='line_1_80' title="bbox 1093 1336 1876 1373; baseline 0.004 -11"><span class='ocrx_word' id='word_1_533' title='bbox 1093 1337 1181 1363; x_wconf 83' lang='lat' dir='ltr'>Mater</span> <span class='ocrx_word' id='word_1_534' title='bbox 1198 1336 1323 1371; x_wconf 85' lang='lat' dir='ltr'>Domini,</span> <span class='ocrx_word' id='word_1_535' title='bbox 1337 1338 1430 1365; x_wconf 84' lang='lat' dir='ltr'>mater</span> <span class='ocrx_word' id='word_1_536' title='bbox 1445 1339 1473 1365; x_wconf 88' lang='lat' dir='ltr'>et</span> <span class='ocrx_word' id='word_1_537' title='bbox 1488 1336 1584 1372; x_wconf 86' lang='lat' dir='ltr'>virgo,</span> <span class='ocrx_word' id='word_1_538' title='bbox 1601 1339 1696 1365; x_wconf 86' lang='lat' dir='ltr'>mater</span> <span class='ocrx_word' id='word_1_539' title='bbox 1710 1338 1753 1365; x_wconf 87' lang='lat' dir='ltr'>est</span> <span class='ocrx_word' id='word_1_540' title='bbox 1765 1336 1876 1373; x_wconf 85' lang='lat' dir='ltr'>dignis-</span> 
     </span>
     <span class='ocr_line' id='line_1_81' title="bbox 1092 1383 1877 1420; baseline 0.003 -10"><span class='ocrx_word' id='word_1_541' title='bbox 1092 1383 1177 1411; x_wconf 87' lang='lat' dir='ltr'>sima.</span> <span class='ocrx_word' id='word_1_542' title='bbox 1194 1384 1259 1419; x_wconf 82' lang='lat' dir='ltr'>lpsa</span> <span class='ocrx_word' id='word_1_543' title='bbox 1276 1385 1319 1411; x_wconf 85' lang='lat' dir='ltr'>est</span> <span class='ocrx_word' id='word_1_544' title='bbox 1333 1386 1438 1418; x_wconf 85' lang='lat' dir='ltr'>mater,</span> <span class='ocrx_word' id='word_1_545' title='bbox 1458 1392 1526 1420; x_wconf 82' lang='lat' dir='ltr'>quae</span> <span class='ocrx_word' id='word_1_546' title='bbox 1547 1383 1595 1412; x_wconf 81' lang='lat' dir='ltr'>tali</span> <span class='ocrx_word' id='word_1_547' title='bbox 1616 1383 1680 1412; x_wconf 86' lang='lat' dir='ltr'>filio</span> <span class='ocrx_word' id='word_1_548' title='bbox 1703 1386 1746 1412; x_wconf 87' lang='lat' dir='ltr'>est</span> <span class='ocrx_word' id='word_1_549' title='bbox 1766 1383 1877 1412; x_wconf 86' lang='lat' dir='ltr'>decen-</span> 
     </span>
     <span class='ocr_line' id='line_1_82' title="bbox 1094 1429 1875 1466; baseline 0.004 -10"><span class='ocrx_word' id='word_1_550' title='bbox 1094 1429 1214 1457; x_wconf 86' lang='lat' dir='ltr'>tissima.</span> <span class='ocrx_word' id='word_1_551' title='bbox 1233 1431 1298 1466; x_wconf 86' lang='lat' dir='ltr'>ipsa</span> <span class='ocrx_word' id='word_1_552' title='bbox 1312 1433 1405 1458; x_wconf 87' lang='lat' dir='ltr'>mater</span> <span class='ocrx_word' id='word_1_553' title='bbox 1420 1432 1473 1465; x_wconf 81' lang='lat' dir='ltr'>est,</span> <span class='ocrx_word' id='word_1_554' title='bbox 1491 1431 1538 1458; x_wconf 88' lang='lat' dir='ltr'>cui</span> <span class='ocrx_word' id='word_1_555' title='bbox 1553 1430 1620 1459; x_wconf 84' lang='lat' dir='ltr'>talis</span> <span class='ocrx_word' id='word_1_556' title='bbox 1634 1430 1714 1458; x_wconf 77' lang='lat' dir='ltr'>fillus</span> <span class='ocrx_word' id='word_1_557' title='bbox 1728 1430 1875 1459; x_wconf 86' lang='lat' dir='ltr'>decentis·</span> 
     </span>
     <span class='ocr_line' id='line_1_83' title="bbox 1094 1476 1876 1514; baseline 0.004 -11"><span class='ocrx_word' id='word_1_558' title='bbox 1094 1476 1186 1504; x_wconf 79' lang='lat' dir='ltr'>simus</span> <span class='ocrx_word' id='word_1_559' title='bbox 1201 1477 1263 1504; x_wconf 86' lang='lat' dir='ltr'>suit.</span> <span class='ocrx_word' id='word_1_560' title='bbox 1282 1479 1347 1513; x_wconf 79' lang='lat' dir='ltr'>ipsa</span> <span class='ocrx_word' id='word_1_561' title='bbox 1362 1479 1416 1512; x_wconf 86' lang='lat' dir='ltr'>est,</span> <span class='ocrx_word' id='word_1_562' title='bbox 1438 1486 1498 1514; x_wconf 87' lang='lat' dir='ltr'>qua</span> <span class='ocrx_word' id='word_1_563' title='bbox 1520 1478 1666 1513; x_wconf 86' lang='lat' dir='ltr'>majorem</span> <span class='ocrx_word' id='word_1_564' title='bbox 1686 1479 1761 1506; x_wconf 89' lang='lat' dir='ltr'>Deus</span> <span class='ocrx_word' id='word_1_565' title='bbox 1780 1476 1876 1506; x_wconf 79' lang='lat' dir='ltr'>faeere</span> 
     </span>
     <span class='ocr_line' id='line_1_84' title="bbox 1093 1524 1876 1561; baseline 0.004 -11"><span class='ocrx_word' id='word_1_566' title='bbox 1093 1531 1154 1551; x_wconf 90' lang='lat' dir='ltr'>non</span> <span class='ocrx_word' id='word_1_567' title='bbox 1183 1526 1291 1559; x_wconf 82' lang='lat' dir='ltr'>posset.</span> <span class='ocrx_word' id='word_1_568' title='bbox 1319 1524 1458 1559; x_wconf 70' lang='lat' dir='ltr'>Majorem</span> <span class='ocrx_word' id='word_1_569' title='bbox 1489 1524 1636 1552; x_wconf 88' lang='lat' dir='ltr'>mundum</span> <span class='ocrx_word' id='word_1_570' title='bbox 1657 1526 1757 1561; x_wconf 81' lang='lat' dir='ltr'>posset</span> <span class='ocrx_word' id='word_1_571' title='bbox 1779 1524 1876 1554; x_wconf 78' lang='lat' dir='ltr'>faeere</span> 
     </span>
     <span class='ocr_line' id='line_1_85' title="bbox 1094 1571 1875 1608; baseline 0.004 -11"><span class='ocrx_word' id='word_1_572' title='bbox 1094 1571 1179 1605; x_wconf 71' lang='lat' dir='ltr'>neus,</span> <span class='ocrx_word' id='word_1_573' title='bbox 1195 1571 1292 1606; x_wconf 86' lang='lat' dir='ltr'>majus</span> <span class='ocrx_word' id='word_1_574' title='bbox 1307 1571 1413 1599; x_wconf 72' lang='lat' dir='ltr'>cwlum</span> <span class='ocrx_word' id='word_1_575' title='bbox 1435 1574 1532 1608; x_wconf 82' lang='lat' dir='ltr'>posset</span> <span class='ocrx_word' id='word_1_576' title='bbox 1553 1571 1648 1600; x_wconf 73' lang='lat' dir='ltr'>facere</span> <span class='ocrx_word' id='word_1_577' title='bbox 1665 1573 1754 1606; x_wconf 86' lang='lat' dir='ltr'>Deus;</span> <span class='ocrx_word' id='word_1_578' title='bbox 1777 1572 1875 1607; x_wconf 83' lang='lat' dir='ltr'>majo-</span> 
     </span>
     <span class='ocr_line' id='line_1_86' title="bbox 1092 1618 1874 1654; baseline 0.003 -10"><span class='ocrx_word' id='word_1_579' title='bbox 1092 1625 1155 1644; x_wconf 87' lang='lat' dir='ltr'>rem</span> <span class='ocrx_word' id='word_1_580' title='bbox 1171 1620 1305 1652; x_wconf 85' lang='lat' dir='ltr'>matrem,</span> <span class='ocrx_word' id='word_1_581' title='bbox 1321 1627 1414 1654; x_wconf 87' lang='lat' dir='ltr'>quam</span> <span class='ocrx_word' id='word_1_582' title='bbox 1427 1620 1552 1646; x_wconf 87' lang='lat' dir='ltr'>matrem</span> <span class='ocrx_word' id='word_1_583' title='bbox 1567 1619 1625 1652; x_wconf 86' lang='lat' dir='ltr'>Dei,</span> <span class='ocrx_word' id='word_1_584' title='bbox 1641 1626 1702 1646; x_wconf 91' lang='lat' dir='ltr'>non</span> <span class='ocrx_word' id='word_1_585' title='bbox 1716 1620 1817 1654; x_wconf 87' lang='lat' dir='ltr'>posset</span> <span class='ocrx_word' id='word_1_586' title='bbox 1831 1618 1874 1647; x_wconf 79' lang='lat' dir='ltr'>sa-</span> 
     </span>
     <span class='ocr_line' id='line_1_87' title="bbox 1092 1665 1875 1694; baseline 0.003 -2"><span class='ocrx_word' id='word_1_587' title='bbox 1092 1674 1157 1693; x_wconf 86' lang='lat' dir='ltr'>cere</span> <span class='ocrx_word' id='word_1_588' title='bbox 1182 1667 1266 1694; x_wconf 78' lang='lat' dir='ltr'>Deus.</span> <span class='ocrx_word' id='word_1_589' title='bbox 1287 1666 1367 1694; x_wconf 85' lang='lat' dir='ltr'>Unde</span> <span class='ocrx_word' id='word_1_590' title='bbox 1392 1666 1558 1694; x_wconf 72' lang='lat' dir='ltr'>Bernartius</span> <span class='ocrx_word' id='word_1_591' title='bbox 1581 1666 1623 1693; x_wconf 87' lang='lat' dir='ltr'>ait</span> <span class='ocrx_word' id='word_1_592' title='bbox 1641 1667 1675 1693; x_wconf 82' lang='lat'>⁵:</span> <span class='ocrx_word' id='word_1_593' title='bbox 1695 1675 1709 1691; x_wconf 68' lang='grc' dir='ltr'>ε(</span> <span class='ocrx_word' id='word_1_594' title='bbox 1723 1667 1780 1694; x_wconf 82' lang='lat' dir='ltr'>Nec</span> <span class='ocrx_word' id='word_1_595' title='bbox 1795 1665 1875 1694; x_wconf 90' lang='lat' dir='ltr'>enim</span> 
     </span>
     <span class='ocr_line' id='line_1_88' title="bbox 1092 1712 1874 1749; baseline 0.001 -10"><span class='ocrx_word' id='word_1_596' title='bbox 1092 1712 1217 1740; x_wconf 81' lang='lat' dir='ltr'>decebat</span> <span class='ocrx_word' id='word_1_597' title='bbox 1241 1714 1332 1741; x_wconf 86' lang='lat' dir='ltr'>Deum</span> <span class='ocrx_word' id='word_1_598' title='bbox 1355 1713 1414 1741; x_wconf 85' lang='lat' dir='ltr'>alia</span> <span class='ocrx_word' id='word_1_599' title='bbox 1439 1715 1542 1745; x_wconf 79' lang='lat' dir='ltr'>mater,</span> <span class='ocrx_word' id='word_1_600' title='bbox 1569 1720 1661 1749; x_wconf 88' lang='lat' dir='ltr'>quam</span> <span class='ocrx_word' id='word_1_601' title='bbox 1689 1712 1792 1748; x_wconf 81' lang='lat' dir='ltr'>virgo3</span> <span class='ocrx_word' id='word_1_602' title='bbox 1819 1720 1874 1740; x_wconf 90' lang='lat' dir='ltr'>nec</span> 
     </span>
     <span class='ocr_line' id='line_1_89' title="bbox 1091 1759 1874 1800; baseline 0.003 -14"><span class='ocrx_word' id='word_1_603' title='bbox 1091 1760 1238 1800; x_wconf 68' lang='lat' dir='ltr'>Virginem</span> <span class='ocrx_word' id='word_1_604' title='bbox 1262 1760 1337 1787; x_wconf 82' lang='lat' dir='ltr'>alius</span> <span class='ocrx_word' id='word_1_605' title='bbox 1355 1760 1453 1795; x_wconf 82' lang='lat' dir='ltr'>tilius,</span> <span class='ocrx_word' id='word_1_606' title='bbox 1471 1768 1563 1796; x_wconf 87' lang='lat' dir='ltr'>quam</span> <span class='ocrx_word' id='word_1_607' title='bbox 1579 1762 1653 1788; x_wconf 89' lang='lat' dir='ltr'>Deus</span> <span class='ocrx_word' id='word_1_608' title='bbox 1673 1769 1680 1787; x_wconf 73' lang='grc' dir='ltr'><strong>ι</strong></span> <span class='ocrx_word' id='word_1_609' title='bbox 1702 1770 1715 1786; x_wconf 86' lang='lat'>›·</span> <span class='ocrx_word' id='word_1_610' title='bbox 1733 1759 1804 1796; x_wconf 90' lang='lat' dir='ltr'>quia</span> <span class='ocrx_word' id='word_1_611' title='bbox 1819 1767 1874 1788; x_wconf 87' lang='lat' dir='ltr'>nee</span> 
     </span>
     <span class='ocr_line' id='line_1_90' title="bbox 1090 1806 1872 1843; baseline 0 -9"><span class='ocrx_word' id='word_1_612' title='bbox 1090 1807 1186 1842; x_wconf 87' lang='lat' dir='ltr'>major</span> <span class='ocrx_word' id='word_1_613' title='bbox 1202 1807 1276 1834; x_wconf 85' lang='lat' dir='ltr'>inter</span> <span class='ocrx_word' id='word_1_614' title='bbox 1291 1809 1410 1842; x_wconf 86' lang='lat' dir='ltr'>matres,</span> <span class='ocrx_word' id='word_1_615' title='bbox 1426 1815 1481 1835; x_wconf 86' lang='lat' dir='ltr'>nec</span> <span class='ocrx_word' id='word_1_616' title='bbox 1496 1807 1592 1843; x_wconf 84' lang='lat' dir='ltr'>major</span> <span class='ocrx_word' id='word_1_617' title='bbox 1608 1807 1683 1834; x_wconf 86' lang='lat' dir='ltr'>inter</span> <span class='ocrx_word' id='word_1_618' title='bbox 1697 1806 1775 1835; x_wconf 86' lang='lat' dir='ltr'>filios</span> <span class='ocrx_word' id='word_1_619' title='bbox 1790 1806 1872 1834; x_wconf 82' lang='lat' dir='ltr'>nasci</span> 
     </span>
     <span class='ocr_line' id='line_1_91' title="bbox 1090 1854 1873 1890; baseline 0.003 -9"><span class='ocrx_word' id='word_1_620' title='bbox 1090 1855 1194 1890; x_wconf 89' lang='lat' dir='ltr'>potnit.</span> <span class='ocrx_word' id='word_1_621' title='bbox 1211 1856 1274 1882; x_wconf 69' lang='lat' dir='ltr'>lliec</span> <span class='ocrx_word' id='word_1_622' title='bbox 1298 1855 1396 1890; x_wconf 86' lang='lat' dir='ltr'>itaque</span> <span class='ocrx_word' id='word_1_623' title='bbox 1412 1857 1505 1882; x_wconf 87' lang='lat' dir='ltr'>mater</span> <span class='ocrx_word' id='word_1_624' title='bbox 1520 1857 1562 1882; x_wconf 86' lang='lat' dir='ltr'>est</span> <span class='ocrx_word' id='word_1_625' title='bbox 1577 1855 1632 1883; x_wconf 88' lang='lat' dir='ltr'>ssos</span> <span class='ocrx_word' id='word_1_626' title='bbox 1650 1854 1873 1890; x_wconf 71' lang='lat' dir='ltr'>misericordiae,</span> 
     </span>
     <span class='ocr_line' id='line_1_92' title="bbox 1090 1901 1874 1938; baseline 0.003 -10"><span class='ocrx_word' id='word_1_627' title='bbox 1090 1903 1184 1928; x_wconf 82' lang='lat' dir='ltr'>mater</span> <span class='ocrx_word' id='word_1_628' title='bbox 1196 1901 1271 1929; x_wconf 85' lang='lat' dir='ltr'>Solis</span> <span class='ocrx_word' id='word_1_629' title='bbox 1284 1901 1412 1936; x_wconf 62' lang='lat' dir='ltr'>justitiae,</span> <span class='ocrx_word' id='word_1_630' title='bbox 1428 1904 1521 1930; x_wconf 88' lang='lat' dir='ltr'>mater</span> <span class='ocrx_word' id='word_1_631' title='bbox 1535 1901 1623 1929; x_wconf 81' lang='lat' dir='ltr'>fontis</span> <span class='ocrx_word' id='word_1_632' title='bbox 1638 1901 1799 1938; x_wconf 72' lang='lat' dir='ltr'>sapientiae,</span> <span class='ocrx_word' id='word_1_633' title='bbox 1811 1909 1874 1930; x_wconf 85' lang='lat' dir='ltr'>ma-</span> 
     </span>
     <span class='ocr_line' id='line_1_93' title="bbox 1090 1948 1873 1984; baseline 0.001 -9"><span class='ocrx_word' id='word_1_634' title='bbox 1090 1950 1133 1975; x_wconf 73' lang='lat' dir='ltr'>ter</span> <span class='ocrx_word' id='word_1_635' title='bbox 1150 1948 1235 1984; x_wconf 72' lang='lat' dir='ltr'>{tegis</span> <span class='ocrx_word' id='word_1_636' title='bbox 1248 1948 1359 1983; x_wconf 65' lang='lat' dir='ltr'>gloriae.</span> <span class='ocrx_word' id='word_1_637' title='bbox 1383 1950 1479 1983; x_wconf 78' lang='lat' dir='ltr'>Mater,</span> <span class='ocrx_word' id='word_1_638' title='bbox 1496 1948 1630 1984; x_wconf 87' lang='lat' dir='ltr'>inquam,</span> <span class='ocrx_word' id='word_1_639' title='bbox 1641 1950 1683 1976; x_wconf 89' lang='lat' dir='ltr'>est</span> <span class='ocrx_word' id='word_1_640' title='bbox 1698 1949 1772 1984; x_wconf 81' lang='lat' dir='ltr'>ejus,</span> <span class='ocrx_word' id='word_1_641' title='bbox 1789 1948 1873 1984; x_wconf 88' lang='lat' dir='ltr'>eujus</span> 
     </span>
     <span class='ocr_line' id='line_1_94' title="bbox 1090 1995 1872 2031; baseline 0.001 -9"><span class='ocrx_word' id='word_1_642' title='bbox 1090 1995 1293 2023; x_wconf 77' lang='lat' dir='ltr'>misericordia</span> <span class='ocrx_word' id='word_1_643' title='bbox 1312 1995 1350 2022; x_wconf 88' lang='lat' dir='ltr'>ad</span> <span class='ocrx_word' id='word_1_644' title='bbox 1374 1995 1574 2025; x_wconf 83' lang='lat' dir='ltr'>dilectionem.</span> <span class='ocrx_word' id='word_1_645' title='bbox 1597 1995 1682 2031; x_wconf 86' lang='lat' dir='ltr'>cujus</span> <span class='ocrx_word' id='word_1_646' title='bbox 1698 1995 1812 2030; x_wconf 79' lang='lat' dir='ltr'>justitia</span> <span class='ocrx_word' id='word_1_647' title='bbox 1833 1995 1872 2023; x_wconf 85' lang='lat' dir='ltr'>ad</span> 
     </span>
     <span class='ocr_line' id='line_1_95' title="bbox 1091 2041 1872 2078; baseline 0 -9"><span class='ocrx_word' id='word_1_648' title='bbox 1091 2042 1239 2076; x_wconf 88' lang='lat' dir='ltr'>timorem,</span> <span class='ocrx_word' id='word_1_649' title='bbox 1258 2042 1342 2077; x_wconf 83' lang='lat' dir='ltr'>cujus</span> <span class='ocrx_word' id='word_1_650' title='bbox 1359 2042 1503 2078; x_wconf 83' lang='lat' dir='ltr'>sapientia</span> <span class='ocrx_word' id='word_1_651' title='bbox 1519 2042 1559 2070; x_wconf 89' lang='lat' dir='ltr'>ad</span> <span class='ocrx_word' id='word_1_652' title='bbox 1579 2042 1771 2077; x_wconf 82' lang='lat' dir='ltr'>agnitionem,</span> <span class='ocrx_word' id='word_1_653' title='bbox 1787 2041 1872 2077; x_wconf 89' lang='lat' dir='ltr'>eujus</span> 
     </span>
     <span class='ocr_line' id='line_1_96' title="bbox 1089 2088 1873 2124; baseline 0 -8"><span class='ocrx_word' id='word_1_654' title='bbox 1089 2089 1185 2123; x_wconf 79' lang='lat' dir='ltr'>gloria</span> <span class='ocrx_word' id='word_1_655' title='bbox 1200 2089 1239 2116; x_wconf 85' lang='lat' dir='ltr'>ad</span> <span class='ocrx_word' id='word_1_656' title='bbox 1258 2097 1342 2124; x_wconf 85' lang='lat' dir='ltr'>spem</span> <span class='ocrx_word' id='word_1_657' title='bbox 1363 2096 1417 2116; x_wconf 89' lang='lat' dir='ltr'>nos</span> <span class='ocrx_word' id='word_1_658' title='bbox 1432 2089 1554 2116; x_wconf 90' lang='lat' dir='ltr'>inducit.</span> <span class='ocrx_word' id='word_1_659' title='bbox 1577 2088 1665 2116; x_wconf 80' lang='lat' dir='ltr'>Maria</span> <span class='ocrx_word' id='word_1_660' title='bbox 1687 2096 1758 2124; x_wconf 86' lang='lat' dir='ltr'>ergo</span> <span class='ocrx_word' id='word_1_661' title='bbox 1778 2089 1873 2116; x_wconf 85' lang='lat' dir='ltr'>mater</span> 
     </span>
     <span class='ocr_line' id='line_1_97' title="bbox 1090 2135 1871 2172; baseline 0.001 -10"><span class='ocrx_word' id='word_1_662' title='bbox 1090 2136 1163 2170; x_wconf 78' lang='lat' dir='ltr'>ejus,</span> <span class='ocrx_word' id='word_1_663' title='bbox 1179 2136 1228 2171; x_wconf 91' lang='lat' dir='ltr'>qui</span> <span class='ocrx_word' id='word_1_664' title='bbox 1240 2136 1278 2171; x_wconf 83' lang='lat' dir='ltr'>(b)</span> <span class='ocrx_word' id='word_1_665' title='bbox 1294 2136 1425 2164; x_wconf 76' lang='lat' dir='ltr'>ellective</span> <span class='ocrx_word' id='word_1_666' title='bbox 1441 2138 1482 2163; x_wconf 86' lang='lat' dir='ltr'>est</span> <span class='ocrx_word' id='word_1_667' title='bbox 1496 2138 1596 2164; x_wconf 85' lang='lat' dir='ltr'>nostra</span> <span class='ocrx_word' id='word_1_668' title='bbox 1615 2135 1734 2163; x_wconf 86' lang='lat' dir='ltr'>dileetio</span> <span class='ocrx_word' id='word_1_669' title='bbox 1751 2143 1804 2172; x_wconf 90' lang='lat' dir='ltr'>per</span> <span class='ocrx_word' id='word_1_670' title='bbox 1818 2135 1871 2163; x_wconf 93' lang='lat' dir='ltr'>mi-</span> 
     </span>
     <span class='ocr_line' id='line_1_98' title="bbox 1089 2182 1869 2218; baseline 0.001 -9"><span class='ocrx_word' id='word_1_671' title='bbox 1089 2182 1293 2216; x_wconf 84' lang='lat' dir='ltr'>sericordiam,</span> <span class='ocrx_word' id='word_1_672' title='bbox 1311 2184 1409 2210; x_wconf 86' lang='lat' dir='ltr'>noster</span> <span class='ocrx_word' id='word_1_673' title='bbox 1425 2183 1512 2210; x_wconf 90' lang='lat' dir='ltr'>timor</span> <span class='ocrx_word' id='word_1_674' title='bbox 1527 2191 1580 2218; x_wconf 86' lang='lat' dir='ltr'>per</span> <span class='ocrx_word' id='word_1_675' title='bbox 1592 2182 1747 2218; x_wconf 84' lang='lat' dir='ltr'>justitiam,</span> <span class='ocrx_word' id='word_1_676' title='bbox 1767 2184 1869 2210; x_wconf 83' lang='lat' dir='ltr'>nostra</span> 
     </span>
     <span class='ocr_line' id='line_1_99' title="bbox 1089 2228 1870 2265; baseline -0.001 -8"><span class='ocrx_word' id='word_1_677' title='bbox 1089 2229 1200 2264; x_wconf 80' lang='lat' dir='ltr'>agnitio</span> <span class='ocrx_word' id='word_1_678' title='bbox 1211 2237 1263 2265; x_wconf 89' lang='lat' dir='ltr'>per</span> <span class='ocrx_word' id='word_1_679' title='bbox 1272 2229 1458 2265; x_wconf 85' lang='lat' dir='ltr'>sapientiam,</span> <span class='ocrx_word' id='word_1_680' title='bbox 1472 2232 1571 2258; x_wconf 84' lang='lat' dir='ltr'>nostra</span> <span class='ocrx_word' id='word_1_681' title='bbox 1581 2237 1649 2265; x_wconf 89' lang='lat' dir='ltr'>spes</span> <span class='ocrx_word' id='word_1_682' title='bbox 1663 2237 1716 2265; x_wconf 88' lang='lat' dir='ltr'>per</span> <span class='ocrx_word' id='word_1_683' title='bbox 1731 2228 1870 2265; x_wconf 85' lang='lat' dir='ltr'>gloriam,</span> 
     </span>
     <span class='ocr_line' id='line_1_100' title="bbox 1089 2275 1867 2312; baseline -0.001 -9"><span class='ocrx_word' id='word_1_684' title='bbox 1089 2278 1119 2303; x_wconf 90' lang='lat' dir='ltr'>ut</span> <span class='ocrx_word' id='word_1_685' title='bbox 1134 2284 1201 2303; x_wconf 83' lang='lat' dir='ltr'>rere</span> <span class='ocrx_word' id='word_1_686' title='bbox 1217 2275 1280 2312; x_wconf 86' lang='lat' dir='ltr'>ipsa</span> <span class='ocrx_word' id='word_1_687' title='bbox 1296 2276 1394 2303; x_wconf 81' lang='lat' dir='ltr'>dicere</span> <span class='ocrx_word' id='word_1_688' title='bbox 1415 2277 1506 2312; x_wconf 85' lang='lat' dir='ltr'>possit</span> <span class='ocrx_word' id='word_1_689' title='bbox 1527 2276 1603 2303; x_wconf 90' lang='lat' dir='ltr'>illud</span> <span class='ocrx_word' id='word_1_690' title='bbox 1626 2276 1809 2303; x_wconf 73' lang='lat' dir='ltr'>Ecclesiastici</span> <span class='ocrx_word' id='word_1_691' title='bbox 1830 2275 1840 2292; x_wconf 83' lang='lat'><strong>⁸</strong></span> <span class='ocrx_word' id='word_1_692' title='bbox 1861 2284 1867 2303; x_wconf 93' lang='lat'>:</span> 
     </span>
     <span class='ocr_line' id='line_1_101' title="bbox 1088 2323 1869 2357; baseline 0 -8"><span class='ocrx_word' id='word_1_693' title='bbox 1088 2323 1144 2357; x_wconf 77' lang='lat'>1390</span> <span class='ocrx_word' id='word_1_694' title='bbox 1160 2326 1244 2350; x_wconf 72' lang='lat' dir='ltr'>marci·</span> <span class='ocrx_word' id='word_1_695' title='bbox 1258 2324 1377 2357; x_wconf 71' lang='lat' dir='ltr'>pulchra·</span> <span class='ocrx_word' id='word_1_696' title='bbox 1393 2323 1558 2356; x_wconf 63' lang='lat' dir='ltr'>dileae&gt;ei0111&#39;s,</span> <span class='ocrx_word' id='word_1_697' title='bbox 1576 2326 1600 2350; x_wconf 85' lang='lat' dir='ltr'>et</span> <span class='ocrx_word' id='word_1_698' title='bbox 1617 2324 1734 2357; x_wconf 76' lang='lat' dir='ltr'>timoris,</span> <span class='ocrx_word' id='word_1_699' title='bbox 1751 2325 1776 2350; x_wconf 75' lang='lat' dir='ltr'>et</span> <span class='ocrx_word' id='word_1_700' title='bbox 1791 2323 1869 2356; x_wconf 70' lang='lat' dir='ltr'>nyni-</span> 
     </span>
     <span class='ocr_line' id='line_1_102' title="bbox 1088 2367 1867 2405; baseline -0.001 -9"><span class='ocrx_word' id='word_1_701' title='bbox 1088 2371 1183 2404; x_wconf 73' lang='lat' dir='ltr'>riouis‚</span> <span class='ocrx_word' id='word_1_702' title='bbox 1197 2372 1222 2396; x_wconf 82' lang='lat' dir='ltr'>c!</span> <span class='ocrx_word' id='word_1_703' title='bbox 1236 2373 1334 2397; x_wconf 69' lang='lat' dir='ltr'>sanctu:</span> <span class='ocrx_word' id='word_1_704' title='bbox 1346 2372 1404 2405; x_wconf 77' lang='lat' dir='ltr'>spei</span> <span class='ocrx_word' id='word_1_705' title='bbox 1435 2369 1491 2398; x_wconf 88' lang='lat' dir='ltr'>Sed</span> <span class='ocrx_word' id='word_1_706' title='bbox 1507 2368 1654 2405; x_wconf 88' lang='lat' dir='ltr'>numquid</span> <span class='ocrx_word' id='word_1_707' title='bbox 1672 2368 1764 2396; x_wconf 90' lang='lat' dir='ltr'>solius</span> <span class='ocrx_word' id='word_1_708' title='bbox 1784 2367 1867 2396; x_wconf 85' lang='lat' dir='ltr'>Chri-</span> 
     </span>
     <span class='ocr_line' id='line_1_103' title="bbox 1089 2414 1868 2451; baseline -0.001 -8"><span class='ocrx_word' id='word_1_709' title='bbox 1089 2417 1122 2443; x_wconf 82' lang='lat' dir='ltr'>sti</span> <span class='ocrx_word' id='word_1_710' title='bbox 1138 2419 1230 2444; x_wconf 85' lang='lat' dir='ltr'>mater</span> <span class='ocrx_word' id='word_1_711' title='bbox 1243 2419 1285 2444; x_wconf 77' lang='lat' dir='ltr'>est</span> <span class='ocrx_word' id='word_1_712' title='bbox 1296 2417 1384 2444; x_wconf 80' lang='lat' dir='ltr'>Maria</span> <span class='ocrx_word' id='word_1_713' title='bbox 1395 2418 1408 2444; x_wconf 57' lang='grc' dir='ltr'>’.ἲ</span> <span class='ocrx_word' id='word_1_714' title='bbox 1425 2418 1486 2444; x_wconf 89' lang='lat' dir='ltr'>lmo</span> <span class='ocrx_word' id='word_1_715' title='bbox 1502 2419 1589 2450; x_wconf 87' lang='lat' dir='ltr'>certe,</span> <span class='ocrx_word' id='word_1_716' title='bbox 1612 2415 1695 2451; x_wconf 90' lang='lat' dir='ltr'>quod</span> <span class='ocrx_word' id='word_1_717' title='bbox 1712 2414 1868 2450; x_wconf 87' lang='lat' dir='ltr'>jucundis-</span> 
     </span>
     <span class='ocr_line' id='line_1_104' title="bbox 1088 2461 1866 2495; baseline -0.003 -5"><span class='ocrx_word' id='word_1_718' title='bbox 1088 2463 1197 2490; x_wconf 83' lang='lat' dir='ltr'>simum</span> <span class='ocrx_word' id='word_1_719' title='bbox 1214 2466 1264 2495; x_wconf 80' lang='lat' dir='ltr'>est,</span> <span class='ocrx_word' id='word_1_720' title='bbox 1280 2463 1368 2491; x_wconf 76' lang='lat' dir='ltr'>Maria</span> <span class='ocrx_word' id='word_1_721' title='bbox 1387 2471 1448 2491; x_wconf 91' lang='lat' dir='ltr'>non</span> <span class='ocrx_word' id='word_1_722' title='bbox 1471 2463 1568 2491; x_wconf 77' lang='lat' dir='ltr'>solum</span> <span class='ocrx_word' id='word_1_723' title='bbox 1590 2464 1631 2489; x_wconf 87' lang='lat' dir='ltr'>est</span> <span class='ocrx_word' id='word_1_724' title='bbox 1653 2463 1746 2489; x_wconf 85' lang='lat' dir='ltr'>mater</span> <span class='ocrx_word' id='word_1_725' title='bbox 1764 2461 1866 2489; x_wconf 86' lang='lat' dir='ltr'>Christi</span> 
     </span>
     <span class='ocr_line' id='line_1_105' title="bbox 1088 2507 1866 2543; baseline -0.001 -7"><span class='ocrx_word' id='word_1_726' title='bbox 1088 2510 1254 2543; x_wconf 61' lang='lat' dir='ltr'>singularis,</span> <span class='ocrx_word' id='word_1_727' title='bbox 1275 2510 1327 2537; x_wconf 85' lang='lat' dir='ltr'>sed</span> <span class='ocrx_word' id='word_1_728' title='bbox 1348 2510 1436 2538; x_wconf 88' lang='lat' dir='ltr'>etiam</span> <span class='ocrx_word' id='word_1_729' title='bbox 1460 2512 1553 2537; x_wconf 86' lang='lat' dir='ltr'>mater</span> <span class='ocrx_word' id='word_1_730' title='bbox 1575 2509 1710 2536; x_wconf 88' lang='lat' dir='ltr'>omnium</span> <span class='ocrx_word' id='word_1_731' title='bbox 1731 2507 1866 2536; x_wconf 88' lang='lat' dir='ltr'>fidelium</span> 
     </span>
     <span class='ocr_line' id='line_1_106' title="bbox 1087 2555 1866 2585; baseline 0 -1"><span class='ocrx_word' id='word_1_732' title='bbox 1087 2557 1272 2585; x_wconf 79' lang='lat' dir='ltr'>universalis.</span> <span class='ocrx_word' id='word_1_733' title='bbox 1295 2557 1375 2584; x_wconf 78' lang='lat' dir='ltr'>L‘nde</span> <span class='ocrx_word' id='word_1_734' title='bbox 1392 2557 1496 2584; x_wconf 86' lang='lat' dir='ltr'>beatus</span> <span class='ocrx_word' id='word_1_735' title='bbox 1519 2555 1692 2584; x_wconf 83' lang='lat' dir='ltr'>Ambrosius</span> <span class='ocrx_word' id='word_1_736' title='bbox 1715 2555 1755 2584; x_wconf 88' lang='lat' dir='ltr'>ait</span> <span class='ocrx_word' id='word_1_737' title='bbox 1777 2564 1818 2583; x_wconf 85' lang='lat'>:·«</span> <span class='ocrx_word' id='word_1_738' title='bbox 1837 2555 1866 2584; x_wconf 87' lang='lat' dir='ltr'>Si</span> 
     </span>
     <span class='ocr_line' id='line_1_107' title="bbox 1088 2602 1864 2639; baseline -0.003 -7"><span class='ocrx_word' id='word_1_739' title='bbox 1088 2604 1217 2632; x_wconf 86' lang='lat' dir='ltr'>Christus</span> <span class='ocrx_word' id='word_1_740' title='bbox 1241 2607 1283 2632; x_wconf 86' lang='lat' dir='ltr'>est</span> <span class='ocrx_word' id='word_1_741' title='bbox 1301 2604 1484 2632; x_wconf 90' lang='lat' dir='ltr'>credentium</span> <span class='ocrx_word' id='word_1_742' title='bbox 1506 2603 1605 2638; x_wconf 77' lang='lat' dir='ltr'>irater,</span> <span class='ocrx_word' id='word_1_743' title='bbox 1631 2611 1684 2630; x_wconf 90' lang='lat' dir='ltr'>eur</span> <span class='ocrx_word' id='word_1_744' title='bbox 1705 2610 1766 2631; x_wconf 88' lang='lat' dir='ltr'>non</span> <span class='ocrx_word' id='word_1_745' title='bbox 1789 2602 1864 2639; x_wconf 87' lang='lat' dir='ltr'>ipsa,</span> 
     </span>
    </p>
   </div>
   <div class='ocr_carea' id='block_1_11' title="bbox 1087 2669 1864 2782">
    <p class='ocr_par' dir='ltr' id='par_1_11' title="bbox 1087 2669 1864 2782">
     <span class='ocr_line' id='line_1_108' title="bbox 1087 2669 1864 2702; baseline -0.001 -8"><span class='ocrx_word' id='word_1_746' title='bbox 1087 2671 1180 2695; x_wconf 65' lang='lat' dir='ltr'>Missus</span> <span class='ocrx_word' id='word_1_747' title='bbox 1191 2673 1236 2700; x_wconf 77' lang='lat' dir='ltr'>est,</span> <span class='ocrx_word' id='word_1_748' title='bbox 1253 2671 1324 2696; x_wconf 84' lang='lat' dir='ltr'>hom.</span> <span class='ocrx_word' id='word_1_749' title='bbox 1341 2677 1369 2702; x_wconf 75' lang='grc' dir='ltr'>ιι,</span> <span class='ocrx_word' id='word_1_750' title='bbox 1389 2678 1414 2695; x_wconf 87' lang='lat' dir='ltr'>n.</span> <span class='ocrx_word' id='word_1_751' title='bbox 1433 2673 1456 2701; x_wconf 76' lang='lat' dir='ltr'>t,</span> <span class='ocrx_word' id='word_1_752' title='bbox 1471 2670 1557 2702; x_wconf 76' lang='lat' dir='ltr'>quoad</span> <span class='ocrx_word' id='word_1_753' title='bbox 1573 2677 1686 2696; x_wconf 83' lang='lat' dir='ltr'>sensum.</span> <span class='ocrx_word' id='word_1_754' title='bbox 1710 2683 1741 2688; x_wconf 98' lang='lat'><strong>—</strong></span> <span class='ocrx_word' id='word_1_755' title='bbox 1753 2670 1763 2687; x_wconf 70' lang='grc' dir='ltr'>θ</span> <span class='ocrx_word' id='word_1_756' title='bbox 1776 2669 1864 2699; x_wconf 67' lang='grc' dir='ltr'><strong><em>ΕκΙὶ.,</em></strong></span> 
     </span>
     <span class='ocr_line' id='line_1_109' title="bbox 1089 2710 1214 2731; baseline 0.008 -1"><span class='ocrx_word' id='word_1_757' title='bbox 1089 2713 1150 2731; x_wconf 63' lang='lat' dir='ltr'>xxti*</span> <span class='ocrx_word' id='word_1_758' title='bbox 1176 2710 1214 2731; x_wconf 68' lang='lat'>25.</span> 
     </span>
     <span class='ocr_line' id='line_1_110' title="bbox 1121 2726 1628 2782; baseline 0.002 -10"><span class='ocrx_word' id='word_1_759' title='bbox 1121 2726 1159 2779; x_wconf 57' lang='lat' dir='ltr'>(a),</span> <span class='ocrx_word' id='word_1_760' title='bbox 1170 2751 1229 2774; x_wconf 52' lang='lat' dir='ltr'>(let.</span> <span class='ocrx_word' id='word_1_761' title='bbox 1245 2750 1306 2774; x_wconf 67' lang='lat' dir='ltr'>edit.</span> <span class='ocrx_word' id='word_1_762' title='bbox 1321 2750 1373 2781; x_wconf 80' lang='lat' dir='ltr'>qui.</span> <span class='ocrx_word' id='word_1_763' title='bbox 1389 2763 1419 2768; x_wconf 88' lang='lat'><em>-</em></span> <span class='ocrx_word' id='word_1_764' title='bbox 1436 2750 1470 2781; x_wconf 67' lang='lat' dir='ltr'>(Ia)</span> <span class='ocrx_word' id='word_1_765' title='bbox 1487 2751 1546 2774; x_wconf 72' lang='lat' dir='ltr'>Item</span> <span class='ocrx_word' id='word_1_766' title='bbox 1562 2757 1628 2782; x_wconf 79' lang='lat' dir='ltr'>quae.</span> 
     </span>
    </p>
   </div>
   <div class='ocr_carea' id='block_1_12' title="bbox 1095 1195 1989 1355">
    <p class='ocr_par' dir='ltr' id='par_1_12' title="bbox 1095 1171 1994 1349">
     <span class='ocr_line' id='line_1_111' title="bbox 1095 1195 1875 1232; baseline 0.002 -10"><span class='ocrx_word' id='word_1_767' title='bbox 1095 1196 1138 1222; x_wconf 86' lang='lat' dir='ltr'>est</span> <span class='ocrx_word' id='word_1_768' title='bbox 1150 1195 1302 1229; x_wconf 84' lang='lat' dir='ltr'>Dominus,</span> <span class='ocrx_word' id='word_1_769' title='bbox 1317 1195 1401 1231; x_wconf 89' lang='lat' dir='ltr'>eujus</span> <span class='ocrx_word' id='word_1_770' title='bbox 1418 1198 1512 1224; x_wconf 87' lang='lat' dir='ltr'>mater</span> <span class='ocrx_word' id='word_1_771' title='bbox 1527 1195 1703 1232; x_wconf 84' lang='lat' dir='ltr'>dignissima</span> <span class='ocrx_word' id='word_1_772' title='bbox 1717 1198 1759 1224; x_wconf 89' lang='lat' dir='ltr'>est</span> <span class='ocrx_word' id='word_1_773' title='bbox 1777 1195 1875 1225; x_wconf 80' lang='lat' dir='ltr'>Maria.</span> 
     </span>
     <span class='ocr_line' id='line_1_112' title="bbox 1095 1234 1989 1292; baseline 0.004 -24"><span class='ocrx_word' id='word_1_774' title='bbox 1095 1242 1133 1269; x_wconf 91' lang='lat' dir='ltr'>De</span> <span class='ocrx_word' id='word_1_775' title='bbox 1148 1241 1203 1270; x_wconf 89' lang='lat' dir='ltr'>isto</span> <span class='ocrx_word' id='word_1_776' title='bbox 1221 1242 1346 1271; x_wconf 89' lang='lat' dir='ltr'>Domino</span> <span class='ocrx_word' id='word_1_777' title='bbox 1354 1245 1382 1271; x_wconf 89' lang='lat' dir='ltr'>et</span> <span class='ocrx_word' id='word_1_778' title='bbox 1392 1243 1492 1271; x_wconf 85' lang='lat' dir='ltr'>deista</span> <span class='ocrx_word' id='word_1_779' title='bbox 1502 1244 1595 1271; x_wconf 86' lang='lat' dir='ltr'>matre</span> <span class='ocrx_word' id='word_1_780' title='bbox 1607 1242 1682 1271; x_wconf 78' lang='lat' dir='ltr'>dixit</span> <span class='ocrx_word' id='word_1_781' title='bbox 1691 1242 1874 1272; x_wconf 64' lang='lat' dir='ltr'>Elisabetw:</span> <span class='ocrx_word' id='word_1_782' title='bbox 1890 1234 1989 1292; x_wconf 44' lang='grc' dir='ltr'>ἦρξ’-ΨΜ</span> 
     </span>
     <span class='ocr_line' id='line_1_113' title="bbox 1098 1289 1980 1349; baseline 0.003 -34"><span class='ocrx_word' id='word_1_783' title='bbox 1098 1289 1171 1316; x_wconf 74' lang='lat' dir='ltr'>sude</span> <span class='ocrx_word' id='word_1_784' title='bbox 1192 1290 1260 1316; x_wconf 80' lang='lat' dir='ltr'>mihi</span> <span class='ocrx_word' id='word_1_785' title='bbox 1279 1290 1337 1323; x_wconf 86' lang='lat' dir='ltr'>hoc,</span> <span class='ocrx_word' id='word_1_786' title='bbox 1359 1292 1389 1317; x_wconf 84' lang='lat' dir='ltr'>ut</span> <span class='ocrx_word' id='word_1_787' title='bbox 1408 1291 1499 1318; x_wconf 73' lang='lat' dir='ltr'>veniat</span> <span class='ocrx_word' id='word_1_788' title='bbox 1521 1293 1606 1318; x_wconf 75' lang='lat' dir='ltr'>mater</span> <span class='ocrx_word' id='word_1_789' title='bbox 1624 1291 1736 1318; x_wconf 63' lang='lat' dir='ltr'>Domina⁴</span> <span class='ocrx_word' id='word_1_790' title='bbox 1758 1290 1796 1318; x_wconf 78' lang='lat' dir='ltr'>ad</span> <span class='ocrx_word' id='word_1_791' title='bbox 1813 1292 1878 1318; x_wconf 78' lang='lat' dir='ltr'>me?</span> <span class='ocrx_word' id='word_1_792' title='bbox 1890 1298 1980 1349; x_wconf 59' lang='lat' dir='ltr'>dim-tn</span> 
     </span>
    </p>

    <p class='ocr_par' dir='ltr' id='par_1_13' title="bbox 1914 1334 1979 1355">
     <span class='ocr_line' id='line_1_114' title="bbox 1914 1334 1979 1355; baseline 0 0"><span class='ocrx_word' id='word_1_793' title='bbox 1914 1334 1944 1355; x_wconf 74' lang='lat' dir='ltr'>sn</span> <span class='ocrx_word' id='word_1_794' title='bbox 1977 1339 1979 1343; x_wconf 87' lang='lat'><em>·</em></span> 
     </span>
    </p>
   </div>
   <div class='ocr_carea' id='block_1_13' title="bbox 1948 1213 2029 1215">
    <p class='ocr_par' dir='ltr' id='par_1_14' title="bbox 1948 1213 2029 1215">
     <span class='ocr_line' id='line_1_115' title="bbox 1948 1213 2029 1215; baseline 0 0"><span class='ocrx_word' id='word_1_795' title='bbox 1948 1213 2029 1215; x_wconf 95' lang='lat' dir='ltr'> </span> 
     </span>
    </p>
   </div>
   <div class='ocr_carea' id='block_1_14' title="bbox 1946 1291 2029 3052">
    <p class='ocr_par' dir='ltr' id='par_1_15' title="bbox 1946 1291 2029 3052">
     <span class='ocr_line' id='line_1_116' title="bbox 1946 1291 2029 3052; baseline 0 0"><span class='ocrx_word' id='word_1_796' title='bbox 1946 1291 2029 3052; x_wconf 95' lang='lat' dir='ltr'> </span> 
     </span>
    </p>
   </div>
  </div>
 </body>
</html>
