2029 3052
270 189 329 219 510

269 261 389 294 nymus
403 255 414 273 1
431 263 439 284 :
462 262 478 283 (1
493 252 527 284 Si
541 252 650 284 autem
672 252 825 284 fiscellam
843 253 943 293 junco
957 254 1046 285 texe-

270 316 360 344 rem,
383 308 439 338 aut
459 307 641 347 palmarum
662 306 739 338 folia
760 307 995 347 complicarem,
1012 309 1048 338 ut

271 360 304 391 iu
328 361 444 392 sudore
466 361 576 393 vultus
598 360 659 391 mei
687 360 886 392 comederem
911 370 1046 401 panem,

273 416 303 445 et
327 415 448 445 ventris
472 423 553 455 opus
578 414 711 445 sollicita
736 416 842 445 mente
865 416 1046 452 tractarem,

272 468 381 499 nullus
397 469 566 506 morderet,
577 477 672 500 nemo
682 469 926 509 reprehenderet
939 479 945 499 :
963 477 1050 499 nunc

274 525 382 553 autem
406 523 498 562 quia,
521 523 616 562 ⁴iuxta
646 522 821 554 Salvatoris
847 523 1048 560 sententiam,

274 575 399 616 operari
414 575 488 606 volo
505 575 612 606 cibum
631 576 686 616 qni
701 584 767 606 non
782 576 883 616 perit,
905 576 1051 607 falsarius

273 638 410 660 vocor.»
429 628 477 659 Ad
499 629 583 660 idem
605 638 733 670 quoque
757 629 830 660 facit
850 630 934 669 quod
956 639 1052 669 super

274 682 352 714 illud
369 682 487 714 Psalmi
501 686 511 702 ²
532 693 538 714 :
557 683 744 722 Defecerant
762 683 847 715 oculi
870 684 932 715 mei
944 707 951 720 ‚
978 683 1053 714 dicit

275 736 480 776 Augustinus
495 738 506 755 ³
528 746 536 767 ε
557 748 571 766 «
586 736 657 767 Non
677 739 724 767 est
745 737 880 774 otiosuS,
899 736 955 777 qui
979 738 1050 767 tan-

276 792 346 821 tum
360 790 459 821 verbo
473 790 527 822 Dei
540 791 655 830 studet,
677 800 734 821 nec
750 790 851 830 pluris
863 792 910 821 est
923 790 980 830 qui
993 799 1051 821 ex-

276 846 326 875 tra
337 846 498 885 operatur,
515 854 612 884 quam
628 844 680 884 qui
698 844 841 875 studium
859 853 1054 883 cognoscen-

277 898 327 929 ‹1ae
349 898 491 930 veritatis
514 901 650 929 exercet.
680 897 751 938 Ipsa
773 899 870 929 etiam
899 897 1054 938 sapientia

278 952 457 983 maximum
473 952 570 983 habet
584 954 683 992 opus,
703 954 733 983 et
752 952 929 983 antefertur
942 951 1052 989 Maria,

279 1015 351 1045 quae
367 1006 527 1043 audiebat,
550 1005 682 1036 Marthae
711 1015 786 1046 quae
807 1005 1017 1036 ministrabat.
1037 1015 1051 1033 »

279 1059 354 1090 Ilaec
367 1059 580 1099 Augustinus.
600 1059 658 1091 Cui
677 1060 773 1090 etiam
791 1059 960 1090 concordat
988 1060 1054 1089 An-

279 1115 398 1146 selmus
414 1117 424 1133 ⁶
439 1115 471 1145 in
485 1115 567 1146 libro
581 1115 620 1146 de
637 1113 932 1152 Similz'cudz'nibus,
949 1114 993 1144 ita
1007 1113 1055 1144 di-

280 1178 355 1200 cens
367 1180 396 1198 :a
408 1168 484 1200 Tres
495 1171 569 1200 sunt
578 1169 749 1200 hominum
763 1168 902 1207 ordines,
917 1170 1054 1206 orantes,

281 1223 491 1263 agricultores
514 1225 545 1254 et
559 1223 749 1261 defensores,
769 1232 850 1263 quos
872 1223 911 1254 ad
932 1223 1057 1253 diversa

281 1278 386 1308 officia
401 1277 484 1308 Deus
498 1277 531 1307 in
546 1277 606 1308 hoc
622 1277 741 1308 mundo
755 1277 910 1317 disposuit
923 1288 929 1307 :
952 1288 966 1305 »
986 1285 1055 1307 mo-

281 1333 411 1370 nachos,
428 1334 465 1362 ut
479 1341 536 1372 pro
551 1331 620 1362 aliis
634 1333 736 1370 orent,
757 1333 788 1362 et
804 1331 882 1362 lacte
901 1331 1057 1371 praedica-

282 1387 378 1417 tionis
407 1387 586 1424 enutriant,
620 1386 844 1425 agricultores,
872 1387 909 1416 ut
933 1385 972 1415 de
998 1394 1058 1416 suo

282 1440 389 1470 labore
400 1440 457 1480 ipsi
469 1440 563 1470 etalii
578 1440 704 1477 vivant3
720 1439 845 1477 milites,
860 1441 896 1469 ut
906 1441 1058 1478 utrosque

283 1494 462 1525 defendant.
481 1494 512 1525 Si
528 1494 628 1533 igitur
644 1494 781 1524 1101111105
795 1496 843 1524 est
858 1502 938 1533 opus
953 1502 1059 1523 mona-

282 1548 429 1586 chorum,
448 1557 545 1589 quam
560 1548 792 1587 agricultorum
805 1572 812 1585 ,
830 1557 888 1577 seu
904 1546 1056 1585 militum,

283 1604 314 1633 et
332 1602 375 1632 illi
398 1602 511 1632 ostii-iis
531 1602 597 1632 suis
616 1601 815 1632 intendentes
830 1600 986 1640 stipendia
1001 1609 1060 1630 sua

280 1657 365 1696 juste
381 1658 554 1694 merentur,
572 1656 673 1686 multo
690 1655 795 1693 magis
812 1657 843 1685 et
858 1655 890 1685 hi
902 1655 1060 1694 (10101110-

284 1710 324 1741 (10
340 1709 402 1740 Deo
416 1710 581 1747 assistunt,
597 1712 628 1740 et
643 1709 680 1739 ad
698 1709 863 1748 proximos
883 1708 1058 1748 praedican-

285 1764 324 1794 do
342 1763 608 1794 condescendunt.
635 1762 697 1793 Nec
715 1762 763 1792 his
778 1762 881 1792 obstat
903 1761 1061 1800 Augusti-

284 1826 347 1847 nus
363 1817 395 1846 in
410 1816 490 1847 libro
512 1816 550 1847 cle
568 1816 662 1855 Opere
678 1815 912 1852 monachorum,
929 1824 1002 1845 cum
1017 1814 1061 1844 ibi

285 1870 436 1910 loquatur
450 1872 559 1900 contra
575 1870 729 1909 quosdam
752 1869 918 1899 hzereticos
942 1868 1061 1908 princi-

287 1924 409 1964 paliter,
427 1924 481 1964 qui
496 1924 692 1955 vocabantur
708 1923 850 1954 Eucliitce
863 1947 870 1960 ,
886 1924 1061 1953 asserentes

286 1977 450 2009 monachis
481 1987 545 2007 nou
581 1977 674 2007 licere
690 2001 696 2015 ,
729 1977 945 2007 sustentandae
985 1976 1060 2007 vitae

285 2041 399 2069 causa,
428 2031 548 2071 aliquid
576 2031 720 2070 operari,
746 2031 828 2061 male
847 2030 1061 2069 intelligentes

286 2085 499 2124 Evangeliuin
527 2084 656 2123 Christi,
673 2094 753 2124 quos
771 2093 858 2114 sacer
880 2084 991 2114 Doctor
1007 2092 1062 2123 per

286 2139 428 2179 Apostoli
447 2139 636 2169 documenta
652 2139 821 2169 convincit.
846 2138 948 2168 Simul
965 2137 1062 2167 etiam

286 2195 397 2233 arguit
418 2194 590 2224 monachos
610 2193 690 2230 illos,
707 2193 762 2232 qui
777 2202 851 2223 cuin
869 2201 924 2231 pro
944 2191 1057 2231 majori

287 2250 374 2287 parte
390 2250 493 2277 essent
508 2247 589 2284 laici,
607 2256 663 2277 nec
679 2245 911 2285 praedicationi,
929 2254 988 2274 nec
1009 2254 1063 2274 sa-

286 2301 346 2331 luti
363 2301 544 2331 animarum
560 2300 774 2337 intenderent,
792 2308 856 2329 nou
873 2300 981 2328 tamen
1005 2307 1061 2328 vo-

288 2355 395 2385 lebant
417 2353 620 2393 corporaliter
643 2353 786 2392 operari,
817 2354 847 2382 et
875 2360 1061 2391 quanquam

288 2408 419 2438 fuissent
430 2408 461 2437 in
471 2407 587 2437 saeculo
601 2406 747 2436 laboriosi
765 2408 795 2436 et
811 2415 978 2445 pauperes,
991 2407 1062 2444 Jain

289 2462 420 2501 professi
436 2461 644 2491 monasticam
660 2460 771 2497 vitani,
788 2460 827 2489 ab
838 2460 906 2489 aliis
917 2462 1064 2498 sumptus

290 2516 430 2556 accipere
446 2525 511 2546 non
533 2515 637 2546 solum
657 2514 780 2544 licitum
803 2514 877 2552 sibi,
895 2514 949 2544 sed
969 2514 1064 2544 etiam

327 2614 334 2630 ¹
349 2614 507 2645 llieronym„
524 2613 634 2644 l’rolog.,
650 2614 674 2636 in
691 2612 745 2641 jola,
761 2612 808 2635 eol.
823 2619 857 2636 ni.
872 2613 910 2635 3³.
928 2625 954 2628 —
972 2612 981 2627 ἓ
996 2612 1064 2636 Psal.

293 2656 388 2679 cxviii,
421 2652 458 2674 δὲ.
491 2664 521 2667 -
553 2650 562 2666 ³
583 2651 686 2679 August.
709 2662 738 2666 —
758 2649 767 2664 ”
789 2650 840 2671 lino
876 2648 1004 2677 Eznlmvr„
1032 2650 1066 2672 (le

293 2685 403 2710 Anselm.
422 2685 532 2716 similit„
553 2692 576 2708 c.
598 2686 649 2715 127,
664 2685 696 2708 al.
713 2685 766 2707 126.
782 2697 812 2701 -
826 2683 836 2698 Β
852 2684 927 2713 Aug„
943 2683 973 2707 tle
989 2684 1066 2715 Opere

848 184 1060 217 APOLOGIAE
1082 185 1302 218 PAUPERUM

1101 253 1245 285 debitum
1260 262 1329 285 esse
1343 252 1525 284 censebant.
1542 253 1657 285 Contra
1674 262 1755 295 quos
1767 255 1882 297 Augu-

1103 307 1207 338 stinus
1221 309 1230 325 ⁵
1246 318 1253 338 :
1273 319 1288 337 α
1306 307 1359 338 lsti
1371 331 1381 346 ,
1397 317 1411 336 1)
1430 307 1553 348 inquit,
1578 319 1593 337 (1
1619 308 1731 340 tratres
1760 311 1881 342 temere

1104 362 1162 392 sibi
1178 365 1353 401 arrogant,
1372 364 1529 402 quantum
1549 362 1691 401 aestimo,
1707 364 1743 394 ut
1765 363 1882 404 hujus-

1104 415 1192 447 modi
1216 416 1356 447 habeant
1392 418 1590 456 potestatem.
1619 416 1652 447 Si
1676 417 1884 457 evangelistae

1105 471 1180 499 sunt
1195 493 1203 507 ‚
1218 469 1336 508 fateor,
1354 469 1472 500 hahent
1481 493 1491 508 ,
1509 470 1534 500 si
1550 470 1688 501 ministri
1716 470 1836 508 altaris,
1858 471 1884 501 si

1106 523 1339 562 dispensatores
1354 525 1641 561 sacramentorum,
1657 524 1683 554 si
1698 524 1811 555 saltem
1825 523 1884 556 ali-

1106 575 1184 616 quid
1215 576 1374 607 hahebant
1400 576 1432 606 in
1455 576 1585 616 saeculo,
1616 586 1680 617 quo
1708 578 1797 609 facile
1817 578 1886 609 sine

1107 629 1240 660 artificio
1253 631 1469 660 sustentarent
1478 630 1562 661 hanc
1577 630 1689 669 vitam,
1705 631 1790 671 quod
1803 631 1887 663 indi-

1107 683 1258 722 gentibus
1269 683 1424 724 dispertiti
1441 686 1526 722 sunt,
1546 684 1701 716 credenda
1715 687 1763 716 est
1773 694 1886 716 eorum

1109 737 1277 768 infirmitas
1307 739 1338 768 et
1365 728 1513 779 ferendas
1531 748 1545 766 n
1566 737 1641 769 Haec
1670 739 1885 779 Augustinus.

1108 789 1157 820 Ex
1171 790 1290 830 quibus
1314 791 1476 830 colligitur
1496 791 1583 832 quod
1606 795 1744 832 quatuor
1763 792 1888 832 generi-

1109 843 1169 875 bus
1192 844 1363 876 hominum
1391 845 1488 885 digne
1517 848 1547 876 et
1569 847 1656 886 Juste
1680 846 1831 886 competit
1846 846 1886 877 ab

1109 898 1178 929 aliis
1192 898 1288 938 pasci.
1305 908 1492 939 quanquam
1505 900 1644 940 propriis
1655 900 1805 931 manibus
1818 909 1888 941 pos-

1110 951 1174 982 sint
1192 952 1348 991 laborare,
1370 953 1487 984 scilicet
1508 953 1564 994 qui
1583 953 1661 985 alios
1681 956 1814 994 pascunt
1836 954 1889 985 vel

1110 1006 1209 1038 verbo
1224 1009 1255 1037 et
1267 1006 1419 1045 doctrina,
1435 1006 1487 1038 vel
1501 1007 1610 1038 altaris
1625 1007 1759 1046 viatico,
1774 1007 1826 1039 vel
1840 1007 1888 1038 di-

1110 1060 1262 1092 vinorum
1277 1061 1511 1100 dispensatione
1533 1063 1818 1101 sacramentorum,
1834 1061 1886 1092 vel

1112 1124 1244 1146 suarum
1259 1115 1480 1147 distributione
1495 1116 1693 1147 facultatum.
1707 1115 1889 1147 Secundum

1111 1169 1182 1200 haec
1202 1169 1304 1208 igitur
1326 1169 1389 1208 1111,
1407 1170 1524 1210 quibus
1539 1170 1647 1210 aliqua
1660 1170 1888 1210 praedictarum

1113 1223 1333 1254 conditionum
1373 1225 1539 1264 competit,
1569 1225 1658 1264 digni
1688 1226 1763 1255 sunt
1790 1226 1827 1256 ut
1851 1224 1891 1255 de

1113 1276 1292 1316 Evangelio
1313 1277 1443 1316 vivant;
1467 1277 1513 1308 illi
1535 1287 1612 1309 vero
1638 1278 1755 1318 quibus
1770 1278 1889 1318 plures,

1114 1330 1277 1370 digniores
1288 1331 1446 1369 existunt3
1461 1332 1578 1372 quibus
1589 1333 1697 1363 autem
1710 1341 1832 1370 omnes,
1842 1333 1892 1362 ut-

1114 1387 1187 1425 pote
1202 1385 1258 1425 qui
1275 1385 1465 1424 przedicant,
1482 1385 1655 1424 celebrant,
1679 1385 1891 1417 confessiones

1116 1439 1270 1477 audiunt,
1293 1441 1323 1469 et
1344 1439 1570 1479 temporalium
1595 1439 1793 1470 affluentiam
1815 1447 1891 1470 con-

1115 1494 1325 1532 tempserunt,
1343 1493 1483 1523 maxime
1506 1493 1595 1532 digni
1619 1502 1687 1524 esse
1701 1494 1889 1533 probantur.

1117 1547 1239 1585 Quibus
1254 1556 1330 1578 vcro
1346 1556 1458 1578 omnes
1474 1547 1598 1586 desunt,
1613 1550 1643 1578 et
1655 1547 1754 1578 validi
1766 1549 1850 1586 sunt,
1863 1549 1895 1578 et

1117 1611 1270 1642 pauperes
1282 1625 1289 1638 ,
1306 1611 1346 1632 ne
1368 1601 1458 1632 otiosi
1482 1604 1514 1632 et
1532 1601 1722 1633 infructuosi
1737 1601 1800 1632 sint
1820 1601 1891 1639 sibi,

1116 1657 1148 1686 et
1163 1655 1288 1686 onerosi
1313 1654 1458 1685 Ecclesiae
1471 1679 1479 1693 ,
1499 1656 1596 1695 juxta
1615 1655 1804 1686 sententiam
1825 1656 1893 1686 Au-

1117 1707 1237 1746 gustini
1252 1706 1396 1737 laborare
1408 1708 1567 1744 tenentur,
1581 1707 1641 1737 nisi
1651 1716 1707 1746 per
1721 1706 1781 1737 hoc
1795 1715 1892 1737 excu-

1118 1764 1247 1799 sentur,
1265 1761 1348 1801 quod
1365 1761 1409 1791 eis
1421 1785 1429 1798 ,
1451 1761 1507 1800 qui
1528 1761 1675 1800 praefatas
1700 1760 1894 1791 conditiones

1117 1815 1246 1853 habent,
1264 1815 1449 1846 deserviunt
1462 1817 1491 1845 et
1507 1815 1669 1852 assistunt,
1684 1817 1714 1845 et
1729 1814 1798 1845 ideo
1820 1823 1894 1844 curn

1118 1869 1164 1900 eis
1179 1869 1350 1899 sustentari
1370 1870 1545 1905 merentur,
1558 1869 1653 1908 juxta
1673 1868 1759 1907 quod
1775 1870 1894 1908 myste-

1119 1922 1237 1953 rialiter
1253 1922 1442 1961 designatur
1457 1922 1489 1952 in
1505 1922 1573 1960 Job,
1595 1922 1650 1952 ubi
1665 1922 1780 1952 dicitur
1791 1921 1895 1961 ⁸quod

1119 1977 1218 2008 boves
1234 1977 1377 2015 arabant,
1402 1978 1433 2007 et
1454 1977 1551 2006 asina}
1571 1976 1782 2015 pascebantur
1801 1976 1896 2014 Juxta

1119 2040 1182 2068 cos,
1215 2030 1332 2070 illaque
1360 2030 1515 2060 astruitur
1541 2029 1612 2068 lege
1633 2029 1808 2066 sancitum,
1832 2036 1896 2068 qua

1120 2087 1270 2115 strenuus
1287 2087 1448 2123 pugnator
1461 2084 1523 2120 ille,
1540 2083 1638 2113 David
1647 2082 1801 2119 videlicet,
1811 2083 1897 2121 juste

1120 2138 1259 2168 decrevit
1283 2138 1306 2175 ⁷,
1332 2137 1417 2177 quod
1437 2145 1529 2176 (equa
1548 2138 1653 2176 porcio
1676 2138 1757 2166 esset
1770 2135 1898 2167 descen-

1120 2191 1267 2223 dentium
1292 2191 1336 2222 ad
1355 2191 1517 2230 proelitun,
1541 2193 1570 2223 ec
1597 2190 1834 2222 remanentium
1854 2188 1899 2220 ad

1121 2246 1280 2277 sarcinas.
1294 2244 1392 2275 Porro
1407 2245 1432 2275 si
1449 2244 1560 2284 aliqui,
1577 2244 1811 2284 quantumlibet
1821 2243 1898 2274 idio-

1122 2302 1162 2330 1ae
1187 2309 1223 2329 ac
1245 2299 1425 2338 simplices,
1450 2301 1546 2329 tantae
1570 2301 1644 2328 sunt
1668 2297 1844 2329 devotionis
1865 2297 1899 2326 in

1122 2362 1214 2393 prece
1227 2376 1235 2390 ,
1252 2354 1349 2383 tantae
1376 2352 1580 2383 districtionis
1601 2353 1633 2382 in
1652 2352 1728 2389 vita,
1753 2353 1784 2382 et
1803 2352 1898 2381 tantae

1123 2406 1339 2437 aedisseationis
1355 2406 1387 2435 in
1404 2406 1531 2446 populo,
1558 2405 1643 2446 quod
1662 2414 1753 2445 aeque
1767 2404 1899 2435 fructifi-

1123 2462 1194 2491 cent
1209 2460 1276 2491 solo
1292 2459 1450 2499 exemplo,
1469 2462 1624 2499 quantum
1642 2460 1694 2490 alii
1710 2458 1854 2497 exemplo
1870 2460 1900 2488 et

1124 2515 1234 2553 verbo,
1251 2516 1407 2545 excusant
1421 2523 1474 2545 eos
1490 2514 1602 2544 merita
1618 2514 1703 2550 vitae,
1716 2512 1840 2542 etiamsi
1850 2512 1901 2542 de-

1125 2569 1188 2599 sint
1213 2569 1312 2599 verba
1333 2568 1496 2599 doctrinae.
1520 2568 1593 2598 llaec
1615 2569 1722 2597 autem
1747 2565 1900 2604 diximus,

1128 2651 1252 2679 Monaclt„
1267 2656 1289 2674 e.
1307 2655 1351 2679 xx,
1368 2656 1394 2673 n.
1409 2650 1448 2679 24,
1463 2650 1501 2673 25.
1518 2662 1544 2665 -
1561 2648 1570 2662 ⁶
1582 2647 1634 2675 Ιοὸ,
1651 2654 1670 2678 1,
1686 2648 1724 2671 14.
1740 2660 1769 2664 —
1784 2647 1794 2663 '¹
1811 2648 1816 2670 Ι
1835 2647 1903 2677 Κεφ,

1127 2693 1189 2717 xxx,
1205 2688 1244 2710 24.
