2029 3052
91 1567 124 1590 Ad
157 1569 198 1589 111.

220 203 279 233 372

218 269 259 300 do
274 268 431 300 transibat
444 278 501 309 per
514 268 740 300 Samaritanus.
764 268 800 299 In
813 278 876 309 quo
892 269 992 300 etiam

217 322 362 362 articulo,
383 322 544 362 discipulis
563 322 682 353 loculos
703 321 822 353 habere
835 321 990 362 permisit,

217 375 392 407 seeundum
406 375 483 406 illud
493 376 502 392 ¹
518 386 525 407 ι
544 375 681 414 Quando
692 375 770 407 misi
779 383 834 407 vos
844 375 915 407 sine
925 383 992 407 sac-

216 429 286 460 culo
296 431 326 461 et
333 436 423 469 pera,
431 430 490 468 etc.
503 428 629 460 Glossa:
646 440 661 458 <1
672 428 743 460 Non
755 429 865 460 eadem
877 428 992 468 regula

215 482 342 514 vivendi
353 482 590 523 persecutionis,
608 492 672 522 qua
685 482 770 522 pacis
783 484 926 523 tempore
939 482 991 514 di-

215 535 352 576 scipulos
369 536 531 566 informat.
557 535 660 566 Missis
681 535 811 576 quidem
831 535 992 576 discipulis

215 589 255 619 ad
274 589 524 629 praedicandum,
541 598 582 620 ne
603 588 681 629 quid
696 588 843 620 tollerent
865 589 901 619 in
923 589 989 626 via,

214 643 377 683 praecepit,
400 643 551 674 ordinans
574 643 690 674 scilieet
713 644 749 674 ut
772 643 827 683 qui
841 642 990 682 Evange-

214 695 295 727 lium
310 696 450 735 nuntiat⁷
471 696 510 727 de
530 696 708 736 Evangelio
731 696 830 728 vivat.
852 695 990 727 Instante

214 758 292 781 vero
310 750 423 781 mortis
443 750 588 788 articulo,
609 752 640 781 et
654 751 719 781 tota
736 749 792 780 illa
810 751 906 789 gente
926 749 990 781 Pa-

214 805 331 835 storem
347 803 443 835 simul
461 805 492 835 et
513 812 646 843 gregem
665 805 884 843 persequente,
910 812 989 834 con-

215 866 330 897 gruam
351 857 488 897 tempori
504 856 550 887 illi
572 856 722 896 regulam
742 856 892 894 decrevit,
914 865 989 896 per-

213 912 342 942 mittens
354 913 390 942 ut
404 911 552 942 tollerent
566 910 743 941 necessaria
762 910 872 949 victui,
889 910 989 941 donec

213 965 315 1005 sopita
330 967 570 1005 persecutorum
584 964 720 1002 insania,
741 967 868 1004 tempus
889 973 989 995 evan-

214 1019 373 1058 gelizandi
387 1019 504 1050 redeat.
521 1029 536 1048 1)
557 1018 604 1049 Ex
619 1018 670 1049 his
683 1018 769 1049 enim
786 1017 904 1049 Glossis
919 1027 990 1048 ma-

212 1073 325 1104 nifeste
339 1074 480 1113 apparet,
494 1072 580 1112 quod
589 1072 702 1103 modus
717 1071 854 1102 habendi
869 1071 990 1102 loculos

213 1126 246 1156 in
260 1126 407 1164 Domino,
418 1126 452 1156 in
466 1125 554 1156 nullo
570 1125 688 1156 minuit
698 1127 928 1165 paupertatem.
939 1124 990 1155 Sic

213 1173 299 1211 enim
329 1179 483 1210 Dominus
509 1178 730 1210 condescendit
756 1178 935 1209 infirmitati
959 1180 990 1209 et

213 1233 404 1271 necessitati,
419 1235 454 1263 ut
469 1235 576 1263 tamen
595 1232 683 1263 salva
695 1234 776 1263 esset
791 1232 893 1263 forma
907 1241 989 1271 pau-

212 1287 352 1327 pertalis,
369 1289 400 1317 et
415 1286 598 1326 exemplum
617 1286 701 1326 quod
717 1286 877 1326 praecipue
893 1294 988 1316 mon—

212 1343 312 1371 strare
327 1343 458 1371 venerat
470 1340 669 1371 hominibus
692 1339 788 1371 Juxta
807 1340 892 1380 quod
915 1340 990 1370 dicit

212 1395 383 1435 Apostolus
397 1395 408 1411 ²
425 1406 431 1425 z
451 1395 565 1426 Factus
580 1397 626 1426 est
640 1402 697 1433 pro
707 1394 798 1426 nobis
812 1401 936 1434 essenus,
954 1396 989 1424 ut

212 1449 302 1481 illius
324 1449 437 1488 inopia
458 1448 576 1480 divites
599 1455 745 1485 essemus,
771 1448 989 1487 paupertatem

213 1501 330 1533 scilicet
345 1501 532 1532 altissimam
548 1500 726 1532 voluntarie
741 1501 906 1532 imitando.

253 1555 301 1585 Ad
316 1554 394 1585 illud
413 1555 498 1595 quod
513 1555 662 1594 objicitur
680 1555 718 1586 de
734 1554 841 1585 Glossa
859 1558 870 1574 ³
888 1564 894 1584 x
921 1555 987 1587 Ha-

214 1609 318 1641 bentes
331 1608 495 1646 alimenta,
513 1609 567 1639 ubi
583 1608 710 1646 dicitur,
735 1609 819 1648 quod
836 1618 900 1639 1100
915 1611 991 1640 sunt

213 1663 389 1703 abjicienda
414 1663 545 1693 omnino
578 1663 765 1702 temporalia
779 1674 786 1701 3
821 1663 989 1693 dicendum

214 1716 299 1756 quod
324 1716 475 1755 intelligit
502 1716 540 1747 de
564 1716 740 1756 abjectione
766 1716 990 1756 temporalium

215 1772 372 1810 quantum
387 1770 426 1800 ad
442 1779 550 1809 usum⁷
573 1779 637 1801 non
651 1773 809 1810 quantum
827 1771 866 1801 ad
887 1771 991 1801 domi-

214 1824 316 1855 nium.
342 1823 422 1854 Nam
444 1833 522 1854 usus
544 1824 769 1863 temporalium
795 1825 992 1855 necessarius

215 1879 262 1907 est
277 1877 352 1908 vitae
369 1877 518 1908 liumance
529 1901 536 1914 ‚
554 1877 609 1917 qui
626 1879 734 1907 tamen
755 1877 864 1908 haberi
890 1880 992 1917 potest

217 1931 336 1970 absque
359 1930 500 1961 dominio
522 1933 552 1961 et
567 1931 769 1970 proprietate.
789 1931 840 1961 Sic
860 1934 944 1970 patet
960 1932 992 1961 in

217 1984 426 2024 pauperibus,
452 1985 507 2023 qui
535 1984 612 2014 nihil
636 1984 837 2024 proprietatis
862 1985 990 2015 habent.

219 2037 256 2068 Et
273 2037 357 2077 quod
381 2038 439 2068 iste
463 2038 502 2067 sit
525 2037 711 2075 intellectus,
739 2040 822 2077 patet
840 2047 894 2078 per
914 2038 993 2068 illud

218 2091 302 2131 quod
319 2091 507 2131 sequiturin
519 2091 627 2121 Glossa
643 2091 835 2129 iunuedIate,
851 2091 905 2121 ubi
922 2091 994 2122 sub-

219 2145 303 2175 ditur
319 2154 325 2175 :
347 2144 429 2175 «Sed
440 2145 591 2175 habentes
600 2144 761 2182 alimenta,
774 2147 804 2175 et
821 2145 937 2184 quibus
952 2147 995 2175 te-

220 2207 348 2237 gamur,
365 2198 416 2228 1115
430 2198 568 2229 contenti
595 2198 695 2229 simus
714 2209 721 2228 ·.
752 2198 806 2238 (1111
823 2198 904 2229 ultra
924 2200 993 2229 ten-

220 2252 275 2290 dit,
291 2251 412 2282 malum
425 2251 558 2282 invenit.
575 2263 588 2280 »
610 2251 683 2282 Esse
699 2252 799 2291 igitur
809 2254 994 2283 contentum

221 2315 283 2336 usu
301 2305 531 2347 tegumenti-et
547 2305 699 2343 alimenti,
724 2307 770 2335 est
791 2306 905 2336 modus
920 2315 995 2346 per-

221 2359 310 2390 fecta}
330 2358 468 2389 virtutis.
486 2357 524 2388 Et
544 2359 586 2388 sic
602 2358 709 2388 Glossa
728 2359 820 2389 (lebet
843 2359 992 2398 intelligi,

222 2421 278 2443 nec
292 2412 352 2443 hoc
366 2414 525 2452 repugnat
539 2411 700 2442 altissimae
716 2413 907 2452 paupertati.
935 2413 995 2449 Qui

222 2468 328 2497 autem
342 2466 385 2496 sic
400 2465 494 2496 vellet
508 2464 692 2503 temporalia
713 2465 858 2504 abjicere,
882 2468 917 2496 ut
938 2475 996 2497 nec

222 2519 315 2550 vellet
331 2519 482 2549 alimenta
496 2517 667 2557 suscipere,
684 2527 741 2548 uec
760 2519 995 2558 operimentum

256 2581 346 2610 ¹thc.,
360 2586 433 2610 xxii,
450 2582 489 2604 35.
506 2593 536 2598 —
555 2580 563 2594 ²
580 2580 599 2603 11
620 2579 687 2608 Corn,
706 2586 765 2609 vni,
786 2582 808 2605 9.
824 2594 854 2598 -
872 2581 880 2594 ³
896 2582 902 2605 1
922 2581 994 2611 Tum,

224 2623 263 2648 v1,
282 2618 320 2641 10.
335 2631 365 2635 —
380 2617 389 2633 b
404 2618 423 2641 11
443 2618 510 2647 Corn,
526 2622 586 2647 vin,
604 2618 640 2640 12.
656 2629 686 2634 —
705 2617 714 2633 5
732 2617 833 2647 Mallia,
849 2624 890 2648 vi,
907 2619 945 2642 25.
967 2631 993 2634 —

226 2655 232 2670 ¹
250 2653 318 2677 Psal.
336 2659 439 2683 lxxvii,
462 2655 500 2676 19.
520 2665 551 2670 —-
569 2652 579 2668 ⁷
603 2652 622 2676 ll
646 2653 713 2679 Cor..
736 2658 770 2682 ιν,
791 2654 813 2676 8.
835 2667 863 2670 -
884 2654 892 2667 ⁸
909 2654 996 2684 Helua,

226 2691 368 2720 X111,5.-—
384 2690 393 2704 ⁹
407 2690 466 2714 Jos..
486 2695 504 2719 1,
521 2690 543 2712 5.

767 201 817 234 DE
839 201 1105 234 PAUPERTATE
1126 202 1281 235 CHRISTI

1048 269 1178 309 habere,
1193 279 1260 301 non
1273 271 1460 310 operaretur
1478 270 1626 310 perfecte,
1641 271 1696 302 sed
1716 272 1821 304 stulte.

1048 323 1087 354 Et
1100 323 1162 354 hoc
1175 323 1246 355 vult
1259 323 1368 355 Glossa
1381 323 1436 354 illa
1449 323 1625 355 insinuare.

1088 377 1138 408 Ad
1150 377 1229 408 iliud
1244 368 1331 417 quo'd
1350 377 1498 418 objicitur
1515 377 1554 408 de
1573 377 1702 409 Glossa:
1719 378 1756 410 ει·
1771 385 1825 410 vo-

1048 429 1158 462 luntas
1175 433 1326 470 prompta
1341 431 1418 468 θεῖ’,
1442 429 1550 461 Glossa
1565 441 1572 461 :
1594 441 1610 460 (ι
1623 429 1663 462 Ut
1676 439 1824 462 necessa-

1047 483 1096 514 ria
1108 486 1311 522 remaneant;
1327 494 1342 513 n
1363 483 1534 515 dicendum
1549 484 1635 524 quod
1650 483 1760 515 Glossa
1771 483 1826 516 illa

1047 538 1194 568 truncata
1212 539 1270 577 est,
1291 537 1368 578 quia
1388 537 1494 568 statim
1519 538 1664 579 sequitur
1688 548 1696 569 ι
1719 549 1734 568 α
1754 537 1825 570 Non

1046 591 1108 622 1100
1121 591 1246 631 dicitur,
1263 592 1344 633 quin
1359 592 1474 623 melius
1487 594 1579 631 esset,
1591 592 1709 623 scilicet
1719 594 1822 624 totum

1046 645 1139 683 dare3
1155 646 1210 677 sed
1225 645 1362 676 infirmis
1376 645 1476 684 timet,
1493 654 1574 686 quos
1595 645 1640 676 sic
1661 645 1736 677 dare
1752 655 1824 677 mo-

1046 701 1110 737 net,
1127 701 1163 730 ut
1179 701 1355 739 egestatem
1369 708 1435 730 non
1455 699 1632 739 patiantur.
1647 709 1662 728 1)
1691 698 1740 730 Ex
1759 709 1824 740 (1110

1045 756 1187 794 apparet,
1201 754 1286 794 quod
1301 754 1412 785 Glossa
1422 754 1476 785 illa
1489 753 1596 794 potius
1607 753 1682 785 facit
1696 754 1736 785 ad
1751 763 1825 786 con·

1044 809 1192 846 trarium,
1206 818 1304 849 quam
1315 809 1355 840 ad
1365 809 1577 850 propositum,
1591 809 1617 840 si
1627 818 1706 840 sano
1716 809 1822 849 oculo,

1044 864 1076 893 et
1087 865 1173 894 recto
1187 863 1385 904 inspiciatur.

1084 916 1133 947 Ad
1146 916 1224 948 illud
1239 917 1323 957 quod
1337 917 1497 957 objicitur,
1513 917 1598 957 quod
1613 916 1669 957 qui
1685 917 1731 948 sic
1745 917 1822 948 uni-

1044 970 1210 1001 versaliter
1251 970 1401 1001 omnibus
1445 970 1649 1001 abrenuntiat
1669 994 1678 1009 ‚
1724 973 1824 1002 tentat

1045 1023 1165 1062 Deum;
1195 1023 1365 1054 dicendum
1395 1023 1481 1063 quod
1510 1023 1626 1054 falsum
1654 1025 1720 1063 est,
1754 1026 1824 1055 tum

1045 1079 1174 1117 propter
1190 1077 1300 1108 divina
1319 1076 1488 1117 promissa,
1511 1079 1581 1107 tum
1601 1079 1730 1117 propter
1750 1077 1822 1118 plu-

1044 1130 1127 1160 rima
1145 1130 1284 1161 remedia
1295 1153 1305 1168 ,
1333 1138 1406 1170 quae
1435 1130 1547 1161 haberi
1574 1132 1725 1170 possunt,
1755 1133 1823 1162 tum

1045 1186 1175 1224 propter
1193 1183 1339 1224 exempla
1360 1183 1478 1224 quibus
1498 1184 1664 1215 manifeste
1678 1184 1824 1216 videmus

1045 1238 1131 1278 quod
1154 1238 1231 1268 tales
1251 1246 1406 1278 pauperes
1428 1239 1661 1269 sustentantur.
1689 1237 1737 1269 Ex
1760 1247 1824 1278 quo

1045 1291 1209 1322 manifeste
1224 1291 1396 1330 colligitur,
1413 1291 1440 1321 si
1454 1291 1602 1322 obdurati
1618 1301 1681 1323 non
1697 1301 1822 1329 sumus,

1045 1345 1129 1384 quod
1143 1344 1214 1375 talis
1229 1345 1341 1376 modus
1352 1344 1599 1376 abrenuntiandi
1609 1345 1761 1377 divinitus
1775 1345 1824 1376 iu-

1045 1398 1195 1437 spiratur,
1211 1407 1269 1429 nec
1282 1398 1356 1429 facit
1369 1400 1492 1429 tentare
1507 1398 1618 1437 Deum,
1635 1398 1662 1429 si
1677 1399 1722 1430 sic
1735 1399 1824 1430 abre-

1046 1451 1198 1482 nuntians
1226 1450 1344 1482 divinis
1370 1451 1635 1491 promissionibus
1657 1451 1822 1489 innititur;

1046 1504 1124 1544 quin
1138 1504 1243 1544 potius
1265 1504 1316 1535 ille
1332 1504 1433 1535 Deum
1448 1506 1559 1543 tentat,
1578 1504 1634 1545 qui
1656 1504 1695 1536 de
1709 1504 1825 1536 divinis

1046 1557 1310 1597 promissionibus
1333 1558 1466 1589 dubitat.
1488 1557 1621 1598 Propter
1645 1557 1731 1598 quod
1750 1557 1823 1588 Hie-

1046 1620 1213 1651 ronymus,
1230 1620 1325 1651 super
1339 1611 1417 1642 illud
1429 1614 1438 1630 ⁵
1457 1622 1464 1642 z
1482 1611 1594 1643 Nonne
1617 1612 1730 1643 anima
1749 1610 1824 1651 plus

1047 1668 1091 1697 cst
1108 1674 1203 1706 quam
1218 1666 1312 1697 esca?
1334 1677 1348 1694 c«
1359 1665 1394 1696 In
1405 1665 1568 1706 promissis
1580 1665 1721 1696 veritatis
1729 1674 1824 1696 nemo

1046 1719 1185 1756 dubitet;
1204 1719 1244 1749 sit
1264 1719 1365 1749 110010
1380 1718 1464 1758 quod
1489 1727 1557 1749 esse
1579 1718 1682 1756 debet,
1702 1720 1733 1749 et
1747 1727 1825 1749 mox

1046 1772 1206 1803 adduntur
1221 1773 1249 1803 ei
1265 1772 1385 1803 omnia.
1404 1782 1419 1800 1)
1435 1771 1497 1809 Qui
1517 1772 1620 1811 igitur
1634 1771 1673 1802 de
1687 1771 1747 1802 hoc
1761 1771 1824 1802 du-

1047 1826 1136 1864 bitat,
1154 1826 1236 1856 sicut
1252 1826 1307 1856 filii
1325 1825 1430 1863 Israel,
1450 1825 1547 1856 Deum
1569 1827 1679 1864 tentat,
1703 1825 1760 1865 qui
1774 1825 1826 1856 di-

1047 1878 1179 1910 1101111111(ἲ
1193 1890 1199 1910 :
1212 1878 1382 1919 Numquid
1392 1879 1511 1919 poterit
1522 1879 1607 1910 Deus
1618 1886 1732 1918 parare
1743 1886 1826 1910 men-

1047 1933 1167 1964 samin
1181 1932 1328 1965 deserto?
1344 1932 1399 1963 IIis
1419 1934 1527 1963 autem
1551 1941 1616 1962 non
1635 1931 1750 1962 debent
1764 1931 1825 1963 viri

1047 1986 1175 2025 perfecti
1187 1987 1390 2024 conformari,
1404 1986 1457 2017 sed
1474 1985 1578 2025 potius
1593 1984 1750 2025 Apostolis
1760 2009 1767 2023 ‚
1787 1984 1825 2015 (10

1048 2040 1164 2079 quibus
1178 2040 1310 2071 dicitur⁷
1324 2051 1330 2070 :
1352 2051 1367 2069 «
1382 2041 1406 2069 A
1409 2040 1589 2079 portamur,
1606 2038 1663 2070 sed
1680 2046 1744 2070 non
1759 2037 1825 2070 des-

1049 2094 1236 2130 maiman»
1257 2093 1286 2123 id
1302 2095 1360 2131 est,
1376 2101 1530 2132 pauperes
1544 2100 1655 2122 sumus
1667 2090 1707 2122 ad
1724 2099 1771 2128 eo,
1788 2092 1825 2121 ut

1049 2146 1224 2177 necessaria
1236 2146 1339 2177 desint
1351 2157 1358 2180 ·.
1377 2146 1430 2176 sed
1442 2154 1505 2176 non
1517 2144 1720 2175 destituimur
1732 2153 1750 2174 a
1761 2143 1825 2175 Deo

1049 2199 1192 2237 omnino,
1208 2199 1284 2239 quia
1299 2199 1381 2230 Deus
1395 2199 1493 2239 pascit
1508 2207 1577 2229 005.
1592 2197 1631 2229 Et
1646 2197 1732 2238 quod
1746 2197 1824 2228 illud

1050 2252 1238 2283 extendatur
1252 2262 1316 2283 uon
1332 2253 1437 2283 solum
1455 2252 1493 2283 ad
1510 2251 1689 2292 Apostolos,
1710 2260 1825 2283 verum

1050 2307 1146 2337 etiam
1162 2307 1200 2338 ad
1212 2316 1322 2338 eorum
1335 2307 1523 2345 imitatores,
1535 2307 1665 2346 apparet
1676 2314 1732 2345 per
1746 2305 1825 2336 illud

1050 2360 1134 2400 quod
1152 2360 1267 2391 dicitur
1281 2363 1291 2379 ⁸
1312 2371 1318 2391 :
1351 2360 1424 2393 Sint
1446 2368 1544 2392 mores
1566 2361 1636 2391 sine
1661 2359 1822 2396 avaritia,

1050 2415 1189 2446 contenti
1200 2413 1419 2454 proesentz'bus.
1434 2414 1503 2453 Ipse
1514 2414 1598 2445 enim
1609 2412 1699 2444 dixit
1708 2412 1718 2428 ‘³
1730 2422 1741 2442 .·
1753 2411 1824 2443 Non

1051 2469 1078 2498 te
1092 2466 1247 2505 deseram,
1264 2475 1363 2507 neque
1378 2466 1608 2506 derelinquam.
1626 2465 1671 2495 Ibi
1691 2464 1798 2495 Glossa
1814 2475 1821 2494 2

1055 2520 1149 2560 «Ipse
1164 2520 1316 2551 Dominus
1330 2520 1530 2560 omnipotens
1541 2519 1580 2550 ad
1595 2518 1703 2550 Jesum
1715 2517 1801 2549 Nave
1815 2529 1831 2549 :-

1050 2574 1122 2606 Non
1144 2578 1172 2607 te
1193 2574 1335 2606 deseram
1352 2574 1404 2614 (a),
1429 2573 1508 2614 quin
1531 2573 1603 2603 dem
1632 2572 1822 2610 necessaria3

1050 2636 1150 2668 neque
1174 2627 1412 2668 derelinquam
1442 2626 1716 2666 derelinqueretur
1747 2625 1822 2663 ille,

1083 2689 1116 2720 (a)
1134 2690 1207 2721 Vulg.
1223 2689 1359 2714 dimittam.

1850 383 1928 405 Adw.

1850 924 1883 945 Ad
1901 925 1928 945 V.
