2029 3052
221 267 280 298 142

220 333 275 366 Dei
294 334 519 367 dulcissimum
543 336 649 368 fllium
669 336 781 369 Jesum
803 337 998 379 concepisse,

218 387 373 428 praedicta
386 397 511 421 venena
523 390 688 421 mortifera
710 389 800 431 fuge,
821 392 854 422 et
872 390 998 430 festina,

218 441 374 482 desidera,
390 445 422 474 et
436 443 560 482 affecta,
579 452 668 475 more
684 443 902 485 parturientis,
928 445 1000 476 feli-

218 495 297 528 citer
310 497 351 529 ad
370 499 499 538 partum
514 498 693 538 pervenire.

258 551 319 584 Sed
336 553 512 584 notandum
527 555 586 592 est,
603 553 690 594 quod
705 553 798 586 beata
811 553 914 594 Virgo
933 563 998 586 non

217 606 324 637 statim
358 608 429 647 post
451 607 694 648 conceptionem
722 607 846 649 peperit
874 607 996 647 fllium,

216 659 271 690 sed
291 659 433 691 decursis
453 668 572 692 novem
589 661 756 692 mensibus
770 661 886 702 genuit
903 661 998 693 Chri-

215 715 312 744 stum.
332 712 423 751 Quod
439 722 504 745 non
524 716 615 746 vacat
630 715 785 756 mysterio
803 725 810 747 ε
831 715 907 756 quia
931 724 997 747 non

215 769 263 798 est
287 767 374 798 omni
403 767 530 808 spiritui
557 768 762 800 credendum.
789 768 863 808 Sed,
889 778 910 800 o
930 769 998 800 ani-

216 829 270 852 ma
301 821 427 859 devota,
456 821 586 861 quando
613 822 707 854 novis
731 821 998 854 illustrationibus

215 874 267 906 vel
295 874 544 906 revelationibus
578 875 760 914 illustraris,
791 876 843 908 vel
872 876 997 908 illumi—

215 929 303 960 naris
313 929 449 961 insolitis
461 930 736 970 inspirationibus,
748 939 878 971 magnae
890 931 996 972 perfe-

214 982 326 1014 ctionis
352 983 521 1024 propositis
549 984 743 1016 intrinsecus
771 985 994 1025 inflammaris,

214 1045 278 1067 non
297 1037 405 1068 statim
421 1037 460 1069 de
475 1039 531 1069 tuo
545 1037 677 1069 consilio
691 1038 732 1070 ad
749 1047 831 1079 opus
846 1048 993 1080 propera,

213 1090 267 1122 sed
283 1091 365 1123 bene
379 1093 485 1123 tecum
501 1093 533 1123 et
548 1101 623 1124 cum
644 1092 752 1130 bonis,
778 1094 810 1124 et
830 1093 995 1133 potissime

213 1153 287 1176 cum
297 1144 370 1183 illis,
380 1145 480 1186 quita)
489 1145 686 1178 talibussunt
697 1146 831 1187 experti,
841 1145 993 1186 delibera,

214 1202 326 1231 utrum
354 1208 428 1240 quae
461 1200 615 1240 inspirata
650 1202 735 1238 sunt,
773 1200 901 1239 liceant,
940 1201 995 1233 de-

213 1255 315 1292 ceant,
342 1256 373 1284 et
396 1253 578 1294 expediant,
602 1256 777 1295 utrumque
799 1254 890 1286 dictis
913 1254 993 1287 Pro-

213 1307 384 1348 phetarum
417 1308 479 1338 sint
513 1317 669 1346 consona,
701 1311 812 1339 utrum
843 1308 994 1340 doctrinis

212 1362 438 1403 Apostolorum
452 1367 482 1394 et
493 1366 677 1394 sanctornm
690 1363 858 1395 Doctorum
871 1363 994 1404 aliqua-

212 1416 284 1447 liter
299 1417 361 1447 sint
376 1417 546 1455 contraria,
572 1419 603 1447 et
627 1417 722 1448 etiam
751 1420 861 1449 utrum
881 1427 991 1449 exem-

212 1470 272 1509 plis
294 1470 486 1502 Sanctorum
508 1471 571 1502 sint
595 1471 712 1502 similia
733 1471 783 1502 vel
804 1471 990 1510 dissimilia;

211 1526 242 1554 et
259 1524 297 1555 ad
313 1533 395 1564 opus
411 1524 534 1561 festina,
554 1524 603 1555 vel
619 1525 726 1555 statim
743 1525 889 1556 absolvas
906 1528 936 1556 te
952 1526 992 1557 ab

211 1577 262 1608 his
287 1578 318 1608 in
342 1580 398 1608 tua
421 1578 615 1608 conscientia
641 1589 647 1609 z
674 1579 750 1618 quia
775 1579 991 1619 periculosum

211 1634 269 1668 est,
290 1631 367 1662 tales
387 1631 610 1672 inspirationes
633 1632 687 1663 (liu
707 1635 735 1663 ct
757 1633 940 1673 frequenter
959 1635 991 1665 in

212 1687 318 1716 mente
334 1686 510 1725 concipere,
525 1688 557 1716 et
573 1688 678 1717 tamen
695 1686 733 1717 ad
749 1688 898 1718 cii'ectum
917 1688 991 1719 boni

211 1739 317 1779 operis
332 1739 505 1777 modicum,
522 1739 572 1770 vel
594 1740 671 1770 nihil
690 1749 872 1780 properare.

311 1829 533 1861 SECUNDA
565 1829 888 1862 SOLEMNlTAS.

412 1899 446 1926 De
462 1900 618 1926 Nutivitule
632 1900 711 1933 pueri
724 1899 796 1926 Jesu.

250 1966 395 1997 Secundo
435 1966 537 2005 igitur
570 1966 717 1998 attende.
744 1969 774 1997 et
799 1966 985 2004 considera,

208 2020 348 2060 qualiter
371 2020 554 2051 benedictus
581 2020 630 2051 lici
657 2020 752 2051 Filius
777 2021 990 2061 spiritualiter

209 2078 357 2106 nascatur
374 2074 404 2105 in
420 2077 536 2106 mente.

250 2127 394 2159 Nascitur
405 2129 501 2166 enim,
514 2138 587 2159 cum
601 2131 668 2169 post
680 2138 794 2159 sanum
805 2129 986 2167 consilium,

207 2185 277 2224 post
293 2183 470 2214 discussum
491 2183 687 2214 sufficienter
714 2185 892 2224 negotium,
917 2187 987 2224 post

207 2237 391 2267 invocatum
415 2238 561 2268 (livinum
587 2239 813 2278 patrocinium,
839 2241 985 2269 sanctum

208 2293 407 2332 propositum
436 2293 621 2332 perducitur
649 2293 686 2323 ad
714 2293 877 2323 etl'ectum.
905 2292 984 2323 Cum

205 2347 272 2385 Jam
288 2347 397 2377 anima
411 2346 518 2386 incipit
533 2355 640 2385 agere,
660 2349 691 2377 et
707 2355 802 2386 opere
820 2348 983 2386 perticere,

208 2400 292 2439 quod
308 2400 363 2431 diu
379 2400 581 2440 pertractavit
593 2400 624 2430 in
637 2403 760 2437 mcnte3
776 2410 849 2431 cuni
862 2402 929 2439 jam
945 2401 988 2431 in-

210 2453 285 2493 cipit
300 2454 558 2494 vi1=ilit-=1·agere,
577 2454 660 2494 qnod
679 2455 747 2494 jam
769 2454 890 2485 dudum
915 2464 987 2495 pro-

211 2508 348 2547 ponebat
363 2508 524 2547 pcrticcrc,
545 2508 596 2539 sed
614 2510 719 2538 tamen
737 2517 861 2547 semper
877 2509 986 2539 formi-

211 2561 304 2592 dabat
331 2562 493 2597 inchoare,
519 2562 595 2602 qnia
622 2562 752 2592 timebat
782 2562 926 2593 deficere.
954 2562 988 2593 ln

211 2615 270 2645 ista
297 2615 478 2646 beatissima
514 2616 678 2647 nativitate
705 2616 812 2655 angeli
834 2616 986 2655 jubilant⁷

211 2669 309 2700 Deum
326 2669 519 2709 glorificant,
536 2672 565 2700 et
582 2679 690 2710 pacem
701 2669 885 2710 praedicant,
899 2671 985 2710 quia,

210 2723 288 2755 dum
301 2723 387 2763 quod
402 2723 458 2754 diu
475 2726 581 2754 mente
596 2726 787 2763 conceptum
807 2726 866 2762 est,
887 2724 926 2754 ad
942 2725 985 2754 ef-

243 2786 248 2799 ·
263 2784 364 2814 Μ<ιΗΙι,,
379 2790 414 2813 Χῖ,
430 2785 469 2814 29,
486 2786 524 2808 3⁰.

590 267 642 301 DE
663 267 842 308 QUINQUE
863 267 1195 304 FESTIVITATIBUS
1218 270 1338 305 PUERI
1358 271 1465 306 JESU.

1055 339 1175 372 fectum
1191 340 1268 373 honi
1281 341 1389 382 operis
1405 340 1603 382 perducitur,
1626 351 1691 383 pax
1703 342 1838 376 interior

1056 393 1260 426 reformatur.
1280 393 1351 426 Non
1369 395 1504 427 enimin
1518 404 1624 436 regno
1637 383 1760 429 anim⁶ae
1773 406 1839 438 pax

1055 446 1165 479 divina
1178 448 1260 480 bene
1275 448 1413 489 geritur,
1429 449 1559 490 quaudo
1571 459 1645 482 caro
1655 450 1794 492 spiritui,
1806 453 1839 483 et

1055 501 1185 541 spiritus
1214 501 1303 534 carni
1331 501 1525 542 reluctatum
1549 503 1681 544 quando
1704 505 1838 546 spiritus

1055 554 1272 594 solitudinem,
1291 557 1323 586 et
1344 564 1419 587 caro
1434 555 1562 588 affectat
1571 557 1835 598 multitudinem;

1055 609 1184 649 quando
1192 609 1229 649 (b)
1236 609 1385 650 spiritum
1395 609 1550 649 Christus,
1559 613 1591 642 et
1599 620 1730 644 carnem
1737 621 1837 645 mun-

1054 661 1136 700 dus;
1153 663 1283 703 quando
1297 663 1431 704 spiritus
1448 664 1566 705 quaerit
1590 665 1733 706 quietem
1758 675 1836 698 cou-

1054 716 1272 757 templationis
1285 726 1360 750 cum
1376 717 1451 758 Deo,
1468 721 1500 750 et
1512 728 1588 751 caro
1601 720 1720 761 appetit
1737 720 1838 753 hono-

1054 778 1122 802 rem
1138 771 1336 811 praelationis
1355 773 1386 804 in
1402 773 1532 805 saeculo.
1555 773 1580 805 E
1603 776 1727 814 contra,
1748 777 1835 816 post-

1053 833 1154 865 quam
1181 834 1256 858 caro
1277 827 1405 867 spiritui
1427 827 1635 869 subJ‘ugatur,
1665 830 1837 870 postquam

1054 878 1176 910 bonum
1190 888 1284 921 opus,
1302 881 1388 921 quod
1403 881 1460 912 diu
1483 891 1540 922 per
1562 890 1693 914 carnem
1706 885 1755 914 est
1771 883 1836 914 im-

1053 933 1208 973 peditum,
1225 934 1411 975 perducitur
1425 935 1465 966 ad
1480 935 1644 973 effectum,
1659 944 1722 977 pax
1737 939 1769 968 et
1782 945 1836 968 ex-

1054 986 1167 1019 ultatio
1197 988 1330 1020 interior
1354 988 1559 1020 reformatur.
1582 989 1617 1021 In
1633 989 1693 1021 ista
1715 990 1836 1022 nativi-

1054 1043 1117 1072 tate
1136 1050 1201 1073 non
1222 1041 1353 1074 auditur
1374 1042 1496 1074 clamor
1522 1043 1747 1082 lamentabilis,
1770 1052 1835 1075 non

1053 1095 1190 1127 sentitur
1210 1095 1301 1128 dolor
1320 1096 1546 1137 lacrymabilis,
1567 1106 1634 1129 non
1661 1097 1836 1140 percipitur

1052 1149 1212 1181 cruciatus
1227 1150 1433 1189 miserabilis;
1445 1149 1500 1182 sed
1513 1150 1683 1183 admiratio
1697 1151 1737 1183 de
1753 1152 1834 1184 inte-

1052 1203 1182 1244 gritate,
1198 1205 1353 1236 exultatio
1371 1204 1410 1236 de
1428 1205 1571 1237 novitate
1587 1205 1654 1244 Dei,
1669 1205 1834 1246 glorifica·

1051 1259 1095 1289 tio
1107 1258 1146 1289 de
1160 1259 1357 1290 strenuitate.
1381 1259 1405 1290 Ο
1428 1268 1528 1299 quam
1555 1259 1647 1291 beata
1669 1261 1831 1300 nativitas,

1050 1321 1150 1352 quam
1171 1315 1259 1343 tanta
1287 1313 1434 1353 sequitur
1457 1313 1653 1353 angelorum
1674 1313 1706 1345 et
1729 1313 1832 1345 homi-

1050 1375 1129 1397 num
1144 1366 1351 1406 jucunditas!
1368 1368 1392 1397 O
1408 1367 1509 1406 igitur
1523 1376 1621 1408 quam
1636 1367 1729 1399 dulce
1741 1369 1772 1399 et
1782 1367 1833 1399 de·

1049 1419 1193 1452 lectabile
1213 1423 1293 1452 esset
1315 1422 1466 1452 naturam
1489 1421 1627 1461 operari,
1658 1421 1684 1451 si
1708 1421 1833 1452 insania

1050 1483 1108 1505 nos
1123 1475 1331 1515 permitteret,
1349 1484 1414 1515 qua
1430 1477 1542 1506 sanata
1553 1475 1660 1506 statim
1679 1474 1833 1506 naturali-

1050 1528 1110 1560 bus
1125 1529 1229 1569 gratia
1244 1530 1379 1561 arridet!
1395 1529 1466 1560 lam
1482 1529 1658 1570 experitur,
1674 1529 1760 1569 quod
1775 1538 1832 1561 ve-

1049 1592 1121 1614 rum
1146 1586 1191 1614 cst
1208 1584 1284 1615 illud
1301 1584 1526 1624 evangelicum
1540 1584 1661 1615 dictum
1674 1586 1681 1601 ¹
1695 1595 1702 1615 ε
1721 1584 1831 1617 Tollite

1043 1638 1158 1678 ιφἰιῃηηι
1170 1646 1270 1670 meum
1286 1646 1383 1678 snper
1399 1646 1467 1677 vos,
1483 1642 1511 1671 et
1526 1638 1642 1671 discite
1657 1647 1678 1670 α
1692 1646 1740 1670 me
1751 1639 1830 1679 quia

1049 1693 1138 1724 mitis
1162 1701 1233 1724 sum
1261 1697 1289 1724 et
1313 1693 1447 1725 humilis
1470 1692 1576 1731 corde,
1601 1696 1630 1725 et
1656 1694 1830 1725 invenietis

1048 1748 1188 1787 requiem
1217 1747 1389 1779 animabus
1423 1748 1548 1780 restris.
1588 1748 1708 1787 ,layum
1742 1748 1829 1780 enim

1048 1810 1153 1834 meum
1167 1810 1266 1833 sucwc
1281 1806 1338 1840 est,
1355 1805 1384 1834 et
1401 1810 1481 1833 onus
1498 1809 1601 1833 meum
1620 1802 1696 1833 leve.

1088 1856 1149 1887 Sed
1165 1856 1341 1887 notandum
1362 1859 1409 1886 est
1431 1856 1493 1893 hic,
1521 1865 1540 1887 o
1564 1855 1673 1886 anima
1687 1855 1803 1888 devota
1820 1866 1827 1888 :

1046 1910 1071 1940 si
1089 1912 1118 1941 te
1134 1910 1202 1941 iia-c
1223 1909 1367 1949 jucunda
1386 1909 1518 1941 delectet
1540 1910 1705 1948 nativitas,
1733 1909 1829 1941 debes

1046 1973 1114 1995 esse
1131 1965 1235 2005 primo
1251 1964 1361 1996 Maria.
1378 1963 1458 1995 Nam
1474 1964 1584 1996 Maria
1600 1964 1828 2004 interpretatur

1045 2028 1193 2050 amarum
1210 2028 1309 2056 mare.
1323 2019 1534 2050 illuminatrix
1548 2021 1578 2049 et
1593 2018 1734 2049 domina.
1751 2017 1826 2048 Esto

1046 2083 1124 2113 ergo
1152 2082 1299 2104 amarum
1324 2082 1411 2103 mare
1435 2081 1491 2112 per
1513 2072 1724 2112 lacrymosam
1745 2080 1824 2103 con-

1045 2128 1219 2165 tritionem,
1245 2130 1279 2159 ut
1301 2136 1358 2168 pro
1382 2127 1517 2167 peccatis
1536 2126 1714 2157 commissis
1735 2134 1823 2156 ama-

1045 2182 1168 2212 rissime
1181 2181 1299 2219 doleas,
1317 2183 1353 2211 ut
1373 2180 1411 2211 de
1435 2180 1526 2210 bonis
1550 2179 1676 2210 omissis
1691 2179 1825 2220 profun-

1044 2236 1173 2266 dissime
1194 2234 1398 2275 ingemiscas,
1423 2233 1462 2264 <le
1485 2233 1597 2264 diebus
1616 2233 1771 2273 neglectis
1795 2235 1826 2264 et

1045 2290 1176 2329 perditis
1192 2290 1387 2320 incessanter
1402 2291 1431 2318 te
1445 2288 1581 2327 affligas.
1597 2287 1669 2319 Esto
1684 2287 1822 2318 secundo

1045 2343 1256 2375 illuminatrix
1274 2367 1281 2380 ,
1316 2352 1371 2382 per
1407 2342 1574 2373 honestam
1603 2341 1821 2373 conversatio-

1045 2407 1131 2433 nem,
1149 2407 1204 2437 per
1220 2397 1396 2428 virtuosam
1411 2397 1641 2437 operationem,
1657 2398 1688 2427 et
1703 2395 1821 2426 studio-

1044 2461 1112 2482 sam
1136 2451 1272 2482 aliorum
1299 2450 1330 2481 in
1354 2450 1438 2481 bono
1458 2450 1726 2481 informationem.
1749 2448 1822 2479 Esto

1045 2505 1137 2537 tertio
1159 2505 1290 2536 domina
1315 2513 1480 2542 sensuum,
1505 2503 1682 2534 carnalium
1704 2511 1822 2534 concu-

1044 2559 1272 2600 piscentiarum
1286 2582 1293 2596 ,
1322 2558 1470 2589 omnium
1500 2557 1723 2597 operationum
1750 2558 1822 2587 tua-

1045 2622 1135 2650 rum;
1158 2615 1189 2643 et
1204 2621 1316 2643 omnes
1335 2612 1474 2642 actiones
1496 2610 1673 2641 secundum
1698 2612 1823 2641 rectum

1044 2667 1203 2698 dictamen
1218 2666 1348 2697 rationis
1363 2665 1468 2702 facias,
1480 2664 1554 2695 etin
1569 2663 1720 2695 omnibus
1735 2666 1824 2694 tuam

1044 2720 1180 2751 salutem
1195 2722 1226 2751 et
1245 2719 1384 2760 proximi
1402 2718 1655 2756 aedificationem,
1681 2717 1823 2749 divinam

1077 2785 1108 2814 (a)
1125 2783 1215 2813 suppl.
1227 2783 1261 2806 in.
1278 2795 1306 2799 —
1323 2781 1356 2812 (Is)
1373 2782 1460 2812 Suppl.
1476 2781 1603 2806 sollicitat.

1841 2010 1941 2025 flm!rum

1841 2041 1909 2056 mlffi.

1877 2294 1946 2315 Maria

1839 2326 1949 2347 illumina-

1839 2358 1891 2379 trix.

1876 2456 1945 2475 M÷rin

1838 2487 1882 2509 dna
1892 2488 1936 2508 ina.
