1955 3021
1661 256 1756 281 xxvu

133 313 248 355 quaest.
259 320 316 345 xv,
331 309 441 352 Neque
452 310 522 343 loco
537 317 635 351 supra
650 308 744 341 citato
758 306 880 348 legitur
892 307 1021 341 tantum
1032 309 1227 344 casellarum
1249 319 1382 352 nomen,
1398 312 1454 345 sed
1478 313 1575 346 etiam
1589 323 1707 356 quem-a
1726 318 1758 350 et

131 372 331 415 repausatio.

147 506 164 542 §
182 506 259 534 XXII.
279 519 315 526 —
334 505 462 533 Emsrom
480 511 514 532 ns
533 503 672 531 Smmrus
691 509 890 536 APOSTOLORIJM,
911 510 961 530 νει,
979 510 1014 530 nu
1033 510 1081 538 so,
1102 510 1169 535 onon
1189 504 1332 541 Cnmsrus,
1352 514 1384 534 m·
1402 506 1544 543 Arosrou,
1563 517 1596 537 er
1614 509 1741 539 Disciruu

512 557 574 577 urus
591 556 759 577 DISCALCEATI
777 556 958 577 messer-num.
979 548 1147 585 (Prodrom.,
1168 550 1219 578 col.
1239 551 1379 587 655-656.)

173 650 202 680 1.
219 646 445 679 Desiderantur
460 646 496 677 in
505 645 567 677 hac
580 645 724 687 Epistola
737 655 856 677 nomen
872 645 1025 684 auctoris,
1042 654 1079 677 ac
1094 645 1192 678 etiam
1207 656 1329 679 nomen
1346 647 1445 689 illius,
1461 650 1514 681 cui
1530 652 1578 683 est
1592 651 1756 695 inscripta,

130 706 251 738 nedum
265 706 300 738 in
313 705 481 747 principio,
493 704 549 736 sed
563 704 660 736 etiam
672 705 708 736 in
719 705 785 737 fine
801 716 808 736 :
823 705 983 746 siquidem
998 704 1033 736 in
1046 704 1203 746 principio
1215 705 1279 745 ille,
1292 706 1332 738 ad
1348 717 1446 748 quem
1462 709 1581 751 scripta
1598 713 1657 751 est,
1674 712 1757 744 dun-

129 766 219 798 taxat
230 765 390 797 indicatur
402 764 503 797 divini
517 764 610 801 verbi
629 764 835 804 Praedicator,
859 764 938 796 dum
954 764 1071 796 dicitur
1091 775 1098 796 z
1125 776 1140 795 «
1161 764 1266 806 Super
1289 775 1327 797 eo
1344 766 1456 807 igitur,
1482 769 1568 809 quod
1593 770 1755 803 Christum

129 824 320 866 praedicasti,
335 834 350 853 n
372 824 431 855 etc.
453 823 490 855 In
508 824 574 854 fine
597 832 727 864 quoque
748 823 842 855 unice
861 823 979 855 dicitur
999 823 1174 865 Evanqelii
1199 823 1308 858 doctor
1327 828 1356 859 et
1370 829 1515 868 sectator,
1542 829 1595 860 cui
1615 829 1758 872 Scriptor

129 892 223 915 suam
233 883 365 914 exhibet
379 882 570 914 charitatem
583 882 731 922 sequenti
756 881 902 913 clausula
925 892 932 912 :
955 893 970 912 a
990 881 1053 914 Nec
1072 883 1295 924 contemptum
1315 886 1346 917 te
1369 888 1510 927 reputes,
1535 888 1622 929 quod
1644 889 1678 920 in
1698 890 1759 922 hac

129 942 271 983 Epistola
303 943 411 973 tecum
446 940 654 981 singulariter
692 940 753 972 sim
783 940 910 972 locutus
929 950 937 980 ;
974 940 1035 972 hoc
1065 941 1153 973 enim
1186 943 1268 974 mihi
1299 953 1392 977 amor
1423 945 1587 979 charitatis
1622 948 1759 989 privatae

130 1000 243 1039 suasit,
261 1011 276 1030 n
299 1001 358 1032 etc.

170 1062 201 1091 Ξ.
218 1059 413 1101 Huiusmodi
430 1058 572 1100 Epistola
587 1057 741 1090 tribuitur
757 1059 868 1090 nostro
883 1058 1122 1091 Bonaventurae
1136 1068 1156 1090 a
1169 1060 1313 1093 Mariano
1328 1060 1527 1103 Florentino,
1545 1063 1669 1096 Joanne
1687 1064 1759 1097 Tri-

128 1118 260 1159 themio,
277 1117 394 1150 Jacobo
417 1118 564 1159 Philippo
586 1117 727 1156 Foresto,
746 1118 918 1159 Anonymo
933 1118 1132 1158 pistoriensi,
1149 1121 1245 1159 atque
1264 1117 1421 1151 Gulielmo
1436 1119 1669 1161 Eysengreuio,
1683 1131 1760 1163 pro-

129 1178 251 1219 diitque
261 1178 321 1210 sub
333 1177 480 1219 eiusdem
494 1177 729 1209 Bonaventurae
746 1177 877 1209 nomine
890 1177 1001 1208 saltem
1013 1178 1053 1208 ab
1067 1187 1153 1209 anno
1166 1179 1256 1208 1484.
1275 1176 1314 1208 Et
1329 1186 1404 1209 sane
1420 1188 1526 1210 unum
1543 1180 1759 1221 eumdemque

128 1238 224 1269 fuisse
234 1237 422 1278 scriptorem
436 1237 536 1278 hujus
550 1236 714 1277 Epistolae,
732 1245 769 1267 ac
787 1236 1013 1277 Expositionis
1028 1237 1156 1277 Requloe
1170 1237 1380 1275 Minoriticoe,
1397 1237 1436 1269 de
1447 1247 1511 1278 qua
1532 1248 1630 1279 supra
1646 1241 1667 1279 ¹,
1685 1239 1760 1272 inde

128 1294 264 1333 elicitur,
280 1295 356 1336 quia
370 1294 530 1336 ipsissimo
545 1294 642 1326 modo
657 1294 692 1326 in
702 1295 850 1336 utrisque
866 1304 925 1336 per
939 1295 1062 1336 caliqas
1078 1297 1184 1327 textus
1201 1296 1393 1336 evangelici,
1414 1297 1593 1328 secuudum
1611 1297 1759 1330 Graecum

128 1355 159 1385 et
174 1353 306 1394 Papiam
320 1354 521 1395 accipiuntur
539 1353 706 1393 sandalia,
725 1362 799 1394 quae
821 1355 898 1385 sunt
921 1354 1128 1386 calceamenti
1154 1364 1259 1395 genus
1283 1355 1446 1396 quoddam
1471 1355 1609 1397 desuper
1634 1357 1760 1389 corium

128 1422 193 1444 non
207 1413 341 1453 hahens,
359 1423 396 1445 ac
409 1414 526 1445 citatur
539 1414 713 1455 utrobique
733 1413 824 1445 Plato
843 1413 1003 1454 inquiens,
1025 1425 1039 1444 «
1054 1414 1133 1445 duas
1149 1415 1351 1446 summitates
1366 1414 1510 1455 corporis
1531 1424 1597 1446 non
1612 1425 1682 1447 esse
1701 1426 1759 1448 ve-

129 1474 253 1512 landas,
266 1473 385 1504 scilicet
400 1474 522 1514 capitis
538 1475 569 1505 et
582 1474 714 1514 pedum.
730 1484 745 1503 »
763 1473 800 1504 In
813 1473 960 1505 eamdem
980 1483 1050 1505 rem
1066 1476 1179 1506 auctor
1194 1474 1252 1505 iste
1266 1473 1376 1504 laudat
1391 1473 1528 1513 Graecos,
1546 1476 1577 1506 et
1587 1474 1761 1506 Monachos

130 1532 245 1572 Indiae,
267 1533 376 1564 dicens
406 1542 414 1565 :
444 1545 459 1563 α
477 1533 579 1565 Graeci
606 1533 817 1574 praedicantes
844 1532 1064 1573 Evangelium
1085 1534 1108 1571 ²,
1130 1544 1144 1562 »
1172 1534 1232 1564 etc.
1255 1532 1385 1572 Allegat
1407 1542 1536 1574 quoque
1565 1534 1760 1574 Gregorium

130 1591 384 1632 Nazianzenum‚
414 1602 451 1624 ac
485 1593 663 1624 Eusebium
701 1591 931 1623 Caesariensem
943 1616 951 1631 ,
986 1592 1067 1624 duos
1109 1591 1350 1625 illustrissimos
1386 1593 1567 1625 Groecorum
1597 1593 1759 1633 Doctores,

128 1653 226 1692 atque
249 1651 535 1693 chrysostomum;
560 1652 638 1683 item
660 1651 810 1683 Doctores
825 1649 953 1681 Latinos
977 1650 1171 1688 Catholicos,
1195 1650 1342 1681 videlicet
1366 1650 1620 1691 Hieronymum,
1643 1653 1759 1692 Augu-

129 1711 262 1749 stinum,
280 1711 488 1751 Gregorfflm,
510 1712 706 1752 Maqistrum
722 1711 757 1741 in
774 1709 943 1748 Historia,·
959 1709 1092 1750 insuper
1116 1709 1226 1741 Vitam
1246 1710 1282 1740 Β.
1300 1709 1477 1748 Martialis,
1499 1709 1594 1742 Vitas
1613 1709 1759 1749 Petrum,

134 1769 243 1802 Vitam
265 1770 301 1801 B.
317 1770 505 1808 Frontonis,
526 1770 619 1803 Vitas
637 1769 778 1802 Marthoe
801 1771 832 1802 et
855 1768 1068 1809 Maqdalenae,
1092 1777 1128 1799 ac
1152 1777 1238 1808 saepe
1263 1768 1418 1807 Glossari,
1442 1777 1568 1800 necnon
1587 1769 1762 1810 qloriosum

133 1825 252 1860 Christi
267 1827 464 1868 siqniferum
480 1828 705 1860 Franciscum.

165 1945 181 1981 ξ
201 1945 287 1973 XXIII.
308 1960 343 1966 —
362 1946 491 1974 Emsrom
510 1954 544 1974 DE
562 1954 652 1975 Tamus
673 1947 872 1980 Quffisuosmus
891 1954 926 1974 An
944 1946 1097 1974 Msmsmum
1116 1953 1304 1974 muoinmrum.
1323 1945 1489 1982 (Prodrom.,
1509 1946 1559 1974 col.
1582 1946 1724 1982 656-657.)

173 2036 201 2065 1.
218 2033 323 2074 Hujus
339 2033 501 2075 Epistolae,
517 2043 592 2075 quae
609 2033 706 2066 etiam
725 2035 955 2075 Defensorium
969 2035 1098 2076 Requloe
1113 2034 1309 2073 inscribitur,
1327 2036 1493 2066 auctorem
1507 2044 1575 2066 esse
1590 2034 1760 2066 Bonaven-

130 2094 237 2124 turam
252 2094 408 2124 testantur
423 2093 660 2133 antiquissimae
678 2093 851 2132 Editiones,
869 2093 997 2125 Codices
1021 2093 1243 2134 manuscripti,
1267 2103 1303 2124 ac
1328 2092 1598 2132 Nomenclatores,
1624 2093 1761 2125 demon-

131 2153 273 2192 stratque
288 2151 395 2192 ipsum
410 2152 556 2192 ejusdem
575 2151 709 2183 initium
728 2163 735 2183 :
753 2152 962 2185 Innomi'nato
980 2153 1136 2193 Magistro
1152 2154 1270 2186 Frater
1285 2153 1528 2185 Beneventum.
1550 2153 1589 2184 Ut
1608 2153 1761 2185 affectum

130 2220 228 2242 suum
243 2220 320 2250 erga
335 2211 523 2251 hujusmodi
535 2211 729 2251 Magistrum
744 2211 915 2251 significet,
931 2220 1008 2242 mox
1022 2211 1062 2242 ab
1077 2212 1210 2243 exordio
1225 2212 1317 2243 illum
1334 2212 1502 2253 alloquens
1517 2212 1562 2243 ait
1577 2221 1584 2243 :
1605 2224 1619 2241 «
1638 2212 1760 2253 Propo-

130 2268 193 2306 nis,
216 2269 420 2308 charissime,
442 2280 456 2298 >›
480 2271 539 2300 etc.
565 2269 649 2301 Tum
669 2270 782 2301 eodem
803 2269 920 2301 affectu
940 2270 1049 2310 pergit
1071 2281 1077 2301 :
1104 2282 1118 2300 (‹
1142 2270 1236 2309 Audi,
1263 2270 1459 2310 charissime,
1488 2282 1503 2300 ι)
1534 2273 1593 2302 etc.
1620 2271 1760 2312 Denique

131 2327 250 2359 claudit
262 2327 437 2368 Epistulam
454 2337 461 2358 ε
484 2338 499 2357 ε(
515 2327 618 2367 Rogo,
636 2327 837 2369 charissime,
853 2340 867 2358 n
881 2331 940 2360 etc.

171 2388 200 2418 2.
218 2386 267 2418 Ex
281 2387 314 2427 ly
331 2397 338 2419 z
354 2386 391 2418 sz·
405 2387 567 2420 vocaverit
583 2389 622 2426 te,
639 2395 704 2420 non
725 2396 860 2428 recuses,
880 2388 987 2429 palam
1001 2389 1050 2419 est
1072 2387 1264 2428 Magistrum
1281 2388 1374 2420 illum
1394 2389 1538 2421 nondum
1560 2389 1656 2420 fuisse
1681 2389 1758 2420 Fra-

131 2448 213 2478 trem
244 2446 414 2483 Minorem;
443 2445 677 2485 quadamtenus
700 2448 810 2478 tamen
836 2447 876 2478 ad
900 2446 1061 2478 Minorum
1087 2445 1238 2478 Ordinem
1263 2448 1433 2479 inclinasse
1457 2458 1522 2480 non
1546 2449 1755 2489 negaverim,

131 2505 281 2545 quamvis
300 2505 405 2536 adhuc
425 2504 619 2545 quibusdam
641 2506 837 2537 detineretur
855 2505 1105 2546 impedimentis,
1132 2506 1308 2546 quominus
1329 2507 1479 2538 cumdem
1499 2507 1757 2547 amplecteretur.

133 2563 221 2595 Unde
235 2564 462 2596 Bonaventura
477 2564 594 2604 satagit
608 2565 663 2596 illa
678 2566 839 2606 expedire,
856 2567 893 2597 ut
907 2565 947 2597 ad
957 2565 989 2596 id
1004 2564 1086 2595 nihil
1099 2564 1235 2603 obesset,
1253 2566 1331 2603 sive,
1350 2568 1387 2596 ut
1404 2566 1444 2597 ad
1464 2567 1613 2598 eumdem
1629 2566 1760 2607 Anony-

132 2631 222 2653 mum
236 2623 391 2663 loquitur,
411 2631 476 2656 non
495 2626 628 2665 propter
645 2624 701 2657 hoc
721 2624 946 2658 retraheretur.
968 2624 1076 2662 Quum
1096 2624 1204 2654 autem
1222 2623 1255 2654 in
1270 2625 1398 2655 vetusto
1413 2624 1524 2656 Codice
1539 2625 1758 2665 manuscripto

133 2681 218 2722 apud
234 2681 451 2722 Waddingum
467 2682 520 2714 ille
534 2683 755 2715 innominatus
771 2683 921 2724 Magister
938 2684 1061 2715 dicatur
1082 2683 1220 2723 Roqerus
1241 2682 1371 2715 Bachon
1396 2684 1554 2725 Anylicus
1569 2685 1590 2724 ³,
1617 2695 1654 2716 ac
1676 2685 1758 2716 inter

166 2776 173 2792 ¹
189 2776 212 2806 ἓ.
229 2782 273 2807 xx,
289 2783 350 2808 pag.
367 2783 428 2802 xxv.
447 2791 473 2795 -
491 2778 498 2792 ²
514 2779 582 2809 Vid„
598 2786 656 2810 pag.
676 2780 732 2810 625,
753 2779 802 2804 col.
822 2781 843 2805 I.
859 2794 890 2798 —
908 2780 919 2797 ³
935 2781 971 2805 De
986 2780 1080 2810 Scrz'pt.
1097 2778 1157 2803 (ml.
1173 2778 1248 2807 Min„
1261 2785 1318 2810 pag.
1335 2780 1374 2810 68,
1392 2779 1441 2804 col.
1464 2782 1484 2804 1.
