2029 3052
669 206 722 240 ET
743 206 1035 241 CONFESSIONES
1056 208 1247 242 AUDIANT.

150 274 228 306 tiam
251 283 360 316 agere,
381 276 474 316 cujus
496 284 570 317 pars
591 277 639 308 est
665 276 821 308 confessio
844 276 928 308 facta

150 328 315 360 sacerdoti.
332 328 422 361 Unde
435 329 572 362 Joannes
585 329 661 362 dicit
675 330 705 362 ¹:
719 329 756 363 Sz'
773 330 926 370 confitea-

150 389 243 421 mur,
266 383 326 414 etc.
365 382 445 414 Cum
473 392 552 424 ergo
574 383 732 424 poenitens
755 384 928 416 confltetur

150 434 254 474 nobis,
272 437 303 467 et
317 435 514 469 absolvimus
528 446 604 469 eum
618 437 806 470 auctoritate
821 437 928 469 Domi-

149 488 184 520 ni
198 489 306 530 Papae,
331 490 382 522 vel
399 491 556 532 episcopi,
574 501 639 524 non
661 493 788 524 tenetur
809 492 927 524 iterum

149 551 169 574 a
183 542 319 583 plebano
337 553 397 576 suo
417 545 457 577 de
480 545 600 578 eisdem
623 545 766 585 absolvi,
791 555 867 578 cum
886 546 928 578 sit

149 596 315 629 absolutus
327 608 336 636 ;
357 598 413 630 sed
435 600 566 640 propter
589 600 745 632 statutum
765 599 926 640 Ecclesiae‚

150 659 215 692 quo
229 651 362 692 quilibet
376 652 475 684 semel
495 653 535 686 ad
559 653 667 685 minus
686 654 722 685 in
736 662 820 685 anno
831 653 928 694 jube-

151 707 206 737 tur
220 707 364 738 confiteri
377 707 488 739 omnia
507 710 635 749 peccata
652 717 711 740 sua
731 709 861 750 proprio
875 718 927 740 sa-

152 760 269 792 cerdoti
280 785 288 800 ,
304 761 391 801 quod
405 761 548 803 plerique
566 763 709 794 referunt
723 763 763 794 ad
776 762 929 804 plebanos

152 814 347 855 specialiter,
371 815 464 847 debet
478 816 527 856 ei,
544 816 572 847 si
586 817 674 856 velit,
699 817 818 848 iterum
834 818 929 848 confi-

151 869 222 907 teri,
238 877 279 900 ne
293 869 532 908 scandalizetur,
549 871 580 901 et
593 872 630 902 ut
644 871 760 902 melius
774 873 929 911 agnoscat

151 931 228 954 eum
239 946 249 962 ‚
266 923 292 954 si
306 923 426 963 dignus
441 924 499 963 sit,
523 924 577 955 cui
598 933 714 965 corpus
736 925 852 956 Christi
875 925 928 956 de-

151 977 225 1008 beat
242 977 421 1017 porrigere,
439 977 491 1009 vel
504 987 646 1018 negare,
661 979 724 1010 nisi
743 978 781 1010 de
802 979 930 1010 licentia

153 1031 223 1071 eius
241 1031 332 1062 alteri
354 1032 395 1063 sit
417 1032 592 1072 confessus,
608 1032 659 1064 vel
673 1035 781 1064 ratum
800 1033 926 1072 habeat,

153 1085 180 1116 si
195 1085 386 1117 estfactum.
404 1085 443 1117 Et
461 1086 522 1117 hoc
536 1086 575 1118 de
590 1086 641 1117 his
655 1086 799 1127 plebanis
813 1086 931 1118 intelli-

154 1139 309 1179 gendum,
325 1139 381 1180 qui
394 1139 470 1171 boni
485 1141 516 1171 et
529 1140 635 1171 idonci
646 1140 808 1179 videntur,
824 1142 861 1172 ut
873 1149 931 1172 su-

152 1201 210 1233 pra
224 1192 345 1223 dictum
359 1194 416 1232 est,
437 1202 503 1224 non
522 1193 560 1225 de
576 1193 646 1225 aliis
660 1194 716 1235 qui
728 1195 783 1235 jus
796 1204 861 1226 non
876 1195 933 1226 ha-

151 1246 228 1278 bent
250 1247 284 1278 in
310 1247 467 1287 ecclesiiS,
490 1248 542 1280 vel
562 1249 602 1280 ad
630 1258 710 1289 quos
733 1250 852 1282 subditi
873 1259 932 1291 pro

152 1301 347 1333 confessione
361 1302 510 1334 accedere
524 1303 749 1343 prohibentur.

195 1354 233 1387 Ut
247 1357 355 1387 autem
375 1356 503 1397 planius
522 1357 655 1398 liqueat,
671 1358 705 1389 in
719 1358 836 1399 quibus
851 1359 931 1389 casi-

153 1409 229 1449 buS,
245 1409 296 1442 vel
319 1419 384 1450 qua
408 1410 513 1442 forma
538 1411 648 1442 fratres
674 1412 796 1452 possint
821 1412 933 1444 audire

154 1463 382 1503 confessiones,
408 1465 557 1505 quaedam
576 1474 689 1496 eorum
701 1489 711 1505 ,
735 1475 808 1506 quae
834 1475 933 1506 supe-

153 1517 223 1548 rius
237 1517 337 1558 posita
351 1519 438 1557 sunt,
455 1519 514 1550 sub
529 1519 716 1559 compendio
732 1521 932 1559 repetantur.

194 1571 273 1603 Cum
287 1581 345 1612 pro
359 1572 493 1604 diversis
508 1573 611 1604 causis
625 1573 816 1614 aliquotiens
833 1584 933 1614 expe-

153 1625 219 1657 diat
232 1626 378 1657 subditos
398 1626 610 1666 plebanorum
630 1628 728 1658 etiam
743 1628 813 1659 aliis
826 1638 930 1660 sacer-

153 1682 281 1714 dotibus
295 1682 450 1722 confiteri,
467 1685 504 1714 ut
519 1684 700 1724 promptius
714 1684 880 1716 inveniant
895 1685 934 1716 ad

154 1745 234 1776 quos
250 1739 426 1776 recurrant,
445 1737 534 1768 missi
546 1740 622 1768 sunt
638 1738 750 1769 fratres
760 1739 936 1779 specialiter

156 1792 191 1822 ut
211 1791 245 1821 in
265 1791 320 1821 tali
341 1792 526 1823 necessitate
556 1792 706 1823 fidelibus
734 1795 933 1833 succurrant,

156 1844 196 1876 ad
211 1844 271 1875 hoc
286 1854 305 1875 a
321 1844 400 1876 Sede
419 1845 598 1885 Apostolica
613 1846 772 1878 destinati.

65 1910 143 1930 causa
197 1898 327 1930 Primus
342 1907 450 1930 casus:
469 1908 543 1930 cum
558 1909 597 1930 ex
614 1900 731 1939 regula
755 1902 864 1932 nostra
878 1911 934 1942 ap-

36 1941 141 1998 ξζξξῗζ,
157 1952 305 1993 probata,
333 1954 365 1983 et
388 1953 577 1984 confirmata
601 1962 620 1984 a
641 1953 721 1985 Sede
741 1954 934 1994 Apostolica,

35 2003 141 2030 peame-
156 2007 252 2037 etiam
284 2007 465 2046 injunctum
495 2007 672 2038 habeamus
703 2008 936 2048 praedicationis

42 2034 133 2101 iiii-{³0⁵3
156 2060 308 2099 officium,
325 2069 365 2091 ne
379 2060 502 2092 fructus
512 2061 747 2101 praedicationis
762 2062 869 2093 inanis
882 2063 934 2101 sit,

36 2102 142 2149 Εῗὲἶῖιῗέῑ
156 2122 327 2154 possumus
342 2123 382 2144 ex
396 2114 570 2154 privilegio
585 2114 769 2155 apostolico,
785 2115 843 2146 ubi
855 2125 935 2156 prae-

34 2160 143 2217 Βξζέζξῗεῖ
157 2167 320 2205 dicamus,
340 2168 435 2199 etiam
459 2168 671 2199 confessiones
700 2169 937 2210 requirentium

36 2221 143 2273 cflffiuisfl
158 2223 235 2252 tunc
249 2221 370 2260 audire,
388 2224 419 2253 et
433 2222 608 2261 absolvere,
623 2232 660 2254 ac
671 2223 875 2263 poenitentias
890 2223 937 2254 in-

45 2260 140 2311 {Iussum
155 2276 306 2316 Jungere,
322 2276 511 2307 auctoritate
526 2276 652 2307 Domini
665 2276 772 2317 Papae.

37 2322 94 2369 ΞΪῘΘ,
103 2321 143 2336 ‘²¹¹¹‘
199 2329 377 2361 Secundus:
390 2340 465 2362 cum
476 2330 515 2361 ab
531 2330 687 2371 episcopis
696 2331 843 2363 similiter
855 2341 938 2363 com-

158 2383 294 2414 missum
329 2383 506 2414 habeamus
540 2384 744 2416 confessionis
776 2386 934 2425 officium,

159 2447 223 2470 non
241 2438 347 2469 solum
369 2438 407 2469 de
429 2439 678 2477 communibus,
700 2439 754 2470 sed
780 2440 876 2471 etiam
900 2440 938 2471 de

160 2491 352 2532 specialibus
383 2493 509 2524 casibus
540 2493 579 2524 ad
604 2493 687 2533 ipsos
712 2495 936 2534 spectantibus,

161 2554 332 2585 possumus
353 2546 533 2586 absolvere,
551 2547 647 2587 juxta
662 2547 798 2578 sormam
815 2549 938 2579 confes-

161 2599 260 2630 sionis
273 2600 428 2640 ipsorum,
440 2609 506 2631 non
516 2602 641 2632 tantum
655 2601 763 2640 laicOS,
776 2602 830 2633 sed
841 2602 938 2633 etiam

163 2652 292 2683 clericos
307 2654 497 2693 indigentes

198 2715 202 2729 ¹
218 2715 224 2738 l
240 2715 322 2745 Joan„
338 2722 355 2745 ι,
373 2718 396 2740 9.

1705 215 1764 244 549

1024 276 1161 317 Tertius,
1178 285 1252 309 cum
1267 277 1424 318 plebanus
1442 278 1582 310 licentiat
1600 279 1765 311 subditum

983 339 1092 370 suum,
1108 332 1146 362 ut
1160 331 1252 363 nobis
1262 331 1463 372 confiteatur,
1482 332 1530 365 vel
1545 334 1653 366 ratum
1670 333 1767 366 habet

984 384 1070 425 quod
1084 385 1204 416 factum
1219 387 1278 417 est.

1025 437 1175 478 Quartus,
1184 448 1259 470 cum
1270 447 1327 480 pro
1339 439 1613 480 superabundanti
1626 441 1763 480 cautela,

983 491 1036 524 vel
1049 492 1174 524 meliori
1189 492 1321 524 consilio
1330 516 1340 531 ,
1361 493 1458 524 etiam
1471 493 1543 525 vult
1558 493 1649 525 alteri
1663 495 1763 526 confi-

983 545 1055 584 teri,
1072 545 1124 578 vel
1145 555 1186 577 ex
1210 546 1397 586 devotione,
1413 556 1513 588 quam
1535 556 1595 579 suo
1614 547 1761 588 plebano.

1024 599 1180 638 Quintus:
1197 610 1272 632 cum
1287 601 1359 642 quis
1375 604 1513 642 vagatur
1522 611 1579 643 per
1589 604 1701 642 terras,
1711 611 1766 643 po-

984 655 1047 685 test
1065 653 1195 685 interim
1213 654 1283 686 aliis
1306 656 1466 695 confiteri,
1488 656 1566 688 dum
1586 665 1684 688 suum
1699 665 1766 688 non

984 708 1081 739 habet
1094 708 1302 740 sacerdotem.

1025 761 1152 800 Sextus,
1168 762 1201 793 in
1215 762 1350 795 articulo
1359 763 1564 802 necessitatis,
1580 763 1658 796 dum
1673 764 1766 796 timet

985 816 1079 854 mori,
1095 818 1126 847 et
1139 825 1237 848 suum
1251 826 1317 849 non
1329 817 1425 849 habet
1439 818 1648 850 sacerdotem.

1026 869 1199 911 Septimus,
1212 861 1285 902 cum
1294 871 1439 903 sacerdos
1449 871 1587 912 alicujus
1597 873 1644 902 est
1654 871 1764 909 idiota,

985 933 1045 955 nec
1068 924 1125 955 scit
1146 925 1180 956 in
1194 926 1382 957 necessariis
1406 925 1501 957 saluti
1525 935 1600 958 eum
1624 935 1768 966 congrue

987 979 1150 1020 expedire.

1028 1032 1183 1064 Octavus:
1196 1042 1270 1064 cum
1281 1035 1328 1064 est
1341 1033 1485 1065 notorius
1496 1033 1680 1073 fornicator,
1692 1035 1770 1065 tunc

987 1087 1107 1118 subditi
1121 1096 1185 1118 non
1200 1087 1315 1118 debent
1334 1087 1374 1118 ab
1389 1096 1427 1118 eo
1441 1089 1640 1119 sacramenta
1654 1088 1764 1129 requi-

988 1150 1069 1172 rere.

1028 1195 1138 1227 Nonus
1155 1207 1162 1227 z
1187 1205 1262 1227 cum
1288 1196 1457 1228 consuevit
1476 1196 1620 1227 revelare
1646 1199 1767 1227 secreta

988 1250 1214 1289 confessionis,
1232 1250 1350 1282 subditi
1371 1259 1436 1282 non
1459 1252 1610 1282 tenentur
1625 1250 1654 1282 ei
1668 1250 1771 1282 confi-

988 1304 1059 1343 teri,
1077 1303 1133 1344 qui
1148 1304 1210 1335 hoc
1221 1304 1346 1335 timent.

1029 1358 1177 1389 Decimus
1190 1370 1197 1389 :
1209 1367 1283 1390 cum
1298 1358 1332 1389 in
1346 1357 1543 1389 confessione
1557 1357 1636 1389 solet
1646 1358 1770 1398 aliquos

988 1412 1029 1443 ad
1043 1414 1207 1452 peccatum
1222 1411 1372 1443 inducere
1384 1435 1392 1451 ‚
1409 1411 1456 1442 illi
1469 1421 1536 1442 non
1552 1411 1668 1443 debent
1681 1420 1772 1443 acce-

989 1465 1062 1497 dere
1078 1466 1117 1497 ad
1132 1475 1226 1504 eum,
1243 1467 1372 1506 propter
1392 1465 1572 1505 periculum
1588 1465 1770 1506 utriusque.

1031 1519 1223 1550 Undecimus
1233 1543 1241 1557 ,
1256 1528 1330 1550 cum
1345 1529 1409 1551 non
1424 1519 1477 1550 dat
1492 1519 1628 1550 subditis
1646 1520 1771 1560 copiam

990 1575 1116 1614 integre
1140 1573 1313 1605 confitendi
1324 1597 1334 1612 ,
1349 1576 1380 1605 et
1401 1583 1466 1605 non
1485 1575 1638 1606 informat
1660 1584 1714 1606 eos
1734 1575 1773 1606 de

990 1628 1041 1659 his
1053 1628 1172 1668 quibus
1188 1628 1333 1667 indigent
1347 1627 1387 1658 ad
1402 1627 1551 1659 salutem.

1030 1681 1262 1713 Duodecimus:
1276 1682 1302 1712 si
1313 1682 1459 1713 sacerdos
1473 1684 1522 1713 est
1536 1683 1576 1714 ab
1592 1682 1695 1714 officio
1706 1691 1774 1714 sus-

990 1746 1111 1778 pensus
1125 1746 1144 1767 a
1155 1737 1280 1777 judice,
1298 1737 1350 1769 vel
1366 1747 1385 1768 a
1395 1738 1490 1777 jure,
1507 1739 1583 1768 tunc
1597 1747 1655 1768 nec
1672 1739 1774 1778 potest

991 1792 1127 1831 solvere,
1144 1800 1202 1822 nec
1213 1791 1329 1831 ligare.

1036 1845 1181 1876 Decimus
1205 1845 1335 1883 tertius,
1353 1845 1379 1875 si
1393 1847 1441 1876 est
1455 1845 1562 1886 aliqua
1585 1846 1700 1886 maJ'ori
1715 1855 1774 1876 ex-

991 1899 1280 1931 communicatione
1303 1899 1444 1938 ligatus»,
1468 1899 1543 1939 quia
1563 1909 1629 1931 non
1659 1900 1775 1931 debent

990 1957 1067 1985 tunc
1079 1954 1198 1984 subditi
1213 1953 1453 1984 communicare
1468 1953 1497 1984 ei
1514 1963 1587 1993 quae
1602 1954 1717 1984 sciunt.

1032 2008 1180 2039 Decimus
1195 2009 1330 2047 quartus
1347 2018 1353 2038 ;
1370 2007 1425 2047 qui
1440 2010 1487 2038 est
1499 2007 1607 2048 aliqua
1622 2007 1776 2047 irregula-

994 2063 1086 2093 ritate
1102 2061 1287 2101 perplexus,
1304 2063 1381 2092 tunc
1391 2070 1457 2092 non
1465 2063 1568 2101 potest
1578 2061 1695 2102 exequi
1706 2062 1774 2092 osti-

992 2116 1079 2147 cium
1095 2115 1263 2155 pastorale.

1033 2170 1179 2201 Decimus
1202 2169 1335 2209 quintus
1351 2178 1358 2199 :
1377 2168 1403 2199 si
1424 2170 1471 2199 est
1486 2177 1653 2208 perversor
1668 2177 1773 2199 sacra-

993 2227 1188 2262 mentorum,
1205 2222 1345 2254 vendens
1360 2232 1397 2253 ea
1412 2231 1470 2263 pro
1481 2222 1683 2261 muneribus,
1696 2225 1773 2254 tunc

992 2281 1039 2310 est
1054 2286 1228 2318 suspensus
1243 2279 1274 2308 et
1288 2277 1430 2308 infamis.

1033 2333 1179 2364 Decimus
1195 2333 1304 2362 sextus
1315 2355 1323 2369 ,
1340 2330 1366 2361 si
1382 2332 1468 2361 tenet
1482 2331 1648 2362 ecclesiam
1663 2332 1774 2362 contra

992 2388 1110 2418 statuta
1124 2394 1296 2423 canonum,
1312 2387 1389 2416 tunc
1403 2385 1490 2415 enim
1505 2385 1630 2415 nullum
1643 2386 1699 2424 ,ius
1712 2385 1773 2415 ha-

994 2441 1046 2471 bet
1060 2441 1092 2471 in
1108 2449 1155 2478 ea,
1172 2441 1207 2470 ut
1222 2439 1408 2478 illegitimus
1419 2463 1426 2477 ‚
1444 2439 1651 2477 simoniacus,
1668 2441 1700 2470 et
1714 2439 1774 2469 ha-

993 2495 1071 2525 bens
1081 2503 1180 2524 unam
1191 2493 1366 2529 ecclesiam,
1377 2492 1402 2522 si
1413 2492 1524 2532 recipit
1535 2492 1667 2523 alteram
1679 2503 1686 2523 ε
1699 2496 1775 2524 tunc

994 2549 1079 2580 enim
1091 2549 1178 2588 prior
1190 2549 1291 2585 vacat,
1307 2547 1401 2586 etqui
1413 2556 1469 2586 per
1479 2546 1623 2577 fraudem
1639 2547 1771 2586 obtinet,

995 2602 1045 2634 vel
1067 2601 1221 2633 violenter
1244 2601 1357 2638 intrat,
1381 2600 1432 2631 vel
1455 2609 1519 2631 non
1536 2600 1648 2640 recipit
1664 2610 1733 2631 cam
1755 2610 1774 2631 a

995 2665 1060 2696 quo
1076 2655 1178 2686 debet.

1036 2709 1183 2740 Decimus
1207 2708 1379 2749 septimus,
1406 2707 1432 2738 si
1451 2710 1498 2739 est
1518 2708 1657 2740 vicarius
1677 2708 1772 2746 illius,
