2029 3052
422 382 528 436 DE
600 381 1177 436 PAUPERTATE
1249 380 1605 436 CHRISTI

585 513 777 554 CONTRA
805 513 1090 555 MAGISTRUM
1119 508 1431 555 GUILELMUM'

843 784 870 820 A
880 783 938 819 RG
947 783 972 819 U
981 783 1013 819 M
1023 782 1047 819 E
1056 783 1082 819 N
1091 783 1115 819 T
1126 783 1150 819 U
1159 783 1191 820 M

888 864 942 901 (Eae
955 864 1019 892 edit.
1034 863 1140 899 Vatia.)

253 945 424 979 Tractatus
439 945 499 979 iste
513 945 553 979 de
574 948 765 991 paupertate
779 945 901 979 Christi
922 945 1004 978 duas
1026 944 1223 990 quaestiones
1245 944 1391 978 continet
1419 956 1426 977 :
1453 944 1590 977 alteram
1611 943 1651 977 de
1677 955 1818 989 pauper-

207 1007 273 1037 tate
287 1030 295 1046 ‚
312 1003 348 1037 in
363 1003 445 1037 duos
460 1004 614 1037 articulos
629 1004 767 1037 divisam
782 1017 790 1046 ;
814 1003 950 1037 alteram
966 1003 1006 1036 de
1028 1003 1229 1048 pauperibus
1251 1002 1370 1035 validis
1395 1002 1559 1047 praecipue
1583 1002 1793 1046 regularibus
1807 1029 1815 1044 ,

207 1073 250 1095 an
267 1062 306 1095 ad
322 1074 421 1107 opera
444 1062 614 1096 manualia
628 1062 693 1095 sint
714 1062 848 1095 astricti.
875 1062 963 1102 Quas
981 1061 1116 1106 quidem
1142 1060 1339 1106 quaestiones
1362 1060 1408 1094 ita
1431 1060 1639 1102 determinat,
1656 1063 1694 1093 ut
1714 1059 1819 1104 Magi-

207 1124 313 1154 strum
327 1121 532 1154 Guilelmum
547 1120 774 1154 adversarium
789 1120 975 1162 convincat,
993 1123 1025 1153 et
1039 1120 1211 1153 veritatem
1228 1122 1338 1164 aperte
1351 1119 1562 1153 demonstret.
1579 1118 1664 1152 Nam
1680 1129 1818 1163 pauper-

206 1182 305 1212 tatem
319 1205 327 1221 ‚
352 1182 418 1212 tam
447 1178 555 1224 quoad
581 1177 903 1211 abrenuntiationem
919 1204 927 1220 ‚
956 1189 1057 1223 quam
1086 1177 1196 1223 quoad
1225 1177 1470 1210 mendicitatem
1484 1203 1492 1219 ‚
1518 1177 1558 1210 ad
1587 1175 1819 1222 perfectionem

207 1237 372 1282 pertinere,
386 1237 479 1270 docte
495 1243 527 1270 et
543 1236 670 1270 erudite
685 1236 838 1270 ostendit.
856 1236 911 1269 Est
925 1240 1036 1269 autem
1053 1235 1114 1269 hoe
1128 1235 1339 1281 Opusculum
1360 1235 1446 1268 inter
1460 1239 1575 1269 caetera
1596 1235 1630 1269 S.
1651 1234 1823 1268 Bonaven-

207 1299 291 1328 turae
307 1307 326 1329 a
341 1295 523 1329 Trithemio
535 1298 824 1337 connumeratum,
841 1294 970 1337 eodem,
987 1306 1054 1339 quo
1066 1294 1119 1327 hic
1134 1294 1338 1336 inscribitur,
1355 1293 1466 1327 titulo.

432 1549 606 1590 QUAESTIO
630 1549 764 1589 PRIMA.

249 1639 387 1677 Quaestio
401 1642 447 1670 est
461 1639 500 1670 de
516 1641 712 1679 paupertate.

249 1694 286 1725 Et
301 1697 494 1734 quaeruntur
511 1694 586 1724 duo.

250 1748 371 1786 Primo,
388 1747 546 1787 quaeritur
560 1746 598 1777 de
617 1749 812 1787 paupertate,
830 1750 987 1787 quantum

208 1803 247 1834 ad
264 1802 585 1833 abrenuntiationem.

250 1855 406 1894 Secundo,
423 1857 581 1895 quantum
596 1854 635 1885 ad
651 1854 926 1886 mendicationem.

376 1966 618 2000 ARTICULUS
644 1966 819 1999 PRIMUS.

242 2050 280 2077 De
297 2050 459 2084 paupertate
478 2049 608 2082 quantum
628 2047 664 2074 ad
686 2047 952 2074 ‹ibrenwzttationem.

251 2125 339 2155 Circa
354 2123 496 2163 primum
514 2123 557 2153 sie
573 2122 764 2162 proceditur,
775 2125 805 2153 et
820 2124 988 2163 quaeritur,

212 2179 320 2208 utrum
337 2177 519 2207 christianae
546 2176 745 2216 perfectionis
769 2176 808 2206 sit
830 2176 989 2207 abrenun-

211 2231 292 2262 tiare
311 2230 473 2267 omnihus,
500 2230 612 2260 tamin
637 2229 812 2266 communi,
833 2239 930 2269 quam
958 2230 990 2260 in

212 2285 348 2325 privato.
367 2284 404 2314 Et
418 2284 501 2323 quod
513 2284 556 2314 sic
572 2284 699 2314 videtur
713 2284 745 2314 in
762 2284 922 2322 Matlltoeo,
935 2284 991 2314 ubi

212 2338 326 2369 dieitur
344 2338 354 2355 ²
378 2348 385 2368 :
415 2338 450 2368 St
472 2339 522 2368 vis
551 2338 710 2376 perfectus
736 2345 814 2375 esse,
842 2337 935 2374 vade,
961 2341 991 2369 et

211 2391 312 2423 vende
327 2391 437 2423 omnia
452 2398 523 2430 quoe
546 2390 653 2429 liabes;
676 2394 703 2422 et
719 2391 762 2422 da
784 2391 990 2430 pauperibus,

212 2448 241 2477 et
253 2445 339 2483 veni,
358 2452 485 2484 sequere
504 2451 561 2475 me.
580 2443 705 2474 Glossa:
728 2456 740 2471 α
756 2444 834 2474 Ecce
855 2447 992 2475 oontem-

212 2497 341 2537 plativa‚
357 2507 429 2537 quse
443 2497 482 2527 ad
497 2497 710 2535 Evangelium
723 2498 868 2536 pertinet.
888 2508 901 2525 »
917 2498 993 2528 Con-

212 2554 271 2582 stat
296 2552 380 2591 quod
404 2552 555 2582 Dominus
580 2551 677 2581 istum
704 2551 743 2580 ad
769 2551 897 2581 divitias
926 2561 992 2582 non

247 2651 253 2667 ¹
271 2650 314 2680 Cf.
334 2650 399 2674 Edit.
423 2650 565 2681 Argentin„
587 2656 629 2673 an.
652 2650 725 2679 1495,
745 2651 786 2679 15,
806 2652 869 2680 part.
890 2651 913 2679 {3
932 2651 991 2675 edit.

214 2687 299 2716 Rom„
318 2693 359 2710 an.
384 2687 456 2716 1596,
477 2688 539 2709 tom.
559 2686 618 2716 vn,
635 2687 698 2716 part.
722 2685 762 2715 tV,
781 2692 838 2716 pag.
855 2687 915 2716 :5573
933 2686 992 2711 edit.

215 2722 290 2754 νου.)
317 2729 358 2746 an.
385 2723 459 2752 1811,
488 2723 525 2751 17,
548 2723 611 2746 tom.
635 2722 656 2751 13
679 2721 738 2745 edit.
760 2721 834 2753 Ven.,
854 2729 895 2747 an.
924 2723 992 2752 1754,

1043 1533 1187 1572 vocabat,
1199 1535 1230 1564 et
1242 1535 1346 1564 tamen
1358 1534 1542 1565 renuntiare
1551 1534 1700 1565 omnibus
1710 1544 1821 1566 consu-

1043 1587 1142 1625 lebat3
1163 1597 1220 1618 nec
1235 1588 1273 1618 ad
1297 1596 1393 1628 opera
1410 1588 1571 1619 manualia
1585 1612 1591 1624 ‚
1608 1588 1673 1619 imo
1689 1589 1728 1619 ad
1745 1597 1821 1619 con-

1044 1640 1281 1680 tempiutivam,
1311 1641 1393 1671 sicut
1415 1641 1489 1672 dicit
1507 1641 1625 1672 Glossa.
1646 1641 1740 1681 Ergo,
1757 1644 1817 1672 etc,

1085 1694 1162 1725 Item
1185 1694 1302 1724 ibidem
1319 1694 1434 1724 dicitur
1448 1695 1458 1711 ³
1477 1706 1482 1724 :
1506 1695 1583 1726 Ecce
1605 1703 1664 1726 nos
1684 1694 1819 1734 reliqui-

1044 1755 1115 1779 mus
1130 1748 1237 1779 omnia
1253 1756 1263 1778 .·
1280 1747 1334 1777 ubi
1349 1747 1424 1778 dicit
1441 1747 1548 1778 Glossa
1563 1759 1569 1778 :
1595 1759 1608 1777 α
1623 1747 1723 1778 Tanta
1737 1757 1756 1778 a
1771 1757 1821 1778 se-

1044 1801 1215 1841 quentibus
1230 1801 1327 1831 missa
1344 1801 1381 1840 (a)
1402 1803 1487 1839 sunt,
1512 1803 1632 1841 quanta
1646 1811 1665 1832 a
1686 1810 1750 1832 non
1776 1811 1821 1833 se-

1045 1854 1217 1894 quentibus
1232 1854 1410 1894 concupisci
1423 1856 1605 1894 potuerunt.
1616 1866 1630 1883 n
1645 1854 1731 1894 Ergo
1747 1864 1818 1895 per-

1045 1908 1123 1939 secta
1147 1908 1280 1938 imitatio
1302 1908 1440 1938 totaliter
1460 1908 1622 1947 extinguit
1643 1909 1820 1948 appetitum

1045 1961 1229 1992 divitiarum
1247 1972 1253 1992 :
1272 1961 1325 1992 sed
1340 1961 1408 1992 liaee
1422 1961 1572 1992 extinctio
1592 1962 1754 2002 potissime
1774 1965 1822 1993 est

1046 2015 1078 2045 in
1093 2024 1141 2053 eo,
1163 2015 1216 2055 qui
1233 2015 1434 2046 abrenuntiat
1451 2015 1600 2046 omnibus
1617 2026 1623 2045 :
1644 2024 1735 2054 ergo,
1760 2017 1819 2046 etc.

1088 2068 1166 2099 item
1183 2069 1327 2100 Salvator
1341 2070 1383 2099 ait
1395 2070 1404 2085 ⁵
1423 2080 1428 2100 :
1451 2069 1544 2107 Vade,
1561 2073 1589 2101 et
1603 2069 1700 2101 rende
1712 2071 1821 2102 omnia

1047 2131 1117 2163 quoe
1131 2123 1234 2155 habes.
1250 2123 1374 2154 Glossa:
1392 2135 1405 2153 (ι
1416 2123 1485 2154 Νο11
1499 2127 1632 2164 partem,
1648 2124 1727 2154 sicut
1739 2125 1821 2155 Ana-

1049 2178 1130 2214 nias,
1147 2177 1199 2207 scd
1216 2180 1270 2217 qui
1285 2179 1384 2208 totum
1399 2177 1462 2215 dat⁷
1477 2177 1558 2208 nihil
1568 2178 1626 2208 sibi
1641 2187 1819 2217 reservans,

1048 2231 1113 2270 ipse
1130 2231 1291 2270 potissime
1313 2231 1386 2261 facit
1401 2231 1487 2271 quod
1506 2231 1656 2261 Dominus
1676 2230 1821 2268 consulit,

1048 2283 1129 2313 nihil
1144 2283 1203 2313 sibi
1219 2292 1396 2321 reservam,
1414 2293 1471 2314 nee
1486 2283 1518 2314 in
1534 2283 1710 2320 communi,
1722 2282 1822 2313 necin

1048 2337 1185 2376 speciali.
1202 2348 1216 2365 »
1236 2337 1273 2367 Et
1292 2337 1345 2377 qui
1361 2338 1421 2368 hoc
1437 2338 1519 2376 facit,
1536 2337 1760 2378 perfectissime
1776 2336 1822 2366 sa-

1049 2391 1091 2420 cit
1109 2402 1114 2421 :
1133 2400 1224 2429 ergo,
1241 2393 1300 2421 etc..

1090 2444 1167 2474 item
1196 2444 1276 2474 dixit
1301 2444 1453 2474 Dominus
1476 2444 1514 2475 de
1541 2444 1635 2474 vidua
1656 2444 1666 2460 ⁸
1689 2454 1696 2474 ε
1722 2443 1823 2475 Amen

1049 2498 1121 2529 dico
1141 2498 1245 2533 vobis,
1273 2497 1357 2537 quod
1380 2498 1444 2528 lioec
1464 2498 1565 2529 vidua
1591 2505 1713 2537 pauper
1735 2496 1820 2536 plus,

1049 2559 1144 2591 quam
1159 2559 1265 2583 omnes
1278 2552 1376 2583 misit.
1396 2552 1478 2583 Nam
1492 2559 1597 2583 omnes
1613 2559 1653 2582 ea:
1670 2558 1714 2588 eo,
1738 2550 1823 2590 quod

1050 2648 1112 2670 tom.
1130 2647 1160 2675 V,
1177 2653 1235 2676 pag.
1251 2647 1304 2670 549.
1320 2659 1350 2664 —-
1363 2646 1373 2661 2
1388 2646 1490 2675 Mam„
1504 2651 1558 2674 xm,
1571 2647 1610 2669 21.
1625 2657 1654 2663 -
1668 2645 1678 2662 ³
1694 2645 1766 2676 ibid„
1782 2647 1823 2670 27.

1050 2694 1080 2698 —
1094 2681 1190 2711 δ111111,
1205 2683 1242 2705 21.
1259 2695 1289 2699 —
1306 2682 1316 2697 ⁵
1331 2682 1420 2711 Marc„
1437 2688 1484 2712 ΧΗ,
1500 2682 1580 2705 43-41.

1086 2722 1116 2752 (ιη
1135 2721 1188 2752 Ley.
1207 2721 1317 2746 (liu-lissa-
