2029 3052
246 245 306 274 448

492 349 671 384 CAPUT
703 349 774 383 111.

245 422 279 449 In
308 429 360 457 quo
379 421 484 457 jejunii
509 422 646 450 arctitudo
671 424 701 449 ut
725 429 841 450 consona
857 423 1024 457 perfectioni

281 466 450 500 defenditur,
469 469 496 494 et
512 466 570 501 ejtts
588 467 734 502 multiple-v
752 466 946 494 commendatio
965 466 1024 494 sub-

281 511 414 544 infertur.

288 577 370 609 Satis
392 577 556 609 evidenter
577 587 634 618 per
649 578 860 610 determinata
873 579 971 619 patet,
988 579 1024 608 ut

245 631 416 671 credimus,
429 631 548 672 jejunii
564 632 806 671 firmitudinem,
823 631 911 664 velut
925 631 1022 662 absti-

245 685 362 717 nentiae
371 685 512 724 culmen,
524 685 721 725 evangelicae
732 685 933 726 perfectionis
943 687 1025 716 stru-

245 741 345 770 cturae
375 748 440 770 non
468 739 630 771 modicum
659 741 812 780 praestare
843 738 1021 770 munimen.

245 792 376 832 Verum,
397 793 473 833 quia
495 793 706 825 contentionis
731 794 855 824 amator
869 792 1024 824 adversus

245 846 346 887 ipsius
369 847 622 888 praerogativam
648 856 772 878 novum
799 847 1024 887 disputationis

244 902 404 932 certamen
421 900 626 941 aggreditur,
642 900 786 932 stultitiae
807 909 876 932 suae
890 909 1024 941 respon-

244 954 318 986 dere
328 955 563 995 compellimur,
576 957 612 986 ut
627 954 786 995 simplices
801 964 819 986 a
833 954 1024 995 perfectione

245 1017 310 1039 non
325 1011 467 1048 revocet,
485 1018 544 1040 nee
563 1009 623 1039 sibi
641 1009 766 1049 sapiens
781 1019 849 1040 esse
865 1009 1021 1041 videatur.

245 1062 370 1093 Etenim
387 1072 462 1094 cum
477 1063 514 1102 is,
531 1065 641 1094 contra
655 1072 751 1103 quein
763 1063 884 1101 scribit,
900 1062 1024 1093 nullam

245 1116 284 1147 de
295 1116 421 1156 jejunio
437 1117 631 1148 mentionem
651 1117 776 1154 fecerit,
795 1117 877 1147 sicut
891 1116 1025 1157 ipsemet

245 1170 463 1209 recognoscit;
493 1170 569 1210 quia
605 1172 711 1201 tamen
740 1170 822 1201 alius
848 1170 1024 1210 praedicans

245 1223 304 1254 fuit
316 1224 353 1254 de
361 1224 479 1264 jejunii
495 1224 688 1263 perfectione
700 1224 837 1262 locutus,
853 1233 937 1255 nova
949 1233 1024 1255 eum

245 1277 458 1317 disputatione
473 1278 637 1309 confutare
652 1280 798 1315 conatur,
815 1277 905 1318 quasi
921 1277 950 1308 ei
961 1287 1024 1309 uon

245 1332 382 1363 sufficiat
403 1341 502 1373 agere
524 1335 635 1364 contra
659 1342 779 1371 uuum3
801 1334 880 1373 quin
906 1333 1021 1372 potius,

248 1384 433 1417 ismaelitico
449 1387 455 1402 ¹
469 1395 568 1425 more,
587 1396 719 1417 manum
731 1387 827 1426 erigit
837 1388 945 1417 contra
959 1395 1025 1417 om-

245 1450 312 1478 nes,
331 1443 366 1471 ut
380 1442 468 1481 justo
485 1441 536 1472 Dei
549 1442 672 1482 judicio
687 1451 802 1472 manus
821 1441 861 1472 sit
877 1441 1024 1472 omnium

246 1496 354 1525 contra
368 1504 454 1526 cum.
473 1494 510 1526 Et
523 1495 652 1535 quidem
667 1495 751 1535 quod
768 1495 818 1527 vir
833 1495 969 1535 peritus,
989 1497 1025 1525 ut

247 1548 304 1579 iste
316 1549 441 1588 fatetur,
454 1549 571 1588 docuit,
590 1550 752 1581 Christum
762 1549 938 1590 ¹ieiunando
951 1549 1025 1580 solis

246 1604 390 1643 perfectis
408 1628 417 1642 ,
447 1606 478 1635 et
505 1604 700 1635 comedendo
731 1603 805 1634 solis
833 1603 1025 1643 imperfectis

246 1658 431 1697 exemplum
452 1658 574 1689 dedisse
587 1683 594 1696 ‚
612 1658 795 1689 nullatenus
815 1657 942 1689 videtur
956 1666 1024 1688 esse

246 1712 412 1750 credibile,
430 1722 504 1743 cum
529 1712 680 1743 omuibus
699 1714 839 1749 constet,
858 1712 944 1751 quod
961 1714 1024 1742 tam

243 1766 390 1805 jejunare
416 1776 513 1807 quam
537 1766 702 1797 comedere
724 1766 793 1797 fieri
820 1768 937 1805 potest,
958 1775 1024 1796 nou

245 1819 348 1850 solum
371 1820 507 1860 perfecte
526 1822 556 1850 et
571 1820 752 1860 imperfecte
766 1844 773 1858 ,
792 1828 906 1850 verum
929 1819 1024 1850 etiam

246 1873 327 1904 liene
343 1876 373 1904 et
389 1874 470 1905 male
483 1898 491 1912 ,
509 1876 540 1905 et
557 1876 663 1904 sancte
678 1878 708 1904 et
724 1873 830 1913 impie,
848 1874 1024 1904 secundum

247 1928 402 1958 rationem
418 1928 618 1959 diversorum
638 1928 751 1958 finium
771 1930 800 1958 et
815 1927 1023 1958 circumstan-

248 1981 375 2012 tiarum.
394 1982 429 2012 ln
443 1982 501 2013 hoc
517 1985 623 2012 tamen
637 1984 682 2012 est
698 1981 1023 2022 ‹litlerentiainterJe-

243 2036 337 2075 junia
354 2046 500 2075 servare,
518 2040 546 2066 et
565 2036 688 2076 Jejunia
708 2036 841 2073 solvere,
859 2036 943 2076 quod
959 2035 1024 2075 pri-

247 2099 336 2120 mum
353 2090 391 2120 de
407 2100 438 2120 se
454 2093 499 2121 est
515 2090 641 2121 dii'ticile
655 2092 684 2120 et
699 2090 836 2120 arduum
850 2114 858 2127 ,
876 2098 911 2119 ac
930 2089 968 2120 de
990 2098 1023 2119 se

247 2144 358 2174 efficax
374 2145 411 2174 ad
430 2145 659 2184 repressionem
680 2144 814 2175 carnalis
837 2144 975 2174 lihidinis
993 2145 1023 2174 et

246 2199 505 2230 exercitationem
530 2198 704 2239 spiritualis
727 2198 873 2235 virtutis,
895 2200 926 2228 et
954 2198 1024 2228 ideo

246 2252 284 2283 de
298 2252 420 2283 ratione
435 2252 483 2283 sui
501 2252 628 2291 generis
644 2252 777 2289 bouum,
794 2254 824 2282 et
840 2251 877 2282 ad
902 2252 1023 2291 persec-

246 2306 362 2337 tionem
375 2306 567 2336 ordinatum.
581 2305 763 2336 Secundum
775 2307 895 2343 autem,
906 2305 1024 2336 seilicet

242 2360 368 2400 jejunia
383 2359 524 2398 solvere,
547 2360 635 2390 facile
655 2361 701 2390 est
716 2361 747 2390 et
762 2360 848 2390 carni
866 2368 975 2397 suave,
994 2361 1024 2390 et

247 2414 285 2445 ad
309 2414 395 2454 quod
419 2413 590 2444 inclinatur
617 2413 763 2444 mentalis
787 2413 975 2451 iufirmitas7
993 2415 1024 2444 et

247 2467 316 2498 ideo
332 2467 553 2507 iumerffiffium
571 2467 608 2497 de
623 2476 667 2505 se⁷
685 2468 834 2507 quamvis
844 2470 875 2498 et
890 2468 1023 2507 perfecte

248 2521 317 2551 fieri
329 2521 438 2560 possit,
452 2521 573 2551 milone
588 2521 833 2551 circumstantioe
848 2521 1021 2561 supperad-

247 2574 331 2611 ditae⁷
350 2577 459 2614 utpote
475 2584 548 2605 cum
563 2584 582 2605 a
598 2574 669 2606 viro
686 2576 821 2614 perlecto
836 2575 882 2613 fit,
900 2575 1022 2605 ratione

247 2627 415 2658 debilitatis
431 2628 585 2668 propriso,
603 2628 653 2659 vel
671 2628 945 2659 condescensionis
959 2628 1021 2658 fra-

247 2683 359 2713 ternae.
376 2681 528 2713 Fatemur
543 2682 644 2721 igitur
657 2691 723 2712 una
740 2691 813 2712 cum
830 2682 898 2720 illo,
915 2684 1024 2713 contra

282 2745 374 2774 ¹(Jeu.,
392 2751 441 2775 ivi,
461 2747 495 2768 12.

823 241 1036 292 APOLOGlAE
1057 242 1280 275 PAUPERUM

1079 319 1176 350 quem
1190 309 1317 348 scribit,
1331 308 1417 350 quod
1430 308 1590 350 loquendo
1603 309 1642 341 de
1656 311 1773 343 natura
1792 311 1857 344 hu-

1075 363 1219 403 jusmodi
1237 365 1366 395 actuum
1378 387 1387 402 ,
1404 363 1575 403 perfectius
1589 365 1637 395 est
1647 365 1773 405 Jejunia
1787 375 1855 398 ser-

1078 426 1168 456 vare,
1183 426 1282 457 quam
1297 416 1433 456 solvere,
1450 418 1482 448 et
1494 417 1579 457 quod
1595 417 1738 450 Christus
1753 419 1858 452 omnis

1079 471 1206 502 virtutis
1231 470 1396 511 exemplar
1407 495 1416 510 ,
1446 472 1478 502 et
1508 480 1566 511 pro
1599 473 1742 513 tempore
1767 473 1857 514 jeju-

1078 524 1190 563 navit,
1220 526 1252 555 et
1281 533 1340 564 pro
1369 526 1511 565 tempore
1536 525 1661 565 jejunia
1684 526 1780 558 solvit
1797 537 1804 558 :
1819 528 1858 558 ut

1078 577 1114 608 in
1137 577 1242 618 primo
1260 577 1454 609 austeritatis
1476 578 1554 610 vitae
1576 579 1734 620 praeheret
1747 589 1857 612 exem-

1079 631 1190 671 plum;
1219 634 1249 663 et
1273 632 1307 663 in
1329 632 1469 663 secundo
1496 632 1648 665 humanae
1678 633 1859 667 infirmitati

1079 688 1246 726 praestaret
1278 686 1437 718 solatium.
1465 686 1596 728 Propter
1628 688 1715 728 quod
1738 690 1770 720 et
1789 689 1853 730 pri-

1080 749 1170 771 mum
1195 740 1256 772 fuit
1285 740 1426 780 rigoris,
1450 741 1630 772 secundum
1659 742 1850 774 condescen-

1079 794 1189 833 sionis,
1205 796 1381 834 utrumque
1395 797 1503 826 tamen
1517 795 1693 835 perfectum
1714 795 1748 827 in
1763 796 1858 828 Chri-

1078 850 1127 879 sto
1137 872 1146 887 ,
1163 848 1240 889 quia
1255 857 1295 880 ex
1310 848 1537 889 perfectissima
1558 849 1711 880 charitate
1725 859 1857 890 proces-

1079 902 1129 934 sit.
1146 901 1228 934 Nam
1242 902 1476 941 condescensio,
1491 904 1529 934 ut
1543 912 1584 934 ex
1597 903 1855 943 praedetermina-

1079 956 1118 986 tis
1131 958 1178 987 est
1189 956 1330 994 evidens,
1346 956 1468 987 nullam
1482 955 1753 996 imperfectionem
1764 957 1854 997 ponit

1079 1009 1112 1040 in
1135 1009 1417 1047 condescendente,
1433 1009 1487 1040 sed
1503 1009 1536 1039 in
1551 1009 1598 1040 eis
1615 1009 1722 1041 solum
1741 1010 1859 1050 quibus

1079 1063 1363 1101 condescenditur,
1388 1062 1440 1095 vel
1461 1062 1493 1093 in
1512 1062 1582 1103 ipso
1609 1072 1729 1103 genere
1756 1066 1856 1095 actus.

1080 1115 1146 1147 Hoc
1161 1117 1186 1146 si
1204 1116 1358 1148 voluisset
1373 1116 1585 1148 calumniator
1599 1117 1783 1156 advertere,
1798 1126 1858 1148 va-

1079 1170 1163 1208 rios,
1182 1170 1215 1200 in
1236 1179 1317 1210 quos
1346 1170 1467 1208 incidit,
1490 1169 1644 1202 falsorum
1667 1170 1858 1210 dogmatum

1079 1224 1266 1255 declinasset
1285 1233 1420 1256 errores.
1445 1223 1526 1256 Nam
1549 1233 1646 1265 super
1661 1224 1777 1255 salsum
1791 1224 1860 1264 pri-

1082 1288 1134 1309 mo
1157 1288 1190 1309 se
1207 1278 1366 1316 fundam,
1385 1278 1454 1309 falsi
1482 1278 1627 1309 criminis
1655 1278 1860 1318 impositione

1080 1332 1226 1363 catholici
1254 1332 1389 1363 doctoris
1419 1332 1517 1363 verba
1549 1332 1724 1372 depravat3
1751 1332 1806 1363 sed
1828 1334 1860 1363 et

1081 1386 1245 1416 verisimili
1261 1386 1401 1426 quadam
1415 1386 1615 1418 distinctione
1633 1385 1801 1417 modorum
1811 1386 1859 1426 je-

1077 1439 1225 1479 jUnandi,
1238 1441 1357 1470 erroris
1376 1439 1424 1470 sui
1440 1439 1598 1471 versutias
1616 1438 1770 1477 occultat;
1786 1440 1861 1470 tan-

1080 1493 1153 1524 dem
1177 1493 1381 1524 fraudulenta
1403 1493 1679 1525 commendatione
1693 1492 1860 1524 solutionis

1076 1547 1212 1587 jejunii,
1231 1547 1365 1578 carnalis
1389 1547 1527 1579 lasciviae
1555 1556 1678 1579 venena
1701 1547 1858 1588 propinat.

1081 1600 1282 1640 Aggrediens
1296 1601 1398 1641 igitur
1412 1611 1486 1633 eum
1501 1603 1612 1632 contra
1627 1610 1722 1642 quem
1737 1600 1856 1639 scribit,

1082 1655 1221 1694 primum
1246 1656 1412 1695 redarguit
1434 1658 1586 1696 tanquam
1610 1655 1799 1686 haereticum
1829 1656 1859 1685 ct

1080 1712 1392 1749 puesuinptuosuin,
1417 1712 1448 1741 et
1471 1719 1555 1741 verae
1581 1709 1780 1749 perfectionis
1795 1709 1856 1739 ini-

1081 1763 1214 1794 micum.
1247 1764 1380 1795 Summa
1405 1767 1513 1795 autem
1537 1763 1753 1804 persuasionis
1777 1771 1855 1800 suae,

1080 1826 1144 1857 qua
1179 1817 1268 1848 velut
1297 1817 1486 1849 haereticum
1513 1817 1677 1848 confutare
1705 1818 1857 1854 conatur,

1080 1868 1149 1900 haee
1165 1879 1231 1901 esse
1250 1869 1412 1909 colligitur
1427 1881 1434 1900 2
1453 1869 1529 1910 quia
1549 1869 1575 1899 si
1592 1869 1735 1900 Christus
1752 1867 1860 1908 aliqua

1080 1923 1171 1962 fecit,
1196 1924 1313 1963 quibus
1339 1923 1522 1964 exemplum
1551 1922 1687 1963 praebuit
1714 1920 1860 1962 perfectis

1081 1977 1325 2016 tantummodo,
1350 1980 1425 2009 tuuc
1448 1977 1593 2018 sequitur
1617 1976 1702 2017 quod
1731 1976 1859 2006 invidus

1081 2032 1185 2070 suerit,
1203 2032 1278 2072 quia
1293 2032 1519 2071 perfectionem
1532 2029 1855 2071 impertectisinvidit.

1082 2085 1159 2116 item
1174 2085 1199 2115 si
1217 2085 1325 2125 aliqua
1341 2085 1413 2116 fecit
1427 2087 1552 2116 tautum
1567 2083 1721 2114 imitanda
1740 2083 1857 2123 imper-

1080 2140 1178 2178 fectis,
1195 2150 1268 2171 cuin
1284 2140 1336 2170 illa
1353 2150 1416 2171 nou
1434 2141 1606 2179 potuerunt
1627 2147 1694 2169 esse
1709 2137 1855 2178 perfecta,

1080 2196 1134 2224 aut
1149 2193 1291 2224 Christus
1308 2193 1387 2224 duas
1409 2193 1504 2223 habet
1527 2201 1699 2233 personas,
1718 2200 1858 2232 quarum

1080 2257 1146 2278 una
1166 2248 1237 2279 fecit
1259 2248 1415 2288 perfecta,
1436 2248 1497 2279 alia
1520 2247 1717 2287 imperfecta,
1742 2254 1857 2277 secun-

1080 2302 1157 2333 dum
1173 2302 1291 2342 dogma
1305 2302 1458 2340 Nestorii3
1476 2304 1530 2332 aut
1551 2301 1578 2332 si
1598 2301 1652 2332 Dei
1668 2300 1768 2331 Patris
1783 2308 1855 2340 per-

1080 2357 1159 2387 fecta
1179 2358 1254 2387 suut
1271 2366 1378 2396 opera,
1393 2358 1423 2387 et
1438 2355 1551 2387 Christi
1566 2355 1767 2395 imperfecta,
1783 2355 1858 2384 tunc

1080 2411 1139 2441 erit
1150 2419 1287 2450 persona
1298 2410 1367 2441 Filii
1379 2410 1484 2440 minor
1494 2418 1628 2450 persona
1639 2408 1751 2445 Patris,
1759 2407 1856 2447 juxta

1079 2465 1275 2505 impietatem
1293 2464 1360 2495 Arii
1379 2465 1430 2504 (a),
1447 2463 1514 2495 sive
1530 2462 1666 2494 Photini.
1682 2461 1785 2501 Hujus
1795 2469 1857 2491 au-

1080 2520 1144 2549 tem
1161 2518 1340 2558 sophisticae
1356 2517 1604 2549 ratiocinationis
1618 2523 1782 2556 processus
1797 2523 1856 2545 au-

1079 2574 1199 2603 ctorem
1216 2581 1313 2603 suum
1326 2575 1357 2602 et
1372 2572 1575 2611 ignorantem
1596 2569 1808 2607 demonstrat,
1825 2570 1857 2599 et

1080 2627 1229 2665 impium.
1257 2626 1289 2657 Si
1321 2626 1404 2656 enim
1435 2624 1600 2656 scientiam
1629 2623 1777 2661 haberet,
1804 2621 1855 2654 vel

1080 2683 1377 2721 quantumcumque
1392 2678 1519 2715 exilem,
1536 2677 1700 2708 manifeste
1719 2685 1855 2718 perpen-

1114 2744 1145 2773 (ιι)
1163 2744 1224 2768 c'aet.
1240 2743 1300 2766 [1111.
1315 2743 1394 2772 Arrii,
1409 2743 1473 2765 sicut
1485 2743 1508 2765 el
1523 2741 1584 2764 aliis
1600 2741 1624 2764 in
1642 2741 1710 2764 locis.
