2029 3052
371 231 424 264 AD
443 230 641 271 QUEMDAM
663 228 958 263 PROVINCIALEM
983 230 1211 264 MlNISTRUM
1236 231 1442 265 EPISTULA.

102 300 264 333 ctissimus
284 301 375 341 pater
394 299 540 332 Pontifex
558 307 706 332 summus
730 298 882 330 dominus

103 355 262 394 Clemens,
286 354 401 386 fratres
422 363 534 386 omnes
556 354 596 386 ad
622 352 801 385 cavendum
819 351 883 383 hu-

99 408 254 449 jusmodi,
265 408 319 449 pia
331 407 541 449 providentia,
552 416 610 449 per
619 416 671 438 me
683 406 787 438 voluit
798 414 883 437 com-

104 471 247 494 monere.
265 461 389 494 Horum
408 463 517 493 autem
536 461 683 493 omnium
703 460 788 492 hanc
806 461 883 501 puto

103 516 302 557 potissimam
323 516 479 547 rationem
502 517 534 547 et
553 523 694 553 causam,
718 513 806 555 quod
829 522 882 552 ea,

104 579 179 610 quae
191 570 325 610 provida
338 578 415 601 cura
425 593 433 609 ,
449 578 507 610 per
522 569 619 600 totius
633 567 760 600 Ordinis
779 567 885 608 provi·

105 624 246 655 dentiam
257 624 291 655 in
300 623 443 657 Generali
453 622 595 664 Capitulo
605 624 803 661 statuuntur,
816 630 887 662 par-

106 677 328 718 vipenduntur
341 687 360 708 a
372 677 534 716 fratribuS,
550 679 581 708 et
592 677 752 708 habentur
763 684 822 716 pro
837 675 885 706 ni-

107 731 184 763 hilo.
202 731 265 763 Nec
287 734 396 762 tamen
417 733 670 771 transgressores
686 729 886 771 huiusmodi,

108 785 274 826 disciplina
284 785 390 816 debita
400 785 610 825 castigantur.
620 784 737 825 Sicque
747 783 889 816 fitdivini

109 839 318 880 permissione
338 839 462 879 Judicii‚
486 840 523 870 ut
545 841 729 879 spernentes
751 838 886 877 modica,

109 894 143 925 in
154 893 297 925 maxima
312 892 468 924 decidant.
483 892 565 930 Quia
575 901 649 924 cum
659 891 823 932 disciplina
832 900 890 922 ne-

111 946 275 988 gligitur,
298 946 478 978 insolentiae
499 949 662 986 crescunt,
687 955 724 977 ac
747 955 804 986 per
830 945 891 976 hoc

111 1001 244 1033 interior
253 1001 455 1041 negligentia
465 1001 550 1032 eirca
562 1001 820 1032 exercitationem
829 1000 892 1032 vir-

112 1058 230 1094 tutum,
257 1056 397 1087 exterius
419 1055 560 1096 procedit
579 1055 614 1086 in
634 1054 819 1086 scandalum
836 1063 893 1095 per

113 1118 226 1141 eorum
241 1111 403 1150 patentem
417 1109 559 1147 ruinam,
574 1109 630 1150 qui
645 1110 730 1140 stare
742 1108 894 1141 videban-

113 1165 167 1194 tur
181 1163 215 1194 in
229 1163 330 1195 oculis
351 1164 499 1195 aliorum.
517 1163 566 1195 Ex
584 1173 648 1204 quo
665 1163 711 1202 fit,
726 1165 763 1194 ut
777 1164 894 1193 sanctae

114 1217 289 1257 Religionis
300 1217 448 1258 splendor
461 1217 675 1258 praefulgidus
689 1218 722 1248 in
739 1217 895 1258 pallorem

114 1270 298 1311 degeneret,
315 1272 490 1302 sanctitatis
505 1272 710 1312 pulchritudo
724 1272 893 1310 sordescat,

115 1324 209 1356 bonae
225 1325 384 1365 opinionis
399 1325 476 1357 odor
498 1327 707 1366 computreat,
725 1328 756 1357 et
777 1335 896 1357 nomen

116 1378 244 1410 Domini
270 1378 522 1420 blasphemetur.
552 1379 598 1412 Ne
626 1380 726 1420 igitur
761 1380 897 1420 sanguis

116 1433 300 1464 animarum
322 1443 387 1465 non
413 1434 519 1466 solum
545 1436 664 1466 nostrae
693 1434 897 1466 sollicitudIni

117 1488 372 1527 commissarum,
393 1489 447 1519 sed
470 1489 566 1520 etiam
589 1489 738 1520 omnium
761 1498 835 1529 quae
858 1489 898 1520 ad

116 1541 229 1572 lumen
252 1544 371 1573 sanctae
396 1542 572 1582 Religionis
591 1552 648 1583 per
672 1543 759 1575 viam
786 1543 899 1574 salutis

117 1595 289 1634 incedunt,
316 1596 355 1627 de
386 1597 502 1627 nostris
523 1597 673 1628 manibus
693 1597 897 1637 requiratur,

118 1649 281 1680 charitatis
295 1652 360 1681 tuae
377 1650 494 1689 zelum,
519 1653 677 1691 quantum
691 1660 835 1691 possum,
853 1651 899 1681 ef-

118 1703 257 1734 ficaciori
274 1705 423 1735 mandato
438 1705 517 1735 duxi
530 1705 743 1745 praesentibus
756 1706 900 1736 excitan-

120 1757 209 1797 dum,
221 1758 373 1798 adjurans
386 1761 416 1789 te
430 1768 487 1799 per
499 1759 716 1799 aspersionem
731 1759 900 1799 sanguinis

121 1810 289 1851 Crucifixi,
314 1814 345 1843 et
369 1822 426 1853 per
451 1814 604 1853 stigmata
627 1813 784 1854 passionis
809 1814 897 1853 ejuS,

121 1874 195 1905 quae
208 1866 242 1896 in
254 1874 343 1896 sacro
361 1865 464 1897 Patris
478 1867 580 1897 nostri
595 1876 727 1907 corpore
742 1867 901 1898 indubita-

122 1918 179 1949 bili
194 1919 337 1950 claritate
352 1919 520 1959 fulserunt,
538 1923 584 1961 ut,
602 1921 684 1952 sicut
696 1920 814 1952 Christi
833 1929 901 1951 ser-

123 1983 184 2005 vus
198 1974 301 2005 fidelis
315 1976 346 2005 et
360 1975 511 2015 prudens,
524 1975 564 2006 ad
578 1976 786 2016 praefatarum
801 1975 899 2006 extir-

122 2028 285 2068 pationem
302 2030 440 2069 pestium
455 2032 521 2061 toto
535 2032 566 2061 te
581 2030 680 2061 animi
697 2030 812 2069 vigore
826 2039 898 2060 suc-

122 2082 244 2122 cingas,
260 2085 326 2114 tota
340 2084 457 2115 mentis
472 2084 647 2115 attentione
662 2083 825 2123 invigiles,
851 2085 901 2114 to-

122 2139 219 2178 toque
240 2138 366 2170 fervore
388 2139 519 2179 spiritns
546 2139 758 2170 succenderis.
780 2140 817 2168 Et
836 2138 902 2178 pri-

124 2201 215 2223 mum
235 2193 366 2232 quidem
387 2193 427 2224 ad
442 2195 559 2225 sanctae
574 2193 728 2224 orationis
746 2192 901 2230 studium,

123 2245 236 2277 fratres
251 2248 316 2277 tuae
329 2256 415 2278 curae
431 2248 620 2278 commissos
637 2247 805 2278 efficaciter
823 2246 903 2277 inci-

125 2302 206 2338 tans,
225 2300 265 2331 ad
277 2301 400 2341 regulae
413 2301 578 2342 promissae
593 2300 831 2333 observantiam
844 2300 905 2331 sin-

126 2362 231 2384 ceram
246 2354 378 2386 inducas
398 2356 516 2396 pariter
531 2358 562 2387 et
574 2355 757 2396 compellas,
775 2355 903 2395 pestife-

126 2417 179 2438 ros
187 2410 218 2439 et
225 2408 407 2448 insolentes,
417 2410 539 2441 nullius
550 2410 678 2441 ferendo
685 2409 809 2447 faciem,
823 2407 905 2440 evel-

127 2461 195 2492 lens
213 2464 245 2493 et
269 2463 446 2502 destruens,
468 2464 624 2504 dissipans
646 2466 677 2494 et
701 2463 902 2504 disperdenS,

127 2516 179 2548 vel
207 2517 358 2547 carcerali
388 2518 599 2558 mancipando
626 2517 790 2555 custodiae,
814 2516 866 2548 vel
888 2525 906 2547 a

128 2571 359 2601 communitate
375 2572 455 2602 sacri
469 2572 595 2611 collegii
607 2571 803 2612 expellendo,
813 2572 907 2611 juxta

128 2624 214 2663 quod
225 2625 350 2664 pietatis
358 2631 388 2656 et
396 2626 530 2665 justitiae
541 2626 592 2657 lex
601 2626 742 2666 exposcit
759 2636 765 2656 ε
778 2634 819 2656 ne
829 2625 907 2656 dum

128 2678 249 2708 crudeli
279 2679 494 2710 misericordia
522 2680 578 2711 uni
605 2680 751 2711 membro
780 2678 908 2719 putrido

1655 233 1713 263 637

937 299 1088 340 parcitur,
1106 300 1139 332 in
1161 300 1259 332 totius
1281 299 1423 341 corporis
1447 299 1631 341 sospitatem
1655 308 1715 340 pu-

937 354 1026 385 trens
1055 355 1217 396 corruptio
1248 354 1458 386 diffundatur.
1496 354 1536 386 Et
1562 353 1716 395 quoniam

940 408 1109 447 paupertas
1123 409 1171 439 est
1181 410 1299 440 nostrae
1315 407 1490 448 Religionis
1501 406 1718 448 praerogativa

941 460 1098 501 sublimis,
1114 471 1155 493 ne
1173 462 1287 494 nobilis
1301 462 1372 494 haec
1393 462 1572 502 margarita
1587 460 1718 493 concul-

942 515 1042 546 canda
1055 517 1158 556 porcis
1179 516 1284 548 viliter
1306 518 1498 557 exponatur,
1514 516 1718 547 discursuum

942 577 1072 600 causam
1087 572 1119 601 et
1140 572 1335 610 quaestuum,
1360 569 1639 610 sumptuositatem
1664 568 1721 599 sci—

942 623 1245 663 licetaedificiorum,
1263 624 1497 665 librorumque,
1514 623 1664 662 vestium,
1685 631 1722 653 ac

943 678 1099 718 ciborum,
1116 679 1161 710 sic
1176 679 1303 710 studeas
1320 680 1499 720 amputare,
1515 678 1602 719 quod
1616 687 1634 709 a
1646 685 1721 718 pro-

944 732 1089 764 fessionis
1116 732 1304 764 excellentia
1329 733 1405 765 vitae
1428 731 1634 764 observantia
1657 739 1723 762 non

945 787 1111 818 discordet.
1135 787 1269 819 Foedum
1294 789 1342 819 est
1367 788 1470 825 enim,
1490 786 1725 828 profanumque

947 841 1150 872 mendacium
1178 850 1315 872 summae
1348 841 1544 882 paupertatis
1575 840 1723 872 volunta-

947 895 1033 925 rium
1049 895 1261 935 professorem
1277 904 1310 926 se
1328 903 1482 932 asserere,
1500 896 1530 925 et
1545 902 1656 925 rerum
1671 902 1726 933 pe-

947 948 1075 979 nuriam
1095 948 1160 989 pati
1181 948 1283 987 nolle,
1312 948 1448 979 interius
1470 948 1609 979 divitum
1627 947 1728 978 instar

947 1001 1091 1040 affluere,
1107 1005 1138 1033 et
1152 1002 1294 1034 exterius
1309 1011 1398 1033 more
1412 1010 1592 1042 pauperum
1607 1000 1729 1032 mendi-

948 1065 1031 1087 care.
1059 1055 1206 1087 Inhibeas
1235 1056 1331 1087 etiam
1358 1056 1510 1086 fratribus
1533 1055 1668 1086 firmiter
1698 1057 1730 1085 et

949 1109 1100 1148 districte,
1123 1110 1198 1150 quia
1221 1112 1287 1140 tam
1311 1109 1432 1149 divino,
1456 1118 1554 1149 quam
1578 1108 1730 1140 canonico

950 1163 1138 1203 prohibetur
1161 1163 1298 1203 imperio
1315 1188 1322 1202 ,
1340 1172 1381 1194 ne
1406 1162 1612 1203 praelatorum
1629 1163 1730 1195 vitam

951 1226 1058 1248 coram
1079 1217 1197 1258 populo
1221 1219 1362 1258 carpant,
1390 1217 1444 1248 sed
1460 1217 1565 1257 potius
1579 1225 1730 1249 reveren-

951 1271 1028 1302 tiam
1043 1271 1226 1311 exhibeant,
1242 1281 1308 1302 non
1322 1273 1448 1302 tantum
1460 1271 1552 1302 honis
1576 1272 1608 1302 et
1624 1270 1731 1302 mode-

952 1325 1018 1364 stis,
1033 1334 1147 1356 verum
1173 1325 1270 1356 etiam
1291 1325 1441 1366 dyscolis,
1461 1325 1537 1365 quia
1551 1325 1648 1356 etiam
1672 1325 1733 1355 hoc

952 1379 1054 1418 exigit
1068 1388 1196 1410 sacrum
1210 1379 1401 1419 mysterium
1412 1378 1598 1410 Christificae
1611 1378 1734 1410 unctio-

953 1433 1013 1464 nis,
1040 1433 1168 1464 Mandes
1191 1435 1285 1464 etiam
1311 1433 1464 1464 fratribus
1491 1432 1671 1471 universis,
1699 1435 1734 1463 ut

953 1496 1064 1527 pacem
1094 1487 1283 1518 clericorum
1311 1487 1461 1518 omnium
1486 1487 1607 1517 tamin
1637 1488 1731 1517 testa-

955 1541 1082 1579 mentis,
1098 1551 1197 1582 quam
1212 1541 1246 1571 in
1266 1541 1452 1581 sepulturis,
1467 1542 1627 1581 quantum
1644 1540 1676 1571 in
1689 1540 1734 1571 eis

954 1597 1012 1634 est,
1036 1596 1080 1626 sic
1103 1595 1252 1626 studeant
1272 1595 1453 1634 observare,
1475 1597 1511 1626 ut
1533 1594 1655 1625 nullam
1676 1594 1735 1625 ha-

954 1649 1050 1679 beant
1065 1651 1175 1680 contra
1189 1658 1247 1680 nos
1259 1649 1456 1680 occasionem
1470 1650 1567 1688 Justae
1582 1648 1732 1688 querelae,

954 1703 1114 1743 simulque
1139 1703 1255 1734 saeculo
1282 1703 1341 1734 toti
1370 1703 1532 1741 clarescat,
1560 1702 1646 1742 quod
1670 1711 1735 1733 non

955 1757 1122 1787 commoda
1141 1766 1263 1797 rerum,
1281 1757 1336 1788 sed
1358 1757 1447 1788 lucra
1467 1757 1643 1796 quaerimus
1665 1756 1735 1786 aui-

955 1819 1095 1841 marum.
1110 1810 1252 1850 Denique
1268 1811 1344 1851 quia
1360 1811 1422 1848 his,
1439 1813 1469 1841 et
1485 1811 1556 1841 aliis
1567 1811 1733 1841 deordina-

954 1864 1097 1894 tionibus
1115 1864 1306 1903 innumeris,
1331 1874 1388 1905 per
1403 1866 1521 1895 statuta
1539 1864 1665 1895 Ordinis
1682 1864 1736 1895 via

956 1918 1173 1958 praecluditur,
1191 1918 1264 1950 volo
1279 1920 1315 1949 ut
1329 1927 1386 1958 per
1406 1918 1475 1949 loca
1490 1918 1625 1949 fratrum
1640 1927 1677 1949 ea
1691 1918 1736 1948 sic

956 1972 1125 2012 diligenter
1140 1973 1307 2011 conscribi,
1325 1973 1390 2013 legi
1405 1973 1502 2004 facias
1512 1975 1543 2004 et
1554 1972 1687 2011 servari,
1701 1974 1736 2003 ut

956 2027 1037 2058 sicut
1058 2027 1251 2067 professione
1276 2028 1436 2059 virtutum
1459 2027 1614 2068 praecipui
1637 2027 1736 2058 credi-

958 2090 1042 2120 mur,
1053 2090 1258 2122 nequaquam
1269 2090 1399 2113 morum
1409 2081 1674 2122 incompositione
1684 2090 1736 2121 po-

957 2135 1067 2166 stremi
1079 2135 1193 2166 merito
1208 2144 1406 2168 censeamur.
1420 2136 1476 2167 His
1491 2136 1603 2175 igitur,
1615 2135 1736 2166 charis-

957 2189 1038 2220 sime
1063 2190 1171 2228 frater,
1190 2192 1255 2220 tam
1278 2189 1397 2221 efficaci
1420 2190 1526 2221 studio
1547 2198 1613 2220 non
1636 2198 1737 2221 cesses

957 2243 1133 2282 intendere,
1163 2243 1250 2284 quod
1273 2243 1356 2275 Deus
1385 2246 1518 2283 gratum
1546 2242 1670 2281 habeat,
1701 2246 1737 2274 ut

958 2306 1021 2336 ego
1036 2300 1101 2329 tuae
1115 2297 1304 2328 obedientiae
1319 2297 1616 2338 promptitudinem,
1633 2298 1664 2327 et
1678 2296 1738 2327 sol-

958 2352 1131 2384 licitudinis
1157 2351 1383 2391 vigilantiam,
1414 2351 1583 2391 zelumque
1611 2350 1737 2381 Ordinis

960 2407 1055 2445 sacri,
1082 2405 1201 2446 possim
1224 2414 1290 2437 non
1317 2406 1477 2436 immerito
1501 2404 1735 2436 commendare.

961 2460 1000 2492 Et
1013 2463 1049 2492 ut
1065 2461 1125 2491 hoc
1138 2460 1253 2491 melius
1267 2460 1334 2499 fiat,
1352 2459 1424 2491 volo
1436 2461 1472 2490 ut
1486 2467 1626 2499 praesens
1641 2458 1738 2490 series

961 2515 1111 2546 omnibus
1130 2514 1282 2545 fratribus
1310 2516 1374 2544 tuae
1399 2513 1573 2554 provinciae
1602 2521 1658 2553 per
1688 2516 1736 2551 te,

962 2568 1013 2600 vel
1028 2577 1084 2608 per
1099 2568 1261 2607 Custodes,
1279 2567 1425 2608 quotiens
1439 2568 1657 2607 opportunum
1672 2566 1738 2597 fue-

961 2623 1013 2663 rit,
1031 2622 1218 2663 explicetur.
