2029 3052
143 2367 187 2393 pla.

259 173 318 206 ¹02
615 174 826 209 SERMONES
847 175 899 210 DE
919 175 1086 210 SANCTIS
1108 175 1150 211 ΙΝ
1169 176 1362 212 commm.
1383 179 1519 214 xxxvl.

257 247 321 278 qua
332 240 449 271 refulsit
461 242 492 272 in
512 243 634 281 merito;
649 244 794 280 secundo,
809 243 849 273 ab
863 244 1040 274 excellentia

257 287 399 324 gloriosa,
409 297 471 327 qua
480 290 618 328 splendet
627 291 658 320 in
667 291 802 329 premio.
813 291 946 321 Primum
958 292 1040 322 enim

257 336 377 372 respicit
389 337 482 366 vitam
501 338 661 368 mortalem
674 339 706 368 in
729 347 790 376 qua
803 347 874 368 cum
886 339 972 369 hoste
984 348 1040 378 pu-

257 383 360 418 gnavit
370 393 380 420 5
412 385 578 414 secundum
613 385 734 423 respicit
767 386 856 416 vitam
886 387 1041 417 immorta-

256 429 327 466 lem,
341 430 373 459 in
391 439 453 468 qua
466 431 505 461 de
522 432 606 462 hoste
629 433 815 470 triumphum
835 435 958 472 accepit.
979 434 1040 464 Pri-

256 485 340 507 mum
353 480 397 508 est
405 479 557 508 meritoria
565 487 656 509 causa
662 489 672 517 3
685 481 851 510 seeundum
862 484 905 511 est
915 490 1040 519 merces,

257 525 319 554 sive
333 527 499 563 praemium.
517 527 648 556 Primum
668 530 799 564 notatur,
819 537 888 558 eum
909 529 1040 559 dicitur:

259 573 369 608 Diffusa
382 576 421 602 est
436 575 529 609 qratia
543 575 574 602 in
583 575 667 603 lobiis
677 577 745 604 tuis.
765 576 936 606 Secundum
953 579 1040 606 nota-

257 620 314 654 tur,
330 627 399 648 cum
412 619 519 650 dicitur
534 631 542 650 z
555 623 702 658 Propterea
720 624 859 652 benedixit
883 627 910 653 ee
925 626 996 654 Deus
1010 627 1040 654 in

256 668 396 695 oeternum.
414 667 487 696 Dicit
499 676 571 706 ergo
584 670 748 707 Propheta:
761 671 870 707 Diffusa
881 675 920 700 est
933 674 1036 708 qratia.

255 714 319 742 Non
334 714 414 743 enim
428 715 527 744 solum
541 717 646 746 habuit
657 717 784 754 gratiam
796 719 856 748 oris
864 729 872 755 ;
885 719 938 748 sed
950 720 1040 749 etiam

256 760 365 790 cordis.
392 763 424 790 Et
446 763 564 800 require
585 765 616 793 in
638 765 702 801 ejus
722 766 868 802 Legenda,
893 770 1040 804 quantum

255 809 344 838 tuerit
359 812 416 839 Deo
436 814 530 848 grata.
549 813 580 840 Ut
595 820 668 849 ergo
688 821 743 842 nos
757 814 907 851 possimus
928 815 1040 845 habere

257 857 390 886 divinam
401 859 537 894 gratiam,
547 860 601 888 tria
610 862 678 889 sunt
687 861 868 891 attendenda
880 863 1040 900 :primum,

257 906 325 941 quis
349 905 386 934 sit
409 906 447 934 ad
471 914 538 935 earn
563 907 756 944 perveniendi
778 909 905 946 modus;
933 919 1040 939 secun-

257 951 346 988 dum,
370 953 438 990 quis
459 954 496 983 sit
517 955 582 991 ejus
600 955 736 993 effectus,
761 959 789 986 et
813 966 900 992 usus,·
923 959 1041 988 tertium

257 1007 339 1034 vero,
353 1001 420 1038 quis
435 1002 471 1030 sit
483 1003 547 1038 ejus
557 1002 679 1032 fructus.
768 1040 770 1042 ³

294 1049 340 1076 Est
355 1056 426 1084 ergo
447 1050 614 1079 notandum
638 1051 746 1088 primo,
763 1054 791 1081 et
815 1053 980 1082 videndum
1003 1054 1041 1083 de

258 1095 366 1130 modo,
397 1104 458 1132 quo
482 1097 624 1126 habenda
651 1098 687 1127 sit
710 1099 815 1135 gratia.
846 1102 920 1129 Nota
941 1101 1039 1137 igitur,

258 1142 340 1178 quod
347 1143 385 1170 ad
392 1144 516 1179 gratiam
525 1145 748 1181 possidendam,
756 1149 785 1174 et
792 1148 1041 1183 conservandam,

259 1192 389 1225 quatuor
413 1193 481 1219 sunt
508 1192 674 1221 necessaria
702 1202 708 1220 :
733 1194 842 1230 primo,
869 1197 901 1222 ut
926 1195 962 1223 sit
989 1203 1042 1224 cor

261 1236 408 1265 mundum
420 1240 448 1265 et
463 1246 590 1274 purum;
607 1241 752 1276 secundo,
771 1242 853 1278 quod
869 1243 905 1270 sit
920 1243 1042 1279 prosun-

261 1283 347 1319 dum;
365 1286 460 1320 tertio,
478 1286 561 1322 quod
575 1288 610 1315 sit
625 1287 729 1321 latum,
741 1291 769 1316 et
786 1289 937 1326 amplum5
955 1299 1042 1327 qnar-

261 1335 301 1364 to‚
317 1332 399 1368 quod
416 1333 504 1360 etiam
520 1334 699 1362 sitclausum
717 1345 722 1363 :
737 1336 817 1364 utsic
828 1337 926 1373 primo
942 1338 976 1365 sil
989 1347 1041 1375 pu-

259 1385 326 1405 rum
342 1386 396 1414 per
408 1379 584 1408 munditiam
596 1382 734 1410 castitatis
746 1383 775 1411 in
787 1392 892 1417 carne:
908 1385 1041 1413 secundo

260 1425 297 1453 sit
333 1426 518 1462 profundum
552 1437 606 1464 per
640 1429 774 1458 intimum
807 1431 979 1460 humilitatis
1011 1433 1041 1462 in

261 1477 372 1509 mente;
394 1476 478 1504 tertio
501 1477 536 1504 sit
555 1476 647 1505 latum
671 1487 724 1514 per
739 1479 877 1508 effectum
895 1481 1043 1509 charitatis

261 1522 289 1550 in
307 1531 410 1559 opere;
432 1527 539 1560 quarto
559 1525 597 1552 sit
616 1525 749 1554 clausum
770 1535 823 1563 per
843 1530 1043 1557 conservatio-

260 1578 328 1597 nem
346 1571 547 1599 taciturnitatis
569 1572 598 1600 in
616 1581 685 1607 ore:
708 1577 737 1601 ut
752 1576 787 1601 sit
803 1576 918 1603 castitas
940 1580 1043 1605 contra

260 1617 394 1645 sirtorem
411 1617 551 1653 luxuriw;
569 1620 603 1646 sit
615 1620 764 1652 humilitas
780 1625 882 1650 contra
896 1626 1041 1652 tumorem

260 1665 420 1701 superbum
438 1666 472 1692 sil
488 1665 614 1693 charitas
635 1671 738 1695 coiilra
760 1668 884 1697 livorem
907 1670 1041 1706 invidiw;

259 1711 295 1739 sit
312 1712 492 1739 taciturnitas
506 1716 609 1741 contra
625 1715 803 1743 nimietamn
819 1717 1004 1753 eloquentur.

298 1758 377 1791 nico,
393 1759 475 1795 quod
489 1763 556 1788 ante
572 1761 673 1789 omnia
686 1770 737 1790 cor
753 1762 841 1791 debet
857 1773 919 1792 esse
934 1773 1042 1800 purum

261 1813 312 1841 per
327 1806 506 1834 munditiam
521 1808 660 1836 castitalis
672 1809 701 1836 in
718 1818 854 1846 corpore,
870 1815 973 1840 contra
990 1813 1042 1840 su·-

261 1854 353 1880 torcm
379 1853 511 1881 luxuriae.
535 1856 565 1882 Et
587 1855 624 1883 de
648 1856 704 1884 hoc
727 1858 885 1893 exponitur
910 1859 983 1887 illud
1009 1861 1015 1877 ¹
1035 1869 1041 1887 ι

263 1910 275 1923 «
291 1900 455 1935 Succingite
473 1901 592 1930 lumbes
609 1904 714 1931 mentis
728 1908 831 1932 vesti-w
851 1915 857 1933 :
884 1909 997 1942 sperate
1013 1907 1043 1934 in

261 1954 337 1980 eam,
354 1956 419 1983 quw
435 1949 557 1976 otl'ertur
572 1950 668 1985 vobis,
686 1952 820 1986 gratiani.
839 1963 852 1978 n
870 1954 970 1981 ‚Nullus
989 1963 1043 1990 po-

262 1997 314 2021 lest
329 2004 448 2030 sper-ire
464 2001 653 2033 accepturum
669 2008 698 2026 se
713 2002 848 2035 grimm,
867 2002 920 2029 nisi
937 2004 1043 2031 mentis

262 2044 289 2068 et
303 2042 435 2077 corporis
452 2043 577 2078 perfecte
594 2047 689 2073 toneat
703 2047 867 2075 succinctos
883 2051 910 2076 et
929 2050 1044 2078 strictos

263 2087 390 2116 lumbos.
415 2090 494 2117 Unde
522 2091 628 2120 dicitur
651 2092 660 2107 ²
685 2102 692 2121 ε
718 2105 729 2119 u
754 2094 814 2122 Sint
837 2095 930 2123 lumbi
957 2098 1043 2125 vestri

263 2136 502 2170 1¹rwcincti.»ct‹·.
517 2138 602 2172 Quod
619 2147 771 2176 exponens
787 2144 953 2178 Gregorius,
969 2146 1007 2173 ait
1019 2146 1042 2173 ⁸:

265 2192 276 2205 «ι
295 2183 422 2210 lnunlios
438 2185 516 2212 enim
531 2187 747 2221 prwcingiinus,
764 2189 836 2216 (luni
848 2191 943 2218 carnis
960 2191 1043 2220 luxu-

264 2230 337 2256 riam
354 2238 406 2265 per
422 2232 633 2260 conum-utiam
650 2239 843 2265 coarctamus.
865 2249 877 2263 »
898 2239 967 2272 Quis
984 2249 1043 2268 non

264 2276 354 2311 fugiat
369 2277 529 2312 luxuriam,
542 2289 608 2307 vum
621 2282 760 2310 animalia
773 2285 951 2314 detestentur
961 2288 1045 2315 adul·

192 2342 249 2355 um-
265 2324 358 2351 terina
375 2326 545 2353 connubia?
562 2329 681 2364 Propter
697 2331 779 2365 quod
797 2332 841 2359 lvo
858 2334 942 2368 punit
960 2336 1044 2362 aulul-

266 2372 405 2399 lcranlem
422 2371 544 2401 lemnam
565 2384 631 2402 cuin
654 2377 765 2411 parde,
781 2382 806 2406 el
829 2380 943 2408 ciconia
965 2390 1046 2409 inas-

266 2418 349 2445 vnlus
365 2419 528 2448 soeniinam.
546 2423 575 2449 Et
589 2423 677 2450 etiam
696 2424 875 2454 detestantur
891 2429 1045 2465 turpitudi-

264 2467 512 2495 iictllt¹ti'(i·201't¹ln
525 2468 658 2503 luxuriae,
671 2474 699 2498 ul
713 2472 842 2507 elephas.
856 2477 919 2510 poa
934 2476 1044 2504 coitum

265 2521 330 2540 cuin
349 2523 452 2548 uxore,
469 2524 623 2551 nunquam
644 2517 682 2545 ad
705 2520 801 2546 socios
823 2520 862 2548 ire
884 2523 1043 2559 prmsnniit,

297 2589 302 2603 ¹
322 2589 327 2611 l
347 2589 424 2614 Par..
443 2597 464 2617 ι,
482 2593 518 2614 tx.
535 2605 565 2608 —
581 2591 588 2606 ²
605 2592 673 2623 Luc„
690 2599 739 2623 xii,
756 2596 794 2617 35.
813 2608 840 2612 —
857 2596 866 2610 ³
880 2598 999 2628 ‹ii-vaur„
1019 2600 1043 2622 ιή

267 2624 370 2654 lsrnngl..
388 2625 457 2649 lii-lit.
476 2633 532 2657 xiii,
547 2634 572 2650 n.
593 2630 613 2651 l.
626 2641 654 2645 —
668 2628 677 2643 ⁵
688 2629 768 2652 serem
784 2649 788 2656 ‚
805 2637 826 2654 ν.
841 2634 864 2661 S,
878 2635 899 2655 tl.
913 2645 942 2650 —
956 2636 963 2647 ⁵
978 2634 1043 2659 Luc..

265 2666 287 2689 i,
307 2661 346 2692 is,
361 2662 399 2684 δὲ.
417 2674 444 2679 —
460 2663 469 2678 ⁶
483 2663 544 2694 Aaou,
563 2670 596 2695 iv,
613 2666 635 2689 ϋ.
651 2678 678 2682 -
693 2665 700 2679 ⁷
713 2665 787 2695 .›lb:!.,
803 2672 863 2697 vni,
881 2670 931 2693 :J-i.

1095 245 1155 275 nisi
1167 245 1253 284 prius
1265 247 1354 285 aquis
1366 255 1398 278 se
1411 248 1527 278 laverit.
1550 250 1584 279 Et
1595 249 1621 279 si
1641 249 1756 281 faciant
1770 251 1878 287 bruta,

1096 292 1172 330 quid
1190 296 1262 323 tune
1281 294 1379 324 facere
1398 295 1510 326 debent
1527 297 1705 327 rationalia?
1726 299 1774 335 κς
1786 298 1812 328 si
1835 298 1878 328 sic

1096 341 1140 370 est
1152 349 1222 370 cum
1235 349 1330 372 uxore
1344 343 1474 381 propria,
1487 344 1563 382 quid
1577 346 1660 379 tunc.
1672 345 1698 374 si
1711 346 1878 376 eoeneum

1096 387 1218 417 aliena?
1228 388 1297 424 Sed,
1321 389 1397 419 heu!
1422 390 1495 428 quia
1513 391 1581 421 facti
1599 394 1669 421 sunt
1688 391 1781 425 hodie
1797 392 1878 422 ehi-i-

1095 434 1194 469 stiani,
1204 443 1268 465 non
1281 436 1380 466 solum
1394 439 1428 467 ut
1437 438 1560 475 pagani,
1573 438 1628 468 sed
1636 438 1647 457 ⁴
1661 450 1676 466 «ι
1685 439 1756 477 equi
1766 441 1880 470 amato-

1095 489 1144 511 res
1157 485 1187 512 et
1199 483 1344 512 emissarii
1356 484 1389 513 in
1402 484 1552 522 foerninas,
1572 488 1606 515 ut
1617 486 1825 524 unusquisque
1838 486 1880 516 ad

1097 537 1224 559 uxorem
1237 531 1369 567 proximi
1383 531 1429 572 sui
1442 531 1559 562 hinniat
1572 533 1622 570 (a).
1636 543 1651 560 n
1666 534 1700 562 Et
1710 533 1796 562 addit
1810 535 1881 564 Pro-

1095 576 1187 613 pheta
1206 586 1243 605 :a
1256 577 1409 615 Numquid
1431 586 1494 608 non
1514 579 1572 608 hos
1584 579 1620 618 (ὁ)
1642 580 1786 617 visitabo,
1809 580 1881 610 dicit

1097 625 1252 661 Dominus,
1270 628 1299 654 et
1311 625 1342 654 in
1357 628 1444 662 gente
1459 626 1511 655 tali
1526 635 1590 656 non
1604 627 1762 657 ulciscetur
1778 628 1882 658 anima

1097 673 1186 701 mea?
1200 682 1214 699 ι

1133 720 1281 756 Secundo,
1297 720 1387 750 debet
1402 728 1454 750 cor
1469 729 1533 750 esse
1549 721 1735 758 protundum
1749 730 1803 759 per
1815 722 1880 752 infi-

1097 775 1182 796 mum
1209 768 1399 804 humilitatis,
1425 771 1528 798 contra
1548 771 1697 799 tumorem
1720 770 1879 807 superbioe.

1097 816 1142 844 Ad
1157 815 1250 844 valles
1264 816 1344 844 enim
1361 820 1483 846 currunt
1504 825 1601 855 aquoe,
1622 820 1651 846 et
1669 816 1701 846 in
1726 817 1881 846 montibus

1097 863 1163 892 altis
1176 871 1238 892 non
1253 864 1444 893 inveniuntur
1457 873 1544 902 aquoe
1559 875 1566 894 ε
1583 865 1656 903 quia
1675 872 1745 894 eum
1758 865 1881 894 interius

1097 910 1154 938 sint
1179 918 1367 947 cavernosae,
1394 915 1517 949 propter
1542 915 1681 941 naturam
1704 911 1880 947 vacuitatis,

1097 966 1189 994 quam
1203 961 1309 987 natura
1322 966 1384 987 non
1398 959 1536 994 admittit,
1551 967 1647 996 aquas
1659 967 1678 988 a
1698 959 1775 988 mari
1793 961 1882 988 attra-

1097 1005 1182 1039 hunt,
1198 1008 1226 1034 et
1239 1006 1281 1034 sic
1299 1005 1395 1034 sontes
1412 1006 1492 1035 toras
1504 1007 1684 1043 erumpunt,
1703 1008 1732 1034 et
1755 1005 1882 1035 flumina

1097 1060 1208 1088 magna
1223 1052 1343 1082 faciunt.
1365 1053 1411 1082 Sic
1435 1055 1464 1082 et
1480 1053 1524 1081 vir
1542 1053 1675 1088 humitis,
1691 1052 1766 1081 dum
1783 1060 1814 1082 se
1831 1060 1883 1082 va-

1098 1108 1188 1128 cuum
1205 1100 1308 1135 credit,
1324 1099 1459 1128 divinam
1479 1100 1604 1136 gratiam
1617 1099 1656 1128 nd
1677 1108 1709 1128 se
1729 1099 1836 1134 trahit;
1853 1102 1882 1129 et

1099 1148 1179 1175 tanto
1198 1147 1339 1183 amplius,
1355 1149 1468 1184 quanto
1488 1155 1518 1175 se
1538 1147 1675 1175 humiliat
1690 1146 1879 1183 profundius.

1097 1195 1143 1222 Sic
1157 1194 1316 1230 superbus,
1331 1196 1445 1231 quanto
1455 1194 1551 1230 magis
1567 1194 1711 1229 ascendit,
1726 1196 1808 1223 tanto
1822 1194 1881 1223 l'or-

1099 1241 1236 1269 tiusinde
1261 1241 1327 1269 ruit.
1350 1241 1430 1269 Unde
1455 1241 1533 1269 enim
1559 1240 1627 1269 Saul
1651 1241 1881 1278 superbissimus

1098 1288 1215 1322 cecidit,
1231 1288 1302 1316 illue
1317 1288 1410 1316 David
1430 1288 1552 1316 humilis
1565 1287 1726 1316 ascendere
1747 1288 1856 1317 meruit
1871 1298 1880 1317 :

1098 1338 1126 1362 et
1150 1337 1231 1363 tanto
1256 1335 1365 1371 magis,
1389 1338 1502 1372 quanto
1527 1335 1624 1370 magis
1646 1343 1678 1364 se
1700 1335 1878 1364 humiliavit.

1099 1383 1180 1412 Unde
1195 1383 1300 1412 dicitur
1312 1384 1342 1411 in
1353 1384 1473 1412 cantico
1488 1384 1619 1412 Dominae
1634 1387 1742 1412 nostrae
1753 1384 1764 1401 ⁸
1778 1392 1811 1411 :a
1827 1385 1881 1412 Re—

1097 1430 1193 1467 spexit
1212 1431 1353 1458 Dominus
1375 1430 1573 1459 humilitatem
1594 1430 1708 1459 ancillae
1730 1438 1800 1459 sum.
1816 1441 1830 1458 n
1848 1431 1881 1460 Et

1098 1477 1204 1506 iterum
1220 1487 1226 1505 :
1247 1488 1259 1502 α
1275 1478 1413 1514 Deposuit
1431 1480 1564 1514 potentes
1579 1478 1616 1506 de
1632 1477 1714 1513 sede,
1728 1480 1757 1506 et
1770 1477 1881 1507 exalta-

1099 1527 1140 1553 vit
1158 1525 1295 1553 humiles.
1319 1535 1333 1551 n
1361 1527 1392 1553 Et
1413 1525 1487 1562 quid
1508 1525 1633 1559 mirum,
1653 1525 1737 1562 quod
1760 1525 1801 1554 ita
1823 1526 1879 1560 sit,

1099 1581 1166 1600 cum
1183 1572 1262 1600 dicat
1283 1573 1438 1609 Apostolus
1452 1572 1473 1606 ⁶,
1491 1572 1573 1608 quod
1591 1573 1733 1600 Dominus
1750 1584 1764 1599 ιι
1778 1581 1881 1610 super-

1099 1621 1145 1648 bis
1173 1620 1291 1654 resistit,
1315 1620 1479 1648 humilibus
1502 1623 1601 1648 autem
1625 1619 1677 1648 dat
1701 1621 1846 1655 gratiam?
1863 1631 1877 1646 n

1099 1667 1258 1701 Quomodo
1269 1667 1428 1695 ascendere
1451 1667 1573 1703 poterit,
1596 1675 1664 1695 cum
1688 1667 1881 1704 Omnipotens
1919 1676 2001 1698 Exem-

1101 1718 1203 1743 contra
1218 1715 1310 1743 dicit?
1325 1715 1473 1752 Numquid
1489 1715 1601 1751 gallina
1620 1715 1711 1744 audet
1724 1724 1755 1744 se
1770 1716 1811 1744 ibi
1827 1717 1882 1745 eri·
1895 1706 1941 1734 ¹²¹⁸·

1099 1771 1179 1796 gere,
1201 1762 1252 1790 ubi
1266 1763 1318 1790 scit
1335 1762 1456 1798 vulpem
1474 1764 1558 1791 esse?
1575 1763 1724 1800 Numquid
1740 1772 1834 1799 agnus
1849 1773 1881 1793 se

1098 1810 1138 1838 ihi
1155 1809 1249 1845 erigit,
1271 1810 1321 1837 ubi
1343 1809 1432 1846 lupus
1451 1810 1477 1838 ei
1499 1810 1623 1838 resistit?
1646 1811 1715 1845 Quis
1738 1811 1768 1839 in
1786 1819 1880 1848 regno

1099 1857 1225 1885 Francia²
1241 1859 1330 1893 caput
1353 1857 1463 1885 audeat
1481 1858 1605 1893 erigere,
1625 1858 1671 1886 vel
1691 1858 1763 1894 erigi
1786 1858 1815 1886 in
1830 1867 1880 1887 su-

1099 1904 1201 1939 blime,
1223 1913 1292 1940 rege
1315 1904 1370 1932 sibi
1392 1904 1561 1932 resistente?
1580 1906 1655 1940 Ergo
1674 1905 1821 1942 superbus
1835 1914 1880 1934 as-

1098 1951 1213 1985 cendet,
1229 1954 1257 1979 et
1276 1959 1335 1979 non
1356 1952 1452 1988 potius
1473 1955 1548 1986 ruet,
1568 1953 1619 1988 qni
1644 1953 1882 1990 omnipotentem

1099 2001 1203 2027 contra
1217 2007 1247 2026 se
1264 1999 1371 2026 habet?
1387 1999 1466 2026 Unde
1482 1999 1544 2035 ipse
1555 1999 1592 2026 ad
1606 1999 1768 2035 superbum
1784 1999 1882 2036 loqui—

1100 2048 1146 2073 tur
1157 2055 1210 2083 per
1222 2046 1347 2074 abdiam
1362 2045 1536 2082 proplietam
1548 2047 1558 2063 ⁷
1573 2055 1579 2073 ι
1594 2056 1607 2071 «
1621 2046 1767 2082 Superbia
1781 2047 1882 2075 cordis

1099 2094 1140 2121 tui
1157 2093 1260 2121 extulit
1277 2096 1302 2120 te
1318 2092 1502 2120 habitantem
1518 2092 1546 2120 in
1561 2093 1694 2120 scissuris
1708 2095 1812 2129 petrae;
1829 2094 1881 2130 qui

1101 2141 1174 2169 divis
1187 2142 1215 2168 in
1230 2140 1320 2168 corde
1333 2149 1339 2167 :
1357 2140 1426 2173 Quis
1437 2139 1571 2167 detrahet
1586 2148 1633 2168 me
1649 2140 1810 2169 deorsum?
1824 2141 1881 2169 Sed

1100 2189 1123 2217 si
1145 2188 1288 2216 exaltatus
1302 2187 1401 2219 fucris,
1420 2190 1447 2214 et
1466 2186 1540 2214 inter
1561 2187 1659 2215 sidera
1683 2188 1820 2224 posueris
1838 2188 1883 2216 ni-

1101 2237 1173 2264 dmu
1201 2238 1301 2269 tuum,
1327 2234 1395 2262 inde
1425 2233 1579 2262 detraham
1609 2237 1634 2262 te
1645 2255 1653 2269 ,
1683 2234 1754 2263 dicit
1784 2235 1882 2263 Domi-

1100 2293 1164 2312 nus.
1181 2295 1194 2310 ι)

1136 2331 1230 2359 Tertio
1247 2330 1334 2358 dehet
1349 2338 1400 2357 cor
1415 2338 1476 2357 esse
1489 2329 1581 2357 tatum
1598 2337 1653 2365 per
1667 2329 1803 2357 ellectum
1815 2330 1883 2358 cha-

1100 2379 1190 2407 ritatis
1206 2379 1234 2405 iu
1252 2385 1352 2414 opere,
1374 2380 1476 2404 contra
1498 2376 1623 2404 livorem
1644 2375 1771 2403 invidiae.
1795 2378 1882 2404 Num-

1101 2426 1172 2462 quid
1186 2425 1262 2461 ignis
1279 2425 1307 2451 in
1322 2423 1429 2460 stipula
1446 2426 1540 2459 polest
1558 2431 1631 2457 esse,
1647 2425 1674 2450 et
1689 2430 1749 2450 non
1764 2423 1879 2458 ardere,

1101 2475 1127 2501 et
1153 2473 1267 2500 sumum
1293 2479 1352 2499 nou
1372 2470 1486 2498 facere?
1511 2469 1660 2505 Numquid
1688 2471 1784 2505 potest
1806 2470 1881 2505 ignis

1100 2527 1174 2553 esse,
1199 2521 1227 2546 et
1251 2526 1358 2554 corpus
1384 2517 1588 2553 propinquum
1613 2523 1674 2543 non
1699 2516 1880 2546 calefacere?

1100 2565 1250 2602 Numquid
1266 2573 1326 2593 non
1342 2564 1433 2592 carbo
1450 2563 1559 2599 ignitus
1578 2562 1723 2591 carbones
1737 2564 1880 2593 extinctos

1134 2669 1167 2700 (ιι)
1187 2668 1248 2693 Caet.
1267 2667 1328 2692 cclii.
1349 2665 1455 2691 hinniet.
1470 2677 1501 2684 -—
1519 2665 1550 2696 (b)
1572 2664 1644 2697 Γαίῃ.
1665 2672 1742 2698 super
1758 2666 1798 2692 his
1816 2674 1877 2694 non.
