2029 3052
635 291 919 324 RESI‘ONSIONIS
940 292 1098 326 TERTIAE
1122 294 1249 327 CAPUT
1273 296 1295 327 1.

151 363 212 394 sed
229 361 370 403 nequitia
384 360 509 401 cupidae
523 359 639 392 mentis
653 368 748 391 causa
762 359 823 391 t'uit
838 361 936 391 tautae

156 416 338 457 impietatis.
359 415 515 456 Respectu
530 423 608 446 vero
630 413 853 454 perfectorum,
876 413 936 445 fuit

156 473 244 502 actus
259 469 509 501 informatorius.
527 467 702 509 Siquidem,
720 469 879 508 quantum
895 468 934 499 ad

155 525 287 556 modum
307 523 458 562 habendi,
478 523 582 554 forma
603 523 663 554 fuit
684 523 885 563 perfectIOnis
901 523 934 553 in

154 577 369 609 ecclesiasticis
396 577 554 617 personis,
580 577 721 607 maxime
744 576 931 615 coenobitis,

153 633 189 663 ut
216 631 256 662 ad
283 631 469 671 exemplum
498 630 623 669 Christi,
649 633 680 662 et
702 630 933 671 discipulorum

152 685 234 724 eJus,
251 685 359 716 nullus
382 685 441 716 sibi
462 685 637 725 quidquam
659 684 853 724 appropriet,
878 685 933 716 sed

151 739 290 771 habeant
307 740 416 771 omnia
435 739 469 770 in
491 739 667 770 communi.
688 737 777 770 Unde
798 738 933 777 Augus-

151 793 239 824 tinus
253 801 350 834 super
364 793 519 825 Joannem
534 793 542 810 ³
562 803 569 823 :
592 803 606 822 t<
620 792 763 823 Habebat
778 792 932 823 Dominus

149 846 290 885 loculos,
311 848 342 877 et
366 856 385 877 a
411 846 560 877 fidelibus
582 846 687 877 oblata
714 855 929 884 conservans,

149 908 283 931 suorum
305 900 556 939 necessitatibus,
582 901 612 930 et
626 899 695 930 aliis
709 899 931 937 indigentibus

147 954 318 985 tribuebat.
335 953 424 985 Tunc
438 954 581 994 primum
597 953 814 984 ecclesiasticae
833 963 928 994 pecu-

148 1008 211 1038 niae
233 1008 336 1039 forma
357 1009 405 1038 est
426 1008 589 1045 instituta,
611 1009 647 1038 ut
671 1007 928 1047 intelligeremus

148 1062 234 1102 quod
248 1062 410 1102 praecepit,
426 1071 491 1092 non
507 1061 715 1101 cogitandum
736 1062 774 1092 de
790 1062 929 1093 crastino

148 1124 227 1153 esse,
243 1125 308 1146 non
323 1116 363 1146 ad
377 1116 438 1146 hoc
458 1115 555 1146 fuisse
570 1118 778 1155 praeeeptun1,
796 1117 833 1146 ut
848 1116 928 1146 nihil

146 1169 292 1208 pecuniae
306 1171 489 1200 servaretur
499 1179 518 1200 a
532 1169 659 1207 sanetis,
673 1169 724 1200 sed
736 1179 775 1200 ne
786 1169 849 1201 Deo
858 1179 929 1210 pro-

146 1224 215 1263 pter
234 1223 295 1253 ista
314 1223 511 1254 serviatur.»
530 1222 606 1254 Haec
629 1223 845 1263 Augustinus,
872 1224 927 1264 qui

145 1275 281 1307 formam
304 1277 497 1316 regulariter
520 1277 697 1308 viventium
723 1277 924 1316 describens,

145 1329 228 1360 sicut
247 1329 386 1361 habetur
414 1340 508 1361 causa
535 1340 592 1368 ΧΠ,
623 1331 738 1370 quaest.
772 1333 802 1369 1,
831 1331 875 1361 ait
887 1332 897 1347 2
917 1342 923 1362 :

149 1394 163 1412 α
177 1383 257 1414 Cum
272 1384 372 1424 hujus
387 1386 504 1416 nostrae
523 1385 784 1424 congregationis
800 1385 923 1423 fratres,

143 1446 209 1468 non
231 1439 336 1469 solum
356 1439 570 1477 facultatibus,
590 1439 642 1470 sed
660 1439 756 1470 etiam
775 1440 925 1470 volunta—

142 1492 228 1522 tibus
239 1493 374 1533 propriis
385 1493 454 1533 ipsa
462 1493 583 1524 ordinis
593 1494 794 1533 susceptione
808 1503 925 1525 renun-

142 1545 310 1584 tiaverint3
327 1548 449 1577 certum
460 1548 507 1578 est
519 1556 572 1578 eos
585 1547 664 1578 nihil
675 1547 805 1586 habere,
818 1549 923 1588 possi—

141 1598 215 1630 dere
226 1623 236 1638 ,
252 1599 346 1639 dare,
362 1600 413 1631 vel
429 1601 571 1640 accipere
583 1625 590 1639 ,
608 1601 676 1631 sine
691 1601 866 1641 superioris
889 1602 923 1632 li-

141 1653 245 1683 centia
260 1654 387 1685 debere.
401 1666 416 1684 n
433 1655 596 1692 Quantum
611 1656 719 1685 autem
737 1655 775 1685 ad
788 1655 923 1686 modum

140 1706 354 1747 dispensandi,
372 1709 476 1740 forma
490 1709 551 1740 fuit
563 1709 762 1749 perfectionis
778 1709 810 1739 in
822 1710 923 1741 Eccle—

140 1760 197 1791 siae
211 1760 364 1800 Praelatis,
378 1764 414 1793 ut
428 1763 575 1803 exemplo
587 1762 711 1800 Christi,
729 1763 814 1794 hona
828 1765 923 1795 eccle-

140 1814 266 1846 siastica
283 1815 467 1856 dispensent
488 1818 527 1848 ad
542 1818 805 1849 sustentationem
823 1819 920 1849 mini-

140 1870 282 1899 strorum
298 1869 457 1908 Ecclesiae,
474 1873 504 1901 et
519 1871 558 1901 ad
576 1880 752 1911 pauperum
772 1872 919 1903 relevan-

140 1921 196 1952 das
231 1922 386 1954 miserias.
419 1923 508 1955 Unde
543 1924 786 1964 Chrysostomus
824 1934 921 1965 super

139 1977 307 2014 Joamzem,
329 1977 367 2008 de
391 1977 502 2008 loculis
526 1978 642 2008 Christi
664 1978 811 2019 loquens,
833 1989 919 2020 quae-

139 2030 276 2060 stionem
292 2031 441 2070 proponit
453 2032 462 2048 ³
479 2042 486 2062 ι
508 2043 523 2060 ι(
539 2031 693 2070 Qualiter,
713 2032 829 2073 inquit,
855 2043 919 2065 non

139 2092 261 2123 peram,
277 2093 342 2115 non
357 2085 499 2124 virgam,
516 2094 581 2116 non
597 2094 641 2116 aes
655 2086 773 2125 jubens
784 2087 916 2127 deferre,

139 2138 342 2178 marsupium
360 2139 500 2170 ferebat?
516 2150 529 2168 »
554 2140 758 2180 Respondens
779 2141 885 2172 subdit
909 2153 915 2173 z

143 2202 157 2220 (ι
173 2191 221 2222 Ad
235 2191 369 2231 inopum
387 2193 614 2232 ministerium,
638 2195 675 2224 ut
696 2194 808 2233 discas,
834 2205 917 2235 quo-

138 2244 227 2275 niam
243 2245 335 2276 valde
351 2255 536 2286 pauperem.
551 2249 582 2278 et
599 2247 803 2286 crucifixum,
820 2249 918 2289 hujus

138 2300 263 2338 oportet
274 2300 372 2339 partis
387 2301 522 2331 multam
535 2301 637 2332 facere
648 2303 914 2341 procurationem.

137 2351 235 2383 Multa
257 2353 343 2383 enim
365 2354 403 2384 ad
427 2356 569 2385 nostram
589 2355 774 2395 dispensans
797 2358 917 2389 doctri-

136 2413 212 2435 nam
232 2406 358 2445 agebat.
382 2418 395 2435 υ
431 2406 467 2437 In
494 2408 545 2438 his
575 2409 711 2440 ostendit
733 2410 918 2450 Chrysosto-

137 2467 221 2496 mUS,
238 2461 325 2499 quod
354 2461 431 2492 viris
448 2462 593 2501 perfectis
612 2465 771 2503 competat
789 2465 917 2496 misera-

136 2511 251 2542 bilium
280 2522 489 2553 personarum
520 2525 633 2554 gerere
656 2526 768 2547 curam
796 2529 802 2549 :
830 2520 916 2559 quod

137 2566 279 2597 maxime
300 2568 404 2599 locum
422 2569 518 2600 habet
540 2570 575 2600 in
600 2570 741 2602 Praelatis
756 2572 913 2612 Ecclesiae,

138 2627 278 2658 quornm
298 2623 481 2661 perfectioni
496 2626 658 2661 consonat,
673 2627 709 2655 ut
724 2628 755 2656 et
769 2627 914 2666 spiritua-

172 2682 178 2697 ¹
194 2683 313 2714 August„
328 2685 353 2708 in
367 2687 448 2716 loun„
465 2687 536 2710 tract.
551 2693 614 2717 mu,
630 2694 655 2710 n.
673 2689 696 2711 5.
708 2701 738 2704 —
755 2689 762 2702 2
776 2689 848 2712 Caus.
867 2696 914 2720 xii,

138 2724 163 2748 q.
187 2723 210 2748 1,
225 2725 247 2742 c.
267 2725 305 2750 ¹x13
322 2722 386 2751 apud
405 2723 574 2753 Augustinum
587 2730 648 2747 vero
664 2730 715 2747 nun
736 2725 869 2755 reperitur.
886 2740 913 2742 —

138 2753 149 2768 ²⁵
167 2753 310 2786 Clirysost„
327 2757 352 2780 z'n
366 2758 447 2786 loun..
460 2758 531 2782 hom.
546 2765 623 2790 inss,
639 2759 671 2783 al.
693 2766 778 2790 Lxxu,
799 2768 825 2784 u.
846 2763 869 2786 2.
884 2774 914 2779 —

139 2789 149 2806 ὓ
169 2790 273 2822 Ρωερ.,
292 2792 321 2816 de
342 2793 390 2817 Vz't.
410 2794 559 2826 Contempl„
573 2795 618 2819 lib.
635 2796 668 2826 ΙΙ,
683 2802 705 2821 c.
725 2802 761 2821 tx.
777 2810 807 2814 —-
822 2797 832 2814 ¹⁵
847 2797 914 2829 Luc„

1717 301 1776 330 469

995 360 1075 400 liter,
1097 365 1129 393 et
1152 363 1249 394 etiam
1274 364 1502 405 temporaliter,
1526 366 1690 406 pascendis
1714 366 1774 397 sibi

992 417 1171 447 commissis
1194 418 1354 457 gregibus
1380 419 1557 450 intendant.
1585 418 1675 451 Unde
1698 420 1774 452 Pro-

991 477 1064 508 sper
1072 469 1104 500 iu
1118 470 1197 502 libro
1206 471 1245 503 de
1259 472 1336 504 Vita
1347 474 1595 513 contemplativa
1603 473 1630 505 ⁴:
1645 485 1660 503 «
1670 473 1775 506 Scien-

990 522 1037 553 tes
1054 523 1112 553 viri
1129 525 1239 563 sancti,
1258 526 1339 556 nihil
1359 527 1446 558 aliud
1462 536 1530 558 esse
1553 537 1603 559 res
1623 527 1770 559 Ecclesiae

989 576 1050 607 nisi
1065 579 1139 608 vota
1159 578 1316 618 fidelium,
1333 582 1363 611 et
1380 581 1480 621 pretia
1502 584 1717 622 peecatorum,
1742 584 1774 613 et

990 630 1181 670 patrimonia
1201 641 1392 673 pauperum,
1416 643 1481 666 non
1501 645 1554 667 eas
1577 636 1771 668 vendicave-

988 686 1064 715 runt
1079 684 1113 715 in
1128 694 1205 717 usus
1221 695 1306 724 suos,
1329 689 1366 718 ut
1385 689 1540 729 proprias,
1565 690 1619 721 sed
1637 692 1674 721 ut
1688 699 1772 721 com-

989 739 1153 770 mendatas
1170 741 1368 781 pauperibus
1386 746 1617 782 erogaverunt.
1643 744 1709 776 Iloc
1724 746 1771 776 est

987 793 1177 832 possidendo
1203 797 1426 834 contemnere;
1451 805 1517 827 non
1540 797 1612 836 sibi,
1639 798 1694 829 sed
1716 798 1770 829 alii

987 847 1146 886 possidere
1155 859 1163 887 ;
1186 858 1243 880 nec
1269 850 1440 890 cupiditate
1461 850 1596 882 habendi
1622 851 1768 883 Ecclesiae

986 900 1150 933 facultates
1174 903 1313 941 ambire,
1339 904 1392 934 sed
1418 904 1532 944 pietate
1555 906 1769 937 subveniendi

985 963 1038 985 eas
1061 957 1238 996 suscipere;
1262 960 1292 988 et
1306 958 1391 998 quod
1408 958 1505 989 habet
1520 958 1670 998 Ecclesia,
1693 969 1768 991 cum

985 1009 1138 1040 omnibus
1150 1010 1231 1041 nihil
1242 1011 1434 1043 habentibus
1449 1013 1567 1044 habere
1581 1023 1765 1053 commune,

984 1071 1043 1093 nec
1064 1063 1183 1103 aliquid
1206 1064 1280 1096 inde
1303 1065 1360 1104 eis,
1376 1066 1432 1106 qui
1452 1067 1511 1097 sibi
1528 1068 1702 1104 sufficiunt,
1727 1068 1766 1099 de

983 1125 1041 1147 suo
1064 1126 1209 1157 erogare,
1231 1128 1305 1149 cum
1320 1120 1402 1150 nihil
1416 1120 1502 1151 aliud
1515 1121 1555 1152 sit
1572 1121 1765 1153 habentibus

983 1170 1069 1208 dare,
1084 1180 1181 1211 quam
1196 1173 1339 1212 perdere.
1357 1173 1522 1211 Quantum
1542 1184 1620 1206 vero
1639 1175 1679 1206 ad
1694 1185 1764 1207 mo-

982 1224 1060 1255 dum
1075 1225 1197 1262 utendi,
1213 1226 1316 1257 forma
1330 1227 1390 1257 fuit
1404 1228 1605 1264 perfectionis
1620 1229 1697 1269 ipsis
1714 1240 1754 1270 po

982 1278 1065 1317 pulis
1076 1303 1084 1317 ,
1110 1288 1146 1310 ac
1174 1280 1298 1310 caeteris
1326 1281 1514 1321 hujusmodi
1543 1285 1764 1322 paupertatem

981 1333 1140 1371 professis,
1164 1335 1199 1364 ut
1227 1343 1314 1371 cum,
1345 1344 1385 1365 ex
1415 1345 1525 1367 amore
1550 1339 1762 1378 paupertatis,

981 1395 1107 1427 semper
1121 1397 1228 1419 carere
1236 1388 1347 1420 loculis
1359 1390 1500 1430 cupiant,
1517 1392 1623 1422 solum
1635 1393 1763 1432 quando

980 1443 1098 1480 apertae
1118 1442 1314 1473 necessitatis
1330 1446 1428 1483 urget
1451 1445 1621 1483 articulus,
1640 1446 1761 1478 loculos

979 1494 1094 1526 ferant.
1125 1496 1194 1536 Ipse
1215 1497 1373 1537 siquidem
1395 1498 1537 1529 Christus
1560 1501 1760 1531 sustentaba-

979 1550 1032 1578 tur
1046 1558 1065 1579 a
1080 1550 1340 1589 suscipientibus,
1357 1552 1408 1582 vel
1424 1561 1443 1582 a
1459 1552 1649 1584 mulieribus
1664 1554 1761 1585 comi-

978 1602 1120 1633 tantibus
1132 1613 1218 1642 eum,
1232 1604 1313 1635 sicut
1326 1605 1359 1635 in
1375 1606 1459 1637 Luca
1475 1606 1636 1645 scribitur,
1649 1608 1734 1648 quod
1750 1609 1760 1625 ⁵

978 1656 1069 1688 ibant
1085 1665 1157 1688 cum
1172 1666 1206 1689 eo
1221 1659 1376 1698 mulieres,
1394 1668 1465 1699 qzcoe
1485 1661 1716 1694 ministrabant
1731 1663 1761 1695 ei

977 1709 1016 1741 de
1033 1710 1243 1748 facultatibus
1257 1713 1338 1744 suis.
1358 1712 1437 1744 Cum
1457 1716 1565 1745 tamen
1580 1724 1636 1755 per
1651 1716 1760 1747 Sama-

977 1763 1059 1793 riam
1085 1765 1242 1803 transivit,
1268 1766 1300 1796 in
1323 1775 1388 1806 qua
1411 1767 1541 1807 quidem
1565 1769 1703 1808 civitate,
1724 1772 1759 1801 ut

977 1816 1050 1847 dicit
1066 1817 1283 1856 Evangelista,
1300 1819 1475 1859 hospitium
1491 1821 1607 1852 habere
1622 1832 1687 1854 non
1701 1833 1757 1863 po-

977 1870 1048 1908 tuit,
1064 1871 1103 1901 de
1118 1871 1230 1901 loculis
1240 1872 1329 1911 vixit,
1341 1873 1422 1904 sicut
1433 1874 1548 1905 dicitur
1558 1875 1591 1905 in
1601 1877 1725 1909 Joanne
1734 1878 1757 1917 ⁶,

976 1924 1062 1963 quod
1091 1924 1249 1964 discipuli
1278 1925 1428 1958 abierant
1456 1928 1493 1958 in
1517 1929 1694 1969 civitatem,
1723 1933 1759 1963 ut

976 1978 1061 2009 cibos
1087 1981 1233 2010 emerent.
1263 1979 1351 2011 Unde
1380 1990 1477 2021 super
1501 1982 1579 2014 illud
1607 1983 1755 2016 Lucae⁷z

978 2031 1113 2069 Oucmdo
1128 2033 1206 2064 misi
1223 2041 1275 2065 vos
1291 2035 1362 2066 sine
1379 2035 1514 2074 sacculo,
1531 2039 1562 2069 et
1578 2037 1648 2069 sine
1664 2047 1754 2078 pera,

975 2085 1050 2116 dicit
1067 2085 1175 2117 Glossa
1188 2089 1198 2105 ⁸
1213 2098 1219 2117 :
1242 2087 1298 2118 «Si
1315 2098 1370 2128 per
1386 2089 1591 2130 inhospitales
1605 2092 1756 2131 regiones

974 2140 1149 2170 transimus
1159 2164 1169 2178 ,
1186 2140 1280 2180 plura
1295 2142 1401 2172 viatici
1417 2152 1514 2174 causa
1528 2144 1599 2175 licet
1614 2147 1732 2185 portari
1745 2171 1753 2185 ,

974 2203 1072 2234 quam
1084 2194 1168 2225 [lomi
1180 2194 1366 2227 habeamus.
1382 2207 1396 2225 »
1409 2197 1538 2228 Constat
1550 2200 1659 2230 autem
1670 2201 1754 2240 quod

974 2247 1066 2279 valde
1090 2258 1212 2288 pauper
1234 2252 1291 2288 est,
1315 2250 1371 2290 qui
1394 2251 1487 2290 plura
1508 2254 1612 2292 portat
1634 2254 1667 2284 in
1682 2255 1751 2294 via,

974 2312 1073 2343 quam
1088 2303 1206 2334 habeat
1225 2304 1279 2334 ubi
1306 2304 1429 2335 habitat
1445 2305 1640 2337 habitatione
1655 2308 1754 2339 deter-

974 2357 1105 2387 minata.
1123 2357 1213 2394 Quod
1230 2358 1255 2387 si
1271 2358 1350 2388 sorte
1365 2359 1437 2398 quis
1455 2359 1539 2390 dicat
1555 2361 1753 2400 perfectionis

973 2412 1108 2442 formam
1124 2411 1212 2441 nullo
1228 2414 1371 2451 tempore
1382 2422 1450 2443 esse
1462 2413 1732 2445 intermittendam
1741 2426 1749 2454 ;

972 2465 1140 2505 respondet
1154 2465 1193 2495 ad
1209 2466 1269 2495 hoc
1284 2465 1379 2503 Beda,
1395 2468 1631 2506 superLucam,
1644 2468 1752 2499 dicens

972 2528 1066 2558 super
1081 2518 1180 2549 illud⁹
1198 2530 1204 2549 :
1223 2520 1316 2551 Nunc
1329 2521 1386 2559 que·
1399 2520 1491 2553 habet
1506 2522 1678 2558 sacculum,
1696 2523 1752 2554 tol-

973 2573 1018 2603 lat
1039 2573 1193 2605 simililer
1216 2576 1244 2605 et
1261 2582 1373 2612 peram
1390 2583 1397 2604 z
1420 2586 1433 2603 (ι
1448 2573 1518 2604 Non
1537 2576 1683 2606 camdem
1699 2577 1750 2607 vi-
1798 2570 1801 2572 ’

971 2627 1067 2657 vendi
1076 2627 1224 2666 regulam
1236 2628 1475 2667 persecutionis,
1485 2637 1557 2668 quae
1569 2629 1654 2668 pacis
1668 2632 1748 2661 tem-

972 2733 1032 2756 vui,
1056 2729 1079 2751 2.
1097 2740 1127 2745 —-
1150 2728 1158 2741 ⁶
1181 2728 1264 2756 Joan„
1284 2734 1318 2757 w,
1342 2729 1365 2751 8.
1387 2741 1412 2745 —
1440 2728 1450 2744 ⁷
1475 2728 1544 2758 Luc.,
1566 2734 1636 2760 xxn,
1662 2730 1700 2753 35.
1723 2743 1749 2747 -—

972 2763 980 2776 Β
996 2763 1090 2793 Gloss„
1109 2770 1140 2787 ex
1157 2763 1217 2787 Bed.
1242 2764 1267 2787 in
1294 2764 1359 2793 Luc„
1381 2763 1424 2787 lib.
1448 2764 1496 2794 V1,
1511 2771 1535 2788 c.
1555 2765 1593 2788 92.
1612 2778 1642 2782 —
1659 2765 1669 2781 9
1683 2765 1731 2789 Luc
1744 2784 1750 2796 ‚

973 2805 1038 2829 xxm,
1056 2800 1093 2824 30.
