2029 3052
229 238 289 268 276

228 307 289 343 Dei,
304 306 380 335 sicut
393 305 434 334 ad
447 312 548 334 rerum
562 310 693 338 causam,
708 302 783 331 sicut
797 301 837 330 ad
853 301 1009 337 negotium

228 354 406 383 saeculorum
421 353 593 390 respiciunt,
613 353 642 380 et
657 350 711 388 qui
725 350 860 379 habitant
873 349 904 377 in
920 349 1007 384 emto,

229 404 257 430 et
270 402 323 439 qui
335 401 471 430 habitant
483 400 515 428 in
529 399 657 433 inferno,
671 399 701 427 et
714 398 766 435 qui
781 406 837 426 nos
849 404 1009 434 pra-:cesse-

228 451 307 484 runt,
321 449 412 485 etqui
426 456 482 476 nos
496 447 671 484 sequuntur.
687 445 730 487 llli
742 445 795 482 qui
804 444 912 473 suntin
920 443 1006 476 coelo,

228 499 261 526 ut
277 495 474 525 resarciantur
485 504 494 531 3
516 494 568 532 qui
588 494 620 522 in
638 493 766 528 inferno,
780 494 813 521 ut
827 491 989 528 eripiantur
998 500 1007 526 ;

229 543 282 580 qui
295 543 522 580 praecesserunt,
537 543 569 570 ut
582 540 735 578 prophetas
748 539 785 576 (a)
802 538 908 567 fideles
921 538 1006 566 inve-

228 592 365 624 niantur;
388 589 440 627 qui
459 590 634 626 sequuntur,
647 590 680 617 ut
704 587 917 624 glorificentur.
941 595 956 612 ι»
977 586 1010 613 lu

228 638 286 667 hoc
300 645 372 674 ergo
392 636 550 666 benedicto
565 638 649 665 terrae
662 635 764 664 medio
778 633 954 663 benedictus
968 633 1011 660 est

228 685 327 720 lsrael,
342 684 518 714 benedictus
530 685 574 712 est
589 683 638 712 Dei
650 682 790 720 populus,
806 681 879 709 dum
892 687 946 717 per
959 679 1011 707 he-

228 731 380 760 nedictam
401 731 451 760 Dei
469 732 594 760 matrem
618 731 676 759 Deo
695 731 739 758 est
758 730 906 764 acceptus.
931 725 1010 761 Quid

229 779 349 815 mirum,
365 778 389 807 si
407 778 652 815 perbenedictam
672 777 792 806 Mariam
811 774 971 804 benedicta
983 774 1012 801 et

229 829 350 865 accepta
366 829 425 856 Deo
439 827 476 856 sit
496 828 630 856 creatura
649 825 812 859 rationalis,
834 831 904 852 cum
924 822 1012 850 etiam

229 883 283 912 per
306 875 403 912 ipsam
425 874 584 903 benedicta
605 874 642 902 sit
660 874 795 902 creatura
810 869 985 900 universalis
997 870 1012 896 ἱ)

229 922 311 951 Unde
325 921 481 951 Anselmus
495 921 667 949 exclamans
681 920 753 948 dicit
769 928 775 947 :
797 929 811 945 «
825 919 847 947 O
858 918 946 954 Virgo
961 917 1013 945 be-

229 969 348 998 nedicta
365 971 393 998 et
415 968 663 1006 superbenedicta
675 989 682 1003 ,
707 975 760 1004 per
785 966 869 1002 cujus
886 964 1011 994 benedi-

230 1017 360 1045 ctionem
374 1015 559 1044 benedicitur
569 1015 666 1044 0mnis
677 1015 822 1049 creatura,
837 1020 899 1041 non
914 1012 1012 1041 solum

230 1066 366 1093 creatura
380 1071 398 1091 a
410 1064 557 1097 creatore,
571 1062 624 1091 sed
640 1063 760 1091 Creator
770 1069 787 1089 a
799 1061 943 1088 creatura.
960 1069 973 1085 n

267 1113 349 1147 ltem,
373 1110 549 1145 charissimi,
581 1109 672 1139 Maria
700 1116 763 1137 non
792 1107 891 1136 solum
921 1107 1012 1135 bene-

231 1159 311 1188 dicta
343 1161 396 1194 est,
426 1158 498 1194 quia
529 1165 584 1194 per
617 1164 694 1185 eam·
722 1155 864 1184 Dominus
898 1153 1013 1182 homini

230 1205 388 1243 placabilis
411 1206 471 1240 est;
494 1212 556 1233 non
583 1203 682 1232 solum
706 1210 828 1240 quoque
856 1200 1014 1229 benedicta

231 1255 285 1287 est,
315 1252 387 1289 quia
414 1260 468 1288 per
500 1260 566 1280 eam
600 1251 693 1279 homo
728 1251 786 1278 Deo
824 1247 1013 1285 acceptabilis

231 1302 290 1335 est;
320 1299 373 1328 sed
401 1299 490 1328 etiam
516 1298 584 1326 ideo
606 1297 764 1326 benedicta
784 1298 835 1331 est,
861 1295 933 1332 quia
961 1303 1014 1331 per

231 1355 298 1376 eam
327 1346 467 1375 diabolus
500 1345 615 1374 homini
645 1343 822 1381 superabilis
851 1346 902 1371 est.
932 1342 1014 1369 Unde

231 1395 297 1432 ipsa
316 1402 371 1431 per
389 1393 489 1422 iudith
510 1392 624 1428 signata
644 1394 696 1427 est,
720 1391 756 1419 dc
777 1398 838 1427 qua
857 1390 964 1418 (licitur
981 1390 988 1406 ¹
1005 1399 1011 1416 :

232 1442 379 1470 Benediaeit
392 1444 418 1469 te
434 1442 563 1468 Dominus
578 1442 606 1467 in
623 1441 726 1467 virtute
737 1447 797 1473 sua,
811 1440 860 1473 qui
879 1446 927 1473 per
943 1440 968 1464 te
980 1437 1016 1464 ad

232 1490 348 1517 nihilum
372 1488 475 1522 redegit
501 1489 624 1514 inimicos
648 1488 760 1513 nostros.
788 1485 900 1513 Inimici
923 1484 1013 1512 nostri

232 1538 300 1564 sunt
325 1535 487 1568 daemones,
511 1542 588 1570 quos
610 1533 698 1561 beata
718 1533 805 1568 Virgo
828 1532 867 1560 ad
890 1531 1013 1559 nibilum

231 1583 355 1618 redegit,
372 1582 445 1610 dum
458 1583 486 1609 et
498 1581 527 1609 in
540 1589 582 1614 se,
596 1581 666 1609 etin
682 1580 781 1608 multis
792 1579 857 1608 aliis
872 1580 948 1607 vires
964 1586 1015 1607 co-

232 1639 299 1659 rum
315 1629 469 1665 confregit,
484 1629 557 1656 sicut
577 1630 606 1656 B.
620 1627 786 1656 lternardus
801 1629 930 1659 testatur,
947 1633 1015 1653 cum

233 1678 274 1706 ait
286 1678 297 1694 ²
312 1686 318 1705 ε
333 1688 346 1703 a
361 1678 402 1705 Tu
417 1676 554 1704 bellatrix
566 1675 696 1711 egregia,
708 1686 720 1699 »
735 1677 761 1702 ct
773 1673 848 1701 infra
865 1682 871 1701 :
891 1685 903 1698 «
916 1673 1016 1700 omnis

233 1728 300 1754 ante
314 1725 418 1752 faciem
435 1726 515 1752 tuam
531 1723 636 1750 militia
651 1721 847 1758 spiritualium
867 1719 1015 1756 nequitia-

234 1781 301 1800 rum
316 1772 346 1799 in
362 1772 463 1806 fugam
479 1773 522 1798 est
537 1777 690 1798 conversa.
714 1779 726 1794 n
753 1768 911 1803 fugiamus
934 1775 1017 1802 crgo,

235 1820 348 1854 fratreS,
365 1820 393 1846 et
408 1817 614 1853 confugiamus
629 1816 667 1844 ad
681 1816 826 1844 auxilium
845 1815 946 1843 matris
962 1816 1016 1843 Do-

237 1867 320 1901 mini,
336 1867 365 1894 in
381 1865 522 1894 omnibus
537 1864 745 1892 vexationibus
765 1866 793 1891 et
816 1862 1017 1899 impugnatio-

236 1914 325 1942 nibus
336 1913 459 1941 diaboli.
477 1914 542 1949 lpsa
558 1920 688 1948 namque
705 1914 747 1938 est
762 1910 888 1938 inimicis
903 1910 1016 1937 anima-

237 1970 303 1990 rum
329 1962 497 1989 nostrarum
529 1959 677 1993 terribilis,
702 1961 733 1986 ut
752 1959 915 1985 castrorum
941 1957 1019 1984 acies

238 2009 384 2037 ordinata.
398 2007 526 2039 Et,l1cu!
544 2007 614 2042 quia
629 2005 782 2041 multiplex
799 2006 841 2032 cst
853 2007 952 2032 nostra
968 2003 1019 2030 mi-

238 2056 325 2089 seria,
340 2063 394 2091 pro
409 2062 469 2090 qua
484 2053 690 2081 benedictione
707 2052 801 2080 Mariae
815 2051 982 2086 indigemus
993 2053 1020 2078 ct

239 2101 451 2135 misericordia,
467 2101 536 2128 ideo
553 2100 629 2128 hane
644 2099 882 2127 benedictionem
898 2098 1018 2125 invoce-

239 2157 306 2177 mus
329 2157 396 2176 cum
420 2148 507 2176 beato
527 2146 687 2181 Bernardo,
701 2146 752 2182 qui
773 2146 815 2173 sic
838 2145 877 2173 ait
893 2146 924 2172 3ι
948 2155 961 2169 (ι
981 2144 1021 2172 Sit

239 2196 354 2232 pietatis
370 2198 436 2229 tuas,
450 2195 537 2230 virgo
549 2193 715 2225 benedicta,
728 2193 823 2228 ipsam
836 2200 926 2228 quam
939 2190 1020 2227 apud

241 2245 332 2271 Deum
347 2242 488 2276 meruisti,
509 2242 633 2277 gratiam
655 2242 756 2268 notam
778 2240 873 2267 iacere
893 2238 1019 2272 mundo,

240 2290 298 2318 reis
314 2289 442 2322 veniam,
457 2289 541 2324 wgris
557 2287 717 2320 medelam,
735 2286 850 2322 pusillis
866 2285 955 2313 corde
971 2292 1020 2312 ro-

241 2337 308 2369 bur,
338 2336 452 2364 afflictis
487 2335 732 2368 consolationem,
765 2331 1022 2369 peregrinantibus

242 2383 423 2419 adjutorium
440 2384 467 2409 et
482 2381 702 2414 liberationem,
723 2379 830 2407 sanctis
852 2379 908 2406 tuis
929 2378 1022 2415 preci-

243 2432 299 2458 bus
314 2429 489 2458 obtinendo.
514 2439 527 2454 υ
550 2430 620 2456 Ecce
642 2428 783 2461 vidimus,
810 2435 827 2455 0
851 2425 1023 2454 dulcissima

243 2478 342 2512 Maria,
364 2477 433 2513 quia
452 2479 482 2504 tu
497 2484 527 2504 cs
542 2483 610 2503 vere
630 2475 786 2502 benedicta
802 2481 856 2510 pro
878 2476 929 2501 tua.
948 2472 1024 2500 mul-

244 2525 335 2561 tiplici
349 2523 562 2552 misericordia.
575 2522 741 2556 Benedicta,
755 2522 889 2557 inquam,
900 2529 941 2554 οε,
954 2520 1024 2556 quia

245 2580 297 2607 per
313 2574 338 2600 te
356 2573 429 2599 Deus
445 2569 558 2598 homini
574 2569 720 2605 placatur,
735 2568 892 2596 benedicta
901 2576 941 2602 οε,
953 2567 1024 2603 quia

280 2647 286 2662 ¹
308 2646 404 2676 Jmlatlz,
424 2651 480 2675 xiii,
497 2646 574 2669 22—
587 2645 594 2658 ²
610 2644 656 2668 Yet
672 2644 782 2673 tiet»ert.‚
798 2645 898 2674 livprec.
915 2645 937 2666 et
954 2642 1023 2665 laud.

246 2682 280 2705 as!
298 2682 324 2704 V.
340 2683 384 2706 M..
395 2689 420 2705 u.
433 2683 456 2711 5,
472 2681 514 2705 ubi
525 2688 581 2711 sup.
593 2681 641 2698 —3
655 2682 740 2706 Berii..
757 2681 781 2703 ιἰι
794 2681 920 2709 Asturum.
940 2679 966 2703 11.
980 2679 1026 2706 Μ.,

247 2724 324 2740 scrut.
345 2724 378 2743 ix,
401 2725 425 2740 u⁴
446 2720 469 2739 tt.
492 2731 521 2734 -
539 2717 548 2732 ³
566 2716 671 2744 Eser-11..
695 2722 737 2740 iii,
763 2718 798 2738 l:.¹.
817 2729 847 2733 —
866 2716 875 2730 Β
892 2716 981 2738 Rern..
996 2714 1025 2736 111·

662 232 874 267 SPECULUM
894 231 1040 265 BEATAE
1060 231 1202 267 MARiAE
1228 233 1411 267 vttthNlS.

1061 309 1116 339 per
1135 304 1164 332 te
1182 303 1275 332 homo
1293 304 1352 332 Deo
1371 301 1572 339 gratificatur-3
1588 290 1758 340 benedicta,
1772 304 1846 341 quia

1061 358 1116 388 per
1141 353 1169 380 te
1194 350 1335 380 diabolus
1363 350 1402 379 ab
1430 349 1553 379 homine
1579 352 1747 387 superatur.
1770 351 1843 388 fleu,

1063 405 1154 434 quam
1167 397 1258 434 longe
1271 397 1311 426 ab
1326 397 1382 426 hac
1394 397 1490 427 Mariae
1501 397 1710 426 benedictione
1721 398 1775 434 est,
1785 397 1847 427 cui-

1063 453 1192 482 cumque
1210 446 1284 473 Deus
1297 445 1432 482 placatus
1445 453 1508 474 non
1522 447 1576 480 est,
1591 445 1775 482 quicumque
1786 445 1846 474 Deo

1063 494 1164 528 gratus
1178 499 1240 521 non
1255 494 1309 526 cst,
1327 491 1511 529 quicumque
1528 499 1547 520 a
1559 491 1685 520 diabolo
1700 491 1846 528 subjuga-

1063 541 1111 568 tus
1125 539 1182 567 est!
1199 540 1231 568 Et
1244 538 1313 567 ideo
1324 538 1392 567 talis
1406 546 1425 567 a
1438 539 1497 567 Deo
1510 538 1686 568 maledictus
1701 541 1754 568 est.

1100 586 1210 620 Quarto
1234 587 1368 622 pensate,
1393 585 1569 621 charissimi,
1593 585 1750 623 quomodo
1775 593 1847 615 vere
1862 591 1971 646 m

1064 679 1115 708 rias
1129 687 1199 715 suas,
1216 680 1302 716 juxta
1318 680 1396 709 illud
1412 681 1562 708 Ezechielis
1575 679 1586 696 ⁴
1600 690 1609 709 ε
1624 681 1773 709 Benedicta
1789 681 1848 716 qlo-
1862 656 1971 714 ζειτζ

1876 717 1957 739 nimai-

1066 775 1159 802 mater
1173 774 1300 810 Domini,
1316 783 1383 811 quae
1399 783 1467 803 vere
1482 775 1642 804 benedicta
1663 777 1708 803 est
1727 777 1851 812 propter
1862 748 1971 802 aas:

1064 632 1221 661 benedicta
1236 632 1274 661 sit
1286 633 1376 662 Maria
1391 634 1514 670 propter
1526 633 1765 669 magnitudinem
1780 633 1849 670 glo—

1064 729 1110 755 ria
1123 728 1234 755 Domini
1244 728 1339 756 deloco
1347 735 1406 756 suo.
1415 727 1515 756 Gloria
1528 727 1645 756 Domini
1659 729 1703 756 est
1715 727 1850 764 gloriosa

1065 821 1204 857 gloriam,
1219 830 1310 858 quam
1329 822 1420 851 habet
1441 822 1479 850 de
1500 822 1568 851 loco
1583 831 1638 852 suo
1660 823 1784 860 duplici.
1801 824 1852 852 Be·

1065 868 1194 903 nedicta,
1210 868 1346 905 inquam,
1362 869 1400 897 de
1415 869 1495 904 loco,
1509 877 1571 906 quo
1585 869 1676 898 Filius
1690 870 1754 906 ejus
1767 869 1851 907 apud

1066 915 1163 952 ipsam
1176 915 1323 953 requievit
1334 916 1366 944 in
1379 917 1474 945 utero.
1491 916 1648 945 Benedicta
1662 919 1706 945 est
1719 916 1850 952 deloco,

1066 971 1128 999 quo
1142 963 1209 1000 ipsa
1222 963 1304 1000 apud
1325 963 1432 992 Filium
1451 963 1611 1000 requiescit
1625 963 1657 992 in
1671 963 1757 992 coelo.
1773 965 1852 993 Uter-

1067 1018 1126 1047 que
1144 1011 1224 1039 enim
1239 1010 1323 1039 locus
1339 1010 1533 1046 dignissimus
1546 1012 1600 1046 est,
1613 1011 1690 1039 sicut
1703 1012 1784 1048 patet
1797 1018 1853 1048 per

1067 1059 1096 1086 B.
1113 1057 1297 1086 Bernardum
1316 1057 1466 1086 dicentem
1479 1058 1522 1086 sic
1535 1061 1544 1075 ⁵
1561 1067 1567 1086 :
1590 1069 1604 1083 «ι
1617 1059 1674 1086 Nec
1691 1058 1723 1086 in
1736 1057 1851 1086 mundo

1067 1104 1151 1133 locus
1170 1104 1291 1140 dignior
1310 1104 1466 1141 virginalis
1487 1105 1562 1134 uteri
1583 1105 1728 1140 thalamo,
1743 1105 1775 1133 in
1789 1113 1851 1142 quo

1068 1151 1174 1180 Filium
1190 1151 1238 1180 Dei
1258 1151 1347 1180 Maria
1370 1151 1508 1189 suscepit,
1532 1160 1587 1180 nec
1606 1152 1636 1180 in
1657 1152 1739 1180 coelis
1757 1151 1851 1193 regali

1067 1198 1156 1234 solio,
1172 1199 1202 1226 in
1217 1206 1279 1235 quo
1295 1199 1415 1227 Mariam
1431 1198 1519 1227 Filius
1531 1199 1626 1228 Mariae
1639 1198 1823 1228 sublimavit.
1834 1208 1849 1226 ιι

1069 1246 1224 1274 Benedicta
1235 1254 1306 1281 ergo
1317 1248 1359 1274 est
1370 1246 1459 1274 Maria
1469 1248 1592 1282 propter
1606 1246 1734 1282 gloriam
1747 1253 1848 1274 suam:

1070 1293 1227 1322 benedicta
1244 1293 1345 1329 utique
1366 1295 1487 1330 propter
1511 1293 1638 1329 gloriam
1654 1300 1741 1322 suam
1756 1292 1850 1322 subti-

1069 1341 1244 1375 missimam,
1277 1340 1524 1377 copiosissimam,
1557 1342 1586 1368 et
1618 1340 1849 1368 stabilissimam.

1070 1388 1237 1422 Benedicta,
1263 1387 1341 1420 dico,
1363 1390 1484 1424 propter
1506 1387 1634 1423 gloriam
1654 1395 1738 1416 suam
1757 1387 1852 1416 subli-

1070 1435 1234 1463 missimam
1245 1434 1386 1470 dignitate
1393 1444 1401 1469 ;
1418 1434 1576 1463 benedicta
1588 1436 1711 1471 propter
1725 1433 1853 1470 gloriam

1070 1490 1155 1510 suam
1181 1481 1418 1518 copiosissimam
1453 1481 1648 1510 immensitate
1658 1491 1665 1516 3
1695 1481 1853 1510 benedicta

1071 1531 1192 1565 propter
1220 1529 1347 1565 gloriam
1374 1537 1460 1557 suam
1490 1529 1712 1558 stabilissimam
1745 1537 1852 1566 perpe-

1071 1577 1181 1604 tuitate.
1213 1576 1291 1611 Dico,
1317 1577 1492 1611 charissimi,
1518 1577 1602 1613 quod
1630 1576 1788 1605 benedicta
1811 1578 1854 1605 est

1072 1624 1160 1652 Maria
1201 1625 1323 1660 propter
1356 1624 1483 1659 gloriam
1525 1631 1610 1652 suam
1644 1623 1852 1652 excellentissi-

1072 1679 1152 1699 mam
1180 1671 1332 1706 dignitate.
1364 1672 1401 1698 De
1439 1671 1495 1698 hac
1523 1670 1729 1698 benedictione
1758 1670 1853 1706 accipi

1072 1720 1169 1754 potest
1189 1717 1314 1745 verbum
1339 1717 1497 1745 l‘salmistae
1519 1717 1643 1745 dicentis
1657 1716 1666 1733 ⁸
1684 1726 1690 1744 z
1712 1717 1854 1745 Benedices

1073 1773 1174 1793 coronoe
1192 1767 1259 1792 anni
1279 1766 1456 1799 benignitatis
1477 1766 1537 1792 tuae.
1557 1766 1630 1793 Nota
1645 1764 1729 1800 quod
1744 1766 1786 1793 est
1801 1773 1853 1792 an-

1073 1820 1129 1839 nus
1149 1811 1387 1848 mqtianimitatis,
1409 1819 1504 1839 annus
1529 1812 1699 1845 severitatis,
1716 1814 1743 1840 et
1759 1819 1855 1840 annus

1074 1859 1272 1894 benignitatis.
1308 1859 1421 1886 Primus
1464 1866 1560 1886 annus
1597 1858 1788 1886 militantium
1824 1858 1856 1887 in

1074 1906 1208 1940 mundo;
1226 1905 1374 1934 secundus
1388 1905 1563 1941 ejulantium
1589 1905 1619 1933 in
1643 1905 1775 1940 inferno;
1800 1907 1856 1934 ter-

1075 1953 1131 1980 tius
1152 1953 1346 1981 exultantium
1362 1953 1392 1980 in
1408 1952 1494 1980 coelo.
1517 1952 1630 1980 Primus
1651 1960 1747 1980 annus
1767 1952 1858 1980 habet

1076 2000 1139 2028 dies
1154 2003 1180 2028 et
1196 2002 1313 2034 noetes3
1335 1999 1480 2027 secundus
1507 1999 1596 2027 habet
1616 2002 1726 2034 noctes,
1747 2001 1774 2027 et
1795 2007 1857 2027 non

1075 2047 1158 2081 dies;
1184 2047 1282 2075 tertius
1302 2046 1392 2074 habet
1414 2046 1487 2081 dies,
1510 2048 1538 2074 ct
1557 2054 1618 2074 non
1647 2048 1757 2074 noctes.
1788 2046 1856 2074 Dico

1077 2093 1158 2130 quod
1173 2093 1286 2129 primus
1301 2101 1397 2121 annus
1411 2093 1500 2121 hahet
1515 2093 1578 2120 dies
1591 2094 1618 2120 et
1633 2097 1743 2127 noctes,
1757 2092 1789 2120 id
1803 2095 1856 2128 est,

1077 2140 1174 2168 bonos
1189 2143 1217 2168 ct
1230 2140 1337 2173 malos,
1355 2140 1404 2176 qui
1423 2139 1511 2167 simul
1526 2140 1556 2167 in
1571 2139 1628 2168 hoc
1643 2139 1758 2167 mundo
1778 2141 1855 2167 sunt.

1076 2190 1128 2216 Tot
1142 2190 1239 2215 autem
1255 2189 1321 2215 sunt
1332 2187 1395 2215 dies
1407 2190 1434 2214 et
1445 2189 1545 2216 noctes
1560 2187 1590 2215 in
1606 2187 1663 2215 hoc
1678 2195 1769 2221 anno,
1783 2188 1857 2222 quot

1077 2237 1145 2262 sunt
1159 2234 1230 2262 boni
1254 2236 1281 2262 et
1304 2234 1373 2262 mali
1395 2234 1424 2262 in
1446 2234 1572 2262 mundo.
1595 2233 1747 2262 Secundus
1761 2240 1857 2261 annus

1077 2283 1167 2311 habet
1181 2282 1260 2310 solas
1276 2283 1387 2316 noctes,
1402 2281 1433 2309 id
1449 2284 1501 2316 est,
1521 2281 1601 2309 solos
1618 2284 1787 2317 peccatores
1802 2287 1856 2308 no-

1078 2330 1173 2358 ctibus
1195 2328 1420 2356 tenebrosiores.
1439 2330 1491 2356 Tot
1508 2330 1607 2356 autem
1621 2330 1689 2356 sunt
1703 2329 1804 2356 noctes
1825 2326 1854 2354 in

1078 2377 1135 2404 boc
1150 2384 1239 2410 anno,
1255 2378 1328 2411 quot
1340 2377 1407 2403 sunt
1422 2377 1591 2411 peccatores
1606 2375 1636 2402 in
1649 2375 1775 2402 inferno.
1789 2375 1856 2401 Ter-

1080 2424 1135 2451 tius
1151 2431 1245 2451 aunus
1258 2423 1347 2450 habet
1362 2423 1441 2450 solos
1457 2422 1529 2457 dies,
1545 2422 1653 2450 scilicet
1668 2422 1748 2450 solos
1759 2422 1857 2451 bonos

1080 2470 1143 2498 dies
1158 2470 1307 2498 clariores.
1323 2471 1374 2497 Tot
1388 2471 1487 2497 autem
1502 2471 1569 2497 sunt
1582 2469 1645 2497 dies
1658 2470 1688 2497 in
1698 2469 1755 2498 hoc
1765 2478 1856 2505 anno,

1081 2520 1153 2553 quot
1168 2520 1234 2544 sunt
1246 2517 1316 2552 justi
1332 2516 1362 2543 in
1377 2515 1463 2544 coslo.
1479 2517 1510 2543 lu
1523 2515 1620 2552 primo
1637 2523 1716 2544 anno
1729 2517 1858 2552 sequani-

1081 2564 1200 2598 mitatis,
1216 2564 1288 2591 boui
1309 2565 1336 2591 et
1357 2563 1430 2591 mali
1453 2563 1657 2599 {equanimiter
1678 2563 1857 2599 tolerantur,

1081 2611 1111 2638 in
1133 2610 1265 2639 sec-undo
1285 2618 1365 2639 anno
1388 2610 1560 2644 severitatis,
1584 2609 1654 2638 mali
1674 2611 1858 2639 severissime

1083 2675 1207 2705 Axvmnpt.
1235 2675 1261 2698 B.
1281 2675 1326 2703 M..
1350 2681 1428 2698 serm.
1452 2679 1473 2704 1,
1495 2680 1520 2698 u.
1537 2674 1559 2697 3.
1580 2686 1609 2690 --
1624 2674 1634 2690 θ
1649 2674 1716 2698 psal.
1732 2680 1802 2705 inv,
1819 2675 1857 2700 12

1116 2713 1149 2741 (a,
1161 2712 1223 2734 ίάι.
1236 2710 1295 2733 edna.
1311 2710 1458 2740 propbetas,
1474 2712 1509 2733 ut.
