2029 3052
263 256 321 286 362

262 320 325 352 culi
338 320 468 358 famam,
483 317 679 359 experientia
702 315 860 356 magistra
879 315 1036 347 discentes

261 373 442 406 mirabilem
455 372 542 403 illius
555 380 648 412 aquae
663 370 827 409 virtutem,
839 369 919 400 dum
932 369 973 400 ad
986 368 1034 409 ip-

261 428 328 459 sius
342 427 534 463 contactum,
551 423 747 456 confessione
762 423 938 464 praemissa,
954 432 973 453 a
984 431 1038 454 va-

261 481 318 513 riis
336 480 523 511 morborum
544 478 686 509 cladibus
707 477 839 517 plurimi
854 477 1034 508 liberaban-

261 537 325 566 tur.
345 533 530 565 Perseverat
545 540 648 572 usque
662 531 757 562 hodie
775 531 844 561 fons
855 530 899 561 ibi
918 529 1038 570 perspi-

261 597 360 626 cuuS,
383 589 414 618 et
437 587 468 617 in
491 586 647 617 honorem
674 585 709 616 B.
734 584 894 616 Francisci
917 583 1036 615 ibidem

261 641 438 674 oratorium
453 642 499 671 est
514 641 742 670 constructum.

302 696 337 727 In
365 694 516 735 Hispania
540 693 625 734 apud
646 693 801 725 Sanctum
826 691 1035 728 Facundum,

261 749 324 783 viri
338 748 507 789 cujusdam
520 756 665 778 cerasum
691 746 862 778 arefactam
884 745 923 776 ad
948 745 1035 775 viro-

260 813 331 835 rem
350 802 522 840 frondium,
538 801 654 832 florum
679 802 710 831 et
730 801 908 837 fructuum,
929 800 1039 829 contra

262 867 352 899 spem
368 855 557 888 mirabiliter
575 854 748 886 revocavit.
769 852 890 884 Incolas
911 860 1039 892 quoque.

262 913 356 943 terrae
371 910 457 951 apud
470 909 614 948 Vilesios,
631 917 650 939 a
670 907 832 939 vermium
857 908 954 947 peste,
971 915 1038 936 cor-

262 964 446 996 rodentium
458 963 566 995 vineas
572 962 832 1002 circumquaque,
845 959 1038 991 miraculoso

263 1017 420 1057 suffragio
460 1016 616 1048 liberavit.
654 1014 829 1046 Sacerdotis
871 1014 920 1054 cuj
928 1013 1038 1044 usdam

259 1074 354 1113 juxta
376 1071 549 1103 Palentiam
571 1071 724 1101 horreum
749 1069 908 1109 quoddam
921 1092 929 1107 ,
948 1067 1040 1108 ,quod

262 1127 427 1159 vermibus
442 1125 659 1156 frumentariis
675 1123 789 1164 repleri
803 1122 944 1163 quolibet
954 1130 1040 1152 anno

263 1181 392 1213 solitum
409 1180 521 1217 fuerat,
544 1179 604 1208 sibi
627 1177 761 1209 fideliter
781 1176 1039 1207 commendatum

263 1234 390 1275 penitus
405 1232 610 1273 expurgavit.
627 1231 757 1262 Terram
773 1240 901 1271 quoqne
919 1229 1040 1261 domini

264 1288 432 1328 cujusdam
455 1287 493 1317 (lc
518 1285 695 1317 Petramala
716 1285 747 1315 in
776 1293 878 1324 regno
901 1283 1038 1324 Apuliae,

263 1342 323 1373 sibi
347 1340 530 1381 suppliciter
558 1339 832 1376 commendatam,
863 1338 902 1368 ab
933 1337 1042 1368 odiosa

264 1397 350 1437 peste
373 1394 571 1425 bruchorum
594 1393 720 1433 penitus
742 1391 881 1422 servavit
914 1391 1039 1421 indem-

263 1459 350 1487 nem,
376 1458 449 1479 cum
467 1450 574 1478 tamen
596 1447 629 1477 in
653 1446 790 1476 circuitu
808 1445 917 1476 omnia
938 1446 1043 1476 essent

265 1503 415 1544 praedicta
428 1501 605 1542 pestilentia
622 1499 785 1530 devorata.

304 1555 360 1587 Vir
373 1555 504 1596 quidam
525 1554 678 1585 Martinus
694 1553 834 1591 nomine,
853 1561 926 1582 cum
942 1551 1042 1591 longe

265 1620 284 1642 a
298 1612 399 1641 castro
415 1618 473 1640 suo
489 1609 587 1640 boves
603 1608 753 1638 minasset
767 1607 805 1637 ad
823 1615 949 1646 pascua,
965 1614 1039 1636 crus

264 1665 361 1696 unius
382 1663 474 1694 bovis
488 1672 562 1693 casu
578 1662 716 1702 quodam
732 1661 775 1691 sic
796 1660 852 1690 fuit
877 1660 1042 1699 desperate

265 1718 473 1751 confractum.
500 1718 536 1746 ut
555 1715 632 1746 nillil
654 1716 735 1745 esset
759 1713 819 1744 sibi
843 1713 880 1743 de
902 1713 1043 1743 remedio

265 1772 372 1812 aliquo
391 1769 610 1810 cogitandum.
637 1768 718 1799 Dum
740 1769 848 1798 autem
872 1776 929 1806 pro
951 1766 1044 1797 deco-

265 1825 400 1856 riatione
424 1824 501 1854 foret
529 1822 695 1859 sollicitus,
722 1823 752 1851 et
772 1821 1041 1857 instrumentum,

267 1888 339 1910 cum
356 1887 420 1919 quo
445 1877 474 1907 id
498 1877 628 1914 faceret,
655 1884 719 1905 non
741 1874 886 1912 haberet,
911 1874 1044 1904 domum

267 1942 426 1970 reversus,
440 1931 473 1962 B.
493 1930 661 1961 Francisco
675 1929 767 1959 bovis
777 1938 888 1959 curam
904 1927 1042 1967 reliquit,

267 1988 436 2027 ipsumque
454 1985 536 2016 fideli
558 1987 675 2014 sancta:
697 1984 735 2022 (a)
753 1982 902 2013 custodire
919 1981 1046 2012 fiducia-

267 2041 339 2072 litcr
361 2038 612 2075 commendavit,
637 2046 676 2068 ne
699 2039 772 2067 ante
792 2045 888 2066 suum
908 2035 1045 2065 reditum

269 2095 477 2125 devoraretur
491 2102 509 2123 a
525 2092 617 2132 lupis.
631 2091 766 2121 Summo
780 2090 886 2129 itaque
899 2098 991 2118 mane
1007 2088 1046 2118 ad

269 2148 383 2178 bovem
409 2147 440 2177 in
466 2146 556 2186 sylva
576 2144 722 2175 relictum
753 2152 826 2173 cuni
851 2142 1046 2173 cxcoriatore

270 2210 417 2232 reversus
433 2224 442 2239 ,
475 2201 655 2239 pascentem
681 2198 785 2237 ipsum
814 2196 857 2226 ita
888 2196 1048 2226 reinvcuit

270 2255 477 2291 incolumem,
495 2252 578 2293 quod
596 2260 800 2291 nequaquam
819 2259 891 2280 crus
911 2250 1046 2279 fractum

271 2309 310 2340 ab
325 2308 424 2339 altero
439 2306 645 2337 discernebat.
664 2304 785 2334 Gratias
797 2303 863 2343 egit
882 2304 965 2333 bono
980 2312 1048 2343 pas-

271 2362 343 2400 tori,
360 2361 415 2401 qui
431 2360 618 2398 diligentem
634 2358 671 2387 (lc
688 2358 768 2388 bove
784 2367 840 2387 suo
856 2366 967 2387 curam
990 2357 1046 2387 ha-

271 2416 353 2454 buit,
376 2418 406 2446 et
422 2414 577 2445 medelam
593 2412 733 2443 donavit.
752 2412 942 2441 Succurrcre
959 2411 1049 2441 novit

272 2469 404 2500 humilis
427 2470 555 2498 sanctus
576 2466 725 2497 omnibus
752 2465 974 2495 invocantibus
996 2464 1047 2503 ip—

273 2533 356 2561 sum,
382 2532 437 2554 nec
461 2524 759 2562 quantumcumque
783 2528 897 2559 parvas
916 2517 1049 2548 necessi-

274 2579 352 2606 tates
366 2576 533 2606 hominum
556 2574 759 2612 dedignatur.
785 2572 863 2602 Nam
888 2572 956 2602 viro
978 2571 1046 2611 cui7

274 2630 347 2661 dam
367 2630 404 2659 de
426 2629 590 2659 Amiterno
607 2629 790 2667 jumentum
814 2626 945 2656 restituit
965 2625 1049 2655 furto

275 2683 448 2714 sublatum.
474 2682 598 2712 Mulieri
618 2680 742 2712 cuidam
758 2679 795 2710 de
813 2679 978 2709 Interduco
1001 2688 1050 2709 ca-

310 2747 339 2778 (¹¹)
359 2746 413 2777 Lag.
434 2745 521 2770 sancti.

821 246 1008 280 LEGENDA
1029 247 1062 279 S.
1082 246 1300 280 FRANCISGI.

1093 315 1198 346 tinum
1213 323 1336 347 novum
1349 314 1383 346 in
1396 315 1514 346 multas
1523 316 1628 356 partes
1642 322 1719 346 casu
1731 314 1869 346 divisum

1092 370 1220 409 integre
1246 369 1418 409 reparavit.
1455 368 1532 401 Viro
1558 368 1654 400 etiam
1681 367 1808 399 cuidam
1830 368 1870 399 de

1093 414 1200 454 Monte
1214 422 1298 454 Uimi
1317 422 1352 453 in
1370 422 1510 454 Marchia
1532 421 1739 454 consolidavit
1759 430 1869 453 vome-

1093 485 1162 507 rem
1177 476 1211 506 in
1225 475 1328 506 frusta
1342 476 1549 508 confractum.

1134 530 1170 561 In
1185 529 1352 561 Sabinensi
1367 530 1494 561 dioecesi
1507 530 1615 561 vetula
1627 529 1775 570 quaedam
1787 530 1870 561 octo-

1093 583 1227 625 genaria
1241 585 1320 622 erat,
1344 585 1437 624 cujus
1455 583 1522 615 filia
1544 584 1684 615 moriens
1700 583 1871 615 lactentem

1093 637 1285 669 infantulum
1301 637 1481 678 dereliquit.
1498 637 1576 669 Cum
1589 638 1689 678 igitur
1701 647 1783 669 anus
1795 647 1871 679 pau-

1094 691 1222 732 percula
1235 691 1330 732 plena
1348 694 1429 723 esset
1451 692 1579 732 inopia,
1608 694 1640 723 et
1662 701 1765 724 vacua
1778 692 1870 729 lacte,

1093 745 1244 786 nullaque
1259 747 1340 777 esset
1354 745 1483 783 mulier,
1500 755 1573 786 quae
1595 745 1712 776 sitienti
1735 746 1872 786 parvulo

1093 799 1183 830 lactis
1198 799 1405 838 stillicidium,
1429 801 1524 840 juxta
1547 799 1634 840 quod
1657 798 1807 839 exigebat
1821 808 1874 830 ne-

1094 853 1233 892 cessitas,
1265 855 1422 892 erogaret,
1448 862 1512 893 quo
1539 862 1572 884 se
1598 855 1737 885 verteret
1767 853 1874 885 vetula

1094 908 1277 948 ignorabat.
1304 907 1468 938 Debilitato
1493 912 1571 939 vero
1592 906 1758 946 infantulo,
1782 909 1875 939 nocte

1095 962 1232 1002 quadam
1254 961 1343 992 omni
1367 961 1511 991 humano
1534 960 1684 991 destituta
1709 960 1873 999 subsidio,

1095 1016 1134 1046 ad
1159 1015 1244 1046 beati
1269 1014 1371 1046 Patris
1396 1013 1554 1045 Francisci
1579 1013 1738 1044 auxilium
1760 1013 1876 1054 implo-

1096 1069 1250 1106 randum,
1275 1068 1493 1108 lacrymarum
1518 1068 1622 1098 imbre
1643 1067 1787 1108 perfusa,
1808 1069 1876 1098 tota

1097 1131 1130 1153 se
1145 1125 1250 1153 mente
1267 1122 1434 1153 convertit.
1452 1121 1551 1152 Affutt
1572 1121 1679 1152 statim
1696 1121 1875 1152 innocentis

1096 1178 1220 1208 amator
1234 1176 1354 1207 aetatis:
1377 1175 1456 1215 Ego,
1475 1175 1634 1215 inquiens,
1651 1184 1723 1205 sum
1734 1174 1876 1205 Francis-

1097 1240 1171 1268 cus,
1195 1239 1214 1261 o
1237 1230 1362 1267 mulier,
1389 1238 1485 1270 quem
1510 1238 1585 1260 cum
1607 1228 1705 1259 tantis
1726 1228 1876 1269 lacrymis

1096 1283 1262 1314 invocasti.
1287 1283 1383 1321 Pone,
1407 1283 1460 1321 ait,
1488 1291 1646 1313 mammas
1667 1284 1738 1313 tuas
1764 1283 1796 1312 in
1820 1291 1875 1313 ore

1097 1337 1235 1378 pueruli,
1253 1337 1406 1377 quoniam
1419 1336 1619 1367 abundanter
1635 1335 1691 1366 tibi
1706 1335 1754 1366 lac
1768 1335 1874 1366 Domi-

1097 1400 1159 1422 nus
1173 1390 1270 1421 dabit.
1289 1390 1435 1430 Implevit
1449 1399 1530 1421 anus
1552 1389 1659 1420 Sancti
1671 1389 1870 1427 mandatum,

1098 1446 1126 1475 et
1142 1445 1248 1475 statim
1262 1443 1475 1483 octogenariae
1487 1451 1637 1474 mammae
1646 1442 1736 1473 lactis
1749 1442 1875 1482 copiam

1097 1498 1290 1529 effuderunt.
1304 1497 1443 1528 Innotuit
1454 1497 1604 1528 omnibus
1618 1496 1762 1527 mirabile
1773 1496 1873 1527 sancti

1098 1553 1230 1590 donum,
1247 1552 1357 1582 multis
1371 1553 1435 1582 tam
1452 1551 1540 1589 viris,
1557 1559 1654 1590 quam
1670 1550 1870 1589 mulieribus,

1099 1605 1346 1637 accelerantibus
1360 1605 1399 1635 ad
1421 1604 1605 1636 videndum.
1630 1603 1667 1634 Et
1688 1603 1775 1643 quia,
1792 1602 1877 1643 quod

1098 1660 1294 1691 testabantur
1318 1658 1421 1696 oculi,
1453 1658 1566 1697 lingua
1590 1658 1787 1697 impugnare
1812 1665 1877 1687 non

1099 1715 1234 1753 poterat,
1256 1712 1476 1743 excitabantur
1495 1720 1607 1742 omnes
1622 1710 1661 1741 ad
1680 1710 1876 1741 laudandum

1100 1767 1200 1798 Deum
1216 1767 1246 1797 iu
1263 1766 1362 1797 sancti
1377 1765 1425 1796 sui
1440 1765 1558 1796 virtute
1573 1763 1723 1801 mirabili,
1741 1765 1771 1794 et
1787 1772 1875 1794 ama-

1100 1821 1154 1851 bili
1166 1820 1293 1860 pietate.

1140 1874 1234 1914 Apud
1254 1872 1418 1913 Spolctum
1435 1872 1484 1902 vir
1503 1873 1533 1902 et
1550 1880 1645 1909 uxor,
1670 1870 1803 1902 unicum
1819 1870 1877 1901 ha-

1101 1928 1208 1958 bentes
1224 1927 1338 1964 filium,
1356 1925 1497 1966 quotidie
1520 1925 1611 1955 illum
1634 1924 1721 1955 velut
1744 1924 1877 1955 haeredi-

1100 1983 1217 2013 tarium
1233 1981 1441 2022 opprobrium
1463 1980 1657 2020 deplorabat.
1676 1978 1817 2009 Brachiis
1838 1978 1876 2009 si-

1101 2036 1230 2076 qnidem
1250 2035 1329 2066 collo
1349 2034 1514 2071 connexis,
1536 2033 1719 2073 junctisque
1741 2032 1878 2072 genibus

1101 2090 1237 2130 pectori,
1265 2091 1295 2119 et
1319 2088 1452 2128 pedibus
1476 2087 1609 2117 naribus
1633 2086 1785 2125 alligatis,
1814 2094 1879 2116 non

1102 2143 1242 2174 hominis
1256 2142 1370 2182 proles,
1390 2140 1443 2171 sed
1460 2142 1640 2170 monstrum
1656 2139 1817 2179 quoddam
1827 2148 1879 2179 po-

1102 2199 1165 2228 tins
1181 2196 1360 2227 videbatur.
1376 2193 1614 2225 Vehementiori
1630 2193 1746 2224 mulier
1764 2202 1805 2224 ex
1819 2193 1879 2223 hoc

1101 2251 1215 2282 afflicta
1241 2249 1359 2286 dolore,
1384 2247 1505 2278 crebris
1531 2247 1703 2286 gemitibus
1726 2246 1880 2277 clamabat

1102 2303 1139 2333 ad
1171 2301 1342 2337 Christum,
1360 2300 1391 2330 S.
1422 2299 1582 2329 Francisci
1607 2298 1763 2329 auxilium
1791 2298 1880 2329 invo-'

1102 2356 1213 2393 cando,
1236 2357 1271 2385 ut
1295 2353 1412 2384 infelici
1428 2352 1498 2390 sibi,
1520 2354 1550 2382 et
1573 2352 1606 2382 in
1631 2351 1685 2382 tali
1709 2350 1879 2391 opprobrio

1102 2410 1299 2446 constitutas,
1337 2415 1522 2438 succurrere
1557 2405 1755 2444 dignaretur.
1783 2403 1879 2434 Nocte

1103 2465 1204 2503 igitur
1215 2463 1367 2503 quadam,
1383 2470 1455 2491 cnm
1472 2461 1599 2500 propter
1610 2457 1794 2497 hujusmodi
1809 2457 1879 2488 tris-

1103 2519 1204 2548 titiam
1227 2517 1325 2547 tristis
1348 2524 1418 2545 eum
1443 2522 1574 2543 somnus
1589 2512 1751 2551 arriperet,
1779 2520 1876 2551 appa-

1103 2573 1167 2603 ruit
1180 2572 1208 2601 ei
1226 2572 1257 2601 S.
1279 2569 1464 2601 Franciscns
1480 2567 1538 2607 piis
1553 2574 1622 2596 cam
1637 2565 1784 2595 affatibus
1800 2565 1878 2595 mul-

1106 2635 1191 2663 cens,
1206 2625 1336 2663 insuper
1351 2625 1381 2653 et
1395 2620 1529 2652 suadens
1544 2618 1626 2658 quod
1638 2618 1676 2648 ad
1687 2618 1792 2648 locum
1808 2628 1879 2658 pro-

1104 2679 1276 2719 pinquum,
1298 2684 1356 2706 suo
1383 2672 1504 2704 nomini
1535 2671 1724 2709 dedicatum,
1744 2671 1879 2702 deferret

1106 2740 1257 2772 puerum,
1274 2732 1310 2760 ut
1324 2737 1365 2759 ex
1379 2735 1462 2767 aqua
1481 2725 1567 2766 putei
1585 2724 1645 2755 loci
1662 2724 1746 2756 illius
1769 2725 1802 2756 in
1817 2733 1877 2756 no-
