2029 3052
614 228 899 262 RESPONSIONlS
923 229 1094 269 QUARTAE
1115 231 1243 265 CAPUT
1266 233 1319 267 111.

159 297 239 330 illud
265 298 423 340 Sapientis
448 298 456 315 ¹
481 306 489 328 :
514 297 686 330 Desideria
708 296 860 330 occidunt
889 298 939 338 pi-

158 360 252 393 orum
260 364 272 386 .·
282 352 453 386 noluerunt
463 353 548 386 euim
556 352 735 394 quidquam
744 359 860 384 manus
869 351 898 392 ej
902 360 939 384 us

159 407 297 447 operari.
314 407 352 438 Et
369 406 489 439 iterum
514 408 524 424 ἓ
551 417 558 438 :
579 407 709 447 Propter
726 406 834 447 friqus
850 407 940 447 piqer

159 468 253 493 arare
273 461 395 502 noluit;
415 461 615 494 mendicabic
635 468 708 502 erqo
728 463 862 501 eqestate
884 460 935 501 (a).

158 515 189 546 et
209 521 275 547 non
297 514 430 548 dabitur
455 516 495 548 ei.
523 515 561 547 Et
580 515 650 547 haec
674 515 860 547 mendicitas
874 524 940 547 non

157 567 264 600 solum
279 568 353 609 lege
367 569 488 609 divina,
505 569 560 601 sed
571 569 669 600 etiam
683 569 755 609 lege
769 569 855 601 civili
870 578 940 610 pro-

157 621 301 654 hibetur.
318 622 357 654 Et
371 625 410 655 ut
424 623 464 654 ab
478 623 538 655 hac
552 625 680 655 revocet
693 623 875 664 Apostolus,
890 623 939 655 la-

157 676 270 709 borem
283 677 470 710 manualem
491 677 648 718 injungit,
672 677 716 710 ad
737 677 939 710 Thessaloni·-

158 739 275 771 ceuses,
292 741 367 764 cum
380 731 424 763 ait
433 735 443 752 ²³
457 743 463 764 :
476 731 674 764 Audivimus
684 732 771 766 iuter
782 740 837 765 vos
850 739 941 772 quos-

158 784 235 818 dam
250 785 414 818 ambulare
428 786 580 826 inquiete,
596 785 681 818 nihil
692 788 867 826 operantes,
882 786 940 819 sed

156 840 281 872 curiose
303 841 452 880 aqeutes:
479 839 532 871 liis
551 842 673 879 autem,
699 841 756 880 qui
780 839 939 879 ejusmodi

156 896 243 932 sunt,
260 893 505 932 denuntiamus,
522 896 557 926 ut
571 901 642 926 cum
657 893 785 927 silentio
801 902 938 934 operan-

156 949 200 980 tes
214 947 410 980 manducem
429 955 545 988 panem
559 955 665 980 suum.
683 947 782 988 Cujus
795 948 945 989 mandati⁴

156 1000 265 1033 Glossa
285 1001 447 1033 rationem
470 1001 590 1040 reddit,
615 1002 721 1034 dicens
740 1011 748 1034 :
775 1013 790 1032 «
814 1002 875 1040 Qui
899 1002 939 1034 ad

156 1055 295 1087 alienam
320 1065 467 1087 mensam
493 1056 678 1096 frequenter
707 1056 845 1095 accedit,
873 1057 937 1088 otio

155 1110 292 1150 deditus,
307 1120 436 1143 necesse
460 1113 508 1143 est
522 1111 671 1143 aduletur
694 1112 835 1152 pascenti
857 1121 901 1144 se.
918 1123 932 1141 »

156 1165 277 1204 Quarta
290 1167 338 1197 est
353 1176 451 1207 quam
471 1167 554 1207 parit
568 1166 736 1207 industria,
752 1169 783 1198 et
806 1167 877 1199 haec
891 1170 940 1206 est·

155 1220 190 1252 in
213 1221 411 1262 pauperibus
436 1221 603 1260 studiosis,
628 1221 713 1252 circa
736 1221 937 1262 disciplinam

155 1275 378 1307 scholasticam
408 1275 590 1316 occupatis,
621 1275 743 1307 habens
771 1285 936 1308 annexum

155 1339 230 1362 cum
245 1330 390 1362 cruciatu
404 1330 547 1370 penuriae
564 1330 716 1362 solatium
730 1331 875 1363 veritatis
890 1332 938 1363 in-

155 1386 271 1423 ventae,
288 1394 362 1425 quae
376 1384 454 1415 adeo
465 1387 589 1416 mentes
602 1394 774 1425 generosas
786 1385 933 1424 oblectat,

154 1440 191 1470 ut
206 1438 300 1470 multi
321 1439 399 1477 dies,
422 1439 576 1470 aerumnis
598 1441 629 1470 et
651 1439 813 1470 laboribus
838 1440 934 1480 pleni,

150 1493 287 1534 jucundi
301 1492 470 1525 videantur
484 1494 515 1524 et
524 1493 616 1533 pauci
628 1501 695 1533 prae
710 1493 935 1533 magnitudine

154 1547 342 1586 dilectionis,
359 1547 548 1587 maluntque
563 1556 601 1578 ea
615 1556 690 1578 cum
705 1547 825 1578 rubore
844 1557 935 1579 men-

153 1601 287 1632 dicando
311 1601 491 1640 addiscere,
523 1610 622 1641 quam
644 1600 775 1632 delicate
796 1601 935 1633 vivendo

153 1653 331 1694 ignorare:
356 1655 441 1695 quod
463 1655 497 1685 in
522 1655 671 1695 pluribus
694 1655 851 1694 vidimus,
879 1656 936 1696 qui

153 1718 229 1741 cum
256 1709 467 1741 mendicando
496 1709 692 1749 didicerunt,
728 1712 837 1750 postea
867 1719 936 1741 ma-

155 1772 261 1803 gnum
275 1764 382 1795 locum
403 1763 438 1794 in
457 1763 594 1795 Ecclesia
620 1763 675 1795 Dei
694 1765 879 1796 tenuerunt.
898 1765 936 1796 Et

154 1817 193 1849 de
216 1817 334 1849 talibus
354 1817 576 1857 Augustinus,
601 1817 640 1849 cle
663 1826 752 1858 opere
770 1819 936 1851 Monacho-

154 1879 239 1910 rum,
255 1871 330 1903 dicit
343 1871 365 1910 ¹⁴,
381 1871 468 1912 quod
488 1882 502 1901 (<
521 1871 566 1902 eis
580 1871 664 1902 bona
680 1881 777 1912 opera
791 1872 935 1904 fidelium

154 1925 296 1957 subsidio
304 1925 556 1965 supplendorum
562 1925 817 1956 necessariorum
828 1925 935 1957 deesse

153 1988 219 2011 non
233 1979 365 2017 debent,
387 1987 463 2009 cum
486 1978 526 2010 ad
550 1978 761 2010 erudiendum
787 1979 935 2011 animum

153 2033 199 2064 ita
220 2034 347 2070 vacant,
373 2033 409 2063 ut
430 2032 606 2073 corporalia
629 2032 817 2072 hujusmodi
839 2042 936 2073 opera

154 2087 195 2118 ab
209 2086 288 2127 ipsis
304 2086 375 2126 geri
388 2095 455 2118 non
468 2086 600 2127 possint.
616 2097 630 2116 ›)
650 2086 766 2124 Quinta
780 2089 827 2118 est
837 2097 935 2128 quam

153 2140 238 2181 parit
263 2140 407 2181 Justitia,
435 2142 466 2171 et
497 2141 568 2172 haec
599 2142 646 2172 est
671 2141 706 2171 in
739 2142 935 2182 pauperibus

153 2194 343 2227 voluntariis
355 2219 365 2234 ,
401 2195 602 2227 immunibus
632 2195 672 2226 ab
707 2205 816 2227 amore
848 2197 934 2227 tem—

154 2249 272 2290 poralis
292 2249 385 2287 lucri,
402 2251 432 2279 et
448 2251 576 2289 torpore
596 2249 782 2290 temporalis
806 2250 932 2290 quietis,

154 2303 277 2335 habens
288 2312 452 2334 annexum
465 2312 539 2334 cum
552 2303 696 2335 cruciatu
710 2303 860 2335 solatium
872 2304 935 2335 vir-

154 2359 285 2388 tuosum
300 2358 330 2388 et
350 2365 477 2395 verum,
493 2366 552 2397 pro
577 2366 614 2388 eo
639 2357 724 2397 quod
745 2357 790 2388 sic
814 2358 936 2389 mendi-

155 2415 274 2451 cantes,
289 2412 387 2443 solius
409 2413 583 2444 moventur
604 2421 713 2443 amore
737 2413 935 2452 paupertatis

155 2469 308 2499 extremae
325 2478 331 2496 ε
345 2475 443 2507 quam
457 2466 528 2497 ideo
544 2467 793 2507 amplectuntur,
811 2470 847 2498 ut
861 2468 935 2499 libe-

155 2522 223 2553 rius
247 2521 412 2562 sapientiae
432 2523 556 2560 vacent,
573 2524 604 2552 et
629 2521 789 2552 efficacius
812 2522 851 2553 ad
871 2522 935 2553 cul-

155 2585 230 2607 men
244 2576 374 2608 virtutis
395 2575 567 2615 attingant,
583 2577 741 2616 quatenus
760 2575 793 2606 in
810 2577 934 2607 camino

190 2677 194 2691 ¹
211 2676 295 2706 Pron„
317 2683 375 2707 xxi,
393 2677 431 2701 25.
449 2689 479 2694 —
498 2676 506 2689 ²
523 2675 597 2706 lbitl„
617 2681 665 2707 XX,
685 2678 707 2700 4.
728 2690 753 2693 -
776 2678 785 2693 ³
803 2677 821 2700 ll
843 2677 934 2707 Thess„

155 2718 200 2744 111,
217 2714 301 2738 11-12.
318 2726 344 2730 —
364 2714 374 2730 ἢ
390 2714 465 2743 Aug„
482 2711 512 2735 de
531 2714 609 2743 Opere
623 2712 749 2742 ΜοηαεΙι.)
764 2719 833 2744 xvn,
851 2715 889 2737 ΞΟ.
904 2726 934 2731 -

156 2750 166 2766 5
181 2750 256 2780 Greg.
269 2762 298 2767 —
313 2750 321 2763 ⁸
335 2749 383 2780 ld„
399 2748 511 2780 Dz‘aloq.‚
526 2748 569 2773 lib.
585 2749 602 2780 l,
619 2756 641 2773 c.
657 2755 680 2773 v.

1713 241 1772 272 515

995 300 1190 340 paupertatis
1204 301 1304 342 electi,
1321 302 1420 344 ipsius
1441 304 1577 344 penuria
1591 308 1773 347 purgentur

995 362 1015 384 a
1028 353 1174 394 crimine,
1198 355 1299 396 ipsius
1321 357 1542 390 erubescentia
1561 359 1773 393 humilientur

995 406 1029 438 in
1049 408 1154 448 corde,
1176 408 1276 449 ipsius
1295 411 1492 451 parcimonia
1512 413 1726 446 castificentur
1739 415 1774 446 in

995 470 1101 501 earne,
1115 462 1215 503 ipsius
1230 463 1345 496 devota
1356 466 1553 506 gratitudine
1563 468 1774 501 concilientur

995 515 1035 547 ad
1063 517 1264 558 proximum,
1292 519 1391 560 ipsius
1413 521 1659 555 condescensiva
1685 523 1775 556 beni-

996 569 1118 609 gnitate
1138 572 1385 612 conssgurentur
1409 575 1448 606 ad
1472 575 1648 616 Christum,
1673 577 1774 618 ipsius

994 623 1125 655 sublimi
1133 625 1320 659 celsitudine
1330 637 1460 661 sursum
1469 633 1608 670 agantur
1617 632 1652 663 in
1659 631 1772 664 Deum.

995 677 1086 716 Quod
1105 681 1215 711 autem
1231 684 1402 722 paupertas
1415 685 1588 724 penuriosa
1609 688 1640 718 et
1662 687 1776 719 volun-

995 733 1076 764 taria
1094 733 1151 775 huj
1158 736 1284 767 asmodi
1300 736 1456 770 efficacias
1470 739 1596 779 habeat,
1613 750 1711 782 supra
1725 742 1775 774 de-

995 786 1152 819 claratum
1167 790 1214 820 est
1233 799 1291 830 per
1304 793 1488 824 sanctorum
1509 795 1712 828 auctoritates
1736 796 1775 828 de

993 840 1087 873 laude
1102 844 1309 884 paupertatiS,
1325 846 1427 878 tertiae
1441 849 1659 889 responsionis
1678 850 1776 891 parti-

994 894 1066 926 cula
1089 898 1260 936 postrema.
1286 898 1477 942 Quanquam
1499 903 1609 935 nullus
1631 913 1707 936 sane
1727 904 1775 936 in-

994 948 1140 990 telligens
1153 951 1299 984 dubitare
1314 957 1420 995 queat,
1437 956 1516 997 quin
1537 958 1673 998 penuria
1695 968 1774 1000 pur-

994 1005 1059 1044 get,
1082 1005 1300 1038 erubescentia
1324 1008 1485 1049 humiliet,
1509 1013 1707 1052 parcimonia
1728 1023 1776 1045 ca-

993 1058 1117 1099 stificet,
1132 1061 1296 1100 gratitudo
1311 1063 1494 1104 accipientis
1508 1065 1701 1099 heneficium
1714 1067 1775 1099 be-

996 1112 1149 1144 nefactori
1177 1116 1345 1155 conciliet,
1378 1119 1601 1152 condescensio
1627 1121 1775 1162 benigni-

994 1167 1051 1197 tati
1078 1167 1114 1208 (b)
1137 1170 1317 1209 configuret
1343 1172 1383 1203 ad
1412 1172 1595 1215 Christum,
1619 1177 1676 1216 qui
1699 1186 1774 1208 cum

993 1220 1083 1252 dives
1095 1225 1188 1262 esset,
1203 1233 1312 1257 amore
1325 1229 1443 1259 nostrae
1458 1229 1569 1261 salutis
1579 1230 1662 1262 effici
1671 1231 1776 1263 voluit

993 1284 1116 1315 egenus
1141 1279 1173 1309 et
1197 1288 1327 1320 pauper,
1353 1283 1384 1312 et
1404 1283 1439 1320 (o)
1461 1283 1613 1316 celsitudo
1637 1295 1775 1327 pauper-

992 1330 1075 1368 tatis,
1089 1340 1154 1371 qua
1173 1332 1245 1372 quis
1266 1334 1376 1365 omnia
1390 1335 1497 1375 calcat,
1515 1337 1621 1377 ipsum
1639 1339 1679 1380 (d)
1698 1348 1774 1371 cum

992 1384 1142 1416 omnibus
1157 1395 1286 1418 sursum
1303 1390 1379 1427 agat
1394 1389 1427 1420 in
1442 1389 1555 1430 Deum,
1581 1401 1646 1424 non
1670 1393 1774 1425 solum

991 1440 1121 1478 propter
1151 1440 1281 1480 spiritus
1307 1441 1506 1484 libertatem,
1532 1455 1647 1478 verum
1678 1448 1775 1479 etiam

992 1493 1121 1532 propter
1140 1494 1371 1534 experientiam
1391 1496 1682 1540 incommodorum,
1700 1511 1774 1542 quae

992 1555 1148 1586 pauperes
1181 1548 1394 1589 comitantur,
1424 1561 1499 1583 cum
1531 1553 1613 1586 dicat
1649 1554 1773 1595 Grego-

991 1600 1061 1631 rius
1075 1603 1097 1640 ⁵‚
1114 1602 1200 1641 quod
1219 1614 1233 1632 «
1255 1603 1349 1643 mala,
1373 1614 1446 1645 quae
1461 1615 1519 1638 nos
1541 1608 1594 1639 hic
1608 1612 1775 1650 premunt,

992 1654 1031 1685 ad
1047 1654 1149 1686 Deum
1164 1656 1210 1687 ire
1226 1658 1433 1698 compellunt.
1451 1671 1465 1689 »
1480 1660 1566 1693 Licet
1577 1665 1687 1695 autem
1699 1674 1775 1697 ava-

992 1708 1036 1739 ris
1050 1709 1090 1740 sit
1110 1710 1244 1742 molesta
1266 1713 1413 1752 penuria,
1438 1716 1469 1745 et
1490 1716 1637 1756 superbis
1663 1719 1774 1750 erube-

992 1764 1133 1803 scentia,
1155 1766 1186 1795 et
1209 1765 1336 1798 lascivis
1356 1767 1538 1808 frugalitaS,
1562 1772 1594 1801 et
1615 1770 1773 1804 indevotis

993 1818 1074 1849 actio
1091 1819 1288 1858 gratiarum,
1316 1822 1348 1851 et
1366 1821 1548 1854 infidelibus
1567 1825 1773 1858 conformitas

993 1873 1033 1904 ad
1057 1872 1230 1914 Christum,
1247 1877 1278 1906 et
1301 1875 1473 1916 desperatis
1497 1878 1633 1911 elevatio
1655 1882 1773 1913 mentis

993 1927 1027 1957 in
1059 1927 1160 1959 Deum
1173 1952 1181 1967 ,
1212 1938 1288 1960 vere
1320 1931 1429 1962 tamen
1457 1933 1652 1973 pauperibus
1686 1935 1772 1967 sola-

992 1981 1074 2012 tium
1095 1984 1141 2013 est
1161 1983 1331 2023 penuriam
1353 1985 1430 2025 pati,
1447 1986 1626 2019 humilibus
1641 1988 1770 2030 despici,

993 2036 1228 2069 continentibus
1251 2038 1438 2079 castificari,
1471 2041 1668 2076 charitativis
1696 2054 1773 2077 con-

993 2090 1094 2121 ciliari
1128 2091 1284 2123 beneficio
1300 2116 1308 2130 ,
1343 2093 1546 2126 credentibus
1573 2098 1772 2138 configurari

993 2144 1133 2184 Christo,
1156 2146 1358 2186 sperantibus
1378 2150 1571 2188 sequestrari
1591 2160 1610 2182 a
1631 2154 1769 2193 mundo,

992 2200 1023 2229 et
1034 2198 1133 2238 Jungi
1148 2199 1210 2230 Deo
1230 2201 1362 2232 aeterno.
1385 2201 1434 2232 Ad
1455 2212 1596 2243 quorum
1623 2207 1770 2238 omnium

993 2255 1268 2287 confirmationem
1283 2256 1344 2287 hoc
1358 2257 1487 2298 sufficit,
1506 2261 1592 2300 quod
1607 2261 1682 2294 dicit
1693 2263 1771 2295 Gre-

992 2308 1103 2348 gorius
1127 2309 1231 2349 primo
1259 2311 1468 2352 Dialoqorum
1490 2313 1500 2330 ⁰
1526 2325 1533 2346 :
1564 2326 1578 2345 (ι
1602 2315 1691 2348 Sicut
1720 2327 1771 2349 su—

991 2363 1081 2402 perbi
1096 2362 1284 2402 honoribus,
1301 2364 1346 2396 sic
1360 2366 1551 2408 plerumque
1564 2369 1704 2402 humiles
1713 2381 1771 2404 sua

991 2416 1191 2457 despectione
1207 2418 1430 2459 gratulantur,
1447 2431 1585 2463 cumque
1602 2433 1636 2455 se
1650 2425 1684 2456 in
1698 2426 1771 2458 alie-

992 2471 1041 2501 nis
1065 2471 1166 2502 oculis
1190 2472 1343 2504 vilescere
1364 2474 1524 2514 sentiunt,
1550 2477 1667 2510 idcirco
1691 2489 1771 2520 gau-

992 2524 1077 2562 dent,
1093 2525 1170 2565 quia
1188 2525 1250 2557 hoc
1268 2526 1426 2566 judicium
1449 2530 1633 2562 confirmari
1652 2533 1770 2565 intelli-

993 2580 1088 2618 gunt,
1104 2579 1190 2619 quod
1204 2580 1242 2611 de
1257 2589 1290 2611 se
1310 2583 1340 2611 et
1360 2581 1420 2621 ipsi
1442 2582 1638 2618 habuerunt.
1654 2598 1669 2616 ))
1689 2587 1780 2626 Quo—1

992 2632 1080 2663 niam
1093 2633 1194 2672 igitur
1209 2634 1285 2665 huic
1300 2635 1510 2668 mendicitatis
1529 2640 1624 2673 modo
1639 2641 1673 2673 in
1687 2651 1769 2683 pau-

1025 2715 1058 2755 (μ)
1074 2716 1131 2747 Leq.
1154 2718 1248 2741 cessate.
1264 2731 1290 2734 —
1306 2717 1337 2748 (b)
1352 2718 1410 2750 Leq.
1424 2719 1597 2753 benignitatis.
1611 2737 1641 2743 —
1660 2725 1690 2758 (c)
1707 2726 1771 2751 Coet.

992 2750 1053 2775 edil.
1068 2751 1135 2776 deest
1148 2754 1182 2776 et.
1197 2766 1228 2770 —
1242 2753 1276 2784 (cl)
1292 2754 1355 2778 Coet.
1370 2754 1429 2780 erle't.
1446 2758 1471 2781 et
1485 2758 1606 2790 seipsum.
