2029 3052
316 210 689 245 DETERMINATIONES
712 209 980 249 QUAESTIONUM
1001 209 1115 244 CIRCA
1138 210 1329 243 REGULAM
1350 210 1382 243 S.
1408 210 1622 244 FRANclsct.

165 289 238 315 nem
251 279 289 314 de
307 283 451 322 amento,
475 281 506 312 et
529 277 708 320 eqo-odietur
723 277 937 319 purissimum

166 343 236 375 vas,
251 335 313 367 hoc
325 335 383 373 est,
397 333 470 366 tolle
483 333 522 365 de
537 332 622 364 bono
635 331 722 373 quod
741 332 818 364 facit
834 331 940 373 suspi-

166 389 302 427 cionem,
327 387 486 420 rationem
511 386 686 425 reddendo;
717 387 747 418 et
775 386 940 427 apparebit

166 451 286 484 purum
300 443 332 474 et
341 442 474 480 bonum,
486 440 572 482 quod
586 440 760 481 putabatur
773 440 940 472 vitiosum.

168 497 255 530 rude
270 496 383 528 Petrus
403 495 492 528 dicit'
508 506 515 527 ι
531 495 643 528 Parati
663 502 783 535 semper
800 493 856 533 ad,
881 496 940 525 etc.

167 550 238 592 Ipsa
245 547 332 583 enim
342 559 439 591 opera
446 549 500 582 Dei
507 549 680 590 purissima
695 549 728 580 in
742 558 787 588 se,
807 556 892 588 saepe
908 548 941 579 in

166 604 300 638 rudibus
308 604 378 638 etin
385 603 566 636 infidelibus
575 603 698 636 occasio
705 602 844 635 scandali
855 604 941 642 sunt,

1713 215 1768 245 601

995 287 1071 310 eum
1085 287 1149 310 non
1164 278 1364 319 intelligunt,
1380 280 1411 310 et
1433 278 1560 311 sinistre
1573 289 1610 312 ac
1624 289 1773 321 perverse

995 333 1258 373 interpretantur.
1275 334 1391 366 Beatus
1411 334 1469 374 qui
1483 341 1548 366 non
1563 334 1664 373 suerit
1676 342 1773 366 scan-

997 385 1165 419 dalizatus
1186 387 1223 419 in
1238 395 1298 426 me,
1313 387 1358 419 ait
1374 387 1526 420 Dominus
1533 389 1556 427 ²,
1570 390 1601 419 et
1616 387 1775 429 Propheta

998 440 1111 472 dicit³t
1124 440 1202 473 Cum
1213 444 1322 474 sancto
1337 444 1469 475 sanctus
1485 443 1559 482 eris,
1575 445 1690 475 etcum
1702 451 1774 484 per-

999 502 1088 528 verso
1116 497 1313 536 perverteris.
1342 495 1382 528 Ut
1403 506 1481 537 ergo
1507 497 1637 529 lucerna
1659 497 1776 529 clarius

998 548 1115 588 luceat,
1131 549 1360 582 offendiculum
1376 550 1501 582 auferas
1517 551 1557 590 ei,
1570 553 1604 583 et
1613 551 1777 592 limpidius

1000 602 1112 635 lumen
1124 603 1276 636 effundet.

367 833 571 875 QUAESTIO
593 833 744 868 PRIMA.

169 918 224 947 Gur
239 921 278 947 tot
293 918 471 947 eoeistentibus
485 919 600 952 sanctis,
615 920 640 946 et
662 917 820 953 approbatis
835 917 942 946 ordini-

204 963 270 998 bus,
293 971 388 991 novam
411 963 532 998 regulam
554 963 642 996 facere
663 963 777 991 voluerit
801 963 831 990 S.
857 963 945 990 Fran-

203 1015 298 1036 czscus.

209 1091 317 1123 Primo
329 1090 433 1130 igitur
446 1089 614 1131 quaeritur,
635 1099 710 1121 cum
724 1091 771 1122 tot
785 1090 884 1122 sancti
895 1099 946 1122 or-

169 1145 280 1183 dines,
309 1146 340 1176 et
367 1144 550 1185 approbatae
573 1143 698 1184 regulae
720 1144 858 1183 fuerint,
889 1153 946 1176 cur

169 1199 204 1232 S.
220 1198 406 1231 Franciscus
418 1207 537 1230 novam
549 1197 700 1238 regulam
714 1197 816 1229 facere
830 1197 944 1237 voluit,

169 1253 260 1295 quasi
275 1262 339 1284 non
353 1252 534 1284 sufficerent
546 1252 690 1293 priorum
705 1252 848 1284 instituta
860 1261 947 1283 sanc-

169 1309 288 1339 torum.

209 1361 257 1392 Ad
272 1360 352 1392 illud
365 1359 423 1391 tibi
438 1360 626 1400 respondeo,
641 1360 727 1401 quod
746 1359 839 1391 Pater
855 1369 946 1391 sanc-

169 1416 221 1447 tus
244 1414 449 1452 Franciscus,
474 1413 587 1454 spiritu
608 1414 661 1445 Dei
681 1414 808 1455 plenus,
830 1417 859 1445 et
881 1414 946 1446 zelo

169 1468 331 1499 charitatis
342 1467 395 1499 Dei
406 1470 436 1498 et
444 1467 583 1508 proximi
594 1469 678 1499 totus
686 1468 821 1507 ignitus,
834 1468 947 1508 triplici

169 1521 325 1553 desiderio
339 1521 509 1561 flagrabat,
530 1521 676 1553 videlicet
694 1523 731 1552 ut
744 1523 829 1552 totus
844 1523 949 1562 posset

170 1584 237 1607 esse
253 1575 395 1606 imitator
405 1575 518 1606 Christi
531 1575 566 1606 in
579 1576 667 1606 omni
682 1576 872 1616 perfectione
887 1575 949 1607 vir-

170 1630 296 1668 tutum3
313 1629 388 1660 item
411 1631 448 1660 ut
472 1631 557 1660 totus
581 1630 686 1669 posset
702 1628 867 1660 adhaerere
886 1629 948 1660 Deo

170 1691 228 1724 per
246 1682 382 1714 assiduae
405 1682 681 1722 contemplationis
702 1684 772 1723 eJus
794 1685 945 1722 gustum;

171 1737 248 1768 item
258 1739 294 1767 ut
308 1736 426 1768 multos
439 1738 544 1777 posset
554 1737 672 1768 lucrari
689 1737 762 1775 Deo,
778 1740 808 1768 et
824 1737 948 1769 salvare

172 1790 306 1828 animas,
324 1799 382 1830 pro
397 1790 514 1830 quibus
529 1790 672 1822 Christus
687 1791 789 1821 voluit
803 1791 949 1831 crucifigi

172 1845 203 1874 et
216 1843 312 1874 mori.
329 1843 366 1874 Et
389 1844 464 1883 quia
482 1853 547 1874 non
572 1844 697 1875 suffecit
721 1844 760 1882 ei,
784 1846 820 1875 ut
841 1845 900 1876 ista
914 1846 948 1876 in

172 1897 301 1938 propria
314 1906 447 1937 persona
462 1899 587 1928 tantum
602 1900 722 1937 ageret,
739 1897 841 1929 voluit
856 1899 946 1930 insti-

171 1953 261 1982 tuere
277 1951 434 1989 ordinem,
458 1953 494 1982 ut
517 1951 633 1982 multos
652 1954 869 1991 cooperatores
890 1953 947 1983 ha-

172 2005 272 2043 beret,
288 2014 351 2036 non
367 2005 471 2036 solum
490 2005 523 2035 in
539 2005 699 2044 praesenti,
723 2005 776 2036 sed
797 2005 893 2036 etiam
915 2006 948 2037 in

172 2058 292 2096 futuro,
308 2058 363 2098 qui
378 2061 409 2089 et
420 2058 592 2089 sanctitatis
607 2059 676 2097 ejus
691 2058 865 2090 imitatores
879 2060 947 2090 exi-

172 2114 302 2151 sterent,
331 2114 362 2144 et
381 2113 458 2143 alios
478 2112 540 2143 Deo
561 2112 716 2152 plurimos
734 2112 946 2144 lucrarentur.

173 2165 305 2197 Ordines
322 2168 430 2197 autem
450 2175 530 2206 quos
554 2166 619 2206 ipse
641 2166 672 2196 S.
697 2165 883 2197 Franciscus
899 2167 948 2197 in-

175 2221 264 2252 venit
278 2221 311 2251 in
327 2220 474 2257 Ecclesia,
490 2220 597 2260 aliqua
612 2220 838 2260 praedictorum
852 2221 948 2251 trium

174 2286 214 2308 ex
238 2280 326 2317 parte
350 2277 526 2314 habebant,
550 2278 586 2307 ut
608 2276 749 2316 religiosi
770 2277 946 2315 coenobitae,

173 2330 273 2371 quiin
287 2330 391 2361 studio
402 2330 560 2360 virtutum
570 2329 684 2360 Christi
700 2329 868 2360 imitantur
883 2339 949 2360 ves-

173 2383 271 2423 tigia3
293 2383 445 2420 eremitae,
469 2383 525 2423 qui
549 2383 805 2423 contemplationi
830 2383 948 2415 divinae

173 2437 372 2477 frequentius
386 2438 515 2474 vacant;
539 2439 570 2466 et
596 2436 697 2466 clerici
720 2438 858 2467 rectores
881 2438 947 2477 ple-

173 2491 262 2522 bium
277 2515 284 2528 ,
310 2490 365 2530 qui
389 2490 569 2520 animarum
592 2499 703 2520 curam
727 2490 881 2521 habentes
909 2500 949 2521 ex

174 2545 288 2583 officio,
306 2544 403 2575 lucris
418 2544 599 2574 animarum
617 2543 705 2574 omni
720 2543 887 2582 vigilantia
903 2544 949 2574 in-

175 2600 302 2630 tendere
317 2599 441 2630 debent.
458 2598 495 2629 Et
511 2599 586 2639 quia
601 2598 669 2630 haec
680 2599 739 2629 tria
754 2599 850 2630 simul
862 2600 949 2631 inve-

208 2679 332 2708 1ΙΡεΞΙικ,
352 2686 389 2710 ιιῐ,
408 2681 445 2703 15.
459 2693 487 2697 -
501 2680 508 2693 ²
522 2679 622 2709 Mami„
641 2685 674 2706 xv,
690 2681 712 2703 6.
729 2693 757 2698 -
773 2681 781 2693 ³
798 2681 864 2705 Psal.
887 2688 947 2707 xvii,

177 2716 215 2739 20.
230 2728 258 2732 —
274 2716 281 2729 ³
298 2716 363 2745 Luc„
380 2717 488 2745 xx1737.
504 2729 533 2733 —
547 2716 556 2732 ⁵
572 2717 636 2740 l’sas.
655 2722 706 2746 κω,
723 2718 745 2740 9.

999 820 1046 852 nit
1060 820 1094 852 in
1114 820 1204 852 nullo
1222 821 1346 860 ordine,
1368 820 1490 863 Spiritu
1516 823 1624 853 sancto
1646 821 1776 853 edoctus

1000 883 1120 906 novam
1128 875 1266 906 condidit
1274 875 1434 915 regulam,
1449 877 1480 907 et
1491 884 1615 908 novum
1629 875 1775 907 ordinem

1000 928 1148 968 instituit,
1165 938 1228 969 quo
1245 929 1286 969 (a)
1303 929 1335 960 in
1354 930 1549 970 professione
1571 930 1608 970 (b)
1633 938 1774 969 evange-

998 982 1135 1014 licorum
1160 983 1384 1021 consiliorum,
1407 983 1594 1015 obedientiae
1618 983 1773 1022 videlicet,

1001 1038 1033 1068 et
1061 1036 1232 1076 castitatis,
1267 1039 1300 1069 et
1326 1037 1523 1069 abdicatione
1554 1036 1775 1077 proprietatis,

1002 1089 1117 1122 Christi
1132 1091 1271 1131 vestigia
1280 1093 1478 1132 sequeretur,
1495 1093 1526 1122 et
1538 1091 1570 1122 in
1580 1090 1684 1122 officio
1697 1099 1779 1131 prae-

1001 1144 1166 1176 dicationis
1189 1147 1221 1176 et
1249 1146 1454 1177 confessionis
1481 1146 1665 1176 animarum
1688 1145 1778 1177 lucra

1002 1198 1121 1230 utiliter
1133 1201 1301 1240 quaereret,
1318 1199 1394 1231 etin
1408 1199 1570 1231 altissimae
1585 1199 1778 1240 paupertatis

1003 1252 1205 1284 mendicitate
1213 1253 1391 1284 libertatem
1403 1253 1533 1293 spiritus
1542 1253 1693 1290 retinens,
1705 1261 1779 1284 con-

1003 1306 1217 1347 templationis
1238 1316 1386 1347 supernae
1408 1307 1661 1348 apprehenderet
1686 1307 1779 1348 puri-

1002 1362 1111 1391 tatem.
1134 1360 1216 1392 Nam
1238 1363 1268 1392 et
1289 1361 1314 1391 si
1338 1360 1470 1392 actionis
1495 1360 1660 1392 exterioris
1681 1370 1778 1392 occu-

1004 1415 1089 1457 patio
1103 1414 1270 1455 aliquoties
1286 1414 1500 1455 interrumpat
1514 1414 1616 1446 otium
1633 1416 1778 1446 contem-

1003 1468 1131 1511 plandi,
1162 1469 1231 1509 ipsa
1257 1471 1365 1500 tamen
1394 1469 1524 1500 libertas
1552 1469 1655 1500 cordis
1680 1469 1779 1500 nullis

1004 1523 1269 1556 sollicitudinibus
1285 1523 1509 1563 temporalium
1529 1523 1689 1562 distracta,
1712 1523 1778 1564 spi-

1004 1578 1127 1610 ritualis
1159 1577 1330 1608 vacationis
1366 1586 1520 1617 magnam
1546 1579 1677 1617 praestat
1710 1579 1779 1608 stu-

1005 1633 1100 1664 diosis
1135 1631 1404 1672 opportunitatem
1423 1654 1432 1669 ‚
1471 1633 1506 1662 ut
1541 1631 1661 1662 orando
1683 1654 1690 1668 ‚
1731 1631 1779 1662 le-

1006 1687 1131 1727 gendo,
1159 1685 1341 1716 meditando
1367 1687 1397 1716 et
1419 1684 1672 1725 contemplando.
1706 1684 1780 1717 Plus

1005 1741 1092 1772 enim
1116 1740 1204 1771 obest
1228 1739 1267 1769 ad
1291 1739 1467 1770 devotionis
1498 1739 1669 1779 puritatem
1694 1748 1778 1770 asse-

1005 1794 1166 1835 quendam
1190 1793 1340 1832 strepitus
1364 1792 1589 1832 temporalium
1611 1801 1778 1831 curarum,

1005 1857 1102 1888 quam
1131 1846 1313 1877 exercitatio
1347 1846 1564 1876 virtuosarum
1597 1846 1778 1884 actionum,

1005 1902 1081 1943 quia
1119 1909 1269 1931 curarum
1305 1900 1528 1940 importunitas
1555 1900 1589 1930 in
1618 1900 1682 1931 otio
1709 1910 1778 1931 cor-

1006 1955 1090 1996 poris
1108 1956 1241 1995 generat
1263 1954 1379 1985 mentis
1406 1954 1672 1994 inquietudinem.
1702 1954 1780 1985 Boni

1005 2010 1112 2040 autem
1143 2008 1246 2048 operis
1277 2007 1379 2038 fidelis
1408 2007 1591 2038 exercitatio
1615 2008 1780 2038 conscien-

1004 2062 1080 2093 tiam
1096 2062 1225 2101 quietat,
1243 2063 1274 2092 et
1294 2061 1529 2101 impinguando
1551 2061 1653 2092 elevat
1670 2061 1702 2091 in
1724 2071 1780 2092 su-

1003 2125 1111 2157 perna,
1132 2116 1211 2146 sicut
1234 2115 1289 2155 qui
1311 2115 1434 2145 laborat
1457 2115 1489 2145 in
1515 2115 1780 2155 praeparationem

1004 2169 1153 2208 convivii,
1177 2169 1208 2199 in
1228 2178 1292 2209 quo
1312 2169 1437 2209 quietus
1461 2168 1598 2207 iucunde
1621 2168 1780 2208 epuletur.

1004 2222 1091 2254 Unde
1107 2225 1137 2253 et
1157 2222 1311 2253 Dominus
1329 2231 1384 2262 per
1399 2222 1482 2252 diem
1508 2222 1723 2262 occupabatur
1747 2223 1779 2252 in

1003 2277 1144 2308 doctriua
1160 2276 1280 2316 populi,
1300 2279 1330 2306 et
1346 2276 1576 2315 aegrotantium
1597 2276 1759 2306 curatione
1769 2287 1777 2314 ;

1004 2330 1036 2360 in
1056 2330 1201 2360 noctibus
1222 2329 1419 2360 orationibus
1443 2329 1477 2359 iu
1502 2330 1609 2359 monte
1634 2329 1777 2367 vacabat,

1003 2384 1083 2414 sicut
1097 2383 1140 2414 ait
1154 2383 1254 2414 Lucas
1269 2386 1278 2400 ⁶·
1297 2395 1303 2414 ;
1320 2384 1401 2415 Erat
1417 2386 1520 2415 (cutem
1537 2382 1647 2414 diebus
1663 2382 1778 2415 docens

1003 2437 1177 2476 intemplo,
1197 2437 1342 2469 noctibus
1369 2445 1441 2469 vero
1459 2437 1573 2468 eziens
1597 2436 1780 2468 morabatur

1003 2492 1040 2523 τη
1060 2494 1159 2523 meme
1185 2490 1310 2522 Οἰῐυειί.
1336 2490 1370 2520 Et
1397 2489 1561 2520 psalmista
1582 2490 1657 2520 dicit
1677 2490 1712 2520 ⁵:
1740 2490 1779 2520 In

1003 2544 1055 2576 (lie
1064 2544 1233 2576 mmzclavic
1249 2545 1400 2575 Dominus
1409 2543 1666 2575 uzisericonll‘am
1674 2550 1776 2581 suam,

1003 2602 1030 2630 el
1046 2601 1133 2630 nocte
1148 2598 1308 2629 canticum
1323 2596 1401 2636 ejzts.
1420 2596 1527 2627 Noluit
1545 2597 1575 2627 S.
1593 2596 1780 2627 Franciscus
1796 2604 1799 2605 ⁷

1004 2662 1071 2683 esse
1084 2652 1196 2683 fratres
1210 2660 1283 2682 suos
1299 2651 1442 2681 astrictos
1458 2650 1497 2680 ad
1521 2659 1631 2681 curam
1657 2650 1779 2681 anima-

1038 2716 1070 2746 (ιι)
1088 2715 1160 2738 Forte
1179 2714 1226 2744 legs.
1243 2713 1293 2744 qui.
1310 2727 1337 2730 -
1355 2713 1385 2742 (ὁ)
1423 2715 1463 2737 oet.
1480 2713 1540 2736 edit.
1559 2713 1728 2743 possessione.
