2029 3052
525 194 573 228 DE
594 193 807 227 MlRACULlS
831 194 956 227 IPSIUS
979 195 1078 228 POST
1101 194 1278 228 MORTEM.

96 264 234 304 dustria,
259 263 407 295 invocato
429 262 513 294 beati
536 261 694 294 Francisci
721 261 872 301 nomine,

95 318 229 350 liberata
242 316 408 349 confestim
422 315 551 354 mulier,
562 316 689 356 partum
706 314 874 346 salubriter

96 370 291 403 terminavit.
323 369 384 402 Sed
413 371 556 401 assecuta
580 368 664 409 quod
695 368 818 407 voluit,
843 370 875 399 et

96 424 193 456 oblita
208 423 355 455 beneficii
368 422 454 463 quod
471 421 600 463 accepit,
622 422 778 453 honorem
798 430 874 452 san-

96 479 146 509 cto
160 485 227 508 non
241 477 396 514 deferens,
418 475 468 507 die
483 475 596 507 natalis
610 475 712 516 ipsius
723 475 762 506 ad
777 484 874 516 opera

95 531 224 563 servilia
237 538 353 562 manus
368 529 520 561 extendit.
538 529 575 560 Et
591 538 663 560 ecce
678 529 784 560 subito
797 529 874 560 dex-

95 586 183 616 trum
198 583 376 622 brachium,
394 582 433 614 ad
448 582 591 614 lahorem
610 583 797 621 extensum,
819 582 875 613 in-

95 637 235 669 flexibile
257 637 429 676 remansit,
455 638 486 668 et
511 637 650 668 aridum.
680 636 770 674 Quod
800 645 874 667 cum

95 691 236 723 studeret
245 691 284 722 ad
304 700 338 722 se
360 699 510 722 revocare
528 699 602 722 cum
617 690 734 729 altero,
753 689 874 721 ultione

95 745 251 776 consimili
274 746 305 776 et
319 744 397 776 illud
419 744 557 775 exaruit.
574 743 702 775 Timore
716 743 819 782 igitur
831 742 874 773 di-

93 798 172 831 vino
191 799 335 838 correpta
354 797 482 836 mulier,
502 796 713 836 reintegravit
734 798 846 828 votum
863 804 871 826 ε

92 861 252 894 usumque
267 853 499 891 membrorum,
513 861 610 892 quem
626 852 755 892 propter
767 851 875 890 ingra-

93 907 261 938 titudinem
276 906 437 945 amiserat,
455 907 486 936 et
500 906 731 944 contemptum,
747 913 804 945 per
817 903 874 934 mi-

94 960 261 992 sericordis
279 962 311 991 et
328 959 461 991 humilis
489 959 588 990 sancti
612 958 738 996 merita,
763 957 814 988 cui
841 966 874 988 se

93 1013 206 1045 iterato
221 1013 360 1052 devovit,
376 1021 566 1053 recuperare
580 1011 769 1052 promeruit.
840 1049 843 1053 ‚

134 1067 246 1099 Mulier
261 1067 409 1108 quaedam
425 1067 463 1098 de
478 1067 621 1106 partibus
631 1066 781 1104 Aretinis‚
798 1074 873 1096 cum

93 1131 150 1163 per
165 1124 286 1162 septem
301 1122 367 1153 dies
378 1122 487 1161 partus
498 1120 681 1151 discrimina
692 1120 871 1158 sustineret,

93 1177 124 1207 et
135 1176 204 1216 jam
219 1175 254 1206 in
269 1175 471 1215 nigredinem
494 1183 586 1206 versa
606 1174 772 1214 desperata
791 1175 874 1205 esset

93 1229 134 1260 ab
156 1229 318 1267 omnibus,
340 1231 454 1260 votum
477 1228 549 1259 fecit
571 1228 663 1259 beato
686 1227 871 1266 Francisco,

94 1284 125 1314 et
149 1284 219 1323 ejus
242 1283 337 1323 coepit
361 1282 501 1313 moriens
524 1281 682 1313 auxilium
712 1281 872 1312 invocare.

94 1336 218 1368 Emisso
233 1338 342 1368 autem
353 1338 439 1375 voto,
453 1336 596 1367 celeriter
608 1335 815 1374 obdormivit,
824 1335 872 1367 vi-

94 1391 203 1431 ditque
230 1391 263 1421 in
287 1390 408 1422 somnis
419 1423 422 1426 ⁴
434 1391 563 1422 beatum
590 1390 813 1421 Fransciscum
841 1398 874 1420 se

95 1443 228 1476 dulciter
242 1444 468 1484 alloquentem,
483 1453 519 1475 ac
530 1444 749 1484 requirentem
763 1445 874 1474 utrum

95 1498 209 1529 faciem
224 1497 325 1538 ipsius
340 1500 548 1537 agnosceret,
565 1499 596 1528 et
611 1507 653 1528 an
666 1497 874 1537 antiphonam

94 1551 182 1582 illam
195 1551 337 1591 Virginis
346 1551 505 1591 gloriosae,
520 1551 629 1589 Salve,
641 1551 766 1591 Regina
777 1551 873 1582 mise-

94 1604 290 1639 sericordioe,
311 1605 404 1636 sciret
418 1605 457 1635 ad
477 1605 630 1635 honorem
648 1605 748 1644 hujus
767 1604 873 1644 Virgi-

94 1659 144 1689 nis
160 1658 303 1689 recitare.
331 1657 399 1696 Qua
412 1658 621 1698 respondente
636 1667 669 1689 se
683 1658 801 1689 habere
815 1668 875 1689 no-

94 1712 201 1742 titiam
224 1711 262 1742 de
285 1711 449 1751 utrisque:
467 1711 582 1751 Incipe,
598 1712 642 1742 ait
655 1711 801 1750 Sanctus,
819 1721 875 1742 an-

94 1765 261 1805 tiphonam
285 1773 407 1795 sacram
421 1789 429 1802 ‚
452 1767 482 1795 et
505 1767 677 1805 antequam
702 1766 871 1805 compleas,

95 1819 199 1859 paries
214 1827 286 1849 cum
299 1818 412 1849 salute.
427 1817 473 1848 Ad
488 1818 571 1848 hanc
584 1827 695 1849 vocem
706 1819 875 1858 evigilavit

96 1873 222 1910 mulier,
239 1874 270 1903 et
285 1881 357 1902 cum
372 1872 487 1902 timore
510 1872 604 1912 coepit
619 1872 722 1903 dicere
739 1884 745 1903 z
768 1873 871 1912 Salve,

95 1927 219 1967 Reqina
234 1917 473 1958 misericordioe'.
499 1925 642 1966 Cumque
657 1926 729 1958 illos
745 1928 872 1959 miseri-

95 1980 203 2013 cordes
222 1979 326 2012 oculos
350 1981 543 2019 precaretur,
567 1980 770 2019 fructumque
786 1990 875 2011 com-

95 2035 289 2064 memoraret
298 2033 380 2063 uteri
393 2032 574 2072 virginalis,
588 2032 739 2064 continuo
753 2034 874 2064 cunctis

95 2087 227 2118 liberata
242 2087 408 2127 pressuris,
432 2087 585 2118 infantem
607 2087 728 2126 peperIt
748 2087 873 2127 specio-

97 2150 180 2179 sum,
204 2141 324 2180 gratias
343 2150 445 2179 agens
469 2140 604 2180 Regiu'se
624 2140 870 2179 misericordiae,

97 2204 170 2235 quae
184 2203 240 2234 per
254 2194 338 2225 beati
351 2194 508 2225 Francisci
523 2195 637 2226 merita
657 2195 757 2235 ipsius
772 2195 874 2227 suerat

98 2248 228 2288 dignata
244 2247 399 2278 misereri.

322 2342 360 2369 De
380 2343 453 2369 coecz's
472 2342 650 2370 illuminatis.

140 2409 177 2439 In
203 2409 361 2440 conventu
382 2408 517 2438 fratrum
538 2408 697 2440 Minorum
723 2409 873 2450 Neapoli,

99 2471 173 2493 cum
188 2462 318 2502 quidam
328 2462 435 2499 frater,
451 2460 608 2492 Robertus
619 2462 758 2500 nomine,
771 2472 875 2494 caecus

101 2516 191 2546 annis
205 2515 352 2555 plurimis
363 2515 526 2553 extitisset,
539 2515 639 2545 crevit
650 2516 681 2545 in
697 2516 795 2546 oculis
806 2518 875 2556 eJus

101 2577 174 2599 caro
189 2569 361 2609 superflua,
387 2570 510 2599 motum
534 2571 565 2598 et
578 2577 674 2599 usum
698 2569 876 2609 impediens

104 2621 338 2661 palpebrarum.
363 2621 442 2652 Cum
459 2621 562 2661 igitur
580 2622 692 2652 fratres
713 2623 752 2663 (α)
774 2624 877 2654 foren-

103 2683 172 2714 seS‚
196 2676 235 2706 ad
257 2675 398 2707 diversas
420 2675 530 2707 mundi
559 2677 663 2716 partes
689 2676 852 2708 tendentes
866 2702 874 2717 ,

1651 200 1707 229 357

928 261 1046 294 ibidem
1075 263 1205 304 plurimi
1233 263 1478 303 convenissent,
1510 264 1621 295 beatus
1649 273 1709 305 pa-

929 317 978 346 ter
994 316 1191 356 Franciscus,
1207 317 1375 358 speculum
1398 317 1586 350 obedientiae
1616 327 1708 350 sanc-

928 371 981 407 tae,
1005 373 1041 401 ut
1063 379 1116 401 eos
1138 371 1284 403 miraculi
1308 372 1450 404 novitate
1470 371 1654 403 hortaretur
1668 373 1707 404 ad

927 423 998 462 iter,
1022 424 1211 464 praedictum
1226 425 1368 464 fratrem,
1385 425 1460 466 ipsis
1481 426 1706 466 praesentibus,

926 477 981 508 tali
998 477 1091 508 modo
1106 477 1240 509 curavit.
1252 478 1379 509 Jacebat
1390 481 1480 510 nocte
1490 479 1629 519 quadam
1645 479 1709 510 fra-

926 532 975 562 ter
1000 530 1155 562 Robertus
1177 532 1351 572 praedictus
1374 541 1462 573 aeger
1485 532 1525 563 ad
1549 534 1705 572 mortem,

924 585 1057 625 Jamque
1080 584 1140 615 sibi
1163 585 1265 616 fuerat
1289 585 1397 617 anima
1419 585 1651 625 commendata,
1675 588 1707 618 et

927 647 998 669 ecce
1015 638 1113 669 astitit
1137 639 1165 670 ei
1189 639 1301 670 beatus
1321 639 1414 671 Pater
1428 649 1500 671 cum
1523 640 1626 671 trihus
1645 641 1709 672 fra-

926 691 1030 723 tribus
1056 692 1144 723 omni
1173 693 1337 724 sanctitate
1365 693 1531 733 perfectis,
1560 694 1708 725 videlicet

927 747 1036 776 sancto
1056 745 1205 785 Antonio,
1229 747 1325 778 fratre
1347 746 1544 786 Augustino,
1566 749 1597 778 et
1610 748 1708 779 fratre

926 798 1042 830 Jacobo
1068 799 1107 830 de
1127 799 1257 839 Assisio,
1283 800 1340 840 qui
1363 800 1443 831 sicut
1471 809 1547 831 eum
1572 801 1708 841 perfecte

928 852 1054 883 fuerant
1075 853 1184 892 secuti,
1210 854 1288 885 dum
1308 854 1465 892 viverent,
1489 854 1533 885 ita
1555 856 1586 885 et
1600 854 1706 895 ipsum

927 905 1072 936 alacriter
1092 907 1327 938 comitabantur
1349 909 1420 948 post
1441 910 1590 940 mortem.
1614 909 1705 940 Acci-

927 960 1018 1000 piens
1033 960 1197 992 cultellum
1216 963 1345 992 sanctus
1361 962 1560 1002 Franciscus‚
1577 972 1707 994 carnem

928 1014 1125 1054 superfluam
1139 1015 1303 1053 resecavit,
1321 1015 1433 1046 lumen
1448 1016 1585 1047 restituit
1599 1017 1708 1057 pristi-

928 1077 1020 1105 num,
1041 1070 1071 1099 et
1086 1078 1105 1098 a
1120 1069 1231 1099 mortis
1246 1078 1321 1099 eum
1336 1069 1426 1100 fauce
1442 1070 1589 1107 reduxit,
1612 1070 1706 1101 dixit-

928 1130 990 1160 que
1010 1121 1055 1151 illi
1074 1132 1080 1152 :
1098 1121 1158 1152 Fili
1182 1122 1329 1161 Roberte,
1354 1123 1470 1162 gratia,
1486 1133 1584 1164 quam
1601 1125 1707 1154 tecum

928 1174 998 1212 feci,
1014 1175 1144 1214 signum
1156 1176 1360 1207 estfratribus
1368 1177 1407 1207 ad
1418 1179 1556 1208 remotas
1564 1177 1708 1208 nationes

928 1229 1088 1269 euntibus,
1106 1231 1191 1271 quod
1207 1240 1268 1270 ego
1284 1231 1460 1271 praecedam
1481 1241 1545 1270 eos,
1569 1234 1600 1263 et
1622 1232 1705 1272 ipso-

928 1291 1001 1313 rum
1014 1283 1153 1322 dirigam
1171 1292 1312 1323 gressus.
1337 1284 1471 1323 Vadant,
1487 1285 1603 1325 inquit,
1624 1294 1706 1325 gau-

928 1336 1049 1374 denter,
1067 1338 1098 1367 et
1112 1338 1291 1377 injunctam
1305 1338 1517 1370 obedientiam
1532 1339 1628 1370 alacri
1643 1338 1708 1370 ani-

929 1399 982 1421 mo
997 1392 1210 1431 exequantur.

969 1444 1063 1484 Apud
1085 1444 1208 1476 Thebas
1232 1445 1264 1476 in
1289 1445 1456 1483 Romania,
1483 1445 1599 1476 mulier
1626 1454 1710 1476 caeca

930 1497 1078 1536 vigiliam
1093 1499 1191 1529 sancti
1207 1498 1365 1529 Francisci
1386 1500 1419 1530 in
1440 1509 1523 1539 pane
1538 1501 1663 1530 tantum
1678 1501 1710 1530 et

929 1560 1011 1590 aqua
1024 1551 1187 1591 jejunans,
1204 1552 1243 1583 ad
1263 1553 1426 1583 ecclesiam
1448 1553 1583 1584 fratrum
1604 1553 1710 1584 Mino-

930 1613 1003 1635 rum
1019 1614 1146 1635 summo
1162 1614 1255 1636 mane
1268 1606 1446 1637 festivitatis
1457 1617 1476 1638 a
1487 1607 1557 1638 viro
1569 1616 1627 1638 suo
1639 1617 1709 1648 per-

930 1660 1025 1690 ducta
1039 1661 1096 1691 est.
1120 1659 1196 1697 Quae
1218 1660 1295 1691 dum
1312 1660 1407 1691 Missa
1421 1661 1648 1700 celebraretur,
1675 1663 1709 1693 in

930 1713 1104 1744 elevatione
1130 1714 1271 1753 corporis
1295 1713 1409 1744 Christi
1433 1715 1541 1745 oculos
1567 1716 1707 1755 aperuit,

930 1767 1011 1798 clare
1022 1767 1112 1805 vidit,
1125 1767 1325 1798 devotissime
1334 1768 1489 1799 adoravit.
1504 1768 1539 1798 In
1552 1768 1621 1808 ipsa
1631 1778 1709 1799 vero

929 1821 1111 1851 adoratione
1137 1830 1214 1852 voce
1237 1830 1357 1860 magna
1379 1821 1603 1861 proclamans:
1631 1822 1709 1853 Gra-

929 1874 1000 1912 tias⁷
1017 1874 1133 1914 inquit,
1152 1874 1223 1912 Deo,
1241 1877 1271 1905 et
1285 1877 1393 1905 sancto
1417 1876 1498 1914 ejus,
1521 1875 1595 1915 quia
1615 1876 1708 1907 video

929 1937 1044 1967 corpus
1075 1928 1207 1965 Christi,
1242 1927 1391 1958 omnibus
1427 1928 1484 1968 qui
1512 1929 1644 1959 aderant
1676 1929 1707 1959 in

930 1991 1007 2012 voce
1024 1982 1059 2022 (b)
1086 1981 1292 2012 exultationis
1316 1982 1490 2013 conversis.
1517 1982 1591 2013 Post
1607 1992 1709 2014 sacro-

929 2045 1003 2066 rum
1015 2036 1238 2076 expletionem,
1258 2045 1387 2067 reversa
1402 2038 1449 2067 est
1465 2037 1582 2067 mulier
1597 2037 1630 2067 in
1651 2037 1708 2068 do-

930 2099 1020 2120 mum
1036 2099 1127 2120 suam
1143 2099 1217 2120 cum
1235 2089 1352 2128 gaudio
1368 2090 1509 2130 spiritus,
1533 2092 1563 2121 et
1586 2090 1709 2122 lumine

929 2144 1108 2175 oculorum.
1125 2143 1295 2174 Exultabat
1306 2144 1435 2183 quidem
1448 2144 1564 2174 mulier
1580 2154 1644 2175 non
1659 2154 1707 2176 so-

928 2198 997 2228 lum
1011 2197 1087 2237 quia
1100 2197 1179 2228 lucis
1201 2206 1361 2236 corporeae
1381 2200 1583 2237 recuperarat
1597 2208 1705 2239 aspec—

929 2254 1014 2289 tum;
1033 2261 1147 2282 verum
1168 2251 1266 2282 etiam
1289 2252 1365 2291 quia
1379 2254 1613 2284 sacramentum
1629 2253 1707 2284 illud

930 2305 1114 2343 mirificum,
1140 2305 1226 2345 quod
1245 2307 1292 2335 est
1314 2305 1424 2336 lumen
1448 2307 1630 2337 animarum
1652 2316 1708 2338 ve—

930 2368 1003 2389 rum
1018 2360 1049 2389 et
1063 2358 1188 2396 vivum,
1206 2360 1352 2398 respectu
1372 2359 1526 2399 primario
1545 2369 1602 2400 per
1625 2360 1708 2391 beati

931 2413 1088 2443 Francisei
1113 2413 1238 2452 merita,
1263 2413 1335 2444 fidei
1360 2413 1558 2453 suffragante
1577 2414 1706 2452 virtute,

932 2468 1095 2496 meruerat
1109 2466 1237 2496 intueri.

973 2519 1008 2549 In
1032 2519 1203 2559 Campania
1226 2528 1306 2558 puer
1319 2519 1452 2559 quidam
1467 2519 1709 2559 quatuordecim

935 2581 1097 2602 annorum
1113 2572 1151 2603 de
1173 2572 1280 2603 Castro
1298 2572 1427 2612 Pophis,
1449 2573 1555 2603 subita
1575 2576 1710 2604 vexatus
1726 2585 1729 2587 ·

933 2626 1093 2665 angustia,
1112 2626 1277 2656 sinistrum
1300 2625 1428 2656 oculum
1448 2626 1554 2657 amisit
1569 2636 1608 2658 ex
1630 2629 1707 2659 toto.

966 2687 1001 2719 (a)
1018 2687 1078 2712 Caet.
1094 2688 1153 2712 edit.
1169 2688 1255 2712 trater.
1272 2701 1301 2705 —
1317 2687 1352 2719 (b)
1368 2688 1424 2719 Leq.
1441 2694 1526 2712 vocae.
