<?xml version="1.0" encoding="UTF-8"?>
<!DOCTYPE html PUBLIC "-//W3C//DTD XHTML 1.0 Transitional//EN"
    "http://www.w3.org/TR/xhtml1/DTD/xhtml1-transitional.dtd">
<html xmlns="http://www.w3.org/1999/xhtml" xml:lang="en" lang="en">
 <head>
  <title>
</title>
<meta http-equiv="Content-Type" content="text/html;charset=utf-8" />
  <meta name='ocr-system' content='tesseract 3.04.00' />
  <meta name='ocr-capabilities' content='ocr_page ocr_carea ocr_par ocr_line ocrx_word'/>
</head>
<body>
  <div class='ocr_page' id='page_1' title='image "./operaomniasixtiv14bonauoft/operaomniasixtiv14bonauoft_0084.png"; bbox 0 0 2060 3052; ppageno 0'>
   <div class='ocr_carea' id='block_1_1' title="bbox 228 183 270 214">
    <p class='ocr_par' dir='ltr' id='par_1_1' title="bbox 228 183 270 214">
     <span class='ocr_line' id='line_1_1' title="bbox 228 183 270 214; baseline 0 0"><span class='ocrx_word' id='word_1_1' title='bbox 228 183 270 214; x_wconf 66' lang='lat'><strong>46</strong></span> 
     </span>
    </p>
   </div>
   <div class='ocr_carea' id='block_1_2' title="bbox 216 250 1011 2604">
    <p class='ocr_par' dir='ltr' id='par_1_2' title="bbox 225 250 1011 516">
     <span class='ocr_line' id='line_1_2' title="bbox 227 250 1008 291; baseline 0.005 -13"><span class='ocrx_word' id='word_1_2' title='bbox 227 251 259 278; x_wconf 77' lang='lat' dir='ltr'><strong>ln</strong></span> <span class='ocrx_word' id='word_1_3' title='bbox 272 258 378 288; x_wconf 78' lang='lat' dir='ltr'><strong>pugna</strong></span> <span class='ocrx_word' id='word_1_4' title='bbox 389 250 444 280; x_wconf 80' lang='lat' dir='ltr'><strong>fuit</strong></span> <span class='ocrx_word' id='word_1_5' title='bbox 457 258 476 281; x_wconf 82' lang='lat' dir='ltr'><strong>a</strong></span> <span class='ocrx_word' id='word_1_6' title='bbox 490 252 550 281; x_wconf 83' lang='lat' dir='ltr'><strong>Deo</strong></span> <span class='ocrx_word' id='word_1_7' title='bbox 570 253 716 290; x_wconf 86' lang='lat' dir='ltr'><strong>probatus</strong></span> <span class='ocrx_word' id='word_1_8' title='bbox 721 263 731 290; x_wconf 90' lang='lat'>;</span> <span class='ocrx_word' id='word_1_9' title='bbox 749 253 804 282; x_wconf 85' lang='lat' dir='ltr'><strong>sed</strong></span> <span class='ocrx_word' id='word_1_10' title='bbox 824 255 894 291; x_wconf 86' lang='lat' dir='ltr'><strong>post</strong></span> <span class='ocrx_word' id='word_1_11' title='bbox 914 252 1008 282; x_wconf 80' lang='lat' dir='ltr'><strong>vieto·</strong></span> 
     </span>
     <span class='ocr_line' id='line_1_3' title="bbox 226 297 1011 338; baseline 0.004 -12"><span class='ocrx_word' id='word_1_12' title='bbox 226 297 303 326; x_wconf 84' lang='lat' dir='ltr'><strong>riam</strong></span> <span class='ocrx_word' id='word_1_13' title='bbox 317 306 336 327; x_wconf 83' lang='lat' dir='ltr'><strong>a</strong></span> <span class='ocrx_word' id='word_1_14' title='bbox 349 300 408 328; x_wconf 87' lang='lat' dir='ltr'><strong>Deo</strong></span> <span class='ocrx_word' id='word_1_15' title='bbox 427 302 597 330; x_wconf 81' lang='lat' dir='ltr'><strong>conoratus.</strong></span> <span class='ocrx_word' id='word_1_16' title='bbox 617 303 740 330; x_wconf 77' lang='lat' dir='ltr'><strong>Notatur</strong></span> <span class='ocrx_word' id='word_1_17' title='bbox 753 308 827 338; x_wconf 79' lang='lat' dir='ltr'><strong>ergo</strong></span> <span class='ocrx_word' id='word_1_18' title='bbox 840 301 938 338; x_wconf 87' lang='lat' dir='ltr'><strong>primo</strong></span> <span class='ocrx_word' id='word_1_19' title='bbox 951 302 1011 329; x_wconf 80' lang='lat' dir='ltr'><strong>sta·</strong></span> 
     </span>
     <span class='ocr_line' id='line_1_4' title="bbox 226 345 1011 382; baseline 0.006 -10"><span class='ocrx_word' id='word_1_20' title='bbox 226 345 274 373; x_wconf 87' lang='lat' dir='ltr'><strong>tus</strong></span> <span class='ocrx_word' id='word_1_21' title='bbox 287 353 408 382; x_wconf 79' lang='lat' dir='ltr'><strong>pugnae,</strong></span> <span class='ocrx_word' id='word_1_22' title='bbox 421 355 489 376; x_wconf 87' lang='lat' dir='ltr'><strong>cnm</strong></span> <span class='ocrx_word' id='word_1_23' title='bbox 506 348 632 378; x_wconf 83' lang='lat' dir='ltr'><strong>dieitur:</strong></span> <span class='ocrx_word' id='word_1_24' title='bbox 648 349 791 377; x_wconf 74' lang='lat' dir='ltr'><em>Fortitudo</em></span> <span class='ocrx_word' id='word_1_25' title='bbox 801 351 828 376; x_wconf 79' lang='lat' dir='ltr'><strong>et</strong></span> <span class='ocrx_word' id='word_1_26' title='bbox 842 349 920 377; x_wconf 81' lang='lat' dir='ltr'><strong>decor</strong></span> <span class='ocrx_word' id='word_1_27' title='bbox 928 348 1011 377; x_wconf 80' lang='lat' dir='ltr'><strong>indu-</strong></span> 
     </span>
     <span class='ocr_line' id='line_1_5' title="bbox 226 394 1009 433; baseline 0.006 -14"><span class='ocrx_word' id='word_1_28' title='bbox 226 395 344 421; x_wconf 79' lang='lat' dir='ltr'><strong><em>mentum</em></strong></span> <span class='ocrx_word' id='word_1_29' title='bbox 357 394 423 429; x_wconf 82' lang='lat' dir='ltr'><strong>ejus.</strong></span> <span class='ocrx_word' id='word_1_30' title='bbox 445 396 568 424; x_wconf 80' lang='lat' dir='ltr'><strong>Notatur</strong></span> <span class='ocrx_word' id='word_1_31' title='bbox 586 395 719 425; x_wconf 88' lang='lat' dir='ltr'><strong>secundo</strong></span> <span class='ocrx_word' id='word_1_32' title='bbox 737 397 829 424; x_wconf 81' lang='lat' dir='ltr'><strong>status</strong></span> <span class='ocrx_word' id='word_1_33' title='bbox 842 395 958 433; x_wconf 66' lang='lat' dir='ltr'><strong>praemii</strong></span> <span class='ocrx_word' id='word_1_34' title='bbox 980 398 1009 425; x_wconf 84' lang='lat' dir='ltr'><strong>et</strong></span> 
     </span>
     <span class='ocr_line' id='line_1_6' title="bbox 226 442 1009 476; baseline 0.006 -9"><span class='ocrx_word' id='word_1_35' title='bbox 226 447 357 476; x_wconf 81' lang='lat' dir='ltr'><strong>coronae,</strong></span> <span class='ocrx_word' id='word_1_36' title='bbox 379 449 448 470; x_wconf 90' lang='lat' dir='ltr'><strong>cum</strong></span> <span class='ocrx_word' id='word_1_37' title='bbox 467 442 608 472; x_wconf 79' lang='lat' dir='ltr'><strong>additur:</strong></span> <span class='ocrx_word' id='word_1_38' title='bbox 625 444 660 472; x_wconf 82' lang='lat' dir='ltr'><strong>Et</strong></span> <span class='ocrx_word' id='word_1_39' title='bbox 680 443 782 472; x_wconf 72' lang='lat' dir='ltr'><strong>ridebit</strong></span> <span class='ocrx_word' id='word_1_40' title='bbox 804 445 836 472; x_wconf 79' lang='lat' dir='ltr'><strong>in</strong></span> <span class='ocrx_word' id='word_1_41' title='bbox 859 443 905 472; x_wconf 80' lang='lat' dir='ltr'><strong>die</strong></span> <span class='ocrx_word' id='word_1_42' title='bbox 918 445 1009 472; x_wconf 72' lang='lat' dir='ltr'><strong>nevis-</strong></span> 
     </span>
     <span class='ocr_line' id='line_1_7' title="bbox 225 487 304 516; baseline 0.025 -2"><span class='ocrx_word' id='word_1_43' title='bbox 225 487 304 516; x_wconf 74' lang='lat' dir='ltr'><strong>simo.</strong></span> 
     </span>
    </p>

    <p class='ocr_par' dir='ltr' id='par_1_3' title="bbox 219 534 1009 1368">
     <span class='ocr_line' id='line_1_8' title="bbox 261 534 1009 575; baseline 0.005 -11"><span class='ocrx_word' id='word_1_44' title='bbox 261 534 334 564; x_wconf 80' lang='lat' dir='ltr'><strong>Dicit</strong></span> <span class='ocrx_word' id='word_1_45' title='bbox 349 543 446 572; x_wconf 79' lang='lat' dir='ltr'><strong>ergo:</strong></span> <span class='ocrx_word' id='word_1_46' title='bbox 475 536 631 572; x_wconf 75' lang='lat' dir='ltr'><strong><em>Fortitudo,</em></strong></span> <span class='ocrx_word' id='word_1_47' title='bbox 649 539 705 566; x_wconf 83' lang='lat' dir='ltr'><strong>etc.</strong></span> <span class='ocrx_word' id='word_1_48' title='bbox 731 538 780 566; x_wconf 85' lang='lat' dir='ltr'><strong>Est</strong></span> <span class='ocrx_word' id='word_1_49' title='bbox 804 545 877 575; x_wconf 83' lang='lat' dir='ltr'><strong>ergo</strong></span> <span class='ocrx_word' id='word_1_50' title='bbox 901 539 1009 567; x_wconf 87' lang='lat' dir='ltr'><strong>notan-</strong></span> 
     </span>
     <span class='ocr_line' id='line_1_9' title="bbox 226 581 1006 622; baseline 0.004 -11"><span class='ocrx_word' id='word_1_51' title='bbox 226 581 300 611; x_wconf 89' lang='lat' dir='ltr'><strong>dum</strong></span> <span class='ocrx_word' id='word_1_52' title='bbox 310 593 320 618; x_wconf 53' lang='lat'><strong>,⁴</strong></span> <span class='ocrx_word' id='word_1_53' title='bbox 352 583 437 620; x_wconf 88' lang='lat' dir='ltr'><strong>quod</strong></span> <span class='ocrx_word' id='word_1_54' title='bbox 459 585 563 612; x_wconf 90' lang='lat' dir='ltr'><strong>contra</strong></span> <span class='ocrx_word' id='word_1_55' title='bbox 588 586 646 613; x_wconf 85' lang='lat' dir='ltr'><strong>tres</strong></span> <span class='ocrx_word' id='word_1_56' title='bbox 675 584 864 614; x_wconf 83' lang='lat' dir='ltr'><strong>adversarios</strong></span> <span class='ocrx_word' id='word_1_57' title='bbox 889 593 1006 622; x_wconf 80' lang='lat' dir='ltr'><strong>pugna-</strong></span> 
     </span>
     <span class='ocr_line' id='line_1_10' title="bbox 225 630 1007 668; baseline 0.005 -10"><span class='ocrx_word' id='word_1_58' title='bbox 225 637 302 665; x_wconf 90' lang='lat' dir='ltr'>mus,</span> <span class='ocrx_word' id='word_1_59' title='bbox 331 632 361 658; x_wconf 91' lang='lat' dir='ltr'><strong>et</strong></span> <span class='ocrx_word' id='word_1_60' title='bbox 385 630 494 668; x_wconf 86' lang='lat' dir='ltr'><strong>triplici</strong></span> <span class='ocrx_word' id='word_1_61' title='bbox 521 630 692 668; x_wconf 81' lang='lat' dir='ltr'>indigemus</span> <span class='ocrx_word' id='word_1_62' title='bbox 720 631 903 662; x_wconf 82' lang='lat' dir='ltr'><strong>fortitudine.</strong></span> <span class='ocrx_word' id='word_1_63' title='bbox 933 635 1007 662; x_wconf 85' lang='lat' dir='ltr'><strong>Nam</strong></span> 
     </span>
     <span class='ocr_line' id='line_1_11' title="bbox 224 675 1006 716; baseline 0.006 -12"><span class='ocrx_word' id='word_1_64' title='bbox 224 675 381 714; x_wconf 83' lang='lat' dir='ltr'><strong>impugnat</strong></span> <span class='ocrx_word' id='word_1_65' title='bbox 404 685 460 706; x_wconf 88' lang='lat' dir='ltr'><strong>nos</strong></span> <span class='ocrx_word' id='word_1_66' title='bbox 487 678 638 714; x_wconf 89' lang='lat' dir='ltr'><strong>mundus,</strong></span> <span class='ocrx_word' id='word_1_67' title='bbox 662 679 822 716; x_wconf 82' lang='lat' dir='ltr'><strong>impugnat</strong></span> <span class='ocrx_word' id='word_1_68' title='bbox 858 688 914 709; x_wconf 90' lang='lat' dir='ltr'><strong>nos</strong></span> <span class='ocrx_word' id='word_1_69' title='bbox 941 680 1006 709; x_wconf 86' lang='lat' dir='ltr'><strong>dia-</strong></span> 
     </span>
     <span class='ocr_line' id='line_1_12' title="bbox 223 723 1004 764; baseline 0.005 -12"><span class='ocrx_word' id='word_1_70' title='bbox 223 723 332 759; x_wconf 87' lang='lat' dir='ltr'><strong>bolus,</strong></span> <span class='ocrx_word' id='word_1_71' title='bbox 363 726 392 753; x_wconf 86' lang='lat' dir='ltr'><strong>et</strong></span> <span class='ocrx_word' id='word_1_72' title='bbox 419 724 578 762; x_wconf 83' lang='lat' dir='ltr'><strong>impugnat</strong></span> <span class='ocrx_word' id='word_1_73' title='bbox 607 733 663 755; x_wconf 92' lang='lat' dir='ltr'><strong>nos</strong></span> <span class='ocrx_word' id='word_1_74' title='bbox 694 727 851 764; x_wconf 83' lang='lat' dir='ltr'><strong>proprium</strong></span> <span class='ocrx_word' id='word_1_75' title='bbox 885 735 1004 764; x_wconf 64' lang='lat' dir='ltr'><strong>corpus</strong></span> 
     </span>
     <span class='ocr_line' id='line_1_13' title="bbox 223 771 1005 811; baseline 0.006 -12"><span class='ocrx_word' id='word_1_76' title='bbox 223 771 349 800; x_wconf 80' lang='lat' dir='ltr'><strong>Mundus</strong></span> <span class='ocrx_word' id='word_1_77' title='bbox 361 779 418 809; x_wconf 89' lang='lat' dir='ltr'><strong>per</strong></span> <span class='ocrx_word' id='word_1_78' title='bbox 427 780 508 801; x_wconf 85' lang='lat' dir='ltr'><strong>vana</strong></span> <span class='ocrx_word' id='word_1_79' title='bbox 522 773 640 802; x_wconf 80' lang='lat' dir='ltr'><strong>attrahit</strong></span> <span class='ocrx_word' id='word_1_80' title='bbox 645 783 653 810; x_wconf 90' lang='lat'>;</span> <span class='ocrx_word' id='word_1_81' title='bbox 667 773 808 803; x_wconf 87' lang='lat' dir='ltr'><strong>diabolus</strong></span> <span class='ocrx_word' id='word_1_82' title='bbox 815 782 870 811; x_wconf 90' lang='lat' dir='ltr'><strong>per</strong></span> <span class='ocrx_word' id='word_1_83' title='bbox 884 774 944 804; x_wconf 85' lang='lat' dir='ltr'><strong>alta</strong></span> <span class='ocrx_word' id='word_1_84' title='bbox 957 782 1005 803; x_wconf 90' lang='lat' dir='ltr'><strong>se-</strong></span> 
     </span>
     <span class='ocr_line' id='line_1_14' title="bbox 223 817 1006 857; baseline 0.006 -11"><span class='ocrx_word' id='word_1_85' title='bbox 223 817 304 846; x_wconf 86' lang='lat' dir='ltr'><strong><em>ducit</em></strong></span> <span class='ocrx_word' id='word_1_86' title='bbox 312 828 320 854; x_wconf 95' lang='lat'>;</span> <span class='ocrx_word' id='word_1_87' title='bbox 336 819 390 847; x_wconf 87' lang='lat' dir='ltr'><strong>sed</strong></span> <span class='ocrx_word' id='word_1_88' title='bbox 404 827 514 857; x_wconf 84' lang='lat' dir='ltr'><strong>corpus</strong></span> <span class='ocrx_word' id='word_1_89' title='bbox 525 827 580 857; x_wconf 88' lang='lat' dir='ltr'><strong>per</strong></span> <span class='ocrx_word' id='word_1_90' title='bbox 592 820 782 850; x_wconf 70' lang='lat' dir='ltr'><strong>delectabilia</strong></span> <span class='ocrx_word' id='word_1_91' title='bbox 796 821 898 850; x_wconf 84' lang='lat' dir='ltr'><strong>allicit.</strong></span> <span class='ocrx_word' id='word_1_92' title='bbox 923 821 1006 851; x_wconf 83' lang='lat' dir='ltr'><strong>indi-</strong></span> 
     </span>
     <span class='ocr_line' id='line_1_15' title="bbox 222 866 1003 905; baseline 0.005 -11"><span class='ocrx_word' id='word_1_93' title='bbox 222 873 328 901; x_wconf 80' lang='lat' dir='ltr'><strong>gemus</strong></span> <span class='ocrx_word' id='word_1_94' title='bbox 341 866 525 902; x_wconf 79' lang='lat' dir='ltr'><strong>fortitudine,</strong></span> <span class='ocrx_word' id='word_1_95' title='bbox 535 867 640 896; x_wconf 91' lang='lat' dir='ltr'><strong>mundi</strong></span> <span class='ocrx_word' id='word_1_96' title='bbox 650 867 767 896; x_wconf 84' lang='lat' dir='ltr'><strong>divitias</strong></span> <span class='ocrx_word' id='word_1_97' title='bbox 778 871 1003 905; x_wconf 84' lang='lat' dir='ltr'><strong>eontemnente;</strong></span> 
     </span>
     <span class='ocr_line' id='line_1_16' title="bbox 222 913 1003 954; baseline 0.006 -13"><span class='ocrx_word' id='word_1_98' title='bbox 222 913 393 950; x_wconf 81' lang='lat' dir='ltr'><strong>indigemus</strong></span> <span class='ocrx_word' id='word_1_99' title='bbox 416 916 445 943; x_wconf 86' lang='lat' dir='ltr'><strong>et</strong></span> <span class='ocrx_word' id='word_1_100' title='bbox 467 915 654 950; x_wconf 84' lang='lat' dir='ltr'><strong>tortitudine,</strong></span> <span class='ocrx_word' id='word_1_101' title='bbox 675 915 806 944; x_wconf 88' lang='lat' dir='ltr'><strong>honores</strong></span> <span class='ocrx_word' id='word_1_102' title='bbox 831 919 1003 954; x_wconf 83' lang='lat' dir='ltr'><strong>respuente3</strong></span> 
     </span>
     <span class='ocr_line' id='line_1_17' title="bbox 222 959 1003 999; baseline 0.005 -11"><span class='ocrx_word' id='word_1_103' title='bbox 222 959 391 996; x_wconf 81' lang='lat' dir='ltr'><strong>indigemus</strong></span> <span class='ocrx_word' id='word_1_104' title='bbox 414 964 442 990; x_wconf 88' lang='lat' dir='ltr'><strong>et</strong></span> <span class='ocrx_word' id='word_1_105' title='bbox 462 961 633 991; x_wconf 81' lang='lat' dir='ltr'><strong>tortitudine</strong></span> <span class='ocrx_word' id='word_1_106' title='bbox 656 963 844 992; x_wconf 84' lang='lat' dir='ltr'><strong>delectabilia</strong></span> <span class='ocrx_word' id='word_1_107' title='bbox 862 964 1003 999; x_wconf 77' lang='lat' dir='ltr'><strong>fugiente.</strong></span> 
     </span>
     <span class='ocr_line' id='line_1_18' title="bbox 223 1006 1004 1048; baseline 0.008 -14"><span class='ocrx_word' id='word_1_108' title='bbox 223 1006 359 1036; x_wconf 86' lang='lat' dir='ltr'><strong>Dicamus</strong></span> <span class='ocrx_word' id='word_1_109' title='bbox 374 1017 456 1045; x_wconf 83' lang='lat' dir='ltr'><strong>ergo,</strong></span> <span class='ocrx_word' id='word_1_110' title='bbox 473 1009 557 1046; x_wconf 86' lang='lat' dir='ltr'><strong>quod</strong></span> <span class='ocrx_word' id='word_1_111' title='bbox 574 1009 622 1038; x_wconf 87' lang='lat' dir='ltr'><strong>hic</strong></span> <span class='ocrx_word' id='word_1_112' title='bbox 637 1013 755 1039; x_wconf 87' lang='lat' dir='ltr'><strong>sanctus</strong></span> <span class='ocrx_word' id='word_1_113' title='bbox 776 1012 884 1047; x_wconf 82' lang='lat' dir='ltr'><strong>Martyr</strong></span> <span class='ocrx_word' id='word_1_114' title='bbox 904 1011 1004 1048; x_wconf 88' lang='lat' dir='ltr'><strong>primo</strong></span> 
     </span>
     <span class='ocr_line' id='line_1_19' title="bbox 221 1054 1004 1093; baseline 0.006 -10"><span class='ocrx_word' id='word_1_115' title='bbox 221 1054 305 1084; x_wconf 83' lang='lat' dir='ltr'><strong>fortis</strong></span> <span class='ocrx_word' id='word_1_116' title='bbox 318 1057 457 1093; x_wconf 85' lang='lat' dir='ltr'><strong>apparuit</strong></span> <span class='ocrx_word' id='word_1_117' title='bbox 477 1059 581 1086; x_wconf 79' lang='lat' dir='ltr'><strong>contra</strong></span> <span class='ocrx_word' id='word_1_118' title='bbox 601 1058 760 1093; x_wconf 91' lang='lat' dir='ltr'><strong>mundum,</strong></span> <span class='ocrx_word' id='word_1_119' title='bbox 775 1058 849 1087; x_wconf 88' lang='lat' dir='ltr'><strong>dum</strong></span> <span class='ocrx_word' id='word_1_120' title='bbox 864 1059 1004 1088; x_wconf 85' lang='lat' dir='ltr'><strong>volunta-</strong></span> 
     </span>
     <span class='ocr_line' id='line_1_20' title="bbox 221 1102 1004 1142; baseline 0.006 -12"><span class='ocrx_word' id='word_1_121' title='bbox 221 1102 266 1130; x_wconf 84' lang='lat' dir='ltr'><strong>ria</strong></span> <span class='ocrx_word' id='word_1_122' title='bbox 281 1105 454 1140; x_wconf 84' lang='lat' dir='ltr'><strong>paupertate</strong></span> <span class='ocrx_word' id='word_1_123' title='bbox 475 1105 576 1133; x_wconf 88' lang='lat' dir='ltr'><strong>omnia</strong></span> <span class='ocrx_word' id='word_1_124' title='bbox 595 1105 714 1142; x_wconf 88' lang='lat' dir='ltr'><strong>reliquit</strong></span> <span class='ocrx_word' id='word_1_125' title='bbox 721 1115 729 1140; x_wconf 82' lang='lat'><em>3</em></span> <span class='ocrx_word' id='word_1_126' title='bbox 745 1106 879 1135; x_wconf 88' lang='lat' dir='ltr'><strong>secundo</strong></span> <span class='ocrx_word' id='word_1_127' title='bbox 899 1106 1004 1136; x_wconf 83' lang='lat' dir='ltr'><strong>fortior</strong></span> 
     </span>
     <span class='ocr_line' id='line_1_21' title="bbox 222 1151 1001 1191; baseline 0.008 -14"><span class='ocrx_word' id='word_1_128' title='bbox 222 1151 360 1186; x_wconf 88' lang='lat' dir='ltr'><strong>apparuit</strong></span> <span class='ocrx_word' id='word_1_129' title='bbox 379 1153 480 1180; x_wconf 85' lang='lat' dir='ltr'><strong>eontra</strong></span> <span class='ocrx_word' id='word_1_130' title='bbox 502 1151 670 1188; x_wconf 84' lang='lat' dir='ltr'><strong>diabolum,</strong></span> <span class='ocrx_word' id='word_1_131' title='bbox 690 1153 764 1182; x_wconf 89' lang='lat' dir='ltr'><strong>dum</strong></span> <span class='ocrx_word' id='word_1_132' title='bbox 784 1154 932 1191; x_wconf 87' lang='lat' dir='ltr'><strong>superbos</strong></span> <span class='ocrx_word' id='word_1_133' title='bbox 946 1154 1001 1183; x_wconf 84' lang='lat' dir='ltr'><strong>ho·</strong></span> 
     </span>
     <span class='ocr_line' id='line_1_22' title="bbox 221 1198 1002 1237; baseline 0.006 -13"><span class='ocrx_word' id='word_1_134' title='bbox 221 1203 310 1225; x_wconf 89' lang='lat' dir='ltr'><strong>nores</strong></span> <span class='ocrx_word' id='word_1_135' title='bbox 323 1205 394 1226; x_wconf 86' lang='lat' dir='ltr'><strong>vera</strong></span> <span class='ocrx_word' id='word_1_136' title='bbox 412 1198 578 1227; x_wconf 86' lang='lat' dir='ltr'><strong>humilitate</strong></span> <span class='ocrx_word' id='word_1_137' title='bbox 597 1207 658 1227; x_wconf 91' lang='lat' dir='ltr'><strong>non</strong></span> <span class='ocrx_word' id='word_1_138' title='bbox 676 1200 776 1228; x_wconf 88' lang='lat' dir='ltr'><strong>solum</strong></span> <span class='ocrx_word' id='word_1_139' title='bbox 791 1208 852 1228; x_wconf 92' lang='lat' dir='ltr'><strong>non</strong></span> <span class='ocrx_word' id='word_1_140' title='bbox 869 1201 1002 1237; x_wconf 88' lang='lat' dir='ltr'><strong>appetiit,</strong></span> 
     </span>
     <span class='ocr_line' id='line_1_23' title="bbox 221 1243 1002 1284; baseline 0.008 -14"><span class='ocrx_word' id='word_1_141' title='bbox 221 1243 275 1271; x_wconf 88' lang='lat' dir='ltr'><strong>sed</strong></span> <span class='ocrx_word' id='word_1_142' title='bbox 287 1245 478 1281; x_wconf 86' lang='lat' dir='ltr'><strong>contempsit;</strong></span> <span class='ocrx_word' id='word_1_143' title='bbox 489 1246 584 1281; x_wconf 90' lang='lat' dir='ltr'><strong>tertio,</strong></span> <span class='ocrx_word' id='word_1_144' title='bbox 596 1246 773 1274; x_wconf 82' lang='lat' dir='ltr'><strong>fortissimus</strong></span> <span class='ocrx_word' id='word_1_145' title='bbox 783 1247 922 1284; x_wconf 88' lang='lat' dir='ltr'><strong>apparuit</strong></span> <span class='ocrx_word' id='word_1_146' title='bbox 932 1255 1002 1276; x_wconf 89' lang='lat' dir='ltr'><strong>con-</strong></span> 
     </span>
     <span class='ocr_line' id='line_1_24' title="bbox 221 1291 1001 1332; baseline 0.009 -15"><span class='ocrx_word' id='word_1_147' title='bbox 221 1291 265 1317; x_wconf 88' lang='lat' dir='ltr'><strong>tra</strong></span> <span class='ocrx_word' id='word_1_148' title='bbox 278 1291 420 1327; x_wconf 88' lang='lat' dir='ltr'><strong>seipsum,</strong></span> <span class='ocrx_word' id='word_1_149' title='bbox 435 1292 508 1321; x_wconf 92' lang='lat' dir='ltr'><strong>dum</strong></span> <span class='ocrx_word' id='word_1_150' title='bbox 519 1293 725 1322; x_wconf 78' lang='lat' dir='ltr'><strong>ardentissime</strong></span> <span class='ocrx_word' id='word_1_151' title='bbox 740 1294 770 1322; x_wconf 92' lang='lat' dir='ltr'><strong>in</strong></span> <span class='ocrx_word' id='word_1_152' title='bbox 782 1297 908 1323; x_wconf 85' lang='lat' dir='ltr'><strong>mortem</strong></span> <span class='ocrx_word' id='word_1_153' title='bbox 922 1295 1001 1332; x_wconf 88' lang='lat' dir='ltr'><strong>seip-</strong></span> 
     </span>
     <span class='ocr_line' id='line_1_25' title="bbox 219 1338 393 1368; baseline 0.017 -4"><span class='ocrx_word' id='word_1_154' title='bbox 219 1345 286 1365; x_wconf 90' lang='lat' dir='ltr'><strong>sum</strong></span> <span class='ocrx_word' id='word_1_155' title='bbox 300 1338 393 1368; x_wconf 86' lang='lat' dir='ltr'><strong>dedit.</strong></span> 
     </span>
    </p>

    <p class='ocr_par' dir='ltr' id='par_1_4' title="bbox 216 1385 1002 2604">
     <span class='ocr_line' id='line_1_26' title="bbox 257 1385 1002 1428; baseline 0.009 -15"><span class='ocrx_word' id='word_1_156' title='bbox 257 1385 325 1414; x_wconf 86' lang='lat' dir='ltr'><strong>Dico</strong></span> <span class='ocrx_word' id='word_1_157' title='bbox 340 1387 450 1423; x_wconf 88' lang='lat' dir='ltr'><strong>primo,</strong></span> <span class='ocrx_word' id='word_1_158' title='bbox 466 1388 549 1424; x_wconf 89' lang='lat' dir='ltr'><strong>quod</strong></span> <span class='ocrx_word' id='word_1_159' title='bbox 564 1390 664 1417; x_wconf 88' lang='lat' dir='ltr'><strong>noster</strong></span> <span class='ocrx_word' id='word_1_160' title='bbox 686 1391 793 1426; x_wconf 76' lang='lat' dir='ltr'><strong>Martyr</strong></span> <span class='ocrx_word' id='word_1_161' title='bbox 807 1390 890 1419; x_wconf 85' lang='lat' dir='ltr'><strong>sortis</strong></span> <span class='ocrx_word' id='word_1_162' title='bbox 912 1399 1002 1428; x_wconf 87' lang='lat' dir='ltr'><strong>appa-</strong></span> 
     </span>
     <span class='ocr_line' id='line_1_27' title="bbox 219 1432 1000 1473; baseline 0.009 -13"><span class='ocrx_word' id='word_1_163' title='bbox 219 1432 288 1467; x_wconf 86' lang='lat' dir='ltr'><strong>ruit,</strong></span> <span class='ocrx_word' id='word_1_164' title='bbox 305 1432 377 1462; x_wconf 88' lang='lat' dir='ltr'><strong>dum</strong></span> <span class='ocrx_word' id='word_1_165' title='bbox 392 1436 560 1464; x_wconf 86' lang='lat' dir='ltr'><strong>voluntaria</strong></span> <span class='ocrx_word' id='word_1_166' title='bbox 574 1439 747 1473; x_wconf 84' lang='lat' dir='ltr'><strong>paupertate</strong></span> <span class='ocrx_word' id='word_1_167' title='bbox 767 1438 915 1466; x_wconf 90' lang='lat' dir='ltr'><strong>mundum</strong></span> <span class='ocrx_word' id='word_1_168' title='bbox 934 1447 1000 1467; x_wconf 90' lang='lat' dir='ltr'><strong>om-</strong></span> 
     </span>
     <span class='ocr_line' id='line_1_28' title="bbox 220 1482 1000 1523; baseline 0.01 -16"><span class='ocrx_word' id='word_1_169' title='bbox 220 1487 287 1508; x_wconf 88' lang='lat' dir='ltr'><strong>nem</strong></span> <span class='ocrx_word' id='word_1_170' title='bbox 302 1488 370 1509; x_wconf 88' lang='lat' dir='ltr'><strong>cum</strong></span> <span class='ocrx_word' id='word_1_171' title='bbox 387 1482 459 1511; x_wconf 85' lang='lat' dir='ltr'><strong>ssore</strong></span> <span class='ocrx_word' id='word_1_172' title='bbox 472 1484 656 1520; x_wconf 80' lang='lat' dir='ltr'><strong>contempsit.</strong></span> <span class='ocrx_word' id='word_1_173' title='bbox 678 1485 700 1512; x_wconf 93' lang='lat' dir='ltr'>O</span> <span class='ocrx_word' id='word_1_174' title='bbox 714 1493 805 1521; x_wconf 84' lang='lat' dir='ltr'><strong>quam</strong></span> <span class='ocrx_word' id='word_1_175' title='bbox 820 1485 931 1521; x_wconf 75' lang='lat' dir='ltr'><strong>felices,</strong></span> <span class='ocrx_word' id='word_1_176' title='bbox 948 1487 1000 1523; x_wconf 80' lang='lat' dir='ltr'><strong>qui</strong></span> 
     </span>
     <span class='ocr_line' id='line_1_29' title="bbox 219 1526 999 1569; baseline 0.01 -15"><span class='ocrx_word' id='word_1_177' title='bbox 219 1526 332 1562; x_wconf 80' lang='lat' dir='ltr'><strong>eligunt</strong></span> <span class='ocrx_word' id='word_1_178' title='bbox 347 1536 415 1556; x_wconf 91' lang='lat' dir='ltr'><strong>eum</strong></span> <span class='ocrx_word' id='word_1_179' title='bbox 434 1529 547 1558; x_wconf 89' lang='lat' dir='ltr'><strong>Christo</strong></span> <span class='ocrx_word' id='word_1_180' title='bbox 569 1539 715 1567; x_wconf 87' lang='lat' dir='ltr'><strong>pauperes</strong></span> <span class='ocrx_word' id='word_1_181' title='bbox 729 1540 803 1567; x_wconf 87' lang='lat' dir='ltr'><strong>esse,</strong></span> <span class='ocrx_word' id='word_1_182' title='bbox 819 1535 924 1569; x_wconf 80' lang='lat' dir='ltr'><strong>proeter</strong></span> <span class='ocrx_word' id='word_1_183' title='bbox 939 1534 999 1562; x_wconf 90' lang='lat' dir='ltr'><strong>vie-</strong></span> 
     </span>
     <span class='ocr_line' id='line_1_30' title="bbox 219 1575 999 1617; baseline 0.01 -15"><span class='ocrx_word' id='word_1_184' title='bbox 219 1576 282 1602; x_wconf 90' lang='lat' dir='ltr'><strong>tum</strong></span> <span class='ocrx_word' id='word_1_185' title='bbox 296 1575 404 1612; x_wconf 90' lang='lat' dir='ltr'><strong>solum,</strong></span> <span class='ocrx_word' id='word_1_186' title='bbox 420 1579 447 1605; x_wconf 89' lang='lat' dir='ltr'><strong>et</strong></span> <span class='ocrx_word' id='word_1_187' title='bbox 463 1578 609 1613; x_wconf 82' lang='lat' dir='ltr'><strong>vestitum,</strong></span> <span class='ocrx_word' id='word_1_188' title='bbox 626 1578 700 1606; x_wconf 86' lang='lat' dir='ltr'><strong>nihil</strong></span> <span class='ocrx_word' id='word_1_189' title='bbox 716 1579 797 1608; x_wconf 89' lang='lat' dir='ltr'><strong>aliud</strong></span> <span class='ocrx_word' id='word_1_190' title='bbox 814 1583 999 1617; x_wconf 78' lang='lat' dir='ltr'><strong>appetentes,</strong></span> 
     </span>
     <span class='ocr_line' id='line_1_31' title="bbox 221 1622 998 1661; baseline 0.012 -13"><span class='ocrx_word' id='word_1_191' title='bbox 221 1622 300 1650; x_wconf 78' lang='lat' dir='ltr'><strong>Unde</strong></span> <span class='ocrx_word' id='word_1_192' title='bbox 323 1624 480 1659; x_wconf 83' lang='lat' dir='ltr'><strong>Apostolus</strong></span> <span class='ocrx_word' id='word_1_193' title='bbox 512 1634 518 1652; x_wconf 92' lang='lat'>:</span> <span class='ocrx_word' id='word_1_194' title='bbox 536 1625 707 1654; x_wconf 80' lang='lat' dir='ltr'><strong>«Habentes</strong></span> <span class='ocrx_word' id='word_1_195' title='bbox 732 1627 887 1661; x_wconf 80' lang='lat' dir='ltr'><strong>alimenta,</strong></span> <span class='ocrx_word' id='word_1_196' title='bbox 906 1641 918 1654; x_wconf 78' lang='grc' dir='ltr'>υ</span> <span class='ocrx_word' id='word_1_197' title='bbox 939 1637 998 1657; x_wconf 84' lang='grc' dir='ltr'><strong>ηοη</strong></span> 
     </span>
     <span class='ocr_line' id='line_1_32' title="bbox 219 1668 1000 1712; baseline 0.009 -16"><span class='ocrx_word' id='word_1_198' title='bbox 219 1668 444 1707; x_wconf 84' lang='lat' dir='ltr'><strong>delectamenta,</strong></span> <span class='ocrx_word' id='word_1_199' title='bbox 462 1682 475 1697; x_wconf 85' lang='lat'>«</span> <span class='ocrx_word' id='word_1_200' title='bbox 495 1675 522 1700; x_wconf 90' lang='lat' dir='ltr'><strong>et</strong></span> <span class='ocrx_word' id='word_1_201' title='bbox 538 1673 647 1709; x_wconf 89' lang='lat' dir='ltr'><strong>quibus</strong></span> <span class='ocrx_word' id='word_1_202' title='bbox 662 1676 808 1708; x_wconf 74' lang='lat' dir='ltr'><strong>tegamur,</strong></span> <span class='ocrx_word' id='word_1_203' title='bbox 818 1687 830 1699; x_wconf 76' lang='lat' dir='ltr'><em>n</em></span> <span class='ocrx_word' id='word_1_204' title='bbox 851 1683 910 1703; x_wconf 90' lang='lat' dir='ltr'><strong>uon</strong></span> <span class='ocrx_word' id='word_1_205' title='bbox 935 1677 1000 1712; x_wconf 84' lang='lat' dir='ltr'><strong>qui-</strong></span> 
     </span>
     <span class='ocr_line' id='line_1_33' title="bbox 220 1716 999 1753; baseline 0.009 -9"><span class='ocrx_word' id='word_1_206' title='bbox 220 1716 275 1744; x_wconf 85' lang='lat' dir='ltr'><strong>bus</strong></span> <span class='ocrx_word' id='word_1_207' title='bbox 289 1725 440 1753; x_wconf 85' lang='lat' dir='ltr'><strong>ornemur,</strong></span> <span class='ocrx_word' id='word_1_208' title='bbox 465 1730 478 1745; x_wconf 87' lang='lat'>«</span> <span class='ocrx_word' id='word_1_209' title='bbox 494 1719 538 1747; x_wconf 83' lang='lat' dir='ltr'><strong>his</strong></span> <span class='ocrx_word' id='word_1_210' title='bbox 560 1721 688 1748; x_wconf 87' lang='lat' dir='ltr'><strong>contenti</strong></span> <span class='ocrx_word' id='word_1_211' title='bbox 711 1722 836 1749; x_wconf 76' lang='lat' dir='ltr'><strong>simus.»</strong></span> <span class='ocrx_word' id='word_1_212' title='bbox 861 1723 940 1750; x_wconf 81' lang='lat' dir='ltr'><strong>Unde</strong></span> <span class='ocrx_word' id='word_1_213' title='bbox 963 1724 999 1752; x_wconf 90' lang='lat' dir='ltr'><strong>de</strong></span> 
     </span>
     <span class='ocr_line' id='line_1_34' title="bbox 219 1765 998 1803; baseline 0.009 -12"><span class='ocrx_word' id='word_1_214' title='bbox 219 1765 341 1800; x_wconf 82' lang='lat' dir='ltr'><strong>Martyre</strong></span> <span class='ocrx_word' id='word_1_215' title='bbox 357 1769 458 1794; x_wconf 84' lang='lat' dir='ltr'><strong>nostro</strong></span> <span class='ocrx_word' id='word_1_216' title='bbox 474 1769 568 1803; x_wconf 83' lang='lat' dir='ltr'><strong>potest</strong></span> <span class='ocrx_word' id='word_1_217' title='bbox 584 1767 640 1795; x_wconf 89' lang='lat' dir='ltr'><strong>dici</strong></span> <span class='ocrx_word' id='word_1_218' title='bbox 658 1768 733 1795; x_wconf 89' lang='lat' dir='ltr'><strong>illud</strong></span> <span class='ocrx_word' id='word_1_219' title='bbox 753 1769 956 1797; x_wconf 68' lang='lat' dir='ltr'><strong>1’rorer111&#39;orum</strong></span> <span class='ocrx_word' id='word_1_220' title='bbox 970 1771 977 1787; x_wconf 93' lang='lat'><strong>¹</strong></span> <span class='ocrx_word' id='word_1_221' title='bbox 991 1780 998 1798; x_wconf 91' lang='lat'><strong>:</strong></span> 
     </span>
     <span class='ocr_line' id='line_1_35' title="bbox 221 1812 998 1851; baseline 0.009 -13"><span class='ocrx_word' id='word_1_222' title='bbox 221 1821 233 1836; x_wconf 78' lang='lat' dir='ltr'><strong>u</strong></span> <span class='ocrx_word' id='word_1_223' title='bbox 247 1812 363 1840; x_wconf 84' lang='lat' dir='ltr'><strong>Manum</strong></span> <span class='ocrx_word' id='word_1_224' title='bbox 379 1821 462 1840; x_wconf 89' lang='lat' dir='ltr'><strong>suam</strong></span> <span class='ocrx_word' id='word_1_225' title='bbox 478 1814 556 1842; x_wconf 85' lang='lat' dir='ltr'><strong>misit</strong></span> <span class='ocrx_word' id='word_1_226' title='bbox 578 1814 616 1842; x_wconf 88' lang='lat' dir='ltr'><strong>ad</strong></span> <span class='ocrx_word' id='word_1_227' title='bbox 641 1815 736 1843; x_wconf 80' lang='lat' dir='ltr'><strong>sortia.</strong></span> <span class='ocrx_word' id='word_1_228' title='bbox 753 1826 766 1841; x_wconf 69' lang='grc' dir='ltr'><strong>ι)</strong></span> <span class='ocrx_word' id='word_1_229' title='bbox 795 1817 890 1850; x_wconf 78' lang='lat' dir='ltr'><strong>Misit,</strong></span> <span class='ocrx_word' id='word_1_230' title='bbox 907 1817 998 1851; x_wconf 87' lang='lat' dir='ltr'><strong>dixit,</strong></span> 
     </span>
     <span class='ocr_line' id='line_1_36' title="bbox 219 1858 996 1895; baseline 0.009 -10"><span class='ocrx_word' id='word_1_231' title='bbox 219 1858 290 1893; x_wconf 83' lang='lat' dir='ltr'><strong>quia</strong></span> <span class='ocrx_word' id='word_1_232' title='bbox 309 1867 484 1895; x_wconf 82' lang='lat' dir='ltr'><strong>congressus</strong></span> <span class='ocrx_word' id='word_1_233' title='bbox 510 1860 640 1889; x_wconf 87' lang='lat' dir='ltr'><strong>hominis</strong></span> <span class='ocrx_word' id='word_1_234' title='bbox 658 1864 701 1889; x_wconf 81' lang='lat' dir='ltr'><strong>est</strong></span> <span class='ocrx_word' id='word_1_235' title='bbox 721 1865 823 1890; x_wconf 82' lang='lat' dir='ltr'><strong>contra</strong></span> <span class='ocrx_word' id='word_1_236' title='bbox 838 1864 996 1892; x_wconf 87' lang='lat' dir='ltr'><strong>muudum.</strong></span> 
     </span>
     <span class='ocr_line' id='line_1_37' title="bbox 219 1905 997 1944; baseline 0.01 -13"><span class='ocrx_word' id='word_1_237' title='bbox 219 1906 250 1932; x_wconf 65' lang='lat' dir='ltr'><strong>lit</strong></span> <span class='ocrx_word' id='word_1_238' title='bbox 272 1905 342 1933; x_wconf 89' lang='lat' dir='ltr'><strong>dicit</strong></span> <span class='ocrx_word' id='word_1_239' title='bbox 358 1906 511 1942; x_wconf 74' lang='lat' dir='ltr'><strong>pluraliter</strong></span> <span class='ocrx_word' id='word_1_240' title='bbox 524 1908 618 1942; x_wconf 78' lang='lat' dir='ltr'><strong>fortia,</strong></span> <span class='ocrx_word' id='word_1_241' title='bbox 636 1908 706 1944; x_wconf 78' lang='lat' dir='ltr'><strong>quia</strong></span> <span class='ocrx_word' id='word_1_242' title='bbox 721 1909 808 1944; x_wconf 86' lang='lat' dir='ltr'><strong>plura</strong></span> <span class='ocrx_word' id='word_1_243' title='bbox 823 1913 890 1938; x_wconf 87' lang='lat' dir='ltr'><strong>sunt</strong></span> <span class='ocrx_word' id='word_1_244' title='bbox 908 1911 997 1938; x_wconf 84' lang='lat' dir='ltr'><strong>relin-</strong></span> 
     </span>
     <span class='ocr_line' id='line_1_38' title="bbox 218 1953 999 1992; baseline 0.01 -14"><span class='ocrx_word' id='word_1_245' title='bbox 218 1953 348 1987; x_wconf 77' lang='lat' dir='ltr'><strong>quenda,</strong></span> <span class='ocrx_word' id='word_1_246' title='bbox 373 1962 438 1989; x_wconf 63' lang='lat' dir='ltr'><strong>quae</strong></span> <span class='ocrx_word' id='word_1_247' title='bbox 457 1955 526 1982; x_wconf 77' lang='lat' dir='ltr'><strong>sunt</strong></span> <span class='ocrx_word' id='word_1_248' title='bbox 541 1954 684 1984; x_wconf 79' lang='lat' dir='ltr'><strong>diflicilia.</strong></span> <span class='ocrx_word' id='word_1_249' title='bbox 702 1956 890 1985; x_wconf 81' lang='lat' dir='ltr'><strong>Fortitudinis</strong></span> <span class='ocrx_word' id='word_1_250' title='bbox 912 1958 999 1992; x_wconf 73' lang='lat' dir='ltr'><strong>igitur</strong></span> 
     </span>
     <span class='ocr_line' id='line_1_39' title="bbox 217 2000 998 2039; baseline 0.008 -14"><span class='ocrx_word' id='word_1_251' title='bbox 217 2002 269 2033; x_wconf 75' lang='lat' dir='ltr'><strong>est,</strong></span> <span class='ocrx_word' id='word_1_252' title='bbox 286 2000 402 2028; x_wconf 73' lang='lat' dir='ltr'><strong>divitias</strong></span> <span class='ocrx_word' id='word_1_253' title='bbox 417 2003 443 2028; x_wconf 89' lang='lat' dir='ltr'><strong>et</strong></span> <span class='ocrx_word' id='word_1_254' title='bbox 466 2002 567 2029; x_wconf 84' lang='lat' dir='ltr'><strong>omnia</strong></span> <span class='ocrx_word' id='word_1_255' title='bbox 584 2010 660 2030; x_wconf 66' lang='lat' dir='ltr'><strong>vana</strong></span> <span class='ocrx_word' id='word_1_256' title='bbox 677 2003 856 2039; x_wconf 71' lang='lat' dir='ltr'><strong>relinquere,</strong></span> <span class='ocrx_word' id='word_1_257' title='bbox 877 2007 905 2032; x_wconf 90' lang='lat' dir='ltr'><strong>et</strong></span> <span class='ocrx_word' id='word_1_258' title='bbox 920 2005 998 2033; x_wconf 83' lang='lat' dir='ltr'><strong>tilios</strong></span> 
     </span>
     <span class='ocr_line' id='line_1_40' title="bbox 217 2046 996 2086; baseline 0.01 -14"><span class='ocrx_word' id='word_1_259' title='bbox 217 2046 368 2081; x_wconf 77' lang='lat' dir='ltr'><strong>abdicare,</strong></span> <span class='ocrx_word' id='word_1_260' title='bbox 385 2050 412 2075; x_wconf 87' lang='lat' dir='ltr'><strong>et</strong></span> <span class='ocrx_word' id='word_1_261' title='bbox 428 2056 550 2076; x_wconf 83' lang='lat' dir='ltr'><strong>uxorem</strong></span> <span class='ocrx_word' id='word_1_262' title='bbox 570 2049 749 2085; x_wconf 83' lang='lat' dir='ltr'><strong>relinquere,</strong></span> <span class='ocrx_word' id='word_1_263' title='bbox 774 2052 912 2086; x_wconf 75' lang='lat' dir='ltr'><strong>quamvis</strong></span> <span class='ocrx_word' id='word_1_264' title='bbox 925 2060 996 2079; x_wconf 83' lang='lat' dir='ltr'><strong>con-</strong></span> 
     </span>
     <span class='ocr_line' id='line_1_41' title="bbox 216 2094 997 2134; baseline 0.009 -15"><span class='ocrx_word' id='word_1_265' title='bbox 216 2094 399 2122; x_wconf 75' lang='lat' dir='ltr'><strong>sentientem.</strong></span> <span class='ocrx_word' id='word_1_266' title='bbox 420 2096 497 2123; x_wconf 75' lang='lat' dir='ltr'><strong>t‘ude</strong></span> <span class='ocrx_word' id='word_1_267' title='bbox 514 2096 542 2123; x_wconf 86' lang='lat' dir='ltr'><strong>iu</strong></span> <span class='ocrx_word' id='word_1_268' title='bbox 563 2097 659 2131; x_wconf 79' lang='lat' dir='ltr'><strong>ligura</strong></span> <span class='ocrx_word' id='word_1_269' title='bbox 675 2098 765 2125; x_wconf 79' lang='lat' dir='ltr'><strong>nostri</strong></span> <span class='ocrx_word' id='word_1_270' title='bbox 779 2099 911 2134; x_wconf 61' lang='lat' dir='ltr'><strong>Martyris</strong></span> <span class='ocrx_word' id='word_1_271' title='bbox 927 2099 997 2126; x_wconf 82' lang='lat' dir='ltr'><strong>diei-</strong></span> 
     </span>
     <span class='ocr_line' id='line_1_42' title="bbox 217 2141 997 2180; baseline 0.008 -12"><span class='ocrx_word' id='word_1_272' title='bbox 217 2143 263 2168; x_wconf 95' lang='lat' dir='ltr'><strong>tur</strong></span> <span class='ocrx_word' id='word_1_273' title='bbox 274 2141 310 2168; x_wconf 82' lang='lat' dir='ltr'><strong>de</strong></span> <span class='ocrx_word' id='word_1_274' title='bbox 321 2142 395 2169; x_wconf 71' lang='lat' dir='ltr'><strong>ludu</strong></span> <span class='ocrx_word' id='word_1_275' title='bbox 408 2144 433 2170; x_wconf 75' lang='lat'><strong>¹³:</strong></span> <span class='ocrx_word' id='word_1_276' title='bbox 450 2154 463 2167; x_wconf 83' lang='lat'>«</span> <span class='ocrx_word' id='word_1_277' title='bbox 476 2143 523 2170; x_wconf 62' lang='lat' dir='ltr'><strong>Vir</strong></span> <span class='ocrx_word' id='word_1_278' title='bbox 536 2143 710 2171; x_wconf 77' lang='lat' dir='ltr'><strong>fortissimus</strong></span> <span class='ocrx_word' id='word_1_279' title='bbox 721 2145 821 2180; x_wconf 69' lang='lat' dir='ltr'><strong>sudas,</strong></span> <span class='ocrx_word' id='word_1_280' title='bbox 838 2146 997 2174; x_wconf 79' lang='lat' dir='ltr'><strong>collatione</strong></span> 
     </span>
     <span class='ocr_line' id='line_1_43' title="bbox 217 2188 998 2228; baseline 0.008 -13"><span class='ocrx_word' id='word_1_281' title='bbox 217 2188 301 2222; x_wconf 75' lang='lat' dir='ltr'><strong>sucta,</strong></span> <span class='ocrx_word' id='word_1_282' title='bbox 323 2189 482 2217; x_wconf 68' lang='lat' dir='ltr'><strong>duodecim</strong></span> <span class='ocrx_word' id='word_1_283' title='bbox 499 2191 591 2218; x_wconf 81' lang='lat' dir='ltr'><strong>millia</strong></span> <span class='ocrx_word' id='word_1_284' title='bbox 607 2192 764 2220; x_wconf 69' lang='lat' dir='ltr'><strong>‹tvm-lunas</strong></span> <span class='ocrx_word' id='word_1_285' title='bbox 786 2194 898 2228; x_wconf 67' lang='lat' dir='ltr'><strong>argenti</strong></span> <span class='ocrx_word' id='word_1_286' title='bbox 920 2194 998 2222; x_wconf 72' lang='lat' dir='ltr'><strong>misit</strong></span> 
     </span>
     <span class='ocr_line' id='line_1_44' title="bbox 216 2235 993 2275; baseline 0.005 -13"><span class='ocrx_word' id='word_1_287' title='bbox 216 2235 432 2271; x_wconf 66' lang='lat' dir='ltr'><strong>„tc-rosolynuun</strong></span> <span class='ocrx_word' id='word_1_288' title='bbox 449 2238 546 2265; x_wconf 79' lang='lat' dir='ltr'><strong>otl&#39;erri</strong></span> <span class='ocrx_word' id='word_1_289' title='bbox 562 2247 616 2274; x_wconf 82' lang='lat' dir='ltr'><strong>pro</strong></span> <span class='ocrx_word' id='word_1_290' title='bbox 632 2241 759 2275; x_wconf 68' lang='lat' dir='ltr'><strong>peccatis</strong></span> <span class='ocrx_word' id='word_1_291' title='bbox 773 2244 993 2269; x_wconf 77' lang='lat' dir='ltr'><strong>mortuorum.»</strong></span> 
     </span>
     <span class='ocr_line' id='line_1_45' title="bbox 218 2282 995 2321; baseline 0.01 -13"><span class='ocrx_word' id='word_1_292' title='bbox 218 2282 246 2309; x_wconf 89' lang='lat' dir='ltr'><strong>ln</strong></span> <span class='ocrx_word' id='word_1_293' title='bbox 263 2291 323 2318; x_wconf 84' lang='lat' dir='ltr'><strong>quo</strong></span> <span class='ocrx_word' id='word_1_294' title='bbox 339 2285 466 2318; x_wconf 80' lang='lat' dir='ltr'><strong>notatur,</strong></span> <span class='ocrx_word' id='word_1_295' title='bbox 486 2285 568 2319; x_wconf 77' lang='lat' dir='ltr'><strong>quod</strong></span> <span class='ocrx_word' id='word_1_296' title='bbox 587 2286 760 2313; x_wconf 73' lang='lat' dir='ltr'><strong>fortissimus</strong></span> <span class='ocrx_word' id='word_1_297' title='bbox 776 2287 838 2321; x_wconf 75' lang='lat' dir='ltr'><strong>suit,</strong></span> <span class='ocrx_word' id='word_1_298' title='bbox 860 2288 931 2315; x_wconf 88' lang='lat' dir='ltr'><strong>‹lum</strong></span> <span class='ocrx_word' id='word_1_299' title='bbox 949 2296 995 2316; x_wconf 83' lang='lat' dir='ltr'><strong>ur-</strong></span> 
     </span>
     <span class='ocr_line' id='line_1_46' title="bbox 218 2332 997 2369; baseline 0.009 -14"><span class='ocrx_word' id='word_1_300' title='bbox 218 2332 337 2361; x_wconf 60' lang='lat' dir='ltr'><strong>gentum</strong></span> <span class='ocrx_word' id='word_1_301' title='bbox 360 2332 472 2357; x_wconf 84' lang='lat' dir='ltr'><strong>tautum</strong></span> <span class='ocrx_word' id='word_1_302' title='bbox 495 2333 679 2367; x_wconf 76' lang='lat' dir='ltr'><strong>contempsit,</strong></span> <span class='ocrx_word' id='word_1_303' title='bbox 700 2335 727 2360; x_wconf 82' lang='lat' dir='ltr'><strong>et</strong></span> <span class='ocrx_word' id='word_1_304' title='bbox 749 2342 803 2369; x_wconf 83' lang='lat' dir='ltr'><strong>pro</strong></span> <span class='ocrx_word' id='word_1_305' title='bbox 823 2335 947 2362; x_wconf 72' lang='lat' dir='ltr'><strong>mortuis</strong></span> <span class='ocrx_word' id='word_1_306' title='bbox 963 2335 997 2362; x_wconf 85' lang='lat' dir='ltr'><strong>il-</strong></span> 
     </span>
     <span class='ocr_line' id='line_1_47' title="bbox 217 2375 995 2417; baseline 0.009 -15"><span class='ocrx_word' id='word_1_307' title='bbox 217 2375 268 2402; x_wconf 87' lang='lat' dir='ltr'><strong>lud</strong></span> <span class='ocrx_word' id='word_1_308' title='bbox 285 2376 400 2404; x_wconf 64' lang='lat' dir='ltr'><strong>obtulit</strong></span> <span class='ocrx_word' id='word_1_309' title='bbox 417 2377 472 2404; x_wconf 83' lang='lat' dir='ltr'><strong>Sed</strong></span> <span class='ocrx_word' id='word_1_310' title='bbox 493 2378 616 2413; x_wconf 79' lang='lat' dir='ltr'><strong>quidam</strong></span> <span class='ocrx_word' id='word_1_311' title='bbox 637 2388 652 2405; x_wconf 77' lang='lat' dir='ltr'><strong>e</strong></span> <span class='ocrx_word' id='word_1_312' title='bbox 669 2380 815 2408; x_wconf 80' lang='lat' dir='ltr'><strong>contrario</strong></span> <span class='ocrx_word' id='word_1_313' title='bbox 837 2384 995 2417; x_wconf 78' lang='lat' dir='ltr'><strong>pauperta-</strong></span> 
     </span>
     <span class='ocr_line' id='line_1_48' title="bbox 219 2423 994 2463; baseline 0.009 -14"><span class='ocrx_word' id='word_1_314' title='bbox 219 2425 275 2449; x_wconf 70' lang='lat' dir='ltr'><strong>tem</strong></span> <span class='ocrx_word' id='word_1_315' title='bbox 297 2423 450 2458; x_wconf 77' lang='lat' dir='ltr'><strong>effugiunt,</strong></span> <span class='ocrx_word' id='word_1_316' title='bbox 478 2424 596 2452; x_wconf 74' lang='lat' dir='ltr'><strong>divitius</strong></span> <span class='ocrx_word' id='word_1_317' title='bbox 625 2427 684 2453; x_wconf 81' lang='lat' dir='ltr'><strong>toto</strong></span> <span class='ocrx_word' id='word_1_318' title='bbox 712 2427 812 2455; x_wconf 78' lang='lat' dir='ltr'><strong>animo</strong></span> <span class='ocrx_word' id='word_1_319' title='bbox 841 2431 994 2463; x_wconf 72' lang='lat' dir='ltr'><strong>quwrunt5</strong></span> 
     </span>
     <span class='ocr_line' id='line_1_49' title="bbox 218 2471 994 2510; baseline 0.008 -14"><span class='ocrx_word' id='word_1_320' title='bbox 218 2476 270 2496; x_wconf 89' lang='lat' dir='ltr'><strong>nee</strong></span> <span class='ocrx_word' id='word_1_321' title='bbox 285 2471 448 2503; x_wconf 79' lang='lat' dir='ltr'><strong>attendunt,</strong></span> <span class='ocrx_word' id='word_1_322' title='bbox 471 2472 553 2507; x_wconf 87' lang='lat' dir='ltr'><strong>quod</strong></span> <span class='ocrx_word' id='word_1_323' title='bbox 575 2475 642 2499; x_wconf 88' lang='lat' dir='ltr'><strong>tune</strong></span> <span class='ocrx_word' id='word_1_324' title='bbox 657 2477 722 2500; x_wconf 82' lang='lat' dir='ltr'><strong>sunt</strong></span> <span class='ocrx_word' id='word_1_325' title='bbox 748 2474 876 2502; x_wconf 71' lang='lat' dir='ltr'><strong>maxime</strong></span> <span class='ocrx_word' id='word_1_326' title='bbox 898 2476 994 2510; x_wconf 67' lang='lat' dir='ltr'><strong>vacui,</strong></span> 
     </span>
     <span class='ocr_line' id='line_1_50' title="bbox 218 2517 995 2555; baseline 0.009 -12"><span class='ocrx_word' id='word_1_327' title='bbox 218 2517 339 2551; x_wconf 80' lang='lat' dir='ltr'><strong>quamlo</strong></span> <span class='ocrx_word' id='word_1_328' title='bbox 355 2526 384 2545; x_wconf 79' lang='lat' dir='ltr'><strong>se</strong></span> <span class='ocrx_word' id='word_1_329' title='bbox 401 2518 523 2546; x_wconf 81' lang='lat' dir='ltr'><strong>eredunt</strong></span> <span class='ocrx_word' id='word_1_330' title='bbox 541 2519 646 2555; x_wconf 84' lang='lat' dir='ltr'><strong>plenos</strong></span> <span class='ocrx_word' id='word_1_331' title='bbox 664 2529 670 2547; x_wconf 86' lang='lat'>:</span> <span class='ocrx_word' id='word_1_332' title='bbox 691 2520 743 2548; x_wconf 82' lang='lat' dir='ltr'><strong>sed</strong></span> <span class='ocrx_word' id='word_1_333' title='bbox 764 2522 848 2549; x_wconf 83' lang='lat' dir='ltr'><strong>vacui</strong></span> <span class='ocrx_word' id='word_1_334' title='bbox 865 2525 931 2550; x_wconf 87' lang='lat' dir='ltr'><strong>suut</strong></span> <span class='ocrx_word' id='word_1_335' title='bbox 947 2524 995 2550; x_wconf 78' lang='lat' dir='ltr'><strong>[lei</strong></span> 
     </span>
     <span class='ocr_line' id='line_1_51' title="bbox 217 2563 995 2604; baseline 0.01 -14"><span class='ocrx_word' id='word_1_336' title='bbox 217 2563 314 2598; x_wconf 74' lang='lat' dir='ltr'><strong>donis,</strong></span> <span class='ocrx_word' id='word_1_337' title='bbox 333 2564 412 2600; x_wconf 90' lang='lat' dir='ltr'><strong>pleni</strong></span> <span class='ocrx_word' id='word_1_338' title='bbox 428 2566 554 2601; x_wconf 83' lang='lat' dir='ltr'><strong>peccatis</strong></span> <span class='ocrx_word' id='word_1_339' title='bbox 577 2576 583 2595; x_wconf 93' lang='lat'><strong>:</strong></span> <span class='ocrx_word' id='word_1_340' title='bbox 605 2567 685 2603; x_wconf 88' lang='lat' dir='ltr'><strong>pleni</strong></span> <span class='ocrx_word' id='word_1_341' title='bbox 706 2568 736 2595; x_wconf 90' lang='lat' dir='ltr'><strong>in</strong></span> <span class='ocrx_word' id='word_1_342' title='bbox 759 2576 837 2604; x_wconf 79' lang='lat' dir='ltr'><strong>area,</strong></span> <span class='ocrx_word' id='word_1_343' title='bbox 863 2570 947 2597; x_wconf 78' lang='lat' dir='ltr'><strong>vacui</strong></span> <span class='ocrx_word' id='word_1_344' title='bbox 965 2570 995 2598; x_wconf 91' lang='lat' dir='ltr'><strong>in</strong></span> 
     </span>
    </p>
   </div>
   <div class='ocr_carea' id='block_1_3' title="bbox 218 2627 993 2700">
    <p class='ocr_par' dir='ltr' id='par_1_5' title="bbox 218 2627 993 2700">
     <span class='ocr_line' id='line_1_52' title="bbox 249 2627 993 2663; baseline 0.008 -13"><span class='ocrx_word' id='word_1_345' title='bbox 249 2627 254 2642; x_wconf 83' lang='lat'>¹</span> <span class='ocrx_word' id='word_1_346' title='bbox 270 2627 353 2656; x_wconf 50' lang='lat' dir='ltr'><strong>Prota,</strong></span> <span class='ocrx_word' id='word_1_347' title='bbox 364 2632 438 2657; x_wconf 56' lang='lat' dir='ltr'><strong>uxi,</strong></span> <span class='ocrx_word' id='word_1_348' title='bbox 453 2630 489 2652; x_wconf 69' lang='grc' dir='ltr'><strong>ω.</strong></span> <span class='ocrx_word' id='word_1_349' title='bbox 502 2643 527 2646; x_wconf 84' lang='grc'><strong>-</strong></span> <span class='ocrx_word' id='word_1_350' title='bbox 541 2630 547 2643; x_wconf 77' lang='grc'><strong>’-’</strong></span> <span class='ocrx_word' id='word_1_351' title='bbox 563 2630 580 2653; x_wconf 91' lang='grc' dir='ltr'><strong>ΙΙ</strong></span> <span class='ocrx_word' id='word_1_352' title='bbox 597 2629 688 2660; x_wconf 55' lang='lat' dir='ltr'><strong>nach„</strong></span> <span class='ocrx_word' id='word_1_353' title='bbox 703 2636 750 2661; x_wconf 81' lang='lat' dir='ltr'><strong>xu,</strong></span> <span class='ocrx_word' id='word_1_354' title='bbox 768 2633 993 2663; x_wconf 66' lang='lat' dir='ltr'><strong>53.—&#39;&#39;tti‹·1·011.‚</strong></span> 
     </span>
     <span class='ocr_line' id='line_1_53' title="bbox 218 2662 993 2700; baseline 0.009 -15"><span class='ocrx_word' id='word_1_355' title='bbox 218 2662 242 2685; x_wconf 87' lang='lat' dir='ltr'><strong>iu</strong></span> <span class='ocrx_word' id='word_1_356' title='bbox 259 2662 342 2692; x_wconf 72' lang='lat' dir='ltr'><strong>tteyul.</strong></span> <span class='ocrx_word' id='word_1_357' title='bbox 360 2663 483 2693; x_wconf 55' lang='lat' dir='ltr'><strong>Meuium..</strong></span> <span class='ocrx_word' id='word_1_358' title='bbox 500 2672 522 2689; x_wconf 69' lang='lat' dir='ltr'><strong>c.</strong></span> <span class='ocrx_word' id='word_1_359' title='bbox 542 2665 571 2688; x_wconf 74' lang='lat' dir='ltr'><strong>de</strong></span> <span class='ocrx_word' id='word_1_360' title='bbox 587 2665 660 2689; x_wconf 76' lang='lat' dir='ltr'><strong>laude</strong></span> <span class='ocrx_word' id='word_1_361' title='bbox 676 2666 753 2697; x_wconf 70' lang='lat' dir='ltr'><strong>Relaeq.</strong></span> <span class='ocrx_word' id='word_1_362' title='bbox 770 2680 798 2684; x_wconf 96' lang='lat'>—</span> <span class='ocrx_word' id='word_1_363' title='bbox 816 2670 820 2681; x_wconf 87' lang='lat'><strong>¹</strong></span> <span class='ocrx_word' id='word_1_364' title='bbox 836 2669 940 2699; x_wconf 72' lang='grc' dir='ltr'><em>Μιι111ι.,</em></span> <span class='ocrx_word' id='word_1_365' title='bbox 958 2676 993 2700; x_wconf 71' lang='lat' dir='ltr'><strong>w,</strong></span> 
     </span>
    </p>
   </div>
   <div class='ocr_carea' id='block_1_4' title="bbox 603 180 1470 224">
    <p class='ocr_par' dir='ltr' id='par_1_6' title="bbox 603 180 1470 224">
     <span class='ocr_line' id='line_1_54' title="bbox 603 180 1470 224; baseline 0.008 -7"><span class='ocrx_word' id='word_1_366' title='bbox 603 183 814 218; x_wconf 81' lang='lat' dir='ltr'>SERMONES</span> <span class='ocrx_word' id='word_1_367' title='bbox 836 183 887 217; x_wconf 89' lang='lat' dir='ltr'><strong>DE</strong></span> <span class='ocrx_word' id='word_1_368' title='bbox 908 180 1077 217; x_wconf 78' lang='lat' dir='ltr'><strong>SANc&#39;t&#39;tS</strong></span> <span class='ocrx_word' id='word_1_369' title='bbox 1097 183 1141 218; x_wconf 86' lang='lat' dir='ltr'><strong>IN</strong></span> <span class='ocrx_word' id='word_1_370' title='bbox 1159 185 1354 221; x_wconf 71' lang='lat' dir='ltr'><strong>commum.</strong></span> <span class='ocrx_word' id='word_1_371' title='bbox 1373 188 1470 224; x_wconf 75' lang='lat' dir='ltr'>XVII,</span> 
     </span>
    </p>
   </div>
   <div class='ocr_carea' id='block_1_5' title="bbox 1050 255 1848 2698">
    <p class='ocr_par' dir='ltr' id='par_1_7' title="bbox 1054 255 1848 1843">
     <span class='ocr_line' id='line_1_55' title="bbox 1066 255 1848 298; baseline 0.013 -17"><span class='ocrx_word' id='word_1_372' title='bbox 1066 255 1265 286; x_wconf 81' lang='lat' dir='ltr'><strong>conscientia:</strong></span> <span class='ocrx_word' id='word_1_373' title='bbox 1281 258 1441 295; x_wconf 82' lang='lat' dir='ltr'><strong>acquirunt</strong></span> <span class='ocrx_word' id='word_1_374' title='bbox 1451 260 1584 297; x_wconf 78' lang='lat' dir='ltr'><strong>peccata,</strong></span> <span class='ocrx_word' id='word_1_375' title='bbox 1599 261 1628 289; x_wconf 86' lang='lat' dir='ltr'><strong>et</strong></span> <span class='ocrx_word' id='word_1_376' title='bbox 1639 259 1772 298; x_wconf 75' lang='lat' dir='ltr'><strong>perdunt</strong></span> <span class='ocrx_word' id='word_1_377' title='bbox 1783 259 1848 290; x_wconf 74' lang='lat' dir='ltr'><strong>ani-</strong></span> 
     </span>
     <span class='ocr_line' id='line_1_56' title="bbox 1065 307 1844 345; baseline 0.012 -16"><span class='ocrx_word' id='word_1_378' title='bbox 1065 307 1146 330; x_wconf 89' lang='lat' dir='ltr'><strong>mam</strong></span> <span class='ocrx_word' id='word_1_379' title='bbox 1163 311 1172 331; x_wconf 76' lang='lat' dir='ltr'><strong>t</strong></span> <span class='ocrx_word' id='word_1_380' title='bbox 1187 307 1324 340; x_wconf 64' lang='lat' dir='ltr'><strong>quaerunt</strong></span> <span class='ocrx_word' id='word_1_381' title='bbox 1332 313 1452 342; x_wconf 84' lang='lat' dir='ltr'><strong>aurum,</strong></span> <span class='ocrx_word' id='word_1_382' title='bbox 1464 308 1494 336; x_wconf 85' lang='lat' dir='ltr'><strong>et</strong></span> <span class='ocrx_word' id='word_1_383' title='bbox 1507 307 1670 345; x_wconf 83' lang='lat' dir='ltr'><strong>acquirunt</strong></span> <span class='ocrx_word' id='word_1_384' title='bbox 1681 307 1844 338; x_wconf 69' lang='lat' dir='ltr'><strong>internam.</strong></span> 
     </span>
     <span class='ocr_line' id='line_1_57' title="bbox 1063 348 1846 389; baseline 0.011 -13"><span class='ocrx_word' id='word_1_385' title='bbox 1063 348 1138 376; x_wconf 80' lang='lat' dir='ltr'><strong>Nam</strong></span> <span class='ocrx_word' id='word_1_386' title='bbox 1157 349 1241 386; x_wconf 87' lang='lat' dir='ltr'><strong>luna,</strong></span> <span class='ocrx_word' id='word_1_387' title='bbox 1264 352 1388 389; x_wconf 83' lang='lat' dir='ltr'><strong>quando</strong></span> <span class='ocrx_word' id='word_1_388' title='bbox 1409 361 1515 383; x_wconf 82' lang='lat' dir='ltr'><strong>versus</strong></span> <span class='ocrx_word' id='word_1_389' title='bbox 1534 356 1645 384; x_wconf 81' lang='lat' dir='ltr'><strong>terram</strong></span> <span class='ocrx_word' id='word_1_390' title='bbox 1661 354 1770 384; x_wconf 83' lang='lat' dir='ltr'><strong>dicitur</strong></span> <span class='ocrx_word' id='word_1_391' title='bbox 1781 362 1846 384; x_wconf 63' lang='lat' dir='ltr'><strong>eae</strong></span> 
     </span>
     <span class='ocr_line' id='line_1_58' title="bbox 1063 394 1848 439; baseline 0.01 -16"><span class='ocrx_word' id='word_1_392' title='bbox 1063 394 1165 432; x_wconf 87' lang='lat' dir='ltr'><strong>plena,</strong></span> <span class='ocrx_word' id='word_1_393' title='bbox 1177 398 1248 426; x_wconf 87' lang='lat' dir='ltr'><strong>tunc</strong></span> <span class='ocrx_word' id='word_1_394' title='bbox 1262 405 1363 428; x_wconf 82' lang='lat' dir='ltr'><strong>versus</strong></span> <span class='ocrx_word' id='word_1_395' title='bbox 1378 401 1489 429; x_wconf 85' lang='lat' dir='ltr'><strong>eoelum</strong></span> <span class='ocrx_word' id='word_1_396' title='bbox 1498 403 1656 430; x_wconf 82' lang='lat' dir='ltr'><strong>estvacua.</strong></span> <span class='ocrx_word' id='word_1_397' title='bbox 1671 403 1706 430; x_wconf 82' lang='lat' dir='ltr'><strong>Et</strong></span> <span class='ocrx_word' id='word_1_398' title='bbox 1719 400 1848 439; x_wconf 78' lang='lat' dir='ltr'><strong>quando</strong></span> 
     </span>
     <span class='ocr_line' id='line_1_59' title="bbox 1063 445 1846 484; baseline 0.01 -14"><span class='ocrx_word' id='word_1_399' title='bbox 1063 449 1168 472; x_wconf 87' lang='lat' dir='ltr'><strong>versus</strong></span> <span class='ocrx_word' id='word_1_400' title='bbox 1188 445 1299 474; x_wconf 82' lang='lat' dir='ltr'><strong>terram</strong></span> <span class='ocrx_word' id='word_1_401' title='bbox 1323 445 1431 476; x_wconf 88' lang='lat' dir='ltr'><strong>dicitur</strong></span> <span class='ocrx_word' id='word_1_402' title='bbox 1452 455 1516 476; x_wconf 86' lang='lat' dir='ltr'><strong>esse</strong></span> <span class='ocrx_word' id='word_1_403' title='bbox 1538 456 1646 483; x_wconf 82' lang='lat' dir='ltr'><strong>vacua,</strong></span> <span class='ocrx_word' id='word_1_404' title='bbox 1671 448 1721 477; x_wconf 86' lang='lat' dir='ltr'><strong>vel</strong></span> <span class='ocrx_word' id='word_1_405' title='bbox 1747 447 1846 484; x_wconf 77' lang='lat' dir='ltr'><strong>nulla,</strong></span> 
     </span>
     <span class='ocr_line' id='line_1_60' title="bbox 1062 490 1846 532; baseline 0.01 -15"><span class='ocrx_word' id='word_1_406' title='bbox 1062 490 1240 520; x_wconf 85' lang='lat' dir='ltr'><strong>tuncversus</strong></span> <span class='ocrx_word' id='word_1_407' title='bbox 1249 492 1360 522; x_wconf 83' lang='lat' dir='ltr'><strong>ooelum</strong></span> <span class='ocrx_word' id='word_1_408' title='bbox 1369 493 1477 523; x_wconf 88' lang='lat' dir='ltr'><strong>dicitur</strong></span> <span class='ocrx_word' id='word_1_409' title='bbox 1486 502 1550 524; x_wconf 85' lang='lat' dir='ltr'><strong>esse</strong></span> <span class='ocrx_word' id='word_1_410' title='bbox 1560 496 1622 524; x_wconf 82' lang='lat' dir='ltr'><strong>tota</strong></span> <span class='ocrx_word' id='word_1_411' title='bbox 1628 495 1729 532; x_wconf 82' lang='lat' dir='ltr'><strong>plena.</strong></span> <span class='ocrx_word' id='word_1_412' title='bbox 1740 497 1774 524; x_wconf 82' lang='lat' dir='ltr'><strong>Et</strong></span> <span class='ocrx_word' id='word_1_413' title='bbox 1786 494 1846 524; x_wconf 83' lang='lat' dir='ltr'><strong>val-</strong></span> 
     </span>
     <span class='ocr_line' id='line_1_61' title="bbox 1063 536 1844 579; baseline 0.006 -14"><span class='ocrx_word' id='word_1_414' title='bbox 1063 536 1102 566; x_wconf 88' lang='lat' dir='ltr'><strong>de</strong></span> <span class='ocrx_word' id='word_1_415' title='bbox 1110 537 1308 568; x_wconf 79' lang='lat' dir='ltr'><strong>rationabile:</strong></span> <span class='ocrx_word' id='word_1_416' title='bbox 1322 540 1394 577; x_wconf 85' lang='lat' dir='ltr'><strong>quia</strong></span> <span class='ocrx_word' id='word_1_417' title='bbox 1405 543 1519 578; x_wconf 79' lang='lat' dir='ltr'><strong>quanto</strong></span> <span class='ocrx_word' id='word_1_418' title='bbox 1527 541 1597 579; x_wconf 78' lang='lat' dir='ltr'><strong>plna</strong></span> <span class='ocrx_word' id='word_1_419' title='bbox 1610 550 1630 572; x_wconf 86' lang='lat' dir='ltr'><strong>a</strong></span> <span class='ocrx_word' id='word_1_420' title='bbox 1643 542 1707 572; x_wconf 84' lang='lat' dir='ltr'><strong>sole</strong></span> <span class='ocrx_word' id='word_1_421' title='bbox 1721 542 1844 578; x_wconf 84' lang='lat' dir='ltr'><strong>recedit,</strong></span> 
     </span>
     <span class='ocr_line' id='line_1_62' title="bbox 1065 585 1847 627; baseline 0.008 -15"><span class='ocrx_word' id='word_1_422' title='bbox 1065 585 1144 613; x_wconf 88' lang='lat' dir='ltr'><strong>tanto</strong></span> <span class='ocrx_word' id='word_1_423' title='bbox 1158 593 1264 615; x_wconf 86' lang='lat' dir='ltr'><strong>versus</strong></span> <span class='ocrx_word' id='word_1_424' title='bbox 1276 588 1386 616; x_wconf 90' lang='lat' dir='ltr'><strong>terram</strong></span> <span class='ocrx_word' id='word_1_425' title='bbox 1399 587 1489 625; x_wconf 80' lang='lat' dir='ltr'><strong>plena</strong></span> <span class='ocrx_word' id='word_1_426' title='bbox 1504 588 1612 624; x_wconf 77' lang='lat' dir='ltr'><strong>existit,</strong></span> <span class='ocrx_word' id='word_1_427' title='bbox 1625 591 1654 618; x_wconf 88' lang='lat' dir='ltr'><strong>et</strong></span> <span class='ocrx_word' id='word_1_428' title='bbox 1667 589 1737 627; x_wconf 79' lang='lat' dir='ltr'><strong>plus</strong></span> <span class='ocrx_word' id='word_1_429' title='bbox 1748 597 1847 619; x_wconf 74' lang='lat' dir='ltr'><strong>vacua</strong></span> 
     </span>
     <span class='ocr_line' id='line_1_63' title="bbox 1062 633 1846 674; baseline 0.009 -15"><span class='ocrx_word' id='word_1_430' title='bbox 1062 639 1166 660; x_wconf 86' lang='lat' dir='ltr'><strong>versus</strong></span> <span class='ocrx_word' id='word_1_431' title='bbox 1190 633 1311 662; x_wconf 87' lang='lat' dir='ltr'><strong>coelum.</strong></span> <span class='ocrx_word' id='word_1_432' title='bbox 1332 635 1366 663; x_wconf 84' lang='lat' dir='ltr'><strong>Et</strong></span> <span class='ocrx_word' id='word_1_433' title='bbox 1391 642 1407 664; x_wconf 83' lang='lat' dir='ltr'><strong>e</strong></span> <span class='ocrx_word' id='word_1_434' title='bbox 1435 636 1603 672; x_wconf 85' lang='lat' dir='ltr'><strong>contrario,</strong></span> <span class='ocrx_word' id='word_1_435' title='bbox 1635 638 1750 673; x_wconf 79' lang='lat' dir='ltr'><strong>quanto</strong></span> <span class='ocrx_word' id='word_1_436' title='bbox 1775 636 1846 674; x_wconf 78' lang='lat' dir='ltr'><strong>plus</strong></span> 
     </span>
     <span class='ocr_line' id='line_1_64' title="bbox 1062 678 1846 718; baseline 0.008 -11"><span class='ocrx_word' id='word_1_437' title='bbox 1062 678 1119 707; x_wconf 92' lang='lat' dir='ltr'><strong>soli</strong></span> <span class='ocrx_word' id='word_1_438' title='bbox 1139 680 1373 718; x_wconf 81' lang='lat' dir='ltr'><strong>appropinquat,</strong></span> <span class='ocrx_word' id='word_1_439' title='bbox 1386 683 1470 712; x_wconf 86' lang='lat' dir='ltr'><strong>tanto</strong></span> <span class='ocrx_word' id='word_1_440' title='bbox 1484 691 1587 712; x_wconf 87' lang='lat' dir='ltr'><strong>versus</strong></span> <span class='ocrx_word' id='word_1_441' title='bbox 1601 685 1712 712; x_wconf 88' lang='lat' dir='ltr'><strong>terram</strong></span> <span class='ocrx_word' id='word_1_442' title='bbox 1727 691 1759 713; x_wconf 86' lang='lat' dir='ltr'><strong>se</strong></span> <span class='ocrx_word' id='word_1_443' title='bbox 1774 691 1846 713; x_wconf 80' lang='lat' dir='ltr'><strong>eva-</strong></span> 
     </span>
     <span class='ocr_line' id='line_1_65' title="bbox 1063 728 1846 767; baseline 0.008 -13"><span class='ocrx_word' id='word_1_444' title='bbox 1063 728 1140 762; x_wconf 86' lang='lat' dir='ltr'><strong>euat,</strong></span> <span class='ocrx_word' id='word_1_445' title='bbox 1157 729 1186 755; x_wconf 85' lang='lat' dir='ltr'><strong>et</strong></span> <span class='ocrx_word' id='word_1_446' title='bbox 1199 735 1302 757; x_wconf 83' lang='lat' dir='ltr'><strong>versus</strong></span> <span class='ocrx_word' id='word_1_447' title='bbox 1319 728 1429 758; x_wconf 87' lang='lat' dir='ltr'><strong>coelum</strong></span> <span class='ocrx_word' id='word_1_448' title='bbox 1448 729 1652 759; x_wconf 81' lang='lat' dir='ltr'><strong>tortitudinem</strong></span> <span class='ocrx_word' id='word_1_449' title='bbox 1669 738 1756 760; x_wconf 87' lang='lat' dir='ltr'><strong>suam</strong></span> <span class='ocrx_word' id='word_1_450' title='bbox 1773 738 1846 767; x_wconf 76' lang='lat' dir='ltr'><strong>aug-</strong></span> 
     </span>
     <span class='ocr_line' id='line_1_66' title="bbox 1062 775 1847 814; baseline 0.008 -13"><span class='ocrx_word' id='word_1_451' title='bbox 1062 775 1188 809; x_wconf 82' lang='lat' dir='ltr'><strong>mentat;</strong></span> <span class='ocrx_word' id='word_1_452' title='bbox 1211 775 1251 803; x_wconf 82' lang='lat' dir='ltr'><strong>ita</strong></span> <span class='ocrx_word' id='word_1_453' title='bbox 1275 776 1360 812; x_wconf 87' lang='lat' dir='ltr'><strong>quod</strong></span> <span class='ocrx_word' id='word_1_454' title='bbox 1382 777 1439 805; x_wconf 88' lang='lat' dir='ltr'><strong>soli</strong></span> <span class='ocrx_word' id='word_1_455' title='bbox 1463 779 1532 806; x_wconf 89' lang='lat' dir='ltr'><strong>tunc</strong></span> <span class='ocrx_word' id='word_1_456' title='bbox 1555 779 1599 806; x_wconf 88' lang='lat' dir='ltr'><strong>est</strong></span> <span class='ocrx_word' id='word_1_457' title='bbox 1620 777 1749 814; x_wconf 79' lang='lat' dir='ltr'><strong>perfecte</strong></span> <span class='ocrx_word' id='word_1_458' title='bbox 1770 785 1847 807; x_wconf 78' lang='lat' dir='ltr'><strong>con-</strong></span> 
     </span>
     <span class='ocr_line' id='line_1_67' title="bbox 1059 820 1845 861; baseline 0.008 -13"><span class='ocrx_word' id='word_1_459' title='bbox 1059 820 1179 856; x_wconf 86' lang='lat' dir='ltr'><strong>juncta;</strong></span> <span class='ocrx_word' id='word_1_460' title='bbox 1195 823 1223 850; x_wconf 93' lang='lat' dir='ltr'><strong>et</strong></span> <span class='ocrx_word' id='word_1_461' title='bbox 1237 823 1375 859; x_wconf 87' lang='lat' dir='ltr'><strong>quamvis</strong></span> <span class='ocrx_word' id='word_1_462' title='bbox 1389 832 1425 853; x_wconf 84' lang='lat' dir='ltr'><strong>ex</strong></span> <span class='ocrx_word' id='word_1_463' title='bbox 1442 825 1527 861; x_wconf 81' lang='lat' dir='ltr'><strong>parte</strong></span> <span class='ocrx_word' id='word_1_464' title='bbox 1545 826 1630 854; x_wconf 77' lang='lat' dir='ltr'><strong>terrae</strong></span> <span class='ocrx_word' id='word_1_465' title='bbox 1643 825 1681 854; x_wconf 88' lang='lat' dir='ltr'><strong>sit</strong></span> <span class='ocrx_word' id='word_1_466' title='bbox 1698 824 1794 860; x_wconf 82' lang='lat' dir='ltr'><strong>nulla,</strong></span> <span class='ocrx_word' id='word_1_467' title='bbox 1809 833 1845 854; x_wconf 86' lang='lat' dir='ltr'><strong>ex</strong></span> 
     </span>
     <span class='ocr_line' id='line_1_68' title="bbox 1061 870 1845 908; baseline 0.008 -12"><span class='ocrx_word' id='word_1_468' title='bbox 1061 870 1145 904; x_wconf 87' lang='lat' dir='ltr'><strong>parte</strong></span> <span class='ocrx_word' id='word_1_469' title='bbox 1154 870 1254 898; x_wconf 86' lang='lat' dir='ltr'><strong>tamen</strong></span> <span class='ocrx_word' id='word_1_470' title='bbox 1261 870 1327 898; x_wconf 84' lang='lat' dir='ltr'><strong>eoeli</strong></span> <span class='ocrx_word' id='word_1_471' title='bbox 1338 871 1371 899; x_wconf 92' lang='lat' dir='ltr'><strong>fit</strong></span> <span class='ocrx_word' id='word_1_472' title='bbox 1384 873 1444 900; x_wconf 87' lang='lat' dir='ltr'><strong>tota</strong></span> <span class='ocrx_word' id='word_1_473' title='bbox 1452 871 1551 908; x_wconf 89' lang='lat' dir='ltr'><strong>plena.</strong></span> <span class='ocrx_word' id='word_1_474' title='bbox 1565 872 1611 902; x_wconf 91' lang='lat' dir='ltr'><strong>Sic</strong></span> <span class='ocrx_word' id='word_1_475' title='bbox 1624 875 1653 902; x_wconf 88' lang='lat' dir='ltr'><strong>et</strong></span> <span class='ocrx_word' id='word_1_476' title='bbox 1661 873 1708 901; x_wconf 83' lang='lat' dir='ltr'><strong>vir</strong></span> <span class='ocrx_word' id='word_1_477' title='bbox 1715 874 1845 908; x_wconf 84' lang='lat' dir='ltr'><strong>sanctus,</strong></span> 
     </span>
     <span class='ocr_line' id='line_1_69' title="bbox 1062 915 1842 952; baseline 0.008 -9"><span class='ocrx_word' id='word_1_478' title='bbox 1062 915 1135 944; x_wconf 89' lang='lat' dir='ltr'><strong>dum</strong></span> <span class='ocrx_word' id='word_1_479' title='bbox 1158 916 1234 946; x_wconf 90' lang='lat' dir='ltr'><strong>nihil</strong></span> <span class='ocrx_word' id='word_1_480' title='bbox 1250 917 1343 946; x_wconf 86' lang='lat' dir='ltr'><strong>habet</strong></span> <span class='ocrx_word' id='word_1_481' title='bbox 1362 918 1394 947; x_wconf 90' lang='lat' dir='ltr'><strong>in</strong></span> <span class='ocrx_word' id='word_1_482' title='bbox 1407 919 1538 952; x_wconf 86' lang='lat' dir='ltr'><strong>mundo,</strong></span> <span class='ocrx_word' id='word_1_483' title='bbox 1555 922 1598 948; x_wconf 86' lang='lat' dir='ltr'><strong>est</strong></span> <span class='ocrx_word' id='word_1_484' title='bbox 1611 920 1696 949; x_wconf 87' lang='lat' dir='ltr'><strong>dives</strong></span> <span class='ocrx_word' id='word_1_485' title='bbox 1714 919 1746 948; x_wconf 94' lang='lat' dir='ltr'><strong>in</strong></span> <span class='ocrx_word' id='word_1_486' title='bbox 1756 919 1842 949; x_wconf 87' lang='lat' dir='ltr'><strong>eoelo.</strong></span> 
     </span>
     <span class='ocr_line' id='line_1_70' title="bbox 1061 963 1844 1003; baseline 0.006 -12"><span class='ocrx_word' id='word_1_487' title='bbox 1061 963 1258 1001; x_wconf 81' lang='lat' dir='ltr'><strong>Hieronymus</strong></span> <span class='ocrx_word' id='word_1_488' title='bbox 1271 965 1343 994; x_wconf 88' lang='lat' dir='ltr'><strong>dicit</strong></span> <span class='ocrx_word' id='word_1_489' title='bbox 1357 966 1368 983; x_wconf 79' lang='lat'>⁸</span> <span class='ocrx_word' id='word_1_490' title='bbox 1384 975 1391 993; x_wconf 73' lang='grc' dir='ltr'>ε</span> <span class='ocrx_word' id='word_1_491' title='bbox 1410 976 1423 992; x_wconf 71' lang='grc' dir='ltr'><strong>ει</strong></span> <span class='ocrx_word' id='word_1_492' title='bbox 1435 969 1465 995; x_wconf 92' lang='lat' dir='ltr'><strong>tn</strong></span> <span class='ocrx_word' id='word_1_493' title='bbox 1479 967 1595 996; x_wconf 88' lang='lat' dir='ltr'><strong>mundo</strong></span> <span class='ocrx_word' id='word_1_494' title='bbox 1615 967 1756 1003; x_wconf 83' lang='lat' dir='ltr'><strong>divitem,</strong></span> <span class='ocrx_word' id='word_1_495' title='bbox 1771 970 1800 996; x_wconf 88' lang='lat' dir='ltr'><strong>et</strong></span> <span class='ocrx_word' id='word_1_496' title='bbox 1813 967 1844 996; x_wconf 90' lang='lat' dir='ltr'><strong>in</strong></span> 
     </span>
     <span class='ocr_line' id='line_1_71' title="bbox 1061 1010 1842 1050; baseline 0.005 -11"><span class='ocrx_word' id='word_1_497' title='bbox 1061 1010 1137 1039; x_wconf 83' lang='lat' dir='ltr'><strong>eoelo</strong></span> <span class='ocrx_word' id='word_1_498' title='bbox 1152 1019 1227 1047; x_wconf 87' lang='lat' dir='ltr'><strong>esse,</strong></span> <span class='ocrx_word' id='word_1_499' title='bbox 1247 1020 1310 1041; x_wconf 91' lang='lat' dir='ltr'><strong>non</strong></span> <span class='ocrx_word' id='word_1_500' title='bbox 1323 1014 1367 1041; x_wconf 88' lang='lat' dir='ltr'><strong>est</strong></span> <span class='ocrx_word' id='word_1_501' title='bbox 1384 1013 1538 1050; x_wconf 86' lang='lat' dir='ltr'><strong>possible.</strong></span> <span class='ocrx_word' id='word_1_502' title='bbox 1555 1024 1570 1041; x_wconf 72' lang='grc' dir='ltr'><strong>ι)</strong></span> <span class='ocrx_word' id='word_1_503' title='bbox 1591 1014 1674 1043; x_wconf 89' lang='lat' dir='ltr'><strong>Unde</strong></span> <span class='ocrx_word' id='word_1_504' title='bbox 1690 1014 1818 1043; x_wconf 67' lang='lat' dir='ltr'><strong>dicitur*</strong></span> <span class='ocrx_word' id='word_1_505' title='bbox 1834 1023 1842 1043; x_wconf 74' lang='grc' dir='ltr'><strong>ε</strong></span> 
     </span>
     <span class='ocr_line' id='line_1_72' title="bbox 1064 1057 1843 1097; baseline 0.008 -13"><span class='ocrx_word' id='word_1_506' title='bbox 1064 1068 1077 1083; x_wconf 75' lang='grc' dir='ltr'><strong>«ι</strong></span> <span class='ocrx_word' id='word_1_507' title='bbox 1095 1057 1188 1086; x_wconf 86' lang='lat' dir='ltr'><strong>Nolite</strong></span> <span class='ocrx_word' id='word_1_508' title='bbox 1205 1059 1294 1087; x_wconf 87' lang='lat' dir='ltr'><strong>vobis</strong></span> <span class='ocrx_word' id='word_1_509' title='bbox 1309 1059 1506 1089; x_wconf 85' lang='lat' dir='ltr'><strong>thesaurizare</strong></span> <span class='ocrx_word' id='word_1_510' title='bbox 1525 1061 1680 1090; x_wconf 84' lang='lat' dir='ltr'><strong>thesauros</strong></span> <span class='ocrx_word' id='word_1_511' title='bbox 1702 1061 1732 1089; x_wconf 92' lang='lat' dir='ltr'><strong>in</strong></span> <span class='ocrx_word' id='word_1_512' title='bbox 1753 1062 1843 1097; x_wconf 88' lang='lat' dir='ltr'><strong>terra,</strong></span> 
     </span>
     <span class='ocr_line' id='line_1_73' title="bbox 1060 1105 1843 1144; baseline 0.004 -11"><span class='ocrx_word' id='word_1_513' title='bbox 1060 1105 1106 1133; x_wconf 90' lang='lat' dir='ltr'><strong>vel</strong></span> <span class='ocrx_word' id='word_1_514' title='bbox 1121 1105 1153 1133; x_wconf 91' lang='lat' dir='ltr'><strong>in</strong></span> <span class='ocrx_word' id='word_1_515' title='bbox 1173 1105 1300 1141; x_wconf 89' lang='lat' dir='ltr'><strong>mundo,</strong></span> <span class='ocrx_word' id='word_1_516' title='bbox 1320 1106 1373 1135; x_wconf 86' lang='lat' dir='ltr'><strong>ubi</strong></span> <span class='ocrx_word' id='word_1_517' title='bbox 1393 1115 1495 1143; x_wconf 83' lang='lat' dir='ltr'><strong>aerugo</strong></span> <span class='ocrx_word' id='word_1_518' title='bbox 1519 1110 1548 1136; x_wconf 86' lang='lat' dir='ltr'><strong>et</strong></span> <span class='ocrx_word' id='word_1_519' title='bbox 1568 1108 1648 1136; x_wconf 84' lang='lat' dir='ltr'><strong>tinea</strong></span> <span class='ocrx_word' id='word_1_520' title='bbox 1669 1107 1843 1144; x_wconf 89' lang='lat' dir='ltr'><strong>demolitur,</strong></span> 
     </span>
     <span class='ocr_line' id='line_1_74' title="bbox 1059 1152 1844 1190; baseline 0.005 -10"><span class='ocrx_word' id='word_1_521' title='bbox 1059 1154 1088 1180; x_wconf 88' lang='lat' dir='ltr'><strong>et</strong></span> <span class='ocrx_word' id='word_1_522' title='bbox 1100 1152 1151 1181; x_wconf 89' lang='lat' dir='ltr'><strong>ubi</strong></span> <span class='ocrx_word' id='word_1_523' title='bbox 1167 1153 1245 1182; x_wconf 85' lang='lat' dir='ltr'><strong>tures</strong></span> <span class='ocrx_word' id='word_1_524' title='bbox 1263 1154 1419 1190; x_wconf 73' lang='lat' dir='ltr'><strong>effodiunt,</strong></span> <span class='ocrx_word' id='word_1_525' title='bbox 1439 1157 1468 1183; x_wconf 87' lang='lat' dir='ltr'><strong>et</strong></span> <span class='ocrx_word' id='word_1_526' title='bbox 1482 1154 1632 1190; x_wconf 59' lang='lat' dir='ltr'><strong>furentum</strong></span> <span class='ocrx_word' id='word_1_527' title='bbox 1648 1155 1703 1184; x_wconf 91' lang='lat' dir='ltr'><strong>sed</strong></span> <span class='ocrx_word' id='word_1_528' title='bbox 1725 1155 1844 1184; x_wconf 80' lang='lat' dir='ltr'><strong>thesau-</strong></span> 
     </span>
     <span class='ocr_line' id='line_1_75' title="bbox 1059 1199 1842 1238; baseline 0.005 -11"><span class='ocrx_word' id='word_1_529' title='bbox 1059 1199 1146 1228; x_wconf 90' lang='lat' dir='ltr'><strong>rizate</strong></span> <span class='ocrx_word' id='word_1_530' title='bbox 1161 1200 1248 1228; x_wconf 86' lang='lat' dir='ltr'><strong>vobis</strong></span> <span class='ocrx_word' id='word_1_531' title='bbox 1262 1201 1417 1229; x_wconf 88' lang='lat' dir='ltr'><strong>thesauros</strong></span> <span class='ocrx_word' id='word_1_532' title='bbox 1437 1201 1466 1229; x_wconf 93' lang='lat' dir='ltr'><strong>in</strong></span> <span class='ocrx_word' id='word_1_533' title='bbox 1487 1201 1574 1237; x_wconf 85' lang='lat' dir='ltr'><strong>coelo,</strong></span> <span class='ocrx_word' id='word_1_534' title='bbox 1590 1202 1642 1230; x_wconf 91' lang='lat' dir='ltr'><strong>ubi</strong></span> <span class='ocrx_word' id='word_1_535' title='bbox 1657 1210 1713 1231; x_wconf 89' lang='lat' dir='ltr'><strong>nec</strong></span> <span class='ocrx_word' id='word_1_536' title='bbox 1727 1210 1842 1238; x_wconf 79' lang='lat' dir='ltr'><strong>oerugo,</strong></span> 
     </span>
     <span class='ocr_line' id='line_1_76' title="bbox 1059 1247 1839 1285; baseline 0.005 -11"><span class='ocrx_word' id='word_1_537' title='bbox 1059 1254 1112 1275; x_wconf 90' lang='lat' dir='ltr'><strong>nec</strong></span> <span class='ocrx_word' id='word_1_538' title='bbox 1128 1247 1206 1276; x_wconf 89' lang='lat' dir='ltr'><strong>tinea</strong></span> <span class='ocrx_word' id='word_1_539' title='bbox 1222 1247 1393 1284; x_wconf 88' lang='lat' dir='ltr'><strong>demolitur,</strong></span> <span class='ocrx_word' id='word_1_540' title='bbox 1409 1250 1437 1277; x_wconf 89' lang='lat' dir='ltr'><strong>et</strong></span> <span class='ocrx_word' id='word_1_541' title='bbox 1449 1248 1500 1277; x_wconf 90' lang='lat' dir='ltr'><strong>ubi</strong></span> <span class='ocrx_word' id='word_1_542' title='bbox 1516 1249 1596 1278; x_wconf 82' lang='lat' dir='ltr'><strong>sures</strong></span> <span class='ocrx_word' id='word_1_543' title='bbox 1608 1257 1668 1277; x_wconf 94' lang='lat' dir='ltr'><strong>non</strong></span> <span class='ocrx_word' id='word_1_544' title='bbox 1681 1249 1839 1285; x_wconf 79' lang='lat' dir='ltr'><strong>effodiunt,</strong></span> 
     </span>
     <span class='ocr_line' id='line_1_77' title="bbox 1058 1294 1842 1333; baseline 0.004 -12"><span class='ocrx_word' id='word_1_545' title='bbox 1058 1302 1113 1322; x_wconf 89' lang='lat' dir='ltr'><strong>nec</strong></span> <span class='ocrx_word' id='word_1_546' title='bbox 1129 1294 1274 1323; x_wconf 84' lang='lat' dir='ltr'><strong>iurantur.</strong></span> <span class='ocrx_word' id='word_1_547' title='bbox 1291 1295 1372 1324; x_wconf 74' lang='lat' dir='ltr'><strong>Unde</strong></span> <span class='ocrx_word' id='word_1_548' title='bbox 1393 1296 1481 1324; x_wconf 88' lang='lat' dir='ltr'><strong>etiam</strong></span> <span class='ocrx_word' id='word_1_549' title='bbox 1504 1296 1606 1324; x_wconf 88' lang='lat' dir='ltr'><strong>Glossa</strong></span> <span class='ocrx_word' id='word_1_550' title='bbox 1621 1304 1711 1333; x_wconf 89' lang='lat' dir='ltr'><strong>super</strong></span> <span class='ocrx_word' id='word_1_551' title='bbox 1727 1297 1842 1325; x_wconf 74' lang='lat' dir='ltr'><strong>Cantica</strong></span> 
     </span>
     <span class='ocr_line' id='line_1_78' title="bbox 1060 1342 1841 1380; baseline 0.005 -12"><span class='ocrx_word' id='word_1_552' title='bbox 1060 1342 1242 1376; x_wconf 69' lang='lat' dir='ltr'><strong>t‘antn&#39;corum,</strong></span> <span class='ocrx_word' id='word_1_553' title='bbox 1263 1342 1390 1380; x_wconf 88' lang='lat' dir='ltr'><strong>loquens</strong></span> <span class='ocrx_word' id='word_1_554' title='bbox 1412 1343 1449 1372; x_wconf 90' lang='lat' dir='ltr'><strong>de</strong></span> <span class='ocrx_word' id='word_1_555' title='bbox 1469 1343 1650 1379; x_wconf 87' lang='lat' dir='ltr'><strong>Christianis,</strong></span> <span class='ocrx_word' id='word_1_556' title='bbox 1666 1343 1738 1372; x_wconf 91' lang='lat' dir='ltr'><strong>dicit</strong></span> <span class='ocrx_word' id='word_1_557' title='bbox 1753 1352 1760 1372; x_wconf 89' lang='lat'><strong>:</strong></span> <span class='ocrx_word' id='word_1_558' title='bbox 1777 1345 1841 1372; x_wconf 83' lang='lat' dir='ltr'><strong>Non</strong></span> 
     </span>
     <span class='ocr_line' id='line_1_79' title="bbox 1057 1389 1842 1427; baseline 0.004 -11"><span class='ocrx_word' id='word_1_559' title='bbox 1057 1390 1100 1416; x_wconf 88' lang='lat' dir='ltr'><strong>est</strong></span> <span class='ocrx_word' id='word_1_560' title='bbox 1114 1389 1302 1425; x_wconf 69' lang='lat' dir='ltr'><strong>perfectionis</strong></span> <span class='ocrx_word' id='word_1_561' title='bbox 1317 1390 1482 1419; x_wconf 67' lang='lat' dir='ltr'><strong>christianae</strong></span> <span class='ocrx_word' id='word_1_562' title='bbox 1494 1390 1524 1418; x_wconf 92' lang='lat' dir='ltr'><strong>in</strong></span> <span class='ocrx_word' id='word_1_563' title='bbox 1538 1390 1754 1427; x_wconf 84' lang='lat' dir='ltr'><strong>temporalibus</strong></span> <span class='ocrx_word' id='word_1_564' title='bbox 1762 1390 1842 1420; x_wconf 86' lang='lat' dir='ltr'><strong>exal-</strong></span> 
     </span>
     <span class='ocr_line' id='line_1_80' title="bbox 1058 1435 1839 1473; baseline 0.004 -10"><span class='ocrx_word' id='word_1_565' title='bbox 1058 1435 1123 1470; x_wconf 83' lang='lat' dir='ltr'><strong>tari,</strong></span> <span class='ocrx_word' id='word_1_566' title='bbox 1138 1437 1190 1464; x_wconf 87' lang='lat' dir='ltr'><strong>sed</strong></span> <span class='ocrx_word' id='word_1_567' title='bbox 1208 1437 1307 1472; x_wconf 88' lang='lat' dir='ltr'><strong>potius</strong></span> <span class='ocrx_word' id='word_1_568' title='bbox 1329 1437 1456 1473; x_wconf 86' lang='lat' dir='ltr'><strong>deprimi</strong></span> <span class='ocrx_word' id='word_1_569' title='bbox 1473 1446 1480 1465; x_wconf 91' lang='lat'>:</span> <span class='ocrx_word' id='word_1_570' title='bbox 1505 1437 1576 1466; x_wconf 91' lang='lat' dir='ltr'><strong>mali</strong></span> <span class='ocrx_word' id='word_1_571' title='bbox 1598 1438 1678 1466; x_wconf 88' lang='lat' dir='ltr'><strong>enim</strong></span> <span class='ocrx_word' id='word_1_572' title='bbox 1697 1437 1770 1466; x_wconf 86' lang='lat' dir='ltr'><strong>nihil</strong></span> <span class='ocrx_word' id='word_1_573' title='bbox 1784 1437 1839 1466; x_wconf 84' lang='lat' dir='ltr'><strong>ha-</strong></span> 
     </span>
     <span class='ocr_line' id='line_1_81' title="bbox 1057 1482 1840 1520; baseline 0.004 -10"><span class='ocrx_word' id='word_1_574' title='bbox 1057 1482 1127 1511; x_wconf 85' lang='lat' dir='ltr'><strong>bent</strong></span> <span class='ocrx_word' id='word_1_575' title='bbox 1141 1483 1172 1511; x_wconf 92' lang='lat' dir='ltr'><strong>in</strong></span> <span class='ocrx_word' id='word_1_576' title='bbox 1194 1483 1288 1518; x_wconf 87' lang='lat' dir='ltr'><strong>coelo,</strong></span> <span class='ocrx_word' id='word_1_577' title='bbox 1303 1485 1330 1512; x_wconf 90' lang='lat' dir='ltr'><strong>et</strong></span> <span class='ocrx_word' id='word_1_578' title='bbox 1353 1484 1425 1512; x_wconf 87' lang='lat' dir='ltr'><strong>boni</strong></span> <span class='ocrx_word' id='word_1_579' title='bbox 1447 1484 1523 1512; x_wconf 85' lang='lat' dir='ltr'><strong>nihil</strong></span> <span class='ocrx_word' id='word_1_580' title='bbox 1537 1484 1648 1513; x_wconf 86' lang='lat' dir='ltr'><strong>habent</strong></span> <span class='ocrx_word' id='word_1_581' title='bbox 1667 1484 1698 1513; x_wconf 90' lang='lat' dir='ltr'><strong>in</strong></span> <span class='ocrx_word' id='word_1_582' title='bbox 1713 1484 1840 1520; x_wconf 90' lang='lat' dir='ltr'><strong>mundo,</strong></span> 
     </span>
     <span class='ocr_line' id='line_1_82' title="bbox 1057 1529 1841 1568; baseline 0.004 -11"><span class='ocrx_word' id='word_1_583' title='bbox 1057 1529 1109 1558; x_wconf 88' lang='lat' dir='ltr'><strong>sed</strong></span> <span class='ocrx_word' id='word_1_584' title='bbox 1125 1538 1200 1566; x_wconf 82' lang='lat' dir='ltr'><strong>soepe</strong></span> <span class='ocrx_word' id='word_1_585' title='bbox 1222 1530 1316 1566; x_wconf 85' lang='lat' dir='ltr'><strong>gratia</strong></span> <span class='ocrx_word' id='word_1_586' title='bbox 1333 1531 1412 1559; x_wconf 87' lang='lat' dir='ltr'><strong>illius</strong></span> <span class='ocrx_word' id='word_1_587' title='bbox 1433 1531 1516 1565; x_wconf 89' lang='lat' dir='ltr'><strong>boni,</strong></span> <span class='ocrx_word' id='word_1_588' title='bbox 1541 1531 1580 1560; x_wconf 90' lang='lat' dir='ltr'><strong>ad</strong></span> <span class='ocrx_word' id='word_1_589' title='bbox 1602 1532 1686 1568; x_wconf 86' lang='lat' dir='ltr'><strong>quod</strong></span> <span class='ocrx_word' id='word_1_590' title='bbox 1709 1532 1841 1561; x_wconf 88' lang='lat' dir='ltr'><strong>mendici</strong></span> 
     </span>
     <span class='ocr_line' id='line_1_83' title="bbox 1056 1577 1838 1615; baseline 0.005 -11"><span class='ocrx_word' id='word_1_591' title='bbox 1056 1577 1206 1613; x_wconf 79' lang='lat' dir='ltr'><strong>anhelant,</strong></span> <span class='ocrx_word' id='word_1_592' title='bbox 1227 1577 1377 1614; x_wconf 84' lang='lat' dir='ltr'><strong>quidquid</strong></span> <span class='ocrx_word' id='word_1_593' title='bbox 1400 1579 1430 1606; x_wconf 93' lang='lat' dir='ltr'><strong>in</strong></span> <span class='ocrx_word' id='word_1_594' title='bbox 1445 1579 1494 1606; x_wconf 86' lang='lat' dir='ltr'><strong>via</strong></span> <span class='ocrx_word' id='word_1_595' title='bbox 1514 1579 1676 1614; x_wconf 77' lang='lat' dir='ltr'><strong>contingat,</strong></span> <span class='ocrx_word' id='word_1_596' title='bbox 1695 1579 1838 1615; x_wconf 80' lang='lat' dir='ltr'><strong>gaudent.</strong></span> 
     </span>
     <span class='ocr_line' id='line_1_84' title="bbox 1057 1624 1840 1661; baseline 0.005 -11"><span class='ocrx_word' id='word_1_597' title='bbox 1057 1624 1137 1652; x_wconf 63' lang='lat' dir='ltr'><strong>{Tude</strong></span> <span class='ocrx_word' id='word_1_598' title='bbox 1159 1625 1338 1660; x_wconf 77' lang='lat' dir='ltr'><strong>Augustinus</strong></span> <span class='ocrx_word' id='word_1_599' title='bbox 1353 1626 1397 1661; x_wconf 81' lang='lat' dir='ltr'><strong>(de</strong></span> <span class='ocrx_word' id='word_1_600' title='bbox 1417 1627 1535 1653; x_wconf 70' lang='lat' dir='ltr'><strong>civitate</strong></span> <span class='ocrx_word' id='word_1_601' title='bbox 1543 1627 1601 1661; x_wconf 78' lang='lat' dir='ltr'><strong>Dei)</strong></span> <span class='ocrx_word' id='word_1_602' title='bbox 1617 1627 1627 1643; x_wconf 60' lang='lat'><strong>⁸·</strong></span> <span class='ocrx_word' id='word_1_603' title='bbox 1644 1636 1650 1654; x_wconf 92' lang='lat'><strong>:</strong></span> <span class='ocrx_word' id='word_1_604' title='bbox 1672 1637 1685 1652; x_wconf 75' lang='grc' dir='ltr'><strong>ιι</strong></span> <span class='ocrx_word' id='word_1_605' title='bbox 1697 1626 1840 1655; x_wconf 79' lang='lat' dir='ltr'><strong>satellites</strong></span> 
     </span>
     <span class='ocr_line' id='line_1_85' title="bbox 1056 1671 1838 1710; baseline 0.005 -12"><span class='ocrx_word' id='word_1_606' title='bbox 1056 1671 1243 1708; x_wconf 80' lang='lat' dir='ltr'><strong>voluptatum</strong></span> <span class='ocrx_word' id='word_1_607' title='bbox 1251 1672 1368 1700; x_wconf 87' lang='lat' dir='ltr'><strong>divitias</strong></span> <span class='ocrx_word' id='word_1_608' title='bbox 1379 1675 1531 1709; x_wconf 86' lang='lat' dir='ltr'><strong>appetunt,</strong></span> <span class='ocrx_word' id='word_1_609' title='bbox 1549 1681 1694 1710; x_wconf 85' lang='lat' dir='ltr'><strong>pauperes</strong></span> <span class='ocrx_word' id='word_1_610' title='bbox 1707 1682 1770 1702; x_wconf 88' lang='lat' dir='ltr'><strong>esse</strong></span> <span class='ocrx_word' id='word_1_611' title='bbox 1783 1682 1838 1702; x_wconf 91' lang='lat' dir='ltr'><strong>no-</strong></span> 
     </span>
     <span class='ocr_line' id='line_1_86' title="bbox 1056 1718 1838 1757; baseline 0.004 -11"><span class='ocrx_word' id='word_1_612' title='bbox 1056 1718 1129 1753; x_wconf 85' lang='lat' dir='ltr'><strong>lunt,</strong></span> <span class='ocrx_word' id='word_1_613' title='bbox 1145 1719 1310 1747; x_wconf 85' lang='lat' dir='ltr'><strong>honoribus</strong></span> <span class='ocrx_word' id='word_1_614' title='bbox 1325 1720 1472 1748; x_wconf 75' lang='lat' dir='ltr'><strong>inhiant.»</strong></span> <span class='ocrx_word' id='word_1_615' title='bbox 1489 1720 1545 1748; x_wconf 90' lang='lat' dir='ltr'><strong>Sed</strong></span> <span class='ocrx_word' id='word_1_616' title='bbox 1553 1723 1652 1749; x_wconf 89' lang='lat' dir='ltr'><strong>noster</strong></span> <span class='ocrx_word' id='word_1_617' title='bbox 1664 1723 1771 1757; x_wconf 80' lang='lat' dir='ltr'><strong>Murtyr</strong></span> <span class='ocrx_word' id='word_1_618' title='bbox 1785 1729 1838 1750; x_wconf 86' lang='lat' dir='ltr'><strong>rex</strong></span> 
     </span>
     <span class='ocr_line' id='line_1_87' title="bbox 1054 1766 1838 1803; baseline 0.005 -10"><span class='ocrx_word' id='word_1_619' title='bbox 1054 1774 1117 1794; x_wconf 81' lang='lat' dir='ltr'><strong>esse</strong></span> <span class='ocrx_word' id='word_1_620' title='bbox 1134 1766 1244 1795; x_wconf 83' lang='lat' dir='ltr'><strong>noluit:</strong></span> <span class='ocrx_word' id='word_1_621' title='bbox 1262 1767 1391 1796; x_wconf 85' lang='lat' dir='ltr'><strong>honores</strong></span> <span class='ocrx_word' id='word_1_622' title='bbox 1404 1767 1584 1803; x_wconf 86' lang='lat' dir='ltr'><strong>declinabat,</strong></span> <span class='ocrx_word' id='word_1_623' title='bbox 1600 1770 1628 1796; x_wconf 88' lang='lat' dir='ltr'><strong>et</strong></span> <span class='ocrx_word' id='word_1_624' title='bbox 1639 1768 1741 1796; x_wconf 88' lang='lat' dir='ltr'><strong>omnia</strong></span> <span class='ocrx_word' id='word_1_625' title='bbox 1757 1768 1838 1797; x_wconf 87' lang='lat' dir='ltr'><strong>mala</strong></span> 
     </span>
     <span class='ocr_line' id='line_1_88' title="bbox 1054 1814 1226 1843; baseline 0.012 -3"><span class='ocrx_word' id='word_1_626' title='bbox 1054 1814 1226 1843; x_wconf 77' lang='lat' dir='ltr'><strong>sustinebat.</strong></span> 
     </span>
    </p>

    <p class='ocr_par' dir='ltr' id='par_1_8' title="bbox 1050 1861 1838 2698">
     <span class='ocr_line' id='line_1_89' title="bbox 1091 1861 1838 1899; baseline 0.003 -10"><span class='ocrx_word' id='word_1_627' title='bbox 1091 1861 1245 1896; x_wconf 80' lang='lat' dir='ltr'><strong>Secundo,</strong></span> <span class='ocrx_word' id='word_1_628' title='bbox 1281 1863 1387 1898; x_wconf 79' lang='lat' dir='ltr'><strong>Martyr</strong></span> <span class='ocrx_word' id='word_1_629' title='bbox 1417 1864 1517 1891; x_wconf 90' lang='lat' dir='ltr'><strong>noster</strong></span> <span class='ocrx_word' id='word_1_630' title='bbox 1551 1864 1711 1899; x_wconf 85' lang='lat' dir='ltr'><strong>postquam</strong></span> <span class='ocrx_word' id='word_1_631' title='bbox 1755 1862 1838 1891; x_wconf 73' lang='lat' dir='ltr'><strong>fortis</strong></span> 
     </span>
     <span class='ocr_line' id='line_1_90' title="bbox 1053 1909 1838 1946; baseline 0.004 -11"><span class='ocrx_word' id='word_1_632' title='bbox 1053 1909 1191 1944; x_wconf 83' lang='lat' dir='ltr'><strong>apparuit</strong></span> <span class='ocrx_word' id='word_1_633' title='bbox 1230 1911 1334 1937; x_wconf 79' lang='lat' dir='ltr'><strong>contra</strong></span> <span class='ocrx_word' id='word_1_634' title='bbox 1363 1909 1530 1944; x_wconf 87' lang='lat' dir='ltr'><strong>mundum,</strong></span> <span class='ocrx_word' id='word_1_635' title='bbox 1560 1910 1698 1946; x_wconf 85' lang='lat' dir='ltr'><strong>apparuit</strong></span> <span class='ocrx_word' id='word_1_636' title='bbox 1734 1910 1838 1938; x_wconf 83' lang='lat' dir='ltr'><strong>sortior</strong></span> 
     </span>
     <span class='ocr_line' id='line_1_91' title="bbox 1055 1955 1837 1985; baseline 0.003 -3"><span class='ocrx_word' id='word_1_637' title='bbox 1055 1958 1157 1983; x_wconf 83' lang='lat' dir='ltr'><strong>contra</strong></span> <span class='ocrx_word' id='word_1_638' title='bbox 1179 1955 1346 1984; x_wconf 81' lang='lat' dir='ltr'><strong>diabolum.</strong></span> <span class='ocrx_word' id='word_1_639' title='bbox 1379 1958 1434 1984; x_wconf 77' lang='lat' dir='ltr'><strong>ista</strong></span> <span class='ocrx_word' id='word_1_640' title='bbox 1463 1957 1542 1984; x_wconf 90' lang='lat' dir='ltr'><strong>enim</strong></span> <span class='ocrx_word' id='word_1_641' title='bbox 1559 1956 1621 1984; x_wconf 88' lang='lat' dir='ltr'><strong>duo</strong></span> <span class='ocrx_word' id='word_1_642' title='bbox 1649 1956 1784 1985; x_wconf 87' lang='lat' dir='ltr'><strong>ordinate</strong></span> <span class='ocrx_word' id='word_1_643' title='bbox 1807 1965 1837 1985; x_wconf 87' lang='lat' dir='ltr'><strong>se</strong></span> 
     </span>
     <span class='ocr_line' id='line_1_92' title="bbox 1054 2002 1835 2039; baseline 0.001 -9"><span class='ocrx_word' id='word_1_644' title='bbox 1054 2002 1188 2030; x_wconf 81' lang='lat' dir='ltr'><strong>habent.-</strong></span> <span class='ocrx_word' id='word_1_645' title='bbox 1211 2005 1241 2030; x_wconf 91' lang='lat' dir='ltr'><strong>ut</strong></span> <span class='ocrx_word' id='word_1_646' title='bbox 1265 2003 1347 2038; x_wconf 87' lang='lat' dir='ltr'><strong>prius</strong></span> <span class='ocrx_word' id='word_1_647' title='bbox 1377 2003 1444 2039; x_wconf 82' lang='lat' dir='ltr'><strong>quis</strong></span> <span class='ocrx_word' id='word_1_648' title='bbox 1475 2005 1644 2031; x_wconf 85' lang='lat' dir='ltr'><strong>contemnat</strong></span> <span class='ocrx_word' id='word_1_649' title='bbox 1671 2003 1835 2038; x_wconf 86' lang='lat' dir='ltr'><strong>mundum,</strong></span> 
     </span>
     <span class='ocr_line' id='line_1_93' title="bbox 1054 2050 1836 2084; baseline 0.004 -9"><span class='ocrx_word' id='word_1_650' title='bbox 1054 2057 1145 2084; x_wconf 82' lang='lat' dir='ltr'><strong>quam</strong></span> <span class='ocrx_word' id='word_1_651' title='bbox 1167 2051 1269 2077; x_wconf 86' lang='lat' dir='ltr'><strong>contra</strong></span> <span class='ocrx_word' id='word_1_652' title='bbox 1296 2050 1451 2078; x_wconf 80' lang='lat' dir='ltr'><strong>diabolum</strong></span> <span class='ocrx_word' id='word_1_653' title='bbox 1480 2053 1576 2078; x_wconf 80' lang='lat' dir='ltr'><strong>sumat</strong></span> <span class='ocrx_word' id='word_1_654' title='bbox 1599 2050 1724 2078; x_wconf 86' lang='lat' dir='ltr'><strong>bellum.</strong></span> <span class='ocrx_word' id='word_1_655' title='bbox 1755 2051 1836 2079; x_wconf 76' lang='lat' dir='ltr'><strong>Unde</strong></span> 
     </span>
     <span class='ocr_line' id='line_1_94' title="bbox 1053 2096 1836 2132; baseline 0.003 -9"><span class='ocrx_word' id='word_1_656' title='bbox 1053 2096 1210 2132; x_wconf 74' lang='lat' dir='ltr'><strong>Gregorius</strong></span> <span class='ocrx_word' id='word_1_657' title='bbox 1235 2097 1245 2112; x_wconf 78' lang='lat'>⁰</span> <span class='ocrx_word' id='word_1_658' title='bbox 1271 2105 1277 2124; x_wconf 95' lang='lat'>:</span> <span class='ocrx_word' id='word_1_659' title='bbox 1311 2107 1324 2122; x_wconf 70' lang='grc' dir='ltr'><strong>«ι</strong></span> <span class='ocrx_word' id='word_1_660' title='bbox 1352 2098 1406 2130; x_wconf 71' lang='lat' dir='ltr'><strong>Qui</strong></span> <span class='ocrx_word' id='word_1_661' title='bbox 1425 2096 1474 2124; x_wconf 85' lang='lat' dir='ltr'><strong>-ad</strong></span> <span class='ocrx_word' id='word_1_662' title='bbox 1504 2097 1574 2125; x_wconf 86' lang='lat' dir='ltr'><strong>tidei</strong></span> <span class='ocrx_word' id='word_1_663' title='bbox 1598 2105 1726 2132; x_wconf 83' lang='lat' dir='ltr'><strong>agonem</strong></span> <span class='ocrx_word' id='word_1_664' title='bbox 1754 2097 1836 2125; x_wconf 83' lang='lat' dir='ltr'><strong>veni-</strong></span> 
     </span>
     <span class='ocr_line' id='line_1_95' title="bbox 1053 2143 1834 2180; baseline 0.003 -10"><span class='ocrx_word' id='word_1_665' title='bbox 1053 2152 1129 2177; x_wconf 70' lang='lat' dir='ltr'><strong>mus,</strong></span> <span class='ocrx_word' id='word_1_666' title='bbox 1151 2143 1300 2171; x_wconf 78' lang='lat' dir='ltr'><strong>luctamen</strong></span> <span class='ocrx_word' id='word_1_667' title='bbox 1321 2146 1422 2171; x_wconf 86' lang='lat' dir='ltr'><strong>contra</strong></span> <span class='ocrx_word' id='word_1_668' title='bbox 1439 2143 1587 2178; x_wconf 75' lang='lat' dir='ltr'><strong>malignos</strong></span> <span class='ocrx_word' id='word_1_669' title='bbox 1602 2144 1721 2180; x_wconf 85' lang='lat' dir='ltr'><strong>spiritus</strong></span> <span class='ocrx_word' id='word_1_670' title='bbox 1742 2144 1834 2172; x_wconf 82' lang='lat' dir='ltr'><strong>sumi-</strong></span> 
     </span>
     <span class='ocr_line' id='line_1_96' title="bbox 1054 2190 1833 2219; baseline 0.003 -2"><span class='ocrx_word' id='word_1_671' title='bbox 1054 2199 1129 2217; x_wconf 85' lang='lat' dir='ltr'><strong>mus.</strong></span> <span class='ocrx_word' id='word_1_672' title='bbox 1160 2190 1234 2218; x_wconf 73' lang='lat' dir='ltr'><strong>Nudi</strong></span> <span class='ocrx_word' id='word_1_673' title='bbox 1264 2192 1362 2218; x_wconf 82' lang='lat' dir='ltr'><strong>autem</strong></span> <span class='ocrx_word' id='word_1_674' title='bbox 1387 2198 1455 2218; x_wconf 84' lang='lat' dir='ltr'><strong>cum</strong></span> <span class='ocrx_word' id='word_1_675' title='bbox 1478 2190 1560 2218; x_wconf 85' lang='lat' dir='ltr'><strong>nudo</strong></span> <span class='ocrx_word' id='word_1_676' title='bbox 1585 2191 1613 2218; x_wconf 90' lang='lat' dir='ltr'><strong>in</strong></span> <span class='ocrx_word' id='word_1_677' title='bbox 1639 2191 1696 2218; x_wconf 87' lang='lat' dir='ltr'><strong>hoc</strong></span> <span class='ocrx_word' id='word_1_678' title='bbox 1718 2191 1833 2219; x_wconf 90' lang='lat' dir='ltr'><strong>mundo</strong></span> 
     </span>
     <span class='ocr_line' id='line_1_97' title="bbox 1054 2237 1833 2274; baseline 0.004 -11"><span class='ocrx_word' id='word_1_679' title='bbox 1054 2237 1156 2265; x_wconf 83' lang='lat' dir='ltr'><strong>luctari</strong></span> <span class='ocrx_word' id='word_1_680' title='bbox 1169 2237 1314 2265; x_wconf 81' lang='lat' dir='ltr'><strong>debemus</strong></span> <span class='ocrx_word' id='word_1_681' title='bbox 1326 2246 1332 2264; x_wconf 88' lang='lat'>:</span> <span class='ocrx_word' id='word_1_682' title='bbox 1348 2237 1492 2272; x_wconf 83' lang='lat' dir='ltr'><strong>quoniam</strong></span> <span class='ocrx_word' id='word_1_683' title='bbox 1504 2237 1526 2264; x_wconf 89' lang='lat' dir='ltr'><strong>si</strong></span> <span class='ocrx_word' id='word_1_684' title='bbox 1537 2237 1659 2265; x_wconf 87' lang='lat' dir='ltr'><strong>vestitus</strong></span> <span class='ocrx_word' id='word_1_685' title='bbox 1672 2238 1833 2274; x_wconf 81' lang='lat' dir='ltr'><strong>quisquam</strong></span> 
     </span>
     <span class='ocr_line' id='line_1_98' title="bbox 1053 2284 1832 2320; baseline 0.003 -9"><span class='ocrx_word' id='word_1_686' title='bbox 1053 2292 1120 2311; x_wconf 73' lang='lat' dir='ltr'><strong>cum</strong></span> <span class='ocrx_word' id='word_1_687' title='bbox 1136 2285 1218 2312; x_wconf 85' lang='lat' dir='ltr'><strong>nudo</strong></span> <span class='ocrx_word' id='word_1_688' title='bbox 1240 2284 1377 2318; x_wconf 84' lang='lat' dir='ltr'><strong>luctatur,</strong></span> <span class='ocrx_word' id='word_1_689' title='bbox 1398 2284 1481 2311; x_wconf 79' lang='lat' dir='ltr'><strong>citius</strong></span> <span class='ocrx_word' id='word_1_690' title='bbox 1502 2284 1541 2312; x_wconf 90' lang='lat' dir='ltr'><strong>ad</strong></span> <span class='ocrx_word' id='word_1_691' title='bbox 1558 2287 1665 2312; x_wconf 87' lang='lat' dir='ltr'><strong>terram</strong></span> <span class='ocrx_word' id='word_1_692' title='bbox 1686 2284 1832 2320; x_wconf 83' lang='lat' dir='ltr'><strong>dejicitur,</strong></span> 
     </span>
     <span class='ocr_line' id='line_1_99' title="bbox 1053 2331 1832 2369; baseline 0.003 -11"><span class='ocrx_word' id='word_1_693' title='bbox 1053 2331 1123 2367; x_wconf 83' lang='lat' dir='ltr'><strong>quia</strong></span> <span class='ocrx_word' id='word_1_694' title='bbox 1139 2331 1230 2359; x_wconf 79' lang='lat' dir='ltr'><strong>habet</strong></span> <span class='ocrx_word' id='word_1_695' title='bbox 1241 2331 1320 2359; x_wconf 89' lang='lat' dir='ltr'><strong>unde</strong></span> <span class='ocrx_word' id='word_1_696' title='bbox 1333 2333 1474 2359; x_wconf 76' lang='lat' dir='ltr'><strong>teneatur.</strong></span> <span class='ocrx_word' id='word_1_697' title='bbox 1488 2331 1575 2365; x_wconf 81' lang='lat' dir='ltr'><strong>Quid,</strong></span> <span class='ocrx_word' id='word_1_698' title='bbox 1586 2342 1599 2357; x_wconf 67' lang='lat' dir='ltr'><strong>n</strong></span> <span class='ocrx_word' id='word_1_699' title='bbox 1617 2332 1722 2369; x_wconf 87' lang='lat' dir='ltr'><strong>inquit,</strong></span> <span class='ocrx_word' id='word_1_700' title='bbox 1742 2343 1754 2358; x_wconf 73' lang='lat'><strong>‹-</strong></span> <span class='ocrx_word' id='word_1_701' title='bbox 1764 2335 1832 2360; x_wconf 75' lang='lat' dir='ltr'><strong>sunt</strong></span> 
     </span>
     <span class='ocr_line' id='line_1_100' title="bbox 1052 2378 1832 2414; baseline 0.003 -9"><span class='ocrx_word' id='word_1_702' title='bbox 1052 2380 1182 2412; x_wconf 83' lang='lat' dir='ltr'><strong>terrena,</strong></span> <span class='ocrx_word' id='word_1_703' title='bbox 1214 2378 1268 2405; x_wconf 84' lang='lat' dir='ltr'><strong>nisi</strong></span> <span class='ocrx_word' id='word_1_704' title='bbox 1301 2378 1438 2414; x_wconf 72' lang='lat' dir='ltr'><strong>quwdnm</strong></span> <span class='ocrx_word' id='word_1_705' title='bbox 1469 2379 1602 2414; x_wconf 75' lang='lat' dir='ltr'><strong>corporis</strong></span> <span class='ocrx_word' id='word_1_706' title='bbox 1633 2379 1832 2407; x_wconf 75' lang='lat' dir='ltr'><strong>indumenta?</strong></span> 
     </span>
     <span class='ocr_line' id='line_1_101' title="bbox 1053 2425 1831 2460; baseline 0.003 -8"><span class='ocrx_word' id='word_1_707' title='bbox 1053 2427 1162 2460; x_wconf 80' lang='lat' dir='ltr'><strong>Ergo,»</strong></span> <span class='ocrx_word' id='word_1_708' title='bbox 1180 2425 1286 2460; x_wconf 76' lang='lat' dir='ltr'><strong>inquit,</strong></span> <span class='ocrx_word' id='word_1_709' title='bbox 1304 2437 1313 2448; x_wconf 73' lang='lat' dir='ltr'>n</span> <span class='ocrx_word' id='word_1_710' title='bbox 1328 2425 1377 2460; x_wconf 84' lang='lat' dir='ltr'><strong>qui</strong></span> <span class='ocrx_word' id='word_1_711' title='bbox 1395 2428 1497 2453; x_wconf 85' lang='lat' dir='ltr'><strong>contra</strong></span> <span class='ocrx_word' id='word_1_712' title='bbox 1511 2425 1667 2454; x_wconf 80' lang='lat' dir='ltr'><strong>diabolum</strong></span> <span class='ocrx_word' id='word_1_713' title='bbox 1683 2426 1722 2454; x_wconf 89' lang='lat' dir='ltr'><strong>ad</strong></span> <span class='ocrx_word' id='word_1_714' title='bbox 1737 2428 1831 2455; x_wconf 87' lang='lat' dir='ltr'><strong>certa-</strong></span> 
     </span>
     <span class='ocr_line' id='line_1_102' title="bbox 1052 2472 1832 2508; baseline 0.001 -9"><span class='ocrx_word' id='word_1_715' title='bbox 1052 2480 1120 2499; x_wconf 87' lang='lat' dir='ltr'><strong>men</strong></span> <span class='ocrx_word' id='word_1_716' title='bbox 1132 2474 1281 2508; x_wconf 83' lang='lat' dir='ltr'><strong>properat,</strong></span> <span class='ocrx_word' id='word_1_717' title='bbox 1292 2472 1466 2500; x_wconf 83' lang='lat' dir='ltr'><strong>vestimenta</strong></span> <span class='ocrx_word' id='word_1_718' title='bbox 1479 2472 1562 2508; x_wconf 86' lang='lat' dir='ltr'><strong>prius</strong></span> <span class='ocrx_word' id='word_1_719' title='bbox 1570 2473 1699 2508; x_wconf 84' lang='lat' dir='ltr'><strong>abjiciat,</strong></span> <span class='ocrx_word' id='word_1_720' title='bbox 1717 2481 1752 2500; x_wconf 88' lang='lat' dir='ltr'><strong>ne</strong></span> <span class='ocrx_word' id='word_1_721' title='bbox 1768 2481 1832 2501; x_wconf 89' lang='lat' dir='ltr'><strong>suc-</strong></span> 
     </span>
     <span class='ocr_line' id='line_1_103' title="bbox 1051 2519 1831 2553; baseline 0.003 -6"><span class='ocrx_word' id='word_1_722' title='bbox 1051 2520 1185 2553; x_wconf 83' lang='lat' dir='ltr'><strong>cumbat3</strong></span> <span class='ocrx_word' id='word_1_723' title='bbox 1206 2519 1304 2547; x_wconf 86' lang='lat' dir='ltr'><strong>nullas</strong></span> <span class='ocrx_word' id='word_1_724' title='bbox 1326 2527 1424 2547; x_wconf 86' lang='lat' dir='ltr'><strong>rerum</strong></span> <span class='ocrx_word' id='word_1_725' title='bbox 1443 2519 1606 2547; x_wconf 80' lang='lat' dir='ltr'><strong>labentium</strong></span> <span class='ocrx_word' id='word_1_726' title='bbox 1621 2519 1831 2549; x_wconf 82' lang='lat' dir='ltr'><strong>delectationes</strong></span> 
     </span>
     <span class='ocr_line' id='line_1_104' title="bbox 1050 2566 1829 2603; baseline 0.001 -8"><span class='ocrx_word' id='word_1_727' title='bbox 1050 2567 1192 2603; x_wconf 86' lang='lat' dir='ltr'><strong>requirat,</strong></span> <span class='ocrx_word' id='word_1_728' title='bbox 1214 2574 1251 2594; x_wconf 90' lang='lat' dir='ltr'><strong>ne</strong></span> <span class='ocrx_word' id='word_1_729' title='bbox 1273 2566 1353 2594; x_wconf 88' lang='lat' dir='ltr'><strong>unde</strong></span> <span class='ocrx_word' id='word_1_730' title='bbox 1373 2566 1412 2594; x_wconf 80' lang='lat' dir='ltr'><strong>ad</strong></span> <span class='ocrx_word' id='word_1_731' title='bbox 1434 2569 1537 2595; x_wconf 72' lang='lat' dir='ltr'><strong>votum</strong></span> <span class='ocrx_word' id='word_1_732' title='bbox 1558 2567 1681 2602; x_wconf 82' lang='lat' dir='ltr'><strong>tegitur,</strong></span> <span class='ocrx_word' id='word_1_733' title='bbox 1706 2567 1775 2595; x_wconf 90' lang='lat' dir='ltr'><strong>inde</strong></span> <span class='ocrx_word' id='word_1_734' title='bbox 1790 2569 1829 2596; x_wconf 87' lang='lat' dir='ltr'><strong>ad</strong></span> 
     </span>
     <span class='ocr_line' id='line_1_105' title="bbox 1052 2631 1829 2664; baseline 0.003 -8"><span class='ocrx_word' id='word_1_735' title='bbox 1052 2634 1088 2656; x_wconf 76' lang='lat'><strong>¹0.</strong></span> <span class='ocrx_word' id='word_1_736' title='bbox 1107 2645 1132 2648; x_wconf 87' lang='lat'>—</span> <span class='ocrx_word' id='word_1_737' title='bbox 1155 2633 1165 2648; x_wconf 82' lang='lat'>⁶</span> <span class='ocrx_word' id='word_1_738' title='bbox 1186 2633 1260 2661; x_wconf 60' lang='lat' dir='ltr'><strong>Aug„</strong></span> <span class='ocrx_word' id='word_1_739' title='bbox 1279 2631 1308 2654; x_wconf 64' lang='lat' dir='ltr'><strong>‹Iv</strong></span> <span class='ocrx_word' id='word_1_740' title='bbox 1328 2633 1404 2655; x_wconf 68' lang='lat' dir='ltr'><strong>Cei-it.</strong></span> <span class='ocrx_word' id='word_1_741' title='bbox 1424 2631 1479 2654; x_wconf 70' lang='lat' dir='ltr'><strong>Dei.</strong></span> <span class='ocrx_word' id='word_1_742' title='bbox 1494 2643 1525 2648; x_wconf 94' lang='lat'><strong>—</strong></span> <span class='ocrx_word' id='word_1_743' title='bbox 1544 2632 1552 2645; x_wconf 67' lang='lat'><strong>&#39;²</strong></span> <span class='ocrx_word' id='word_1_744' title='bbox 1570 2632 1657 2663; x_wconf 81' lang='lat' dir='ltr'><strong>Greg.‚</strong></span> <span class='ocrx_word' id='word_1_745' title='bbox 1674 2639 1701 2654; x_wconf 78' lang='grc' dir='ltr'><strong>ιιι</strong></span> <span class='ocrx_word' id='word_1_746' title='bbox 1723 2632 1829 2664; x_wconf 71' lang='lat' dir='ltr'><strong>Evanq..</strong></span> 
     </span>
     <span class='ocr_line' id='line_1_106' title="bbox 1051 2668 1303 2698; baseline -0.004 -7"><span class='ocrx_word' id='word_1_747' title='bbox 1051 2668 1120 2692; x_wconf 73' lang='lat' dir='ltr'><strong>hom.</strong></span> <span class='ocrx_word' id='word_1_748' title='bbox 1138 2673 1223 2698; x_wconf 71' lang='lat' dir='ltr'><strong>xxxii,</strong></span> <span class='ocrx_word' id='word_1_749' title='bbox 1239 2674 1264 2690; x_wconf 90' lang='lat' dir='ltr'><strong>n.</strong></span> <span class='ocrx_word' id='word_1_750' title='bbox 1280 2669 1303 2691; x_wconf 71' lang='lat'><strong>2.</strong></span> 
     </span>
    </p>
   </div>
   <div class='ocr_carea' id='block_1_6' title="bbox 1859 355 1969 414">
    <p class='ocr_par' dir='ltr' id='par_1_9' title="bbox 1859 355 1969 414">
     <span class='ocr_line' id='line_1_107' title="bbox 1859 355 1969 414; baseline 0.018 -6"><span class='ocrx_word' id='word_1_751' title='bbox 1859 355 1969 414; x_wconf 54' lang='lat' dir='ltr'><strong>‚13P‘</strong></span> 
     </span>
    </p>
   </div>
  </div>
 </body>
</html>
