<?xml version="1.0" encoding="UTF-8"?>
<!DOCTYPE html PUBLIC "-//W3C//DTD XHTML 1.0 Transitional//EN"
    "http://www.w3.org/TR/xhtml1/DTD/xhtml1-transitional.dtd">
<html xmlns="http://www.w3.org/1999/xhtml" xml:lang="en" lang="en">
 <head>
  <title>
</title>
<meta http-equiv="Content-Type" content="text/html;charset=utf-8" />
  <meta name='ocr-system' content='tesseract 3.04.00' />
  <meta name='ocr-capabilities' content='ocr_page ocr_carea ocr_par ocr_line ocrx_word'/>
</head>
<body>
  <div class='ocr_page' id='page_1' title='image "./operaomniasixtiv14bonauoft/operaomniasixtiv14bonauoft_0674.png"; bbox 0 0 2029 3052; ppageno 0'>
   <div class='ocr_carea' id='block_1_1' title="bbox 415 387 1643 566">
    <p class='ocr_par' dir='ltr' id='par_1_1' title="bbox 415 387 1643 566">
     <span class='ocr_line' id='line_1_1' title="bbox 415 387 1643 438; baseline 0.002 -9"><span class='ocrx_word' id='word_1_1' title='bbox 415 387 485 429; x_wconf 76' lang='lat' dir='ltr'>An</span> <span class='ocrx_word' id='word_1_2' title='bbox 521 388 802 438; x_wconf 77' lang='lat' dir='ltr'><strong>QUEMDAM</strong></span> <span class='ocrx_word' id='word_1_3' title='bbox 840 389 1282 432; x_wconf 71' lang='lat' dir='ltr'>PRovmclALEM</span> <span class='ocrx_word' id='word_1_4' title='bbox 1318 391 1643 434; x_wconf 75' lang='lat' dir='ltr'>MlmsTRuM</span> 
     </span>
     <span class='ocr_line' id='line_1_2' title="bbox 813 497 1251 566; baseline 0.002 -2"><span class='ocrx_word' id='word_1_5' title='bbox 813 497 1251 566; x_wconf 88' lang='lat' dir='ltr'><strong>EPISTOLA¹</strong></span> 
     </span>
    </p>
   </div>
   <div class='ocr_carea' id='block_1_2' title="bbox 857 804 1212 928">
    <p class='ocr_par' dir='ltr' id='par_1_2' title="bbox 857 804 1212 928">
     <span class='ocr_line' id='line_1_3' title="bbox 857 804 1212 844; baseline 0.003 -1"><span class='ocrx_word' id='word_1_6' title='bbox 857 804 1063 844; x_wconf 85' lang='lat' dir='ltr'><strong>ARGUME</strong></span> <span class='ocrx_word' id='word_1_7' title='bbox 1073 805 1098 843; x_wconf 92' lang='lat' dir='ltr'>N</span> <span class='ocrx_word' id='word_1_8' title='bbox 1109 805 1135 844; x_wconf 91' lang='lat' dir='ltr'>T</span> <span class='ocrx_word' id='word_1_9' title='bbox 1145 805 1212 844; x_wconf 85' lang='grc' dir='ltr'>ΠΜ</span> 
     </span>
     <span class='ocr_line' id='line_1_4' title="bbox 907 892 1166 928; baseline -0.004 -8"><span class='ocrx_word' id='word_1_10' title='bbox 907 892 963 928; x_wconf 68' lang='lat' dir='ltr'>(Ex</span> <span class='ocrx_word' id='word_1_11' title='bbox 974 892 1043 921; x_wconf 67' lang='lat' dir='ltr'>edit.</span> <span class='ocrx_word' id='word_1_12' title='bbox 1062 892 1166 928; x_wconf 64' lang='lat' dir='ltr'>Vane.)</span> 
     </span>
    </p>
   </div>
   <div class='ocr_carea' id='block_1_3' title="bbox 225 974 1842 1144">
    <p class='ocr_par' dir='ltr' id='par_1_3' title="bbox 225 974 1842 1144">
     <span class='ocr_line' id='line_1_5' title="bbox 272 974 1840 1028; baseline 0.004 -19"><span class='ocrx_word' id='word_1_13' title='bbox 272 974 343 1010; x_wconf 85' lang='lat' dir='ltr'>Hac</span> <span class='ocrx_word' id='word_1_14' title='bbox 355 974 494 1022; x_wconf 85' lang='lat' dir='ltr'>epistola</span> <span class='ocrx_word' id='word_1_15' title='bbox 507 975 542 1010; x_wconf 93' lang='lat' dir='ltr'>S.</span> <span class='ocrx_word' id='word_1_16' title='bbox 560 975 796 1012; x_wconf 85' lang='lat' dir='ltr'>Bonaventura</span> <span class='ocrx_word' id='word_1_17' title='bbox 822 978 985 1024; x_wconf 86' lang='lat' dir='ltr'>praecipit,</span> <span class='ocrx_word' id='word_1_18' title='bbox 1011 984 1049 1013; x_wconf 91' lang='lat' dir='ltr'>ut</span> <span class='ocrx_word' id='word_1_19' title='bbox 1063 979 1182 1014; x_wconf 85' lang='lat' dir='ltr'>fratres</span> <span class='ocrx_word' id='word_1_20' title='bbox 1208 980 1261 1014; x_wconf 88' lang='lat' dir='ltr'>sui</span> <span class='ocrx_word' id='word_1_21' title='bbox 1284 979 1419 1015; x_wconf 84' lang='lat' dir='ltr'>Ordinis</span> <span class='ocrx_word' id='word_1_22' title='bbox 1445 984 1584 1015; x_wconf 84' lang='lat' dir='ltr'>caveant</span> <span class='ocrx_word' id='word_1_23' title='bbox 1606 992 1626 1015; x_wconf 84' lang='lat' dir='ltr'>a</span> <span class='ocrx_word' id='word_1_24' title='bbox 1651 981 1840 1028; x_wconf 82' lang='lat' dir='ltr'>frequentia</span> 
     </span>
     <span class='ocr_line' id='line_1_6' title="bbox 225 1033 1838 1084; baseline 0.004 -16"><span class='ocrx_word' id='word_1_25' title='bbox 225 1033 459 1077; x_wconf 86' lang='lat' dir='ltr'>discursuum,</span> <span class='ocrx_word' id='word_1_26' title='bbox 490 1035 532 1069; x_wconf 85' lang='lat' dir='ltr'>ab</span> <span class='ocrx_word' id='word_1_27' title='bbox 554 1035 805 1082; x_wconf 84' lang='lat' dir='ltr'>importunitate</span> <span class='ocrx_word' id='word_1_28' title='bbox 824 1041 1026 1083; x_wconf 72' lang='lat' dir='ltr'>quaestuum,</span> <span class='ocrx_word' id='word_1_29' title='bbox 1054 1050 1075 1073; x_wconf 82' lang='lat' dir='ltr'>a</span> <span class='ocrx_word' id='word_1_30' title='bbox 1102 1039 1355 1084; x_wconf 79' lang='lat' dir='ltr'>sumptuositate</span> <span class='ocrx_word' id='word_1_31' title='bbox 1384 1039 1622 1082; x_wconf 62' lang='lat' dir='ltr'>aedificiorum,</span> <span class='ocrx_word' id='word_1_32' title='bbox 1651 1039 1838 1083; x_wconf 88' lang='lat' dir='ltr'>librorum,</span> 
     </span>
     <span class='ocr_line' id='line_1_7' title="bbox 227 1093 1842 1144; baseline 0.004 -17"><span class='ocrx_word' id='word_1_33' title='bbox 227 1093 392 1136; x_wconf 87' lang='lat' dir='ltr'>vestium,</span> <span class='ocrx_word' id='word_1_34' title='bbox 424 1105 461 1128; x_wconf 84' lang='lat' dir='ltr'>ac</span> <span class='ocrx_word' id='word_1_35' title='bbox 484 1094 649 1137; x_wconf 87' lang='lat' dir='ltr'>ciborum,</span> <span class='ocrx_word' id='word_1_36' title='bbox 678 1106 699 1129; x_wconf 83' lang='lat' dir='ltr'>a</span> <span class='ocrx_word' id='word_1_37' title='bbox 725 1095 957 1141; x_wconf 64' lang='lat' dir='ltr'>praedicatione</span> <span class='ocrx_word' id='word_1_38' title='bbox 980 1100 1095 1131; x_wconf 86' lang='lat' dir='ltr'>contra</span> <span class='ocrx_word' id='word_1_39' title='bbox 1123 1097 1274 1143; x_wconf 79' lang='lat' dir='ltr'>praelatos</span> <span class='ocrx_word' id='word_1_40' title='bbox 1301 1109 1413 1133; x_wconf 86' lang='lat' dir='ltr'>coram</span> <span class='ocrx_word' id='word_1_41' title='bbox 1440 1098 1552 1142; x_wconf 83' lang='lat' dir='ltr'>laicis,</span> <span class='ocrx_word' id='word_1_42' title='bbox 1584 1102 1617 1133; x_wconf 90' lang='lat' dir='ltr'>et</span> <span class='ocrx_word' id='word_1_43' title='bbox 1642 1111 1663 1133; x_wconf 85' lang='lat' dir='ltr'>a</span> <span class='ocrx_word' id='word_1_44' title='bbox 1697 1098 1842 1144; x_wconf 76' lang='lat' dir='ltr'>litigiosa</span> 
     </span>
    </p>
   </div>
   <div class='ocr_carea' id='block_1_4' title="bbox 227 1151 1018 1198">
    <p class='ocr_par' dir='ltr' id='par_1_4' title="bbox 227 1151 1018 1198">
     <span class='ocr_line' id='line_1_8' title="bbox 227 1151 1018 1198; baseline 0.005 -13"><span class='ocrx_word' id='word_1_45' title='bbox 227 1151 399 1187; x_wconf 82' lang='lat' dir='ltr'>invasione</span> <span class='ocrx_word' id='word_1_46' title='bbox 414 1153 665 1198; x_wconf 83' lang='lat' dir='ltr'>sepulturarum</span> <span class='ocrx_word' id='word_1_47' title='bbox 679 1157 712 1188; x_wconf 92' lang='lat' dir='ltr'>et</span> <span class='ocrx_word' id='word_1_48' title='bbox 729 1157 1018 1190; x_wconf 80' lang='lat' dir='ltr'>testamentorum.</span> 
     </span>
    </p>
   </div>
   <div class='ocr_carea' id='block_1_5' title="bbox 223 1397 1009 2630">
    <p class='ocr_par' dir='ltr' id='par_1_5' title="bbox 224 1397 1006 1656">
     <span class='ocr_line' id='line_1_9' title="bbox 265 1397 1006 1433; baseline 0.005 -4"><span class='ocrx_word' id='word_1_49' title='bbox 265 1397 302 1429; x_wconf 94' lang='lat' dir='ltr'>ln</span> <span class='ocrx_word' id='word_1_50' title='bbox 318 1397 444 1430; x_wconf 88' lang='lat' dir='ltr'>Christo</span> <span class='ocrx_word' id='word_1_51' title='bbox 464 1398 524 1430; x_wconf 86' lang='lat' dir='ltr'>sihi</span> <span class='ocrx_word' id='word_1_52' title='bbox 541 1399 727 1431; x_wconf 85' lang='lat' dir='ltr'>charissimo</span> <span class='ocrx_word' id='word_1_53' title='bbox 751 1399 852 1432; x_wconf 82' lang='lat' dir='ltr'>Fratri</span> <span class='ocrx_word' id='word_1_54' title='bbox 869 1400 903 1432; x_wconf 94' lang='lat' dir='ltr'>B.</span> <span class='ocrx_word' id='word_1_55' title='bbox 922 1401 1006 1433; x_wconf 87' lang='lat' dir='ltr'>Sau-</span> 
     </span>
     <span class='ocr_line' id='line_1_10' title="bbox 224 1451 1006 1493; baseline 0.006 -11"><span class='ocrx_word' id='word_1_56' title='bbox 224 1451 299 1483; x_wconf 89' lang='lat' dir='ltr'>celis</span> <span class='ocrx_word' id='word_1_57' title='bbox 319 1451 497 1484; x_wconf 63' lang='lat' dir='ltr'>Provinciae</span> <span class='ocrx_word' id='word_1_58' title='bbox 520 1452 676 1493; x_wconf 84' lang='lat' dir='ltr'>Ministro,</span> <span class='ocrx_word' id='word_1_59' title='bbox 703 1453 812 1486; x_wconf 84' lang='lat' dir='ltr'>Frater</span> <span class='ocrx_word' id='word_1_60' title='bbox 843 1454 1006 1487; x_wconf 88' lang='lat' dir='ltr'>Bonaven-</span> 
     </span>
     <span class='ocr_line' id='line_1_11' title="bbox 224 1507 1006 1541; baseline 0.004 -3"><span class='ocrx_word' id='word_1_61' title='bbox 224 1508 297 1538; x_wconf 89' lang='lat' dir='ltr'>tura</span> <span class='ocrx_word' id='word_1_62' title='bbox 332 1507 460 1539; x_wconf 87' lang='lat' dir='ltr'>Ordinis</span> <span class='ocrx_word' id='word_1_63' title='bbox 487 1507 635 1540; x_wconf 79' lang='lat' dir='ltr'>Fratrum</span> <span class='ocrx_word' id='word_1_64' title='bbox 669 1509 830 1541; x_wconf 83' lang='lat' dir='ltr'>Minorum</span> <span class='ocrx_word' id='word_1_65' title='bbox 861 1509 1006 1541; x_wconf 82' lang='lat' dir='ltr'>Minister</span> 
     </span>
     <span class='ocr_line' id='line_1_12' title="bbox 225 1559 1005 1605; baseline 0.004 -13"><span class='ocrx_word' id='word_1_66' title='bbox 225 1559 398 1599; x_wconf 82' lang='lat' dir='ltr'>Generalis,</span> <span class='ocrx_word' id='word_1_67' title='bbox 423 1564 454 1593; x_wconf 90' lang='lat' dir='ltr'>et</span> <span class='ocrx_word' id='word_1_68' title='bbox 474 1571 600 1601; x_wconf 80' lang='lat' dir='ltr'>servuS,</span> <span class='ocrx_word' id='word_1_69' title='bbox 626 1562 767 1595; x_wconf 81' lang='lat' dir='ltr'>Salutem</span> <span class='ocrx_word' id='word_1_70' title='bbox 789 1566 819 1595; x_wconf 88' lang='lat' dir='ltr'>et</span> <span class='ocrx_word' id='word_1_71' title='bbox 839 1573 949 1605; x_wconf 86' lang='lat' dir='ltr'>pacem</span> <span class='ocrx_word' id='word_1_72' title='bbox 973 1564 1005 1595; x_wconf 90' lang='lat' dir='ltr'>in</span> 
     </span>
     <span class='ocr_line' id='line_1_13' title="bbox 224 1613 614 1656; baseline 0.005 -11"><span class='ocrx_word' id='word_1_73' title='bbox 224 1613 359 1646; x_wconf 89' lang='lat' dir='ltr'>Domino</span> <span class='ocrx_word' id='word_1_74' title='bbox 373 1615 614 1656; x_wconf 87' lang='lat' dir='ltr'>sempiternam.</span> 
     </span>
    </p>

    <p class='ocr_par' dir='ltr' id='par_1_6' title="bbox 223 1668 1009 2630">
     <span class='ocr_line' id='line_1_14' title="bbox 264 1668 1006 1711; baseline 0.004 -11"><span class='ocrx_word' id='word_1_75' title='bbox 264 1668 422 1706; x_wconf 84' lang='lat' dir='ltr'>Quoniam</span> <span class='ocrx_word' id='word_1_76' title='bbox 445 1669 485 1701; x_wconf 89' lang='lat' dir='ltr'>ad</span> <span class='ocrx_word' id='word_1_77' title='bbox 513 1670 573 1701; x_wconf 90' lang='lat' dir='ltr'>hoc</span> <span class='ocrx_word' id='word_1_78' title='bbox 602 1671 802 1711; x_wconf 87' lang='lat' dir='ltr'>potissimum</span> <span class='ocrx_word' id='word_1_79' title='bbox 834 1672 1006 1711; x_wconf 70' lang='lat' dir='ltr'>invigilare</span> 
     </span>
     <span class='ocr_line' id='line_1_15' title="bbox 223 1723 1005 1763; baseline 0.005 -10"><span class='ocrx_word' id='word_1_80' title='bbox 223 1723 316 1754; x_wconf 92' lang='lat' dir='ltr'>debet</span> <span class='ocrx_word' id='word_1_81' title='bbox 328 1723 462 1755; x_wconf 88' lang='lat' dir='ltr'>sollicita</span> <span class='ocrx_word' id='word_1_82' title='bbox 476 1733 553 1755; x_wconf 89' lang='lat' dir='ltr'>cura</span> <span class='ocrx_word' id='word_1_83' title='bbox 570 1725 714 1763; x_wconf 73' lang='lat' dir='ltr'>rectoris,</span> <span class='ocrx_word' id='word_1_84' title='bbox 735 1728 771 1756; x_wconf 91' lang='lat' dir='ltr'>ut</span> <span class='ocrx_word' id='word_1_85' title='bbox 786 1726 817 1756; x_wconf 93' lang='lat' dir='ltr'>in</span> <span class='ocrx_word' id='word_1_86' title='bbox 833 1727 1005 1757; x_wconf 82' lang='lat' dir='ltr'>commisso</span> 
     </span>
     <span class='ocr_line' id='line_1_16' title="bbox 224 1778 1006 1818; baseline 0.004 -10"><span class='ocrx_word' id='word_1_87' title='bbox 224 1786 326 1817; x_wconf 82' lang='lat' dir='ltr'>grege</span> <span class='ocrx_word' id='word_1_88' title='bbox 342 1778 494 1809; x_wconf 85' lang='lat' dir='ltr'>meritum</span> <span class='ocrx_word' id='word_1_89' title='bbox 512 1779 640 1810; x_wconf 83' lang='lat' dir='ltr'>virtutis</span> <span class='ocrx_word' id='word_1_90' title='bbox 655 1783 823 1818; x_wconf 85' lang='lat' dir='ltr'>accrescat,</span> <span class='ocrx_word' id='word_1_91' title='bbox 839 1781 1006 1812; x_wconf 72' lang='lat' dir='ltr'>claudatur</span> 
     </span>
     <span class='ocr_line' id='line_1_17' title="bbox 223 1831 1006 1874; baseline 0.005 -13"><span class='ocrx_word' id='word_1_92' title='bbox 223 1831 276 1862; x_wconf 86' lang='lat' dir='ltr'>via</span> <span class='ocrx_word' id='word_1_93' title='bbox 297 1831 394 1870; x_wconf 82' lang='lat' dir='ltr'>vitiis,</span> <span class='ocrx_word' id='word_1_94' title='bbox 419 1833 449 1863; x_wconf 91' lang='lat' dir='ltr'>et</span> <span class='ocrx_word' id='word_1_95' title='bbox 469 1832 562 1863; x_wconf 87' lang='lat' dir='ltr'>detur</span> <span class='ocrx_word' id='word_1_96' title='bbox 585 1833 728 1864; x_wconf 87' lang='lat' dir='ltr'>moribus</span> <span class='ocrx_word' id='word_1_97' title='bbox 741 1834 921 1874; x_wconf 78' lang='lat' dir='ltr'>disciplina,</span> <span class='ocrx_word' id='word_1_98' title='bbox 937 1835 1006 1866; x_wconf 91' lang='lat' dir='ltr'>dili-</span> 
     </span>
     <span class='ocr_line' id='line_1_18' title="bbox 224 1886 1006 1928; baseline 0.004 -12"><span class='ocrx_word' id='word_1_99' title='bbox 224 1886 313 1926; x_wconf 82' lang='lat' dir='ltr'>genti</span> <span class='ocrx_word' id='word_1_100' title='bbox 340 1886 567 1918; x_wconf 87' lang='lat' dir='ltr'>dcliberatione.</span> <span class='ocrx_word' id='word_1_101' title='bbox 596 1887 773 1928; x_wconf 85' lang='lat' dir='ltr'>praehabita</span> <span class='ocrx_word' id='word_1_102' title='bbox 784 1913 792 1926; x_wconf 93' lang='lat'>,</span> <span class='ocrx_word' id='word_1_103' title='bbox 825 1888 930 1919; x_wconf 76' lang='lat' dir='ltr'>visum</span> <span class='ocrx_word' id='word_1_104' title='bbox 959 1891 1006 1919; x_wconf 82' lang='lat' dir='ltr'>est</span> 
     </span>
     <span class='ocr_line' id='line_1_19' title="bbox 224 1940 1008 1982; baseline 0.003 -10"><span class='ocrx_word' id='word_1_105' title='bbox 224 1942 290 1972; x_wconf 86' lang='lat' dir='ltr'>tam</span> <span class='ocrx_word' id='word_1_106' title='bbox 306 1940 396 1979; x_wconf 85' lang='lat' dir='ltr'>mihi,</span> <span class='ocrx_word' id='word_1_107' title='bbox 407 1950 505 1981; x_wconf 89' lang='lat' dir='ltr'>quam</span> <span class='ocrx_word' id='word_1_108' title='bbox 518 1941 746 1972; x_wconf 78' lang='lat' dir='ltr'>diffinitoribus</span> <span class='ocrx_word' id='word_1_109' title='bbox 758 1942 892 1982; x_wconf 85' lang='lat' dir='ltr'>Capituli</span> <span class='ocrx_word' id='word_1_110' title='bbox 910 1942 1008 1974; x_wconf 81' lang='lat' dir='ltr'>Gene-</span> 
     </span>
     <span class='ocr_line' id='line_1_20' title="bbox 224 1994 1008 2036; baseline 0.003 -10"><span class='ocrx_word' id='word_1_111' title='bbox 224 1994 311 2033; x_wconf 72' lang='lat' dir='ltr'>ralis,</span> <span class='ocrx_word' id='word_1_112' title='bbox 320 1997 356 2026; x_wconf 89' lang='lat' dir='ltr'>ut</span> <span class='ocrx_word' id='word_1_113' title='bbox 366 1994 517 2026; x_wconf 87' lang='lat' dir='ltr'>Ministris</span> <span class='ocrx_word' id='word_1_114' title='bbox 527 1995 664 2035; x_wconf 81' lang='lat' dir='ltr'>singulis</span> <span class='ocrx_word' id='word_1_115' title='bbox 673 1996 792 2036; x_wconf 89' lang='lat' dir='ltr'>aliqua,</span> <span class='ocrx_word' id='word_1_116' title='bbox 802 1996 921 2027; x_wconf 81' lang='lat' dir='ltr'>ibidem</span> <span class='ocrx_word' id='word_1_117' title='bbox 933 2006 1008 2028; x_wconf 84' lang='lat' dir='ltr'>exa-</span> 
     </span>
     <span class='ocr_line' id='line_1_21' title="bbox 226 2048 1004 2089; baseline 0.004 -11"><span class='ocrx_word' id='word_1_118' title='bbox 226 2048 346 2079; x_wconf 87' lang='lat' dir='ltr'>minata</span> <span class='ocrx_word' id='word_1_119' title='bbox 355 2051 385 2079; x_wconf 89' lang='lat' dir='ltr'>et</span> <span class='ocrx_word' id='word_1_120' title='bbox 399 2049 552 2087; x_wconf 83' lang='lat' dir='ltr'>discussa,</span> <span class='ocrx_word' id='word_1_121' title='bbox 565 2049 750 2081; x_wconf 86' lang='lat' dir='ltr'>litteratorie</span> <span class='ocrx_word' id='word_1_122' title='bbox 761 2050 1004 2089; x_wconf 81' lang='lat' dir='ltr'>demandarem,</span> 
     </span>
     <span class='ocr_line' id='line_1_22' title="bbox 226 2102 1008 2144; baseline 0.004 -12"><span class='ocrx_word' id='word_1_123' title='bbox 226 2102 375 2143; x_wconf 84' lang='lat' dir='ltr'>ipsosque</span> <span class='ocrx_word' id='word_1_124' title='bbox 398 2102 549 2133; x_wconf 84' lang='lat' dir='ltr'>sollicitos</span> <span class='ocrx_word' id='word_1_125' title='bbox 565 2103 743 2140; x_wconf 77' lang='lat' dir='ltr'>redderem,</span> <span class='ocrx_word' id='word_1_126' title='bbox 759 2103 798 2134; x_wconf 88' lang='lat' dir='ltr'>ad</span> <span class='ocrx_word' id='word_1_127' title='bbox 815 2113 868 2135; x_wconf 78' lang='lat' dir='ltr'>eos</span> <span class='ocrx_word' id='word_1_128' title='bbox 884 2104 1008 2144; x_wconf 78' lang='lat' dir='ltr'>potissi-</span> 
     </span>
     <span class='ocr_line' id='line_1_23' title="bbox 227 2156 1008 2198; baseline 0.003 -11"><span class='ocrx_word' id='word_1_129' title='bbox 227 2165 318 2187; x_wconf 90' lang='lat' dir='ltr'>mum</span> <span class='ocrx_word' id='word_1_130' title='bbox 333 2156 452 2187; x_wconf 87' lang='lat' dir='ltr'>abusus</span> <span class='ocrx_word' id='word_1_131' title='bbox 466 2156 620 2188; x_wconf 78' lang='lat' dir='ltr'>tollendos</span> <span class='ocrx_word' id='word_1_132' title='bbox 632 2158 669 2188; x_wconf 86' lang='lat' dir='ltr'>de</span> <span class='ocrx_word' id='word_1_133' title='bbox 687 2158 802 2195; x_wconf 81' lang='lat' dir='ltr'>medio,</span> <span class='ocrx_word' id='word_1_134' title='bbox 819 2158 936 2198; x_wconf 69' lang='lat' dir='ltr'>quilius</span> <span class='ocrx_word' id='word_1_135' title='bbox 946 2159 1008 2189; x_wconf 86' lang='lat' dir='ltr'>sin-</span> 
     </span>
     <span class='ocr_line' id='line_1_24' title="bbox 226 2210 1007 2253; baseline 0.004 -12"><span class='ocrx_word' id='word_1_136' title='bbox 226 2210 338 2241; x_wconf 81' lang='lat' dir='ltr'>ceritas</span> <span class='ocrx_word' id='word_1_137' title='bbox 355 2210 531 2250; x_wconf 80' lang='lat' dir='ltr'>Religionis</span> <span class='ocrx_word' id='word_1_138' title='bbox 549 2212 701 2250; x_wconf 80' lang='lat' dir='ltr'>inlicitur,</span> <span class='ocrx_word' id='word_1_139' title='bbox 726 2213 926 2253; x_wconf 79' lang='lat' dir='ltr'>persectiouis</span> <span class='ocrx_word' id='word_1_140' title='bbox 945 2213 1007 2244; x_wconf 90' lang='lat' dir='ltr'>cel-</span> 
     </span>
     <span class='ocr_line' id='line_1_25' title="bbox 226 2264 1007 2305; baseline 0.004 -10"><span class='ocrx_word' id='word_1_141' title='bbox 226 2264 331 2296; x_wconf 89' lang='lat' dir='ltr'>situdo</span> <span class='ocrx_word' id='word_1_142' title='bbox 346 2264 538 2305; x_wconf 85' lang='lat' dir='ltr'>deprimitur</span> <span class='ocrx_word' id='word_1_143' title='bbox 551 2290 559 2303; x_wconf 93' lang='lat'>,</span> <span class='ocrx_word' id='word_1_144' title='bbox 575 2268 605 2296; x_wconf 89' lang='lat' dir='ltr'>et</span> <span class='ocrx_word' id='word_1_145' title='bbox 620 2266 795 2297; x_wconf 80' lang='lat' dir='ltr'>sanctitatis</span> <span class='ocrx_word' id='word_1_146' title='bbox 815 2267 942 2298; x_wconf 80' lang='lat' dir='ltr'>claritas</span> <span class='ocrx_word' id='word_1_147' title='bbox 957 2268 1007 2298; x_wconf 79' lang='lat' dir='ltr'>ot-</span> 
     </span>
     <span class='ocr_line' id='line_1_26' title="bbox 226 2318 1007 2359; baseline 0.003 -10"><span class='ocrx_word' id='word_1_148' title='bbox 226 2318 377 2350; x_wconf 80' lang='lat' dir='ltr'>fuscatur.</span> <span class='ocrx_word' id='word_1_149' title='bbox 395 2318 478 2349; x_wconf 89' lang='lat' dir='ltr'>Sane</span> <span class='ocrx_word' id='word_1_150' title='bbox 501 2329 575 2350; x_wconf 80' lang='lat' dir='ltr'>cum</span> <span class='ocrx_word' id='word_1_151' title='bbox 591 2321 769 2359; x_wconf 83' lang='lat' dir='ltr'>evangelici</span> <span class='ocrx_word' id='word_1_152' title='bbox 785 2320 936 2351; x_wconf 77' lang='lat' dir='ltr'>culminis</span> <span class='ocrx_word' id='word_1_153' title='bbox 950 2322 1007 2352; x_wconf 70' lang='lat' dir='ltr'>ol)-</span> 
     </span>
     <span class='ocr_line' id='line_1_27' title="bbox 226 2372 1008 2415; baseline 0.005 -13"><span class='ocrx_word' id='word_1_154' title='bbox 226 2375 353 2403; x_wconf 86' lang='lat' dir='ltr'>servata</span> <span class='ocrx_word' id='word_1_155' title='bbox 382 2372 547 2413; x_wconf 82' lang='lat' dir='ltr'>perfectio,</span> <span class='ocrx_word' id='word_1_156' title='bbox 579 2373 733 2405; x_wconf 78' lang='lat' dir='ltr'>hactenus</span> <span class='ocrx_word' id='word_1_157' title='bbox 762 2375 949 2415; x_wconf 81' lang='lat' dir='ltr'>spectabiles</span> <span class='ocrx_word' id='word_1_158' title='bbox 978 2380 1008 2407; x_wconf 89' lang='lat' dir='ltr'>et</span> 
     </span>
     <span class='ocr_line' id='line_1_28' title="bbox 227 2427 1008 2470; baseline 0.004 -13"><span class='ocrx_word' id='word_1_159' title='bbox 227 2427 380 2457; x_wconf 83' lang='lat' dir='ltr'>amabiles</span> <span class='ocrx_word' id='word_1_160' title='bbox 401 2435 460 2458; x_wconf 88' lang='lat' dir='ltr'>nos</span> <span class='ocrx_word' id='word_1_161' title='bbox 486 2427 608 2458; x_wconf 88' lang='lat' dir='ltr'>mundo</span> <span class='ocrx_word' id='word_1_162' title='bbox 639 2428 820 2466; x_wconf 76' lang='lat' dir='ltr'>reddiderit,</span> <span class='ocrx_word' id='word_1_163' title='bbox 855 2431 1008 2470; x_wconf 84' lang='lat' dir='ltr'>omnique</span> 
     </span>
     <span class='ocr_line' id='line_1_29' title="bbox 227 2481 1009 2523; baseline 0.005 -12"><span class='ocrx_word' id='word_1_164' title='bbox 227 2481 336 2512; x_wconf 82' lang='lat' dir='ltr'>favore</span> <span class='ocrx_word' id='word_1_165' title='bbox 351 2490 386 2511; x_wconf 91' lang='lat' dir='ltr'>ac</span> <span class='ocrx_word' id='word_1_166' title='bbox 402 2481 582 2512; x_wconf 81' lang='lat' dir='ltr'>reverentia</span> <span class='ocrx_word' id='word_1_167' title='bbox 599 2481 725 2520; x_wconf 75' lang='lat' dir='ltr'>dignos,</span> <span class='ocrx_word' id='word_1_168' title='bbox 743 2491 813 2513; x_wconf 76' lang='lat' dir='ltr'>ecce</span> <span class='ocrx_word' id='word_1_169' title='bbox 831 2484 900 2523; x_wconf 88' lang='lat' dir='ltr'>jam</span> <span class='ocrx_word' id='word_1_170' title='bbox 922 2493 1009 2514; x_wconf 89' lang='lat' dir='ltr'>nunc</span> 
     </span>
     <span class='ocr_line' id='line_1_30' title="bbox 228 2534 1009 2574; baseline 0.005 -10"><span class='ocrx_word' id='word_1_171' title='bbox 228 2534 433 2566; x_wconf 85' lang='lat' dir='ltr'>multitudine</span> <span class='ocrx_word' id='word_1_172' title='bbox 448 2535 481 2565; x_wconf 91' lang='lat' dir='ltr'>in</span> <span class='ocrx_word' id='word_1_173' title='bbox 504 2534 659 2574; x_wconf 85' lang='lat' dir='ltr'>proclivia</span> <span class='ocrx_word' id='word_1_174' title='bbox 674 2535 832 2574; x_wconf 84' lang='lat' dir='ltr'>tendente,</span> <span class='ocrx_word' id='word_1_175' title='bbox 849 2540 879 2567; x_wconf 88' lang='lat' dir='ltr'>et</span> <span class='ocrx_word' id='word_1_176' title='bbox 900 2538 1009 2568; x_wconf 83' lang='lat' dir='ltr'>remis-</span> 
     </span>
     <span class='ocr_line' id='line_1_31' title="bbox 228 2588 1008 2630; baseline 0.005 -11"><span class='ocrx_word' id='word_1_177' title='bbox 228 2588 294 2619; x_wconf 85' lang='lat' dir='ltr'>sius</span> <span class='ocrx_word' id='word_1_178' title='bbox 311 2588 483 2628; x_wconf 84' lang='lat' dir='ltr'>agentibus</span> <span class='ocrx_word' id='word_1_179' title='bbox 513 2589 563 2619; x_wconf 79' lang='lat' dir='ltr'>liis</span> <span class='ocrx_word' id='word_1_180' title='bbox 591 2589 646 2629; x_wconf 91' lang='lat' dir='ltr'>qui</span> <span class='ocrx_word' id='word_1_181' title='bbox 677 2593 831 2630; x_wconf 79' lang='lat' dir='ltr'>praesunt,</span> <span class='ocrx_word' id='word_1_182' title='bbox 857 2592 1008 2623; x_wconf 81' lang='lat' dir='ltr'>vitiorum</span> 
     </span>
    </p>
   </div>
   <div class='ocr_carea' id='block_1_6' title="bbox 229 2687 1010 2784">
    <p class='ocr_par' dir='ltr' id='par_1_7' title="bbox 229 2687 1010 2784">
     <span class='ocr_line' id='line_1_32' title="bbox 262 2687 1010 2721; baseline 0.007 -10"><span class='ocrx_word' id='word_1_183' title='bbox 262 2689 266 2704; x_wconf 81' lang='lat'><strong>¹</strong></span> <span class='ocrx_word' id='word_1_184' title='bbox 284 2688 324 2718; x_wconf 76' lang='lat' dir='ltr'>Cf.</span> <span class='ocrx_word' id='word_1_185' title='bbox 340 2687 405 2712; x_wconf 86' lang='lat' dir='ltr'>Edit.</span> <span class='ocrx_word' id='word_1_186' title='bbox 421 2688 597 2719; x_wconf 63' lang='lat' dir='ltr'>argentinam.</span> <span class='ocrx_word' id='word_1_187' title='bbox 612 2690 679 2719; x_wconf 63' lang='lat'>1495,</span> <span class='ocrx_word' id='word_1_188' title='bbox 694 2692 732 2721; x_wconf 69' lang='lat'>20,</span> <span class='ocrx_word' id='word_1_189' title='bbox 749 2697 806 2720; x_wconf 81' lang='lat' dir='ltr'>pars</span> <span class='ocrx_word' id='word_1_190' title='bbox 820 2693 827 2714; x_wconf 81' lang='lat'>¹</span> <span class='ocrx_word' id='word_1_191' title='bbox 840 2699 845 2721; x_wconf 91' lang='lat'><em>;</em></span> <span class='ocrx_word' id='word_1_192' title='bbox 858 2691 916 2715; x_wconf 74' lang='lat' dir='ltr'>edit.</span> <span class='ocrx_word' id='word_1_193' title='bbox 929 2692 1010 2717; x_wconf 73' lang='lat' dir='ltr'>Yatic.</span> 
     </span>
     <span class='ocr_line' id='line_1_33' title="bbox 229 2725 1009 2759; baseline 0.006 -12"><span class='ocrx_word' id='word_1_194' title='bbox 229 2730 270 2747; x_wconf 77' lang='lat' dir='ltr'>an.</span> <span class='ocrx_word' id='word_1_195' title='bbox 285 2725 354 2755; x_wconf 82' lang='lat'>¹596,</span> <span class='ocrx_word' id='word_1_196' title='bbox 368 2726 430 2748; x_wconf 89' lang='lat' dir='ltr'>tom.</span> <span class='ocrx_word' id='word_1_197' title='bbox 445 2725 500 2756; x_wconf 86' lang='lat' dir='ltr'>Vll,</span> <span class='ocrx_word' id='word_1_198' title='bbox 514 2725 574 2755; x_wconf 72' lang='lat'>4665</span> <span class='ocrx_word' id='word_1_199' title='bbox 587 2725 648 2749; x_wconf 84' lang='lat' dir='ltr'>edit.</span> <span class='ocrx_word' id='word_1_200' title='bbox 663 2726 754 2750; x_wconf 81' lang='lat' dir='ltr'>Venet.</span> <span class='ocrx_word' id='word_1_201' title='bbox 766 2733 808 2751; x_wconf 77' lang='lat' dir='ltr'>un.</span> <span class='ocrx_word' id='word_1_202' title='bbox 826 2728 895 2758; x_wconf 69' lang='lat'>¹754,</span> <span class='ocrx_word' id='word_1_203' title='bbox 909 2730 1009 2759; x_wconf 74' lang='lat' dir='ltr'>tom.V,</span> 
     </span>
     <span class='ocr_line' id='line_1_34' title="bbox 232 2761 287 2784; baseline 0 -1"><span class='ocrx_word' id='word_1_204' title='bbox 232 2761 287 2784; x_wconf 78' lang='grc' dir='ltr'>ΠΙ.</span> 
     </span>
    </p>
   </div>
   <div class='ocr_carea' id='block_1_7' title="bbox 1061 1401 1849 2796">
    <p class='ocr_par' dir='ltr' id='par_1_8' title="bbox 1061 1401 1849 2796">
     <span class='ocr_line' id='line_1_35' title="bbox 1061 1401 1846 1442; baseline -0.001 -9"><span class='ocrx_word' id='word_1_205' title='bbox 1061 1401 1212 1442; x_wconf 85' lang='lat' dir='ltr'>quaedam</span> <span class='ocrx_word' id='word_1_206' title='bbox 1227 1402 1332 1433; x_wconf 86' lang='lat' dir='ltr'>sentes</span> <span class='ocrx_word' id='word_1_207' title='bbox 1345 1403 1521 1433; x_wconf 88' lang='lat' dir='ltr'>cernuntur</span> <span class='ocrx_word' id='word_1_208' title='bbox 1539 1410 1751 1440; x_wconf 90' lang='lat' dir='ltr'>succrescere,</span> <span class='ocrx_word' id='word_1_209' title='bbox 1771 1410 1846 1442; x_wconf 80' lang='lat' dir='ltr'>quae</span> 
     </span>
     <span class='ocr_line' id='line_1_36' title="bbox 1061 1455 1842 1496; baseline 0 -9"><span class='ocrx_word' id='word_1_210' title='bbox 1061 1455 1140 1487; x_wconf 89' lang='lat' dir='ltr'>dum</span> <span class='ocrx_word' id='word_1_211' title='bbox 1151 1465 1277 1487; x_wconf 86' lang='lat' dir='ltr'>sacrum</span> <span class='ocrx_word' id='word_1_212' title='bbox 1288 1455 1350 1487; x_wconf 91' lang='lat' dir='ltr'>hoc</span> <span class='ocrx_word' id='word_1_213' title='bbox 1361 1455 1646 1496; x_wconf 88' lang='lat' dir='ltr'>venerandumque</span> <span class='ocrx_word' id='word_1_214' title='bbox 1656 1455 1842 1496; x_wconf 84' lang='lat' dir='ltr'>collegium,</span> 
     </span>
     <span class='ocr_line' id='line_1_37' title="bbox 1062 1509 1843 1551; baseline -0.001 -10"><span class='ocrx_word' id='word_1_215' title='bbox 1062 1509 1252 1551; x_wconf 82' lang='lat' dir='ltr'>despicabile</span> <span class='ocrx_word' id='word_1_216' title='bbox 1277 1512 1308 1541; x_wconf 91' lang='lat' dir='ltr'>et</span> <span class='ocrx_word' id='word_1_217' title='bbox 1335 1519 1509 1541; x_wconf 85' lang='lat' dir='ltr'>onerosum</span> <span class='ocrx_word' id='word_1_218' title='bbox 1540 1510 1676 1542; x_wconf 87' lang='lat' dir='ltr'>reddunt</span> <span class='ocrx_word' id='word_1_219' title='bbox 1706 1509 1843 1551; x_wconf 86' lang='lat' dir='ltr'>populis,</span> 
     </span>
     <span class='ocr_line' id='line_1_38' title="bbox 1061 1563 1846 1605; baseline 0 -10"><span class='ocrx_word' id='word_1_220' title='bbox 1061 1566 1252 1596; x_wconf 87' lang='lat' dir='ltr'>convertunt</span> <span class='ocrx_word' id='word_1_221' title='bbox 1274 1565 1306 1595; x_wconf 91' lang='lat' dir='ltr'>in</span> <span class='ocrx_word' id='word_1_222' title='bbox 1321 1563 1520 1602; x_wconf 87' lang='lat' dir='ltr'>scandalum,</span> <span class='ocrx_word' id='word_1_223' title='bbox 1538 1564 1623 1605; x_wconf 88' lang='lat' dir='ltr'>quod</span> <span class='ocrx_word' id='word_1_224' title='bbox 1640 1563 1764 1595; x_wconf 89' lang='lat' dir='ltr'>cunctis</span> <span class='ocrx_word' id='word_1_225' title='bbox 1779 1572 1846 1595; x_wconf 87' lang='lat' dir='ltr'>esse</span> 
     </span>
     <span class='ocr_line' id='line_1_39' title="bbox 1061 1620 1846 1662; baseline -0.001 -10"><span class='ocrx_word' id='word_1_226' title='bbox 1061 1621 1214 1653; x_wconf 86' lang='lat' dir='ltr'>debuerat</span> <span class='ocrx_word' id='word_1_227' title='bbox 1229 1621 1261 1651; x_wconf 93' lang='lat' dir='ltr'>in</span> <span class='ocrx_word' id='word_1_228' title='bbox 1276 1620 1473 1661; x_wconf 77' lang='lat' dir='ltr'>exemplum.</span> <span class='ocrx_word' id='word_1_229' title='bbox 1491 1620 1571 1652; x_wconf 86' lang='lat' dir='ltr'>Nam</span> <span class='ocrx_word' id='word_1_230' title='bbox 1589 1621 1768 1662; x_wconf 81' lang='lat' dir='ltr'>frequentia</span> <span class='ocrx_word' id='word_1_231' title='bbox 1782 1620 1846 1652; x_wconf 92' lang='lat' dir='ltr'>dis-</span> 
     </span>
     <span class='ocr_line' id='line_1_40' title="bbox 1062 1674 1845 1716; baseline -0.001 -10"><span class='ocrx_word' id='word_1_232' title='bbox 1062 1684 1186 1713; x_wconf 76' lang='lat' dir='ltr'>cursuS,</span> <span class='ocrx_word' id='word_1_233' title='bbox 1203 1677 1234 1706; x_wconf 89' lang='lat' dir='ltr'>et</span> <span class='ocrx_word' id='word_1_234' title='bbox 1244 1675 1470 1715; x_wconf 85' lang='lat' dir='ltr'>importunitas</span> <span class='ocrx_word' id='word_1_235' title='bbox 1483 1677 1639 1716; x_wconf 77' lang='lat' dir='ltr'>quaestus,</span> <span class='ocrx_word' id='word_1_236' title='bbox 1655 1674 1734 1706; x_wconf 89' lang='lat' dir='ltr'>viles</span> <span class='ocrx_word' id='word_1_237' title='bbox 1746 1683 1804 1706; x_wconf 82' lang='lat' dir='ltr'>nos</span> <span class='ocrx_word' id='word_1_238' title='bbox 1812 1676 1845 1705; x_wconf 87' lang='lat' dir='ltr'>et</span> 
     </span>
     <span class='ocr_line' id='line_1_41' title="bbox 1062 1728 1846 1769; baseline 0 -10"><span class='ocrx_word' id='word_1_239' title='bbox 1062 1738 1179 1768; x_wconf 82' lang='lat' dir='ltr'>graves</span> <span class='ocrx_word' id='word_1_240' title='bbox 1194 1729 1349 1767; x_wconf 72' lang='lat' dir='ltr'>efficiunt,</span> <span class='ocrx_word' id='word_1_241' title='bbox 1366 1738 1423 1769; x_wconf 88' lang='lat' dir='ltr'>pro</span> <span class='ocrx_word' id='word_1_242' title='bbox 1436 1738 1473 1760; x_wconf 89' lang='lat' dir='ltr'>eo</span> <span class='ocrx_word' id='word_1_243' title='bbox 1489 1729 1645 1767; x_wconf 79' lang='lat' dir='ltr'>videlicet,</span> <span class='ocrx_word' id='word_1_244' title='bbox 1664 1729 1749 1769; x_wconf 91' lang='lat' dir='ltr'>quod</span> <span class='ocrx_word' id='word_1_245' title='bbox 1766 1728 1846 1760; x_wconf 91' lang='lat' dir='ltr'>dum</span> 
     </span>
     <span class='ocr_line' id='line_1_42' title="bbox 1062 1782 1848 1822; baseline 0 -9"><span class='ocrx_word' id='word_1_246' title='bbox 1062 1783 1169 1822; x_wconf 77' lang='lat' dir='ltr'>parvis</span> <span class='ocrx_word' id='word_1_247' title='bbox 1195 1783 1348 1814; x_wconf 83' lang='lat' dir='ltr'>nolumus</span> <span class='ocrx_word' id='word_1_248' title='bbox 1377 1792 1446 1814; x_wconf 88' lang='lat' dir='ltr'>esse</span> <span class='ocrx_word' id='word_1_249' title='bbox 1475 1783 1634 1821; x_wconf 88' lang='lat' dir='ltr'>contenti,</span> <span class='ocrx_word' id='word_1_250' title='bbox 1660 1785 1690 1813; x_wconf 86' lang='lat' dir='ltr'>et</span> <span class='ocrx_word' id='word_1_251' title='bbox 1712 1782 1848 1814; x_wconf 82' lang='lat' dir='ltr'>aedisscia</span> 
     </span>
     <span class='ocr_line' id='line_1_43' title="bbox 1062 1836 1847 1877; baseline -0.001 -9"><span class='ocrx_word' id='word_1_252' title='bbox 1062 1839 1251 1877; x_wconf 84' lang='lat' dir='ltr'>sumptuosa</span> <span class='ocrx_word' id='word_1_253' title='bbox 1273 1846 1432 1868; x_wconf 86' lang='lat' dir='ltr'>conamur</span> <span class='ocrx_word' id='word_1_254' title='bbox 1454 1837 1594 1877; x_wconf 82' lang='lat' dir='ltr'>erigere,</span> <span class='ocrx_word' id='word_1_255' title='bbox 1622 1836 1697 1867; x_wconf 88' lang='lat' dir='ltr'>vilia</span> <span class='ocrx_word' id='word_1_256' title='bbox 1718 1845 1847 1867; x_wconf 87' lang='lat' dir='ltr'>summo</span> 
     </span>
     <span class='ocr_line' id='line_1_44' title="bbox 1063 1890 1849 1931; baseline -0.001 -9"><span class='ocrx_word' id='word_1_257' title='bbox 1063 1891 1168 1922; x_wconf 85' lang='lat' dir='ltr'>studio</span> <span class='ocrx_word' id='word_1_258' title='bbox 1179 1891 1396 1931; x_wconf 85' lang='lat' dir='ltr'>quaeritantes,</span> <span class='ocrx_word' id='word_1_259' title='bbox 1413 1891 1532 1921; x_wconf 88' lang='lat' dir='ltr'>nobilia</span> <span class='ocrx_word' id='word_1_260' title='bbox 1543 1900 1599 1931; x_wconf 74' lang='lat' dir='ltr'>per</span> <span class='ocrx_word' id='word_1_261' title='bbox 1613 1890 1769 1922; x_wconf 89' lang='lat' dir='ltr'>incuriam</span> <span class='ocrx_word' id='word_1_262' title='bbox 1781 1899 1849 1931; x_wconf 87' lang='lat' dir='ltr'>per·</span> 
     </span>
     <span class='ocr_line' id='line_1_45' title="bbox 1062 1944 1848 1983; baseline -0.001 -7"><span class='ocrx_word' id='word_1_263' title='bbox 1062 1945 1190 1983; x_wconf 71' lang='lat' dir='ltr'>dimus,</span> <span class='ocrx_word' id='word_1_264' title='bbox 1214 1954 1287 1976; x_wconf 89' lang='lat' dir='ltr'>cum</span> <span class='ocrx_word' id='word_1_265' title='bbox 1311 1954 1481 1976; x_wconf 88' lang='lat' dir='ltr'>murorum</span> <span class='ocrx_word' id='word_1_266' title='bbox 1508 1945 1634 1976; x_wconf 84' lang='lat' dir='ltr'>curiosa</span> <span class='ocrx_word' id='word_1_267' title='bbox 1655 1944 1848 1976; x_wconf 87' lang='lat' dir='ltr'>constructio</span> 
     </span>
     <span class='ocr_line' id='line_1_46' title="bbox 1063 1998 1848 2039; baseline -0.003 -8"><span class='ocrx_word' id='word_1_268' title='bbox 1063 1999 1311 2031; x_wconf 87' lang='lat' dir='ltr'>destructionem</span> <span class='ocrx_word' id='word_1_269' title='bbox 1339 1998 1441 2039; x_wconf 87' lang='lat' dir='ltr'>pariat</span> <span class='ocrx_word' id='word_1_270' title='bbox 1456 1998 1652 2029; x_wconf 89' lang='lat' dir='ltr'>animarum.</span> <span class='ocrx_word' id='word_1_271' title='bbox 1672 1998 1848 2030; x_wconf 77' lang='lat' dir='ltr'>perhorreo</span> 
     </span>
     <span class='ocr_line' id='line_1_47' title="bbox 1063 2053 1849 2095; baseline -0.003 -10"><span class='ocrx_word' id='word_1_272' title='bbox 1063 2053 1280 2095; x_wconf 86' lang='lat' dir='ltr'>quorumdam</span> <span class='ocrx_word' id='word_1_273' title='bbox 1294 2053 1479 2094; x_wconf 84' lang='lat' dir='ltr'>procacium</span> <span class='ocrx_word' id='word_1_274' title='bbox 1497 2053 1676 2091; x_wconf 87' lang='lat' dir='ltr'>audaciam,</span> <span class='ocrx_word' id='word_1_275' title='bbox 1698 2062 1762 2094; x_wconf 89' lang='lat' dir='ltr'>qua</span> <span class='ocrx_word' id='word_1_276' title='bbox 1777 2061 1849 2084; x_wconf 89' lang='lat' dir='ltr'>con-</span> 
     </span>
     <span class='ocr_line' id='line_1_48' title="bbox 1064 2107 1846 2147; baseline -0.001 -9"><span class='ocrx_word' id='word_1_277' title='bbox 1064 2110 1112 2139; x_wconf 86' lang='lat' dir='ltr'>tra</span> <span class='ocrx_word' id='word_1_278' title='bbox 1129 2107 1232 2138; x_wconf 87' lang='lat' dir='ltr'>Patris</span> <span class='ocrx_word' id='word_1_279' title='bbox 1245 2107 1345 2138; x_wconf 87' lang='lat' dir='ltr'>nostri</span> <span class='ocrx_word' id='word_1_280' title='bbox 1356 2107 1533 2138; x_wconf 82' lang='lat' dir='ltr'>doctrinam</span> <span class='ocrx_word' id='word_1_281' title='bbox 1547 2116 1653 2138; x_wconf 87' lang='lat' dir='ltr'>coram</span> <span class='ocrx_word' id='word_1_282' title='bbox 1665 2107 1753 2138; x_wconf 85' lang='lat' dir='ltr'>laicis</span> <span class='ocrx_word' id='word_1_283' title='bbox 1764 2115 1846 2147; x_wconf 82' lang='lat' dir='ltr'>prae-</span> 
     </span>
     <span class='ocr_line' id='line_1_49' title="bbox 1065 2161 1848 2201; baseline -0.001 -9"><span class='ocrx_word' id='word_1_284' title='bbox 1065 2161 1201 2193; x_wconf 86' lang='lat' dir='ltr'>dicando</span> <span class='ocrx_word' id='word_1_285' title='bbox 1225 2161 1256 2192; x_wconf 92' lang='lat' dir='ltr'>in</span> <span class='ocrx_word' id='word_1_286' title='bbox 1279 2161 1415 2192; x_wconf 78' lang='lat' dir='ltr'>Ecclesia</span> <span class='ocrx_word' id='word_1_287' title='bbox 1440 2163 1551 2192; x_wconf 88' lang='lat' dir='ltr'>contra</span> <span class='ocrx_word' id='word_1_288' title='bbox 1572 2161 1737 2201; x_wconf 62' lang='lat' dir='ltr'>praelatos,</span> <span class='ocrx_word' id='word_1_289' title='bbox 1763 2161 1848 2201; x_wconf 88' lang='lat' dir='ltr'>ipso-</span> 
     </span>
     <span class='ocr_line' id='line_1_50' title="bbox 1064 2214 1848 2255; baseline -0.003 -8"><span class='ocrx_word' id='word_1_290' title='bbox 1064 2225 1138 2247; x_wconf 87' lang='lat' dir='ltr'>rum</span> <span class='ocrx_word' id='word_1_291' title='bbox 1160 2217 1229 2246; x_wconf 84' lang='lat' dir='ltr'>acta</span> <span class='ocrx_word' id='word_1_292' title='bbox 1244 2214 1451 2255; x_wconf 68' lang='lat' dir='ltr'>suggillando</span> <span class='ocrx_word' id='word_1_293' title='bbox 1472 2216 1696 2254; x_wconf 80' lang='lat' dir='ltr'>consurgunt,</span> <span class='ocrx_word' id='word_1_294' title='bbox 1721 2214 1848 2245; x_wconf 90' lang='lat' dir='ltr'>nonnisi</span> 
     </span>
     <span class='ocr_line' id='line_1_51' title="bbox 1066 2268 1848 2309; baseline 0 -9"><span class='ocrx_word' id='word_1_295' title='bbox 1066 2269 1227 2306; x_wconf 87' lang='lat' dir='ltr'>scandala,</span> <span class='ocrx_word' id='word_1_296' title='bbox 1246 2269 1370 2309; x_wconf 84' lang='lat' dir='ltr'>jurgia,</span> <span class='ocrx_word' id='word_1_297' title='bbox 1397 2271 1427 2299; x_wconf 90' lang='lat' dir='ltr'>et</span> <span class='ocrx_word' id='word_1_298' title='bbox 1451 2268 1523 2299; x_wconf 85' lang='lat' dir='ltr'>odia</span> <span class='ocrx_word' id='word_1_299' title='bbox 1546 2269 1716 2307; x_wconf 79' lang='lat' dir='ltr'>seminant,</span> <span class='ocrx_word' id='word_1_300' title='bbox 1736 2271 1767 2299; x_wconf 91' lang='lat' dir='ltr'>et</span> <span class='ocrx_word' id='word_1_301' title='bbox 1782 2278 1848 2300; x_wconf 90' lang='lat' dir='ltr'>non</span> 
     </span>
     <span class='ocr_line' id='line_1_52' title="bbox 1065 2322 1848 2363; baseline -0.001 -10"><span class='ocrx_word' id='word_1_302' title='bbox 1065 2324 1169 2354; x_wconf 75' lang='lat' dir='ltr'>solum</span> <span class='ocrx_word' id='word_1_303' title='bbox 1187 2323 1343 2363; x_wconf 86' lang='lat' dir='ltr'>ipsorum,</span> <span class='ocrx_word' id='word_1_304' title='bbox 1362 2331 1476 2353; x_wconf 74' lang='lat' dir='ltr'>verum</span> <span class='ocrx_word' id='word_1_305' title='bbox 1492 2323 1586 2353; x_wconf 88' lang='lat' dir='ltr'>etiam</span> <span class='ocrx_word' id='word_1_306' title='bbox 1604 2322 1656 2353; x_wconf 87' lang='lat' dir='ltr'>Dei</span> <span class='ocrx_word' id='word_1_307' title='bbox 1673 2324 1848 2362; x_wconf 87' lang='lat' dir='ltr'>provocant</span> 
     </span>
     <span class='ocr_line' id='line_1_53' title="bbox 1065 2375 1847 2415; baseline -0.003 -7"><span class='ocrx_word' id='word_1_308' title='bbox 1065 2377 1159 2414; x_wconf 90' lang='lat' dir='ltr'>iram,</span> <span class='ocrx_word' id='word_1_309' title='bbox 1175 2386 1247 2407; x_wconf 82' lang='lat' dir='ltr'>cum</span> <span class='ocrx_word' id='word_1_310' title='bbox 1264 2376 1378 2407; x_wconf 89' lang='lat' dir='ltr'>diviua</span> <span class='ocrx_word' id='word_1_311' title='bbox 1401 2378 1523 2407; x_wconf 82' lang='lat' dir='ltr'>constet</span> <span class='ocrx_word' id='word_1_312' title='bbox 1538 2376 1610 2415; x_wconf 81' lang='lat' dir='ltr'>lege</span> <span class='ocrx_word' id='word_1_313' title='bbox 1620 2375 1790 2413; x_wconf 87' lang='lat' dir='ltr'>sancitum,</span> <span class='ocrx_word' id='word_1_314' title='bbox 1807 2384 1847 2406; x_wconf 90' lang='lat' dir='ltr'>ne</span> 
     </span>
     <span class='ocr_line' id='line_1_54' title="bbox 1065 2429 1845 2472; baseline -0.001 -11"><span class='ocrx_word' id='word_1_315' title='bbox 1065 2431 1138 2472; x_wconf 89' lang='lat' dir='ltr'>quis</span> <span class='ocrx_word' id='word_1_316' title='bbox 1153 2430 1319 2461; x_wconf 86' lang='lat' dir='ltr'>maledicat</span> <span class='ocrx_word' id='word_1_317' title='bbox 1334 2429 1442 2468; x_wconf 85' lang='lat' dir='ltr'>surdo,</span> <span class='ocrx_word' id='word_1_318' title='bbox 1466 2439 1522 2460; x_wconf 72' lang='lat' dir='ltr'>nec</span> <span class='ocrx_word' id='word_1_319' title='bbox 1552 2432 1648 2470; x_wconf 89' lang='lat' dir='ltr'>ponat</span> <span class='ocrx_word' id='word_1_320' title='bbox 1671 2429 1845 2460; x_wconf 76' lang='lat' dir='ltr'>offendicu-</span> 
     </span>
     <span class='ocr_line' id='line_1_55' title="bbox 1065 2483 1847 2524; baseline -0.004 -8"><span class='ocrx_word' id='word_1_321' title='bbox 1065 2485 1133 2516; x_wconf 90' lang='lat' dir='ltr'>lum</span> <span class='ocrx_word' id='word_1_322' title='bbox 1156 2494 1264 2515; x_wconf 86' lang='lat' dir='ltr'>coram</span> <span class='ocrx_word' id='word_1_323' title='bbox 1287 2493 1380 2515; x_wconf 78' lang='lat' dir='ltr'>caeco.</span> <span class='ocrx_word' id='word_1_324' title='bbox 1404 2484 1464 2514; x_wconf 84' lang='lat' dir='ltr'>Sed</span> <span class='ocrx_word' id='word_1_325' title='bbox 1494 2486 1523 2515; x_wconf 89' lang='lat' dir='ltr'>et</span> <span class='ocrx_word' id='word_1_326' title='bbox 1550 2483 1789 2524; x_wconf 85' lang='lat' dir='ltr'>sepulturarum</span> <span class='ocrx_word' id='word_1_327' title='bbox 1811 2492 1847 2513; x_wconf 89' lang='lat' dir='ltr'>ac</span> 
     </span>
     <span class='ocr_line' id='line_1_56' title="bbox 1066 2537 1846 2578; baseline -0.003 -9"><span class='ocrx_word' id='word_1_328' title='bbox 1066 2540 1331 2570; x_wconf 85' lang='lat' dir='ltr'>testamentorum</span> <span class='ocrx_word' id='word_1_329' title='bbox 1357 2538 1495 2577; x_wconf 79' lang='lat' dir='ltr'>litigiosa</span> <span class='ocrx_word' id='word_1_330' title='bbox 1521 2540 1551 2568; x_wconf 81' lang='lat' dir='ltr'>et</span> <span class='ocrx_word' id='word_1_331' title='bbox 1576 2537 1671 2568; x_wconf 87' lang='lat' dir='ltr'>avida</span> <span class='ocrx_word' id='word_1_332' title='bbox 1698 2537 1846 2578; x_wconf 79' lang='lat' dir='ltr'>quaedam</span> 
     </span>
     <span class='ocr_line' id='line_1_57' title="bbox 1066 2590 1846 2631; baseline -0.003 -8"><span class='ocrx_word' id='word_1_333' title='bbox 1066 2593 1202 2630; x_wconf 82' lang='lat' dir='ltr'>invasio,</span> <span class='ocrx_word' id='word_1_334' title='bbox 1227 2601 1301 2623; x_wconf 84' lang='lat' dir='ltr'>cum</span> <span class='ocrx_word' id='word_1_335' title='bbox 1327 2591 1511 2623; x_wconf 80' lang='lat' dir='ltr'>exclusione</span> <span class='ocrx_word' id='word_1_336' title='bbox 1536 2591 1676 2628; x_wconf 87' lang='lat' dir='ltr'>illorum,</span> <span class='ocrx_word' id='word_1_337' title='bbox 1703 2590 1741 2622; x_wconf 89' lang='lat' dir='ltr'>ad</span> <span class='ocrx_word' id='word_1_338' title='bbox 1765 2599 1846 2631; x_wconf 87' lang='lat' dir='ltr'>quos</span> 
     </span>
     <span class='ocr_line' id='line_1_58' title="bbox 1066 2645 1846 2686; baseline -0.004 -8"><span class='ocrx_word' id='word_1_339' title='bbox 1066 2647 1250 2678; x_wconf 84' lang='lat' dir='ltr'>animarum</span> <span class='ocrx_word' id='word_1_340' title='bbox 1269 2655 1346 2676; x_wconf 84' lang='lat' dir='ltr'>cura</span> <span class='ocrx_word' id='word_1_341' title='bbox 1369 2648 1510 2686; x_wconf 83' lang='lat' dir='ltr'>spectare</span> <span class='ocrx_word' id='word_1_342' title='bbox 1533 2645 1751 2685; x_wconf 79' lang='lat' dir='ltr'>dignoscitur,</span> <span class='ocrx_word' id='word_1_343' title='bbox 1781 2653 1846 2675; x_wconf 91' lang='lat' dir='ltr'>non</span> 
     </span>
     <span class='ocr_line' id='line_1_59' title="bbox 1068 2698 1844 2736; baseline -0.005 -4"><span class='ocrx_word' id='word_1_344' title='bbox 1068 2701 1230 2732; x_wconf 89' lang='lat' dir='ltr'>modicum</span> <span class='ocrx_word' id='word_1_345' title='bbox 1254 2709 1312 2731; x_wconf 90' lang='lat' dir='ltr'>nos</span> <span class='ocrx_word' id='word_1_346' title='bbox 1333 2699 1417 2730; x_wconf 91' lang='lat' dir='ltr'>clero</span> <span class='ocrx_word' id='word_1_347' title='bbox 1437 2699 1494 2731; x_wconf 92' lang='lat' dir='ltr'>toti</span> <span class='ocrx_word' id='word_1_348' title='bbox 1516 2699 1589 2730; x_wconf 79' lang='lat' dir='ltr'>fecit</span> <span class='ocrx_word' id='word_1_349' title='bbox 1610 2707 1735 2736; x_wconf 83' lang='lat' dir='ltr'>exosos,</span> <span class='ocrx_word' id='word_1_350' title='bbox 1752 2698 1844 2735; x_wconf 87' lang='lat' dir='ltr'>sicut,</span> 
     </span>
     <span class='ocr_line' id='line_1_60' title="bbox 1068 2752 1848 2796; baseline -0.004 -10"><span class='ocrx_word' id='word_1_351' title='bbox 1068 2754 1264 2796; x_wconf 80' lang='lat' dir='ltr'>experientia</span> <span class='ocrx_word' id='word_1_352' title='bbox 1277 2754 1420 2792; x_wconf 89' lang='lat' dir='ltr'>docente,</span> <span class='ocrx_word' id='word_1_353' title='bbox 1435 2753 1648 2795; x_wconf 88' lang='lat' dir='ltr'>percepimus,</span> <span class='ocrx_word' id='word_1_354' title='bbox 1661 2754 1692 2784; x_wconf 91' lang='lat' dir='ltr'>et</span> <span class='ocrx_word' id='word_1_355' title='bbox 1702 2752 1768 2794; x_wconf 88' lang='lat' dir='ltr'>ipse</span> <span class='ocrx_word' id='word_1_356' title='bbox 1778 2761 1848 2783; x_wconf 83' lang='lat' dir='ltr'>san-</span> 
     </span>
    </p>
   </div>
  </div>
 </body>
</html>
