2029 3052
525 236 576 271 DE
598 236 810 270 MIRACULIS
832 238 954 272 IPSIUS
979 240 1076 273 PosT
1098 242 1273 276 MORTEM.

97 307 241 338 sanetum
261 305 464 338 Franciseum
487 306 571 338 inter
594 307 719 338 sanctos
744 306 872 346 speciali

97 360 311 391 venerabatur
337 360 465 392 affectu.
495 360 577 391 Dixit
605 361 712 391 autem
737 361 873 392 creditor

96 421 174 444 suus
191 422 267 446 voce
282 414 478 454 blasphema,
501 413 585 455 quod
598 423 655 445 nec
672 414 870 453 Franciscus,

96 475 155 498 nec
170 466 252 498 Deus
272 469 376 508 posset
390 476 464 499 eum
484 467 522 499 de
543 467 609 498 suis
626 467 774 499 manibus
793 467 870 499 libe-

95 529 178 552 rare.
206 521 337 552 Factum
366 523 412 552 est
436 522 542 562 itaque
572 521 604 552 in
629 521 743 561 vigilia
774 521 872 553 sancti

95 574 264 615 Francisci,
282 584 355 607 cum
372 575 499 607 vinetus
514 575 566 607 ille
578 575 660 606 nihil
673 575 869 613 comedisset,

95 629 149 660 sed
166 629 207 660 ob
223 629 321 660 sancti
337 638 479 661 amorem
495 629 616 660 victum
634 638 728 660 suurn
744 629 871 661 cuidam

95 682 259 714 tribuisset
275 692 389 724 egeno,
407 684 496 715 nocte
512 683 658 715 veniente
681 683 829 724 apparuit
843 683 871 714 ei

94 737 242 777 vigilanti
265 739 394 768 sanctus
417 736 619 775 Franciscus‚
643 736 682 768 ad
707 737 799 776 quus
820 737 869 767 in-

94 799 242 831 gressum
258 791 386 823 vincula
405 791 443 822 de
464 790 612 831 pedibus,
634 792 666 821 et
689 791 811 821 catenae
833 790 871 821 de

95 845 244 877 manibus
257 845 448 876 ceciderunt.
466 844 584 886 Sponte
601 845 711 885 aperta
725 845 801 875 sunt
818 852 868 874 os-

94 899 153 938 tia,
176 899 383 940 prosilierunt
405 899 523 930 tabulae
540 899 579 930 de
598 898 724 938 solario,
742 899 772 929 et
790 897 871 928 liber

94 953 244 985 abscessit
257 953 366 992 homo,
381 953 421 984 ad
434 952 563 994 propria
573 952 710 984 rediens.
724 951 871 992 Implevit

93 1016 135 1039 ex
158 1008 235 1039 tunc
268 1009 396 1046 votum,
422 1008 574 1048 jejunans
608 1007 756 1046 vigiliam
787 1006 870 1038 beati

93 1061 271 1100 Francisci,
297 1063 328 1092 et
349 1071 455 1099 cereo,
481 1071 576 1102 quem
602 1061 768 1092 annuatim
793 1070 868 1092 con-

93 1117 198 1148 sucvit
232 1116 365 1154 offerre,
396 1115 429 1146 in
460 1115 664 1146 accrescentis
694 1114 870 1147 devotionis

93 1170 259 1208 indicium,
276 1169 444 1201 annuatim
459 1169 587 1200 unicam
608 1168 736 1200 unciam
756 1177 871 1209 super-

93 1224 223 1256 addens.

134 1277 302 1309 Residente
311 1278 346 1308 in
360 1277 438 1308 Sede
452 1276 487 1308 B.
504 1277 589 1308 Petri
604 1277 734 1308 domino
750 1277 870 1316 Grego-

93 1332 142 1364 rio
154 1332 255 1372 Nono,
272 1332 402 1373 quidam
416 1332 530 1363 Petrus
545 1331 675 1363 nomine
689 1331 727 1362 de
742 1331 869 1363 civitate

93 1386 201 1426 Misia,
226 1387 265 1418 de
290 1386 406 1418 haeresi
428 1387 607 1423 accusatus,
632 1385 740 1416 Romae
759 1387 869 1426 captus

91 1442 158 1478 est,
182 1442 213 1471 et
236 1441 274 1471 de
296 1440 445 1471 mandato
472 1440 614 1480 ejusdem
641 1439 803 1470 Pontificis
828 1439 867 1470 ad

92 1495 336 1526 custodiendum
355 1495 490 1526 traditus
508 1494 661 1535 Episcopo
684 1493 865 1525 Tiburtino.

91 1547 192 1585 Quem
207 1549 266 1579 sub
278 1557 373 1589 poena
385 1548 584 1588 episcopatus
600 1548 768 1588 accipiens⁷
783 1557 867 1579 eom-

88 1603 222 1643 pedibus
245 1602 409 1642 alligavit,
432 1602 633 1642 obscureque
662 1601 769 1642 ipsum
795 1611 864 1632 ear-

88 1665 169 1695 cere,
184 1665 225 1687 ne
234 1658 340 1697 posset
349 1656 504 1695 effugere,
520 1656 592 1687 fecit
604 1655 734 1694 includi,
749 1664 864 1696 panem

87 1710 116 1742 ei
131 1711 277 1752 praebens
291 1711 326 1741 in
340 1710 490 1751 pondere,
508 1711 538 1741 et
556 1710 707 1758 poculum
723 1710 756 1740 in
772 1719 861 1741 men-

85 1774 170 1796 sura.
186 1764 285 1805 Coepit
303 1767 410 1796 autem
433 1765 529 1796 homo
542 1764 595 1795 ille
615 1765 746 1795 beatum
762 1763 860 1794 Fran-

85 1819 205 1850 ciscum
222 1820 262 1850 ad
276 1820 327 1850 sui
346 1819 563 1850 miserendum
584 1818 692 1849 multis
713 1818 861 1858 precibus

84 1875 116 1904 et
130 1873 256 1904 fletibus
271 1873 430 1911 invocare,
443 1882 480 1903 eo
493 1872 577 1912 quod
592 1872 736 1903 audierat
750 1872 861 1902 solem-

84 1927 192 1958 nitatis
206 1928 276 1967 ejus
287 1928 355 1967 Jam
366 1926 474 1957 adesse
488 1925 645 1965 vigiliam.
660 1925 697 1955 Et
707 1925 860 1964 quoniam

83 1981 156 2012 fidei
171 1980 310 2021 puritate
329 1989 458 2011 omnem
478 1979 679 2010 abdicaverat
699 1979 858 2010 haereticae

82 2035 247 2076 pravitatis
260 2043 413 2072 errorem,
432 2036 559 2073 totaque
574 2033 675 2064 cordis
690 2033 857 2065 devotione

82 2089 259 2120 adhaeserat
287 2088 470 2119 fidelissimo
495 2087 608 2118 Christi
637 2096 729 2118 servo
756 2087 857 2118 Fran-

82 2143 179 2181 cisco,
203 2142 471 2173 intercedentibus
489 2141 590 2181 ipsius
612 2141 733 2172 meritis
752 2150 771 2171 a
794 2141 855 2173 Do-

81 2197 170 2228 mino
193 2196 311 2226 meruit
331 2195 488 2226 exaudiri.
521 2195 660 2226 Instante
683 2195 768 2225 enim
785 2196 854 2234 Jam

80 2253 171 2282 nocte
200 2259 267 2281 suae
296 2249 492 2286 festivitatis,
519 2249 601 2279 eirca
630 2249 853 2288 crepusculum

80 2305 192 2336 beatus
216 2304 402 2335 Franciscus
434 2303 467 2333 in
495 2312 652 2334 carcerem
686 2305 854 2335 miseratus

81 2358 249 2397 descendit,
267 2359 298 2388 et
319 2357 410 2388 illum
435 2365 493 2387 suo
510 2356 638 2387 nomine
653 2366 789 2395 vocans,
820 2360 854 2388 ut

81 2412 141 2443 cito
156 2413 315 2451 surgeret,
334 2411 517 2451 imperavit.
535 2410 595 2447 Qui
609 2410 722 2441 timore
738 2413 855 2450 perter-

80 2465 178 2504 ritus⁷
208 2466 355 2506 quisnam
378 2467 459 2496 esset
483 2464 699 2503 interrogans7
724 2464 852 2495 beatum

80 2518 283 2550 Franciscum
294 2520 400 2551 adesse
415 2519 548 2550 audivit.
565 2519 718 2558 Cumque,
734 2519 854 2550 virtute

80 2574 259 2613 praesentiae
282 2575 343 2606 viri
366 2574 477 2611 sancti,
498 2573 626 2605 vincula
645 2573 762 2613 pedum
781 2582 854 2604 suo-

80 2635 154 2658 rum
165 2627 322 2658 confracta
335 2628 528 2668 conspiceret
543 2627 701 2665 cecidisse,
719 2629 750 2658 et
764 2628 853 2658 tabu-

79 2679 127 2711 las
141 2681 275 2711 carceris
297 2681 394 2713 clavis
418 2682 503 2713 ultro
523 2682 759 2722 prosilientibus
779 2691 853 2722 ape-

80 2734 148 2773 riri,
166 2737 196 2765 et
210 2738 355 2774 apertum
369 2735 427 2766 iter
441 2735 502 2765 sibi
517 2736 557 2767 ad
571 2736 754 2766 exeundum
771 2745 853 2776 prae-

1645 254 1703 285 355

927 308 1010 347 beri3
1025 310 1148 342 solutus
1160 313 1278 352 tamen,
1289 315 1319 344 et
1329 313 1575 357 obstupefactus,
1590 318 1704 359 fugere

926 362 1098 401 nesciebat,
1116 364 1168 395 sed
1185 365 1223 396 ad
1234 366 1369 405 januam
1384 367 1536 410 clamans,
1556 374 1702 406 custodes
1721 400 1723 402 .

926 423 1037 446 omnes
1053 418 1234 455 perterruit.
1258 418 1317 456 Qui
1337 430 1411 452 curn
1435 431 1509 454 eum
1530 423 1703 459 liberatum

926 477 945 498 a
960 468 1096 500 vinculis
1115 470 1269 512 Episcopo
1286 475 1497 515 nuntiassent,
1521 481 1591 518 post
1615 480 1704 512 intel-

925 521 1043 553 lectum
1067 523 1214 555 ordinem
1234 526 1300 565 rei,
1324 528 1362 559 ad
1379 537 1538 562 carcerem
1562 534 1703 573 pontifex

925 575 1059 607 devotus
1073 578 1213 617 accessit,
1235 581 1266 610 et
1288 581 1452 614 manifeste
1474 583 1527 615 Dei
1548 586 1702 620 virtutem

926 638 1133 670 cognoscens,
1148 632 1318 664 Dominum
1330 635 1472 669 adoravit
1485 638 1614 672 ibidem.
1631 641 1704 674 Vin-

926 684 997 715 cula
1012 694 1139 726 quoque
1160 696 1267 718 coram
1291 689 1422 722 domino
1440 691 1524 732 Papa
1543 696 1574 724 et
1596 695 1702 728 Cardi-

925 738 1051 770 nalibus
1072 739 1175 771 delata
1195 741 1342 782 fuerunt,
1369 745 1424 785 qui
1449 746 1591 779 videntes
1617 751 1703 790 quod

925 791 1042 823 factum
1072 793 1196 833 fuerat,
1226 796 1373 828 admirati
1401 799 1577 839 plurimum
1607 803 1704 835 bene-

925 845 1077 877 dixerunt
1092 847 1202 879 Deum.

966 898 1167 932 Guidolottus
1182 902 1220 934 de
1236 903 1350 936 Sancto
1366 906 1552 940 Geminiano
1567 909 1644 942 falso
1655 920 1704 942 ac-

925 955 1131 993 cusatusfuit,
1144 957 1227 996 quod
1239 967 1362 990 veneno
1372 960 1577 995 interemerat
1588 974 1702 1005 quein-

925 1006 998 1037 dam
1010 1008 1128 1047 virum,
1145 1012 1177 1040 et
1191 1011 1275 1050 quod
1297 1013 1408 1044 eodem
1430 1024 1548 1053 genere
1574 1020 1702 1059 mortis,

924 1060 1028 1092 filium
1044 1063 1187 1102 ejusdem
1200 1065 1272 1102 viri,
1290 1067 1320 1097 et
1334 1067 1517 1100 universam
1533 1072 1603 1111 ers
1614 1072 1703 1104 fami-

924 1115 1001 1146 liam
1018 1120 1229 1157 proposuerat
1252 1128 1394 1152 enecare.
1416 1122 1532 1163 Captus
1556 1127 1700 1167 proinde,

925 1179 943 1200 a
967 1172 1119 1210 potestate
1143 1174 1236 1204 terrae
1258 1175 1459 1213 gravissimis
1485 1178 1620 1210 vinculis
1641 1191 1699 1221 ag-

924 1227 1090 1264 gravatus,
1106 1226 1140 1257 in
1155 1227 1236 1258 turri
1247 1229 1386 1268 quadam
1401 1231 1542 1263 reclusus
1556 1236 1612 1265 est.
1632 1234 1701 1275 ipse

924 1287 1001 1309 vero
1021 1279 1172 1310 fiduciam
1193 1281 1315 1313 hahens
1337 1283 1368 1313 in
1392 1283 1536 1324 Domino,
1560 1296 1618 1327 pro
1643 1298 1701 1320 sua

924 1332 1115 1372 innocentia,
1133 1344 1231 1374 quam
1246 1336 1374 1373 sciebat,
1398 1347 1527 1370 causam
1542 1342 1702 1373 commisit

924 1387 1007 1417 beati
1023 1387 1045 1418 F
1048 1389 1178 1419 rancisci
1194 1390 1369 1429 patrocinio
1384 1391 1624 1426 defendendam.
1643 1396 1702 1427 Ex-

923 1441 1083 1480 cogitante
1104 1442 1206 1482 igitur
1227 1446 1379 1483 potestate
1402 1447 1537 1486 qualiter
1556 1449 1701 1482 criminis

923 1495 1038 1535 objecti
1053 1497 1281 1529 confessionem
1302 1498 1427 1531 eliceret
1448 1511 1505 1541 per
1528 1505 1699 1544 tormenta,

922 1549 1209 1591 qualibuscumque
1229 1552 1270 1592 (α)
1296 1553 1397 1592 poenis
1416 1555 1595 1587 confessum
1615 1558 1698 1589 face-

921 1606 970 1634 ret
984 1604 1131 1642 interire;
1154 1607 1245 1636 nocte
1265 1606 1330 1643 illa,
1354 1616 1428 1638 cum
1451 1618 1544 1641 mane
1566 1611 1605 1642 ad
1627 1621 1699 1643 cru-

920 1657 1020 1688 ciatus
1033 1658 1162 1689 deberet
1177 1659 1301 1699 adduci,
1325 1662 1423 1692 sancti
1440 1661 1464 1692 F
1468 1664 1600 1695 rancisci
1614 1675 1698 1706 prae-

919 1712 1020 1742 sentia
1040 1712 1144 1744 extitit
1163 1713 1320 1753 visitatus,
1344 1717 1375 1745 et
1393 1715 1551 1749 immenso
1567 1718 1697 1751 luminis

918 1766 1045 1806 fulgore
1066 1776 1168 1806 usque
1186 1776 1280 1798 mane
1296 1767 1521 1809 circumdatus,
1545 1773 1697 1812 repletus-

918 1829 980 1860 que
1004 1820 1122 1859 gaudio
1146 1823 1176 1851 et
1206 1821 1324 1852 fiducia
1349 1824 1466 1862 multa,
1493 1826 1694 1858 securitatem

916 1874 1074 1905 evasionis
1084 1875 1213 1914 accepit.
1223 1875 1431 1907 Advenerunt
1441 1886 1534 1910 mane
1546 1881 1690 1920 tortores,

916 1928 946 1958 et
971 1928 1121 1959 eductum
1147 1929 1185 1959 de
1210 1938 1334 1960 carcere
1362 1931 1498 1970 equuleo
1522 1935 1693 1973 suspende-

914 1984 1001 2020 runt,
1028 1985 1247 2022 aggravantes
1270 1993 1367 2024 super
1391 1994 1465 2016 eum
1487 1987 1589 2018 multa
1610 1997 1689 2028 pon-

914 2036 990 2067 dera
1004 2036 1089 2066 ferri.
1117 2036 1282 2076 Depositus
1304 2040 1351 2068 est
1365 2038 1496 2078 pluries,
1521 2042 1551 2071 et
1572 2041 1690 2072 iterum

913 2089 1066 2129 elevatus,
1088 2093 1124 2121 ut
1145 2100 1239 2131 poena
1262 2101 1366 2132 poenae
1388 2094 1574 2125 succedente
1598 2095 1690 2127 citius

914 2143 953 2174 ad
968 2144 1199 2175 confessionem
1221 2145 1361 2176 criminis
1376 2149 1537 2178 arceretur
1561 2148 1611 2188 (b).
1628 2148 1687 2180 Sed

911 2198 1026 2238 spiritu
1043 2198 1232 2229 innocentiae
1248 2200 1426 2239 laetabatur,
1452 2201 1485 2231 iu
1500 2203 1593 2234 vultu
1618 2204 1688 2235 nul-

910 2253 975 2283 lam
990 2253 1174 2284 moestitiam
1188 2254 1389 2293 praetendens
1401 2255 1434 2286 in
1444 2257 1557 2296 poenis.
1571 2257 1687 2290 Deinde

911 2315 1061 2337 accensus
1096 2308 1142 2337 est
1170 2307 1258 2346 ignis
1295 2309 1354 2339 sub
1388 2309 1456 2349 ipso
1489 2320 1555 2342 nou
1586 2313 1686 2344 modi-

911 2369 984 2399 cus;
1001 2370 1059 2391 nec
1078 2363 1245 2401 propterea
1260 2361 1390 2401 capillus
1405 2365 1452 2394 est
1473 2364 1586 2404 laesus,
1612 2377 1686 2398 cum

909 2417 1017 2445 tamen
1034 2415 1134 2454 capite
1149 2415 1338 2455 dependeret
1349 2417 1386 2447 ad
1401 2418 1531 2449 terram.
1545 2419 1685 2452 Tandem

910 2467 1061 2497 bulliente
1084 2467 1153 2497 oleo
1174 2467 1375 2507 superfusus,
1398 2469 1514 2501 virtute
1539 2473 1684 2512 patroni,

910 2521 961 2551 cui
978 2530 1011 2551 se
1035 2520 1239 2551 commiserat
1262 2521 1502 2561 defensandum,
1526 2524 1595 2555 haec
1619 2535 1686 2556 om-

910 2575 965 2605 nia
984 2574 1157 2614 superavit,
1183 2576 1214 2605 et
1237 2575 1280 2606 sic
1301 2576 1450 2608 dimissus
1474 2578 1554 2610 liber
1578 2580 1686 2613 salvus

910 2628 1069 2659 abscessit.

944 2745 975 2775 (a)
992 2745 1049 2776 Leq.
1065 2745 1239 2778 qualibusque.
1256 2761 1285 2766 --
1305 2747 1337 2778 (b)
1356 2748 1410 2779 Ley.
1426 2749 1607 2776 adduceretur.
