2029 3052
623 209 782 244 CONTRA
803 208 1040 244 MAGISTRUM
1062 210 1308 244 GUILELMUM.

199 279 279 312 Item
301 279 342 311 ad
362 272 423 311 1100
443 279 490 311 est
512 278 696 320 exemplum
721 277 759 310 de
780 277 816 310 B.
833 277 936 310 Bene-

158 333 259 372 dicto,
283 333 321 364 de
342 341 407 374 quo
420 332 560 373 legitur,
578 332 612 364 in
631 331 771 364 secundo
787 331 933 372 Dialoqo-

158 396 231 420 rum
251 390 273 426 ¹,
290 386 374 428 quod
394 395 450 427 per
476 385 651 417 triennium
675 386 735 417 fuit
762 385 797 416 in
825 394 934 426 specu,

158 440 384 472 nihilomnino
398 449 544 480 operans,
557 440 611 472 sed
624 439 786 472 Romanus
800 440 933 480 quidam

158 493 331 526 Monachus
355 493 414 524 sibi
434 503 551 534 panem
574 493 787 525 ministrabat.
806 493 844 525 Et
858 503 934 525 con-

159 549 220 579 stat
242 547 327 588 quod
351 546 539 578 Benedictus
563 547 598 578 in
618 547 679 578 hoc
692 555 760 578 non
774 548 934 588 peccabat.

199 601 289 640 Item,
306 600 488 641 exemplum
501 601 540 632 de
556 600 588 632 S.
606 600 730 640 Alexio,
743 601 798 641 qui
811 601 872 632 fuit
886 601 937 633 vir

158 655 250 687 mirae
270 655 461 694 sanctitatis,
480 655 512 685 in
529 655 622 695 cujus
638 655 776 695 legenda
801 655 934 695 legitur,

158 709 244 750 quod
259 719 333 741 cum
346 711 427 740 esset
439 709 526 740 filius
537 708 685 740 ditissimi
701 709 847 748 Romani,
864 719 936 741 con-

158 764 279 803 tempto
308 761 500 803 patrimonio
517 785 526 800 ,
554 761 613 794 ivit
641 762 852 794 mendicando
879 772 937 803 per

158 815 331 848 mundum.

199 869 296 908 Item,
313 867 497 909 exemplum
518 867 557 899 de
577 867 609 899 S.
630 868 795 900 Dominico
808 892 816 907 ,
832 869 936 909 quiin

158 924 261 955 morte
275 932 333 954 sua
347 923 539 962 imprecatus
554 923 602 953 est
616 922 767 954 omnibus
781 923 937 955 maledic-

158 978 289 1013 tionem,
304 976 359 1017 qui
378 976 412 1007 in
431 976 581 1008 Ordinem
599 986 698 1008 suum
720 977 937 1016 possessiones

158 1033 350 1063 conarentur
372 1030 522 1062 inducere
544 1039 551 1060 :
571 1039 651 1070 ergo
678 1031 824 1070 volebat,
851 1032 936 1072 quod

158 1084 197 1116 de
217 1084 429 1125 eleemosynis
454 1084 618 1123 viverent,
638 1086 735 1125 juxta
763 1085 849 1125 quod
868 1085 936 1126 ipse

158 1138 251 1170 vixit.

198 1191 276 1222 Item
287 1191 326 1222 ad
338 1190 398 1222 hoc
409 1192 455 1222 est
465 1191 650 1232 exemplum
661 1192 698 1223 de
709 1191 744 1223 B.
756 1191 934 1230 Francisco,

157 1245 213 1286 qui
237 1255 302 1276 non
327 1245 432 1276 solum
461 1245 671 1284 mendicavit,
697 1248 729 1277 et
755 1246 937 1277 mendicare

157 1299 332 1337 consuluit3
355 1299 409 1330 sed
430 1300 527 1330 etiam
552 1298 822 1331 mendicationem
843 1309 936 1331 suam

158 1353 320 1385 miraculis
334 1353 547 1392 confirmavit,
560 1354 642 1385 sicut
652 1354 755 1394 patuit
769 1353 803 1384 in
817 1354 934 1393 nautis,

157 1416 238 1448 quos
259 1407 405 1438 ciborum
424 1415 557 1438 suorum
581 1407 724 1447 reliquiis
745 1407 890 1446 satiavit,
906 1409 937 1439 et

157 1461 285 1492 satiatos
307 1461 465 1501 liberavit,
482 1463 513 1492 et
533 1470 589 1501 per
604 1460 772 1501 Regulam,
801 1471 900 1502 quam
918 1471 937 1493 a

158 1514 294 1546 Summo
327 1515 478 1546 Pontifice
514 1515 721 1556 approbatam
751 1515 936 1547 confirmari

157 1568 239 1607 fecit,
254 1568 289 1599 in
303 1578 367 1609 qua
381 1569 466 1607 dicit,
483 1570 568 1610 quod
588 1581 603 1598 «
617 1569 731 1600 fratres
746 1569 780 1600 in
795 1578 934 1609 pauper-

156 1625 230 1662 tate,
247 1624 279 1654 et
293 1623 475 1654 humilitate
500 1623 563 1654 Deo
587 1623 799 1661 famulantes,
817 1623 937 1655 vadant

156 1685 214 1717 pro
226 1676 429 1717 eleemosyna
443 1677 650 1713 confidenter,
667 1687 681 1705 1)
699 1678 758 1707 etc.

208 1730 287 1761 Item
323 1730 499 1770 Gregorius
527 1730 561 1761 in
590 1730 766 1763 Mai-acibus
792 1732 813 1770 Ξ,
841 1740 937 1771 super

156 1784 255 1815 illnd⁸
272 1794 279 1815 ε
299 1785 412 1817 Noctes
437 1784 611 1817 laboriosas
626 1785 813 1817 enumeravi
827 1785 910 1817 mihi
927 1793 938 1816 :

165 1849 179 1866 «
198 1837 295 1869 Electi
317 1838 477 1869 Conditori
493 1848 604 1870 rerum
620 1839 780 1877 serviunt,
799 1842 829 1870 et
853 1848 937 1879 saepe

157 1900 268 1922 rerum
291 1892 399 1932 inopia
422 1894 675 1931 coangustantur
683 1904 690 1931 ;
718 1902 773 1933 per
793 1902 936 1924 amorem

157 1945 221 1976 Deo
237 1945 418 1984 inhaerent,
434 1948 464 1977 et
486 1948 593 1977 tamen
610 1947 757 1978 subsidiis
771 1948 937 1987 praesentis

157 1999 232 2030 vitae
244 2000 377 2039 egent.»
390 1999 495 2039 Egere
512 2009 592 2040 ergo
610 2001 757 2032 subsidiis
773 2002 937 2041 praesentis

157 2053 243 2090 vitae,
259 2054 409 2093 competit
424 2053 615 2084 Sanctorum
626 2054 820 2094 perfectioni.

199 2106 277 2138 Item
291 2107 504 2148 Hieronymus
514 2109 549 2139 in
564 2109 696 2149 epistola
711 2109 749 2139 ad
764 2110 936 2150 quemdam

158 2160 266 2192 virum
279 2160 469 2200 hospitalem
482 2165 493 2181 ¹*
514 2172 520 2192 :
542 2173 556 2191 (‹
570 2161 686 2193 Multus
702 2172 721 2192 a
735 2164 766 2193 te
781 2172 836 2203 per
852 2164 937 2195 insu-

158 2213 204 2244 las
227 2213 391 2245 Dalmatiae
407 2216 589 2246 sanctorum
604 2225 760 2247 numerus
776 2219 934 2248 sustenta-

161 2269 229 2306 tur;
253 2268 307 2298 sed
328 2268 441 2299 melius
461 2269 597 2307 faceres,
614 2269 640 2299 si
662 2272 693 2300 et
718 2270 785 2310 ipse
807 2273 935 2302 sanctus

158 2321 242 2352 inter
273 2324 398 2353 sanctos
432 2323 569 2355 viveres.
593 2335 607 2352 »
632 2323 718 2363 Ergo
747 2325 860 2355 melius
889 2327 936 2356 est

158 2375 369 2416 eleemosynis
413 2376 522 2408 vivere
541 2401 550 2415 ‚
583 2387 682 2417 quam
717 2378 935 2419 eleemosynas

158 2429 245 2460 dare.

200 2482 290 2522 Item,
309 2483 369 2514 hoc
383 2483 490 2524 ipsum
506 2484 681 2515 ostenditur
695 2485 828 2517 ratione.
847 2486 933 2523 Qua-

157 2535 196 2566 lis
216 2539 262 2568 est
283 2537 431 2576 habItus,
453 2538 523 2568 talis
543 2541 589 2569 est
604 2540 692 2569 actus
708 2550 714 2569 :
732 2540 787 2570 sed
802 2541 934 2571 omnino

159 2590 320 2629 pauperss,
337 2592 511 2624 secundum
527 2593 611 2633 quod
630 2602 769 2633 pauper,
785 2596 874 2625 actus
888 2597 934 2627 est

161 2652 268 2683 egere,
283 2646 312 2675 et
323 2645 502 2677 mendicare
519 2657 525 2677 :
543 2656 622 2686 ergo
638 2647 663 2677 si
677 2656 745 2678 esse
760 2657 934 2688 pauperem

194 2706 201 2723 ¹
223 2706 340 2737 Gregor„
360 2707 530 2739 Dz'aloy„1ih.
553 2709 588 2740 II,
610 2716 632 2733 0.
658 2715 673 2734 1.
689 2723 720 2728 —
735 2710 745 2726 Ξ
765 2710 812 2742 Id„
831 2711 932 2743 Moral„

1713 216 1773 246 379

990 278 1112 311 bonum
1126 280 1184 318 est,
1199 278 1381 311 mendicare
1395 287 1454 320 pro
1467 278 1593 311 Christo
1606 279 1768 314 laudabile

992 334 1082 364 estet
1098 333 1284 374 perrectum.

1032 386 1128 426 Item,
1142 387 1322 419 mendicare
1338 396 1401 418 non
1417 387 1606 427 prohibetur
1620 387 1694 428 lege
1709 399 1772 421 na-

990 441 1072 471 turae
1082 463 1091 478 ,
1111 449 1168 471 nec
1182 440 1256 480 lege
1271 440 1458 482 Scripturae,
1476 450 1534 472 nec
1546 441 1620 482 lege
1635 443 1770 482 gratiae:

990 493 1043 525 sed
1065 494 1151 534 quod
1167 503 1232 525 non
1254 496 1301 526 est
1319 495 1529 535 prohibitum,
1546 505 1604 536 per
1620 497 1770 528 obedien-

990 547 1068 578 tiam
1084 547 1291 588 impositum,
1309 549 1448 580 eflicitur
1469 549 1629 581 landabile
1651 551 1683 581 et
1703 559 1772 581 me-

990 600 1157 639 ritorium⁷
1174 601 1315 632 maxime
1339 602 1364 632 si
1386 603 1426 633 sit
1442 602 1586 642 difficile,
1605 606 1634 634 et
1657 612 1772 635 onero-

991 664 1064 685 sum
1081 664 1089 686 :
1106 664 1184 695 ergo
1206 655 1232 686 si
1253 655 1352 696 aliqui
1369 665 1408 687 ex
1423 657 1619 697 professione
1634 658 1774 689 habeant

991 708 1190 747 mendicare,
1210 718 1284 740 cum
1309 710 1371 741 hoc
1390 719 1431 740 ex
1453 710 1631 742 obedientia
1644 711 1771 752 faciant,

991 761 1050 792 erit
1063 761 1109 792 eis
1123 762 1284 794 laudabile
1300 766 1331 794 et
1345 763 1533 804 perfectum.

1032 814 1122 853 Item,
1136 815 1274 847 Ecclesia
1293 817 1430 857 imponit
1448 818 1481 848 in
1495 826 1624 858 poenam
1639 819 1776 851 satisfac-

990 869 1086 901 tionis
1096 871 1365 903 mendicationem
1377 873 1598 913 temporalem,
1610 873 1662 904 vel
1680 874 1776 904 etiam

991 925 1192 963 perpetuam.
1218 924 1279 956 Sed
1304 925 1366 956 hoc
1389 935 1454 956 non
1483 926 1687 967 imponeret,
1713 927 1776 958 nisi

991 979 1072 1008 esset
1084 978 1342 1010 satisfactorium.
1360 978 1420 1010 Sed
1432 979 1486 1020 qui
1502 980 1542 1011 ad
1557 989 1638 1020 opus
1653 982 1776 1013 satisfa-

991 1031 1128 1061 ctorium
1159 1032 1339 1064 voluntarie
1371 1042 1404 1064 se
1433 1034 1605 1073 astringit,
1637 1036 1776 1075 perfecte

991 1084 1061 1124 agit
1077 1093 1179 1124 :ergo
1201 1085 1256 1125 qui
1278 1095 1335 1126 pro
1354 1086 1478 1118 Christo
1499 1097 1626 1128 semper
1646 1089 1776 1121 devovit

992 1138 1189 1178 mendicare,
1211 1139 1263 1170 1110
1276 1140 1344 1179 agit
1360 1140 1495 1180 perfecte
1510 1144 1540 1172 et
1557 1141 1772 1174 laudabiliter.

1032 1191 1122 1230 Item,
1138 1193 1339 1233 contemptus
1354 1193 1403 1224 sui
1419 1197 1464 1224 est
1477 1195 1675 1234 perfectionis
1699 1207 1705 1226 :
1720 1197 1775 1227 sed

991 1245 1047 1285 qui
1063 1254 1121 1285 pro
1136 1245 1259 1283 Christo
1274 1247 1448 1286 mendicat,
1470 1248 1610 1280 maxime
1630 1249 1772 1289 seipsum

992 1299 1165 1330 contemnit
1176 1301 1206 1330 et
1217 1300 1326 1340 abjicit
1342 1310 1349 1331 ι
1367 1310 1445 1340 ergo
1460 1301 1531 1332 talis
1546 1302 1774 1341 perfectissime

991 1352 1070 1391 agit.
1087 1351 1166 1383 Item
1181 1353 1253 1393 plus
1274 1353 1376 1393 placet
1391 1354 1454 1386 Deo
1469 1357 1642 1396 paupertas
1656 1356 1774 1388 volun-

990 1405 1082 1444 taria,
1108 1415 1205 1446 quam
1227 1407 1444 1439 involuntaria
1462 1419 1468 1440 ε
1487 1418 1565 1449 ergo
1594 1410 1624 1440 et
1648 1410 1773 1441 mendi-

991 1461 1073 1492 catio
1089 1470 1128 1492 ex
1144 1461 1197 1492 illa
1212 1464 1399 1503 paupertate
1418 1465 1591 1504 procedens
1608 1465 1712 1505 magis
1729 1467 1775 1496 est

994 1515 1054 1545 Deo
1073 1515 1189 1555 placita
1208 1527 1214 1547 :
1238 1517 1292 1548 sed
1316 1518 1421 1557 prima
1436 1521 1537 1558 potest
1564 1528 1631 1551 esse
1662 1520 1774 1551 lauda-

992 1569 1065 1599 bilis
1091 1571 1123 1600 et
1152 1571 1317 1602 meritoria
1335 1582 1340 1602 :
1360 1581 1438 1612 ergo
1456 1573 1557 1604 multo
1587 1574 1693 1613 magis
1724 1583 1775 1605 se-

992 1624 1107 1655 cunda.

1033 1677 1133 1716 Item,
1150 1678 1207 1719 qui
1228 1680 1327 1711 servit
1347 1680 1442 1711 alicui
1464 1681 1616 1721 domino,
1633 1684 1776 1714 meretur

994 1733 1166 1763 sustentari
1191 1734 1231 1764 ab
1254 1734 1308 1765 illo
1325 1744 1332 1765 :
1349 1735 1402 1765 sed
1423 1735 1479 1775 qui
1506 1736 1657 1767 omnibus
1680 1737 1775 1768 abre-

993 1786 1121 1817 nuntiat
1137 1789 1167 1817 et
1183 1788 1316 1818 consilia
1331 1788 1459 1828 implet,
1477 1791 1619 1821 maximo
1636 1790 1771 1822 Domino

994 1841 1092 1871 servit
1105 1851 1112 1871 :
1125 1851 1203 1880 ergo
1217 1842 1288 1872 talis
1303 1844 1444 1874 maxime
1459 1847 1600 1875 meretur
1611 1855 1629 1876 a
1642 1845 1775 1876 Domino

994 1896 1164 1925 sustentari
1179 1906 1185 1926 :
1205 1905 1285 1935 ergo
1302 1899 1331 1927 et
1347 1906 1365 1927 a
1380 1898 1479 1929 servis
1497 1898 1631 1930 Domini.
1648 1898 1681 1930 Si
1695 1909 1775 1939 ergo

994 1957 1115 1988 pauper
1132 1949 1334 1980 voluntarius
1357 1953 1414 1987 est,
1432 1951 1491 1982 1100
1506 1952 1576 1992 ipso
1590 1953 1675 1992 quod
1690 1953 1772 1992 taliS,

993 2003 1019 2033 si
1035 2003 1272 2043 eleemosynam
1288 2005 1376 2044 petit,
1388 2007 1474 2045 Juste
1491 2007 1578 2046 petit.

1035 2056 1124 2095 Item,
1141 2058 1196 2097 qui
1213 2057 1265 2088 dat
1288 2059 1419 2097 majora,
1439 2062 1539 2099 potest
1556 2061 1697 2101 recipere
1712 2062 1774 2093 mi-

992 2119 1072 2141 nora
1088 2122 1094 2141 :
1114 2111 1168 2141 sed
1184 2120 1304 2150 pauper
1319 2121 1413 2142 orans
1428 2113 1585 2153 impendit
1600 2115 1774 2147 misericor-

993 2164 1077 2195 diam
1093 2165 1290 2205 spiritnalem
1306 2174 1314 2195 ε
1330 2174 1408 2205 ergo
1427 2167 1528 2197 multo
1540 2168 1652 2198 fortius
1668 2171 1771 2209 potest

992 2219 1131 2258 recipere
1144 2218 1381 2258 eleemosynam
1395 2221 1604 2259 corporalem.

1034 2272 1122 2308 Item,
1133 2272 1308 2311 praedicans
1323 2282 1362 2303 ex
1377 2275 1563 2305 auctoritate
1576 2276 1677 2315 potest
1692 2276 1771 2307 reci-

992 2334 1066 2365 pere
1096 2328 1243 2365 sumptus
1267 2327 1476 2365 potestative:
1496 2337 1576 2368 ergo
1595 2330 1773 2369 praedicans

992 2388 1031 2410 ex
1048 2379 1313 2417 subauctoritate,
1337 2382 1368 2410 et
1385 2382 1623 2420 commis>ione,
1646 2392 1702 2414 seu
1717 2383 1771 2414 de-

992 2432 1205 2470 mandatione,
1225 2435 1331 2472 petere
1346 2436 1448 2474 potest
1461 2436 1687 2475 supplicanter.

1033 2486 1129 2523 Item,
1156 2486 1211 2526 qui
1230 2488 1329 2518 servit
1349 2488 1450 2526 alteri,
1466 2490 1550 2527 juste
1574 2491 1772 2521 sustentatur

991 2540 1096 2571 abillo
1122 2551 1128 2571 z
1146 2549 1225 2579 ergo
1241 2541 1295 2580 qui
1312 2542 1485 2573 un'wersali
1504 2542 1650 2574 Ecclesiae
1665 2544 1771 2575 deser·
1804 2578 1807 2580 ,

991 2594 1084 2625 viunt
1098 2618 1105 2631 ,
1139 2595 1225 2633 J'uste
1261 2597 1480 2626 sustentantur
1515 2596 1554 2626 ab
1590 2597 1770 2628 universali

991 2675 1033 2698 lib.
1058 2675 1132 2704 VIII,
1154 2680 1176 2697 c.
1199 2680 1259 2704 vni,
1280 2674 1312 2698 al.
1337 2681 1360 2704 ν,
1381 2682 1405 2699 n.
1432 2676 1467 2699 15.
1484 2689 1514 2693 —
1534 2676 1543 2690 ³
1561 2676 1615 2708 lob,
1636 2684 1686 2707 v11,
1703 2680 1772 2703 3.-

994 2712 1003 2728 b
1018 2711 1135 2741 Hieron„
1151 2710 1184 2733 (er
1195 2710 1304 2740 Julian„
1321 2711 1393 2741 epist.
1409 2717 1500 2742 xxxiv,
1515 2713 1562 2738 col.
1580 2720 1614 2737 m.
1630 2715 1685 2738 270,
