2029 3052
317 257 376 286 356

462 362 501 389 De
520 362 644 389 liberatis
663 368 680 388 α
694 360 817 395 periculo
832 361 941 395 partus.

357 428 509 465 Quaedam
524 427 688 459 Comitissa
701 427 735 457 in
748 425 925 464 Sclavenia‚
941 424 1022 455 sicut
1036 432 1090 455 no-

315 481 435 512 bilitate
462 481 612 520 illustris,
638 481 682 511 sic
709 482 739 511 et
762 479 880 511 aemula
903 478 1088 519 probitatis,

315 544 394 574 erga
407 537 553 565 sanctum
568 534 775 565 Franciscum
788 533 956 564 devotione
971 532 1090 571 flagra-

314 589 378 627 bat,
395 597 474 628 erga
492 588 603 619 fratres
623 597 700 619 vero
720 587 830 618 sedula
848 586 975 627 pictate.
1000 585 1090 616 Tem-

314 651 391 682 pore
411 651 486 673 vero
513 643 622 682 partus
652 641 749 672 duros
775 648 924 680 perpessa
952 638 1087 676 dolores,

313 697 402 726 tanta
419 695 479 726 fuit
499 695 652 735 angustia
675 694 850 731 molestata,
867 695 904 724 ut
924 692 1021 733 prolis
1036 692 1087 722 fu-

313 751 405 780 turus
420 751 509 780 ortus
527 758 670 789 praesens
689 748 851 780 videretur
876 746 986 777 matris
1001 754 1088 776 occa-

313 812 379 834 sus.
396 803 466 834 Non
480 803 648 834 videbatur
671 802 825 833 infantem
843 800 921 832 eniti
944 809 1034 840 posse
1049 799 1089 830 ad

313 857 430 895 vitam,
454 856 517 887 nisi
537 856 696 896 expiraret
715 864 732 886 e
753 855 829 893 vita,
853 863 912 885 nec
934 853 989 884 tali
1009 853 1089 884 nixu

312 919 435 950 parere,
448 910 503 940 sed
514 909 627 949 perire.
641 908 798 939 Subvenit
809 907 895 939 cordi
906 908 933 947 ej
940 916 976 938 us
987 906 1088 937 sancti

312 963 471 994 Francisci
490 963 585 999 fama,
608 963 712 994 virtus
735 964 766 993 et
790 962 907 1001 gloria;
933 961 1089 992 excitatur

311 1019 401 1056 fides,
418 1019 637 1050 inflammatur
655 1019 792 1049 devotio.
815 1017 976 1048 Convertit
1001 1025 1034 1047 se
1048 1016 1088 1047 ad

311 1073 468 1104 auxilium
483 1074 606 1110 efficax,
623 1072 662 1103 ad
680 1072 781 1103 fidum
797 1071 948 1108 amicum,
972 1071 1012 1101 ad
1034 1070 1089 1101 de-

311 1129 461 1159 votorum
487 1127 655 1164 solatium,
684 1126 847 1165 refugium
875 1124 1087 1155 afflictorum:

312 1179 426 1210 Sancte
442 1179 620 1218 Francisce,
638 1179 753 1219 inquit,
771 1178 878 1218 pietati
895 1180 960 1209 tuae
973 1177 1089 1218 suppli-

311 1235 383 1264 cant
397 1233 506 1264 onmia
518 1242 590 1264 ossa
604 1241 686 1271 mea,
706 1238 736 1262 et
751 1236 857 1263 mente
880 1240 982 1262 voveo
1002 1231 1089 1271 quod

311 1286 470 1326 explicare
484 1295 548 1316 non
564 1295 706 1325 possum.
732 1285 810 1315 Mira
830 1284 973 1315 celeritas
997 1285 1090 1324 picta-

311 1341 370 1371 tist
390 1340 477 1371 Finis
494 1340 629 1377 dicendi,
647 1339 719 1369 finis
738 1339 797 1370 fuit
821 1338 967 1376 dolendi,
984 1342 1090 1378 partu-

311 1394 413 1425 riendi
439 1396 542 1431 meta,
569 1393 711 1433 pariendi
737 1392 944 1432 principium.
974 1392 1087 1422 Statim

311 1448 398 1478 enim
409 1447 496 1478 omni
512 1448 653 1477 cessante
670 1455 826 1486 pressura,
845 1447 971 1485 partum
987 1444 1086 1475 edidit

312 1511 385 1532 cum
410 1501 522 1531 salute.
546 1499 615 1530 Non
637 1500 698 1530 fuit
720 1500 890 1529 immemor
914 1498 993 1536 voti,
1024 1507 1089 1529 non

312 1555 461 1595 propositi
482 1554 596 1593 refuga
618 1564 625 1583 ς
647 1553 810 1583 ecclesiam
825 1552 996 1592 qnamdam
1018 1551 1090 1591 pul-

313 1608 423 1639 chram
439 1607 579 1638 construi
595 1606 678 1644 fecit,
693 1608 723 1636 et
734 1608 948 1636 constructam
964 1605 1003 1635 ad
1014 1614 1089 1635 san-

313 1661 352 1692 cti
368 1661 522 1692 honorem
538 1660 688 1690 fratribus
700 1659 886 1698 assignavit.

355 1715 391 1745 ln
421 1714 565 1754 partibus
598 1713 748 1743 Romanis
776 1712 891 1742 mulier
920 1711 1088 1750 quaedam,

314 1767 442 1799 Beatrix
456 1767 596 1805 nomine,
614 1766 719 1797 vicina
734 1765 850 1805 partui,
866 1774 940 1795 cum
958 1773 1013 1804 per
1025 1764 1090 1794 dies

314 1824 451 1862 quatuor
462 1822 574 1851 soetum
585 1820 617 1850 in
628 1821 739 1850 ventre
750 1820 890 1858 portaret
901 1818 1089 1855 extinctum,

315 1875 423 1905 multis
437 1874 546 1904 infelix
560 1873 744 1912 agitabatur
754 1871 924 1910 angustiis,
937 1874 967 1902 ct
980 1870 1090 1901 exitia-

314 1928 398 1959 libus
421 1927 583 1959 doloribus
611 1926 801 1964 urgebatur.
828 1925 972 1955 Mortuus
998 1926 1091 1955 suctus

316 1984 451 2012 matrem
466 1980 602 2019 cogebat
616 1979 655 2010 ad
673 1981 808 2009 mortem
826 1989 832 2009 ι
850 1981 880 2009 et
899 1978 1042 2009 nondum
1059 1977 1091 2007 in

314 2036 420 2066 lucem
432 2034 621 2074 productum
635 2033 828 2070 abortivum,
845 2032 1009 2071 publicum
1025 2041 1089 2061 ma-

317 2089 357 2119 tri
381 2087 558 2128 periculum
588 2086 741 2126 pariebat.
772 2085 926 2116 Tentabat
953 2085 1092 2115 medico-

316 2152 389 2174 rum
405 2141 581 2178 auxilium;
600 2140 654 2170 sed
679 2149 773 2170 omne
793 2140 972 2170 humanum
989 2148 1091 2169 reme-

316 2197 405 2228 dium
434 2196 596 2226 laborabat
624 2194 658 2224 in
682 2203 814 2225 vanum.
841 2193 892 2224 Sic
917 2194 954 2223 de
981 2193 1092 2233 primis

319 2248 590 2280 maledictionibus
606 2247 681 2279 Evre
697 2247 853 2287 copiosius
868 2246 986 2286 aliquid
1001 2246 1090 2277 decli-

319 2305 410 2333 narat
426 2303 458 2332 iu
474 2302 634 2338 miseram,
657 2303 691 2331 ut
710 2301 893 2340 sepulcrum
918 2301 998 2330 facta
1018 2309 1092 2330 cou-

319 2359 439 2396 ceptus‚
455 2355 637 2395 sepulcrum
657 2364 714 2394 pro
730 2356 814 2385 certo
836 2354 1022 2394 proximum
1038 2363 1095 2383 ex-

321 2413 469 2451 pectaret.
498 2409 662 2439 FratrIbus
687 2408 814 2438 tandem
838 2407 1013 2438 Minoribus
1038 2416 1095 2446 per

323 2463 536 2495 internuntios
552 2465 615 2492 tota
634 2472 665 2491 se
690 2462 857 2492 devotione
879 2460 1093 2497 committens,

324 2517 509 2557 suppliciter
528 2515 646 2555 aliquid
666 2515 703 2545 de
719 2515 817 2544 sancti
842 2514 998 2544 Francisci
1023 2514 1097 2544 reli-

324 2571 418 2611 quiis,
436 2570 497 2601 tide
510 2570 603 2609 plena
619 2568 769 2608 poposcit.
792 2568 930 2606 Contigit
949 2570 1031 2598 nutu
1049 2567 1096 2597 di-

324 2625 399 2654 vino
414 2622 648 2663 aliquantulum
669 2621 806 2651 inveniri
825 2621 863 2651 de
889 2621 1017 2657 chorda,
1034 2630 1098 2660 qua

326 2678 428 2708 suerat
442 2681 569 2707 sanctus
584 2675 775 2715 quandoque
795 2674 993 2713 praecinctus.
1011 2674 1094 2712 Mox,

325 2732 361 2761 ut
376 2739 471 2770 super
485 2729 642 2760 dolentem
656 2728 757 2768 posita
771 2727 887 2758 chorda
904 2728 975 2766 fuit,
992 2728 1097 2759 omnis

878 249 1064 282 LEGENDA
1084 249 1116 281 S.
1139 249 1357 282 FRANCISCl.

1144 317 1291 349 facillime
1313 318 1438 348 solutus
1464 319 1512 349 est
1542 317 1632 348 dolor
1644 341 1653 355 ‚
1683 319 1795 350 mortis
1821 328 1919 351 causa

1145 373 1293 402 mortuus
1306 371 1403 402 foetus
1417 370 1564 409 emissus,
1582 370 1714 410 pristina
1728 371 1846 403 sanitas
1856 382 1918 404 res-

1144 424 1249 455 tituta.

1185 477 1358 517 Cuiusdam
1372 477 1410 508 de
1423 476 1450 508 N
1452 477 1543 508 arnio
1558 477 1673 508 nobilis
1686 477 1747 508 viri
1756 486 1850 516 uxor,
1866 477 1922 509 Ju-

1144 530 1229 561 liana
1243 531 1385 568 nomine,
1401 540 1459 571 pro
1474 531 1614 562 filiorum
1629 533 1732 563 morte
1746 541 1847 563 annos
1860 533 1922 563 tra-

1144 584 1239 615 hebat
1253 584 1429 623 lugubres,
1453 585 1484 614 et
1498 584 1648 615 continue
1661 584 1800 616 infelices
1814 585 1922 626 deplo-

1144 638 1236 668 rabat
1249 639 1396 676 eventus,
1414 647 1472 677 pro
1483 647 1521 669 eo
1531 638 1616 678 quod
1627 647 1738 669 omnes
1755 647 1836 679 quos
1848 648 1922 670 cum

1144 701 1296 732 pressura
1309 694 1492 733 portaverat
1507 692 1600 731 filios,
1621 693 1745 724 modico
1758 693 1923 734 interjecto

1143 748 1288 786 tempore
1299 769 1308 784 ,
1325 755 1399 776 cum
1414 745 1647 776 vehementiori
1661 746 1770 777 dolore
1783 747 1924 787 sepultu-

1144 808 1189 830 rae
1203 799 1384 830 tradiderat.
1401 799 1479 830 Cum
1494 799 1594 838 igitur
1610 802 1749 839 quatuor
1763 800 1924 831 mensium

1144 854 1331 892 conceptum
1343 852 1476 883 haberet
1493 852 1528 882 in
1544 854 1646 890 utero,
1662 852 1830 893 magisque
1847 862 1923 893 pro-

1143 907 1354 945 ptereventus
1364 905 1540 945 praeteritos
1548 905 1586 937 de
1595 908 1755 946 conceptae
1764 905 1860 946 prolis
1866 906 1925 937 sol-

1145 959 1319 990 licitaretur
1334 959 1434 996 obitu,
1448 967 1546 998 quam
1562 958 1600 989 de
1614 961 1699 996 ortu,
1716 959 1846 990 beatum
1863 958 1922 990 Pa-

1144 1015 1226 1043 trem
1236 1012 1440 1043 Franciscum
1454 1021 1510 1051 pro
1522 1012 1587 1043 vita
1597 1012 1740 1042 nondum
1751 1013 1817 1043 nati
1829 1013 1924 1043 foetus

1143 1066 1278 1097 fideliter
1296 1065 1495 1105 precabatur.
1519 1065 1596 1096 Ecce
1613 1067 1721 1096 autem
1735 1067 1826 1097 nocte
1843 1075 1924 1106 qua-

1144 1120 1217 1150 dam
1235 1119 1404 1150 dormienti
1420 1118 1478 1149 sibi
1496 1119 1612 1150 mulier
1626 1119 1775 1159 quaedam
1789 1129 1922 1160 appare-

1144 1173 1198 1203 bat
1213 1173 1247 1203 in
1262 1173 1394 1210 somnis,
1410 1173 1588 1203 formosum
1605 1173 1777 1213 puerulum
1795 1176 1924 1212 gestans

1145 1227 1179 1257 in
1205 1226 1372 1263 manibus,
1402 1226 1558 1266 illumque
1582 1226 1744 1257 laetissime
1772 1226 1925 1258 offerebat

1144 1280 1257 1311 eidem.
1287 1280 1366 1310 Cum
1393 1289 1468 1311 vero
1497 1280 1550 1310 illa
1578 1280 1717 1320 recipere
1746 1282 1923 1319 recusaret,

1144 1343 1242 1374 quem
1266 1334 1370 1364 statim
1398 1333 1591 1364 formidabat
1618 1334 1776 1372 amittere,
1807 1335 1924 1366 mulier

1144 1387 1199 1418 illa
1214 1388 1403 1427 subjunxit:
1423 1387 1539 1418 Secure
1557 1388 1722 1428 suscipias,
1739 1389 1814 1428 quia
1827 1398 1924 1429 quem

1144 1444 1202 1472 tuo
1226 1441 1358 1472 moerori
1381 1441 1578 1481 compatiens
1595 1451 1683 1472 sacer
1706 1442 1802 1473 mittit
1823 1442 1922 1473 Fran-

1145 1495 1257 1533 ciscus,
1272 1495 1337 1526 vita
1352 1495 1450 1533 vivet,
1469 1496 1499 1525 et
1514 1494 1662 1534 sospitate
1677 1495 1841 1534 gaudebit.
1858 1495 1925 1527 Sta-

1145 1548 1202 1579 tim
1218 1548 1374 1587 evigilans
1391 1547 1516 1586 mulier,
1534 1547 1690 1579 intellexit
1698 1557 1754 1588 per
1764 1549 1926 1580 ostensam

1145 1601 1204 1631 sibi
1229 1601 1352 1632 cmlitus
1379 1601 1536 1632 visionem
1565 1602 1648 1632 beati
1680 1601 1703 1632 F
1704 1602 1837 1633 rancisci
1865 1602 1924 1633 sihi

1145 1655 1254 1686 adesse
1277 1655 1470 1694 suffragium
1497 1666 1503 1685 :
1529 1664 1569 1686 ex
1594 1658 1669 1686 tunc.
1698 1655 1925 1687 abundantiori

1146 1709 1301 1748 completa
1318 1709 1437 1747 laetitia,
1456 1718 1513 1748 pro
1528 1709 1727 1749 suscipienda
1736 1710 1823 1749 prole
1830 1711 1925 1750 Juxta

1147 1762 1341 1802 promissum
1358 1762 1581 1802 multiplicavit
1595 1771 1713 1802 preces,
1728 1765 1759 1794 et
1769 1765 1843 1794 vota
1854 1773 1925 1804 pro-

1147 1815 1243 1846 misit.
1263 1815 1433 1855 Impletum
1449 1817 1495 1846 est
1510 1816 1648 1856 denique
1663 1818 1788 1857 tempus
1804 1817 1925 1857 parien-

1146 1869 1177 1900 di
1189 1892 1196 1906 ,
1212 1871 1243 1900 et
1257 1869 1378 1909 peperit
1399 1869 1531 1900 foemina
1547 1869 1738 1908 masculum,
1756 1871 1811 1911 qui
1828 1872 1926 1911 juve-

1147 1923 1220 1953 nilis
1234 1922 1347 1953 robore
1357 1922 1474 1953 florens
1485 1923 1597 1961 aetatis,
1610 1925 1761 1963 tanquam
1775 1933 1830 1964 per
1843 1925 1924 1955 beati

1148 1976 1306 2007 Fraucisci
1323 1976 1435 2007 merita
1450 1976 1626 2007 fomentum
1644 1977 1816 2017 susciperet
1830 1978 1904 2009 vitae
1915 2003 1923 2017 ‚

1148 2030 1389 2061 incitamentum
1405 2029 1600 2069 parientibus
1619 2030 1755 2070 praebuit
1775 2030 1815 2061 ad
1831 2030 1923 2061 Chri-

1148 2086 1245 2121 stum,
1262 2086 1292 2114 et
1304 2085 1448 2113 sanctum
1463 2084 1545 2122 eius,
1561 2083 1732 2114 devotioris
1744 2083 1888 2115 affectus.

1189 2137 1297 2168 Simile
1321 2137 1470 2176 quiddam
1496 2136 1569 2166 huic
1595 2137 1628 2166 in
1650 2136 1776 2167 Tiburis
1800 2137 1926 2168 civitate

1149 2193 1276 2222 sanctus
1292 2189 1383 2220 Pater
1394 2190 1508 2220 effecit.
1522 2189 1601 2220 Cum
1617 2189 1701 2220 enim
1714 2189 1828 2220 mulier
1842 2199 1927 2230 quae-

1149 2245 1222 2276 dam
1234 2244 1314 2274 filias
1326 2244 1480 2284 plurimas
1494 2243 1675 2283 peperisset,
1691 2243 1845 2274 desiderio
1856 2253 1926 2283 pro-

1149 2299 1187 2329 lis
1202 2298 1334 2336 fatigata
1345 2297 1453 2335 virilis,
1470 2297 1553 2337 apud
1566 2299 1711 2327 sanctum
1723 2296 1925 2327 Franciscum

1151 2361 1257 2392 preces
1272 2351 1495 2390 ingeminavit,
1512 2352 1543 2380 et
1559 2352 1642 2381 vota.
1662 2349 1808 2389 Concepit
1823 2349 1925 2389 igitur

1151 2407 1220 2445 eius
1235 2405 1355 2435 meritis
1370 2404 1484 2434 mulier
1500 2403 1564 2441 illa,
1576 2406 1606 2434 et
1616 2402 1763 2442 geminos
1775 2403 1803 2433 ei
1814 2413 1926 2443 parere

1151 2459 1246 2496 dedit,
1263 2458 1318 2498 qui
1334 2467 1390 2497 pro
1405 2466 1470 2488 uno
1485 2457 1588 2487 fuerat
1601 2458 1762 2487 exoratus.

1192 2512 1285 2551 Apud
1302 2510 1478 2542 Viterbium
1493 2510 1597 2550 partui
1608 2510 1785 2549 propinqua
1797 2509 1924 2548 mulier,

1154 2565 1246 2596 morti
1272 2564 1479 2604 propinquior
1500 2562 1697 2599 censebatur,
1719 2562 1926 2593 visceralibus

1153 2620 1343 2650 tormentata
1361 2617 1533 2654 doloribus,
1561 2618 1591 2646 et
1612 2618 1677 2646 tota
1697 2615 1880 2646 calamitosa
1894 2617 1927 2646 in

1154 2674 1336 2704 infortuniis
1351 2672 1533 2703 mulierum.
1549 2670 1691 2711 Cumque
1711 2673 1835 2702 naturae
1854 2680 1924 2701 suc-

1154 2728 1323 2759 cumbente
1346 2726 1473 2763 virtute,
1494 2724 1599 2756 omnis
1619 2725 1767 2756 deficeret
1787 2724 1862 2755 artis
1876 2724 1925 2754 in-
