2029 3052
674 197 790 230 ClRCA
811 197 1001 231 REGULAM
1022 200 1057 233 S.
1081 201 1295 234 FRANCISCI.

180 265 451 305 scandalizentur;
467 266 567 307 etqui
581 267 764 307 peccantem
775 265 816 306 (a)
829 266 958 298 scanda-

179 320 286 360 lizant,
302 320 421 362 duplici
444 323 535 353 reatu
562 321 750 362 obligantur
770 320 779 338 ¹
798 331 806 352 :
829 320 886 353 Vae
904 320 957 353 Ιιο-

180 375 266 408 mini
277 374 329 408 illi
349 382 408 416 per
430 382 522 416 quem
541 374 732 408 scandalum
751 374 851 407 venit.
878 374 956 406 Item

180 429 330 470 quaedam
350 429 452 461 solent
471 429 621 461 abscondi
642 438 661 461 a
683 437 749 460 non
768 428 955 469 intelligen-

179 483 276 523 tibus,
301 483 357 525 qui
377 493 414 516 ea
436 484 619 524 judicarent
637 483 722 515 mala
745 491 814 514 esse
833 492 873 515 ex
898 492 957 515 sua

180 536 364 577 stoliditate3
380 547 454 569 cum
466 539 574 570 tamen
585 546 693 569 coram
704 537 767 569 Deo
781 537 868 569 licita
879 537 953 577 sint,

180 591 231 622 vel
246 591 341 623 etiam
357 591 520 623 meritoria
536 591 574 631 (b)
592 601 604 624 ,·
618 600 683 622 non
702 593 832 632 propter
856 591 958 633 hypo-

180 644 298 685 crisim,
310 645 366 677 sed
379 654 420 677 ne
434 645 480 676 illi
497 645 612 677 exinde
624 645 829 677 infirmentur
844 656 851 676 z
868 646 954 677 etita

179 708 244 731 non
258 704 388 740 propter
407 708 442 730 se
459 701 593 738 tantum,
616 699 671 731 sed
695 699 802 740 magis
827 702 957 741 propter

179 752 250 784 illos
263 752 422 784 occultant
432 752 583 792 Religiosi
595 753 676 784 sacta
685 762 756 792 sua,
771 762 810 784 ne
821 755 956 785 noceant

179 806 241 838 illis
248 817 256 845 ;
274 806 352 847 quia
374 815 440 837 non
461 808 595 846 possunt
612 806 759 838 omnium
783 807 880 838 corda
902 809 955 838 vi-

179 860 265 899 dere,
281 861 313 891 et
326 859 476 891 omnihus
490 859 681 898 satisfacere,
698 869 797 900 quare
812 860 884 900 hoc,
903 861 955 893 vel

178 913 240 945 hoc
253 914 318 953 fiat,
334 922 409 945 cum
424 913 593 945 saeculares
606 913 702 945 rudes
721 913 795 952 sint,
813 915 844 945 et
863 915 957 954 proni

179 968 297 1008 saepius
311 967 350 999 de
364 967 534 1008 Religiosis
549 967 677 998 sinistra
690 968 859 1008 suspicari.
877 968 957 1000 Cum

178 1022 265 1053 enim
281 1021 390 1053 vident
403 1030 456 1052 eos
478 1021 681 1053 refectionem
701 1022 854 1062 accipere,
869 1023 957 1063 judi-

179 1077 252 1107 cant
266 1084 319 1106 eos
332 1075 488 1113 carnales;
505 1084 579 1106 cum
596 1075 707 1107 vident
722 1084 775 1107 eos
789 1075 957 1108 humiliter

175 1128 353 1169 jucundOS‚
371 1127 517 1168 Judicant
541 1137 594 1160 eos
616 1128 799 1168 dissolutos;
823 1139 897 1161 cum
917 1139 957 1161 ex

178 1182 246 1214 zelo
256 1182 391 1222 ¹justitiae
407 1181 516 1212 vident
538 1190 572 1212 se
591 1182 631 1212 ab
652 1182 698 1213 eis
719 1191 776 1222 pro
796 1183 875 1214 vitio
899 1193 957 1215 suo

178 1236 349 1276 redargui,
377 1236 487 1267 dicunt
510 1245 564 1267 eos
585 1236 777 1275 iracundos3
811 1247 884 1269 cum
908 1238 958 1269 vi-

178 1291 255 1323 dent
268 1300 323 1322 eos
342 1291 519 1322 necessaria
541 1290 617 1322 vitae
638 1291 713 1322 hinc
735 1291 809 1323 inde
829 1293 956 1324 mendi-

179 1354 262 1384 care,
278 1354 353 1376 cum
371 1345 500 1376 aliunde
523 1354 590 1376 non
606 1345 757 1384 habeant,
775 1346 885 1377 dicunt
904 1356 958 1378 eos

178 1408 304 1436 avaros,
320 1400 351 1430 et
364 1398 408 1429 sic
427 1398 465 1429 de
480 1398 629 1438 singulis.
653 1399 757 1430 Etiam
780 1409 854 1440 quae
875 1400 958 1432 bene

178 1453 309 1492 faciunt,
328 1452 577 1493 reprehendunt.
598 1452 730 1494 Propter
749 1454 835 1494 quod
858 1464 955 1495 opor-

178 1508 234 1545 tet,
252 1507 288 1538 ut
304 1508 438 1538 caveant
452 1506 565 1537 alienae
588 1507 780 1546 infirmitati,
798 1509 829 1539 et
849 1509 956 1540 occul-

178 1562 246 1592 tent
260 1569 332 1601 quae
348 1562 476 1601 possent
493 1560 533 1591 ab
548 1560 620 1591 aliis
638 1561 723 1592 mala
737 1561 888 1601 judicari.
906 1562 958 1594 Sic

178 1614 223 1646 ait
236 1614 427 1655 Apostolus²
449 1624 456 1645 :
478 1613 590 1646 Videte
604 1622 644 1646 ne
665 1614 731 1647 hoec
749 1615 880 1648 licencia
894 1625 958 1650 ves-

179 1671 233 1702 tra
247 1667 477 1708 offendiculum
486 1668 547 1707 siat
557 1668 713 1708 infirmis.
728 1669 845 1701 Tribus
855 1671 957 1702 modis

179 1722 348 1754 saeculares
365 1722 512 1762 judicant
534 1721 720 1762 Religiosos.
745 1722 864 1763 Primo,
887 1725 957 1765 opi-

180 1777 286 1808 nando
305 1775 435 1816 deipsis
453 1785 527 1816 quae
546 1776 655 1807 omnia
680 1779 754 1808 sunt
774 1777 863 1816 falsa,
883 1788 956 1819 quae

179 1830 240 1871 ipsi
254 1838 312 1870 per
326 1838 359 1860 se
371 1829 573 1869 confingunt,
589 1830 640 1860 vel
659 1830 728 1860 aliis
747 1831 958 1863 inferentibus

179 1883 292 1920 leviter
301 1882 453 1914 credunt:
467 1884 502 1913 ut
513 1882 632 1922 vulgus
647 1883 858 1923 rusticanum,
871 1886 956 1925 quod

179 1936 254 1968 dicit
274 1945 333 1967 nos
361 1935 547 1967 Antichristi
568 1937 786 1976 praenuntios,
813 1940 843 1969 et
870 1940 956 1979 quod

178 1999 290 2022 omnes
303 1998 438 2030 guerras
451 1991 611 2021 terrarum
626 1992 656 2021 et
668 1991 850 2031 principum
866 1993 957 2024 semi-

179 2053 306 2075 nemus.
323 2044 479 2081 Secundo,
502 2044 587 2084 quod
602 2044 656 2075 illa
678 2054 752 2085 quae
774 2045 834 2086 ipsi
855 2047 956 2079 solent

178 2098 292 2135 facere,
307 2106 372 2128 non
385 2099 459 2128 sunt
473 2099 600 2137 peccata
621 2098 734 2136 facere,
757 2108 831 2130 cum
846 2100 956 2132 vident

177 2159 237 2182 nos
260 2150 431 2190 aliquando
453 2151 575 2189 facere,
605 2151 766 2183 aestimant
793 2154 879 2193 quod
902 2155 955 2186 tali

177 2203 287 2234 animo
301 2203 435 2234 facimus
449 2205 485 2234 ut
503 2203 575 2243 ipsi,
592 2206 629 2235 ut
643 2206 808 2238 comedere
824 2207 955 2240 delicata

177 2259 208 2288 et
219 2257 338 2296 bibere,
355 2257 474 2298 alloqui
488 2257 645 2297 foeminas,
658 2268 726 2290 esse
742 2259 870 2300 hilares,
887 2273 955 2303 spe-

177 2311 277 2342 ciosas
304 2320 412 2349 areaS‚
441 2311 562 2342 munda
585 2312 719 2344 aedificia
742 2315 864 2347 ratione
887 2318 954 2348 sani

177 2365 271 2404 aeriS,
288 2367 319 2396 et
332 2365 477 2396 ecclesias
492 2366 638 2397 decentes
663 2366 711 2406 (c),
728 2370 759 2398 et
773 2368 840 2400 zelo
859 2369 952 2401 disci-

176 2419 273 2459 plinae
296 2419 432 2451 invicem
454 2428 604 2450 accusare
631 2422 662 2451 et
687 2421 818 2461 punire,
843 2425 874 2454 et
895 2434 954 2464 pro

175 2473 300 2504 cautela
314 2473 352 2503 de
365 2472 442 2503 locis
455 2474 679 2512 transmutare,
692 2477 722 2505 et
736 2475 862 2516 similia,
879 2488 953 2519 quae

175 2536 195 2559 a
208 2528 300 2558 bonis
315 2527 409 2565 bono,
427 2529 458 2557 et
472 2536 490 2558 a
506 2529 665 2568 perversis
680 2538 829 2570 perverso
845 2534 952 2567 animo

176 2581 245 2611 fieri
257 2581 368 2612 solent.
376 2579 493 2620 Tertio,
503 2590 577 2612 cum
587 2582 700 2613 damus
714 2584 759 2614 eis
768 2584 811 2625 (d)
822 2595 949 2619 causam

172 2634 349 2674 judicandi,
367 2636 398 2665 et
421 2635 600 2674 suspicandi
616 2636 655 2667 de
670 2637 762 2668 nobis
775 2648 841 2671 non
855 2641 949 2681 bona,

209 2696 214 2710 ¹
231 2695 330 2727 Matar,
346 2702 420 2727 xviii,
435 2698 458 2722 7.
475 2710 504 2715 —
520 2697 550 2722 ²1
568 2698 637 2729 Cor„
652 2704 708 2730 vui,
726 2701 748 2724 9.

1733 211 1792 241 617

1013 268 1088 301 talia
1111 270 1259 311 exempla
1280 270 1326 302 eis
1347 271 1554 312 ostendendo,
1575 283 1649 315 quae
1676 276 1792 309 merito

1012 325 1089 355 sunt
1100 324 1371 365 reprehendenda.
1388 325 1423 356 In
1444 326 1548 366 primo
1564 337 1678 360 sumus
1696 338 1788 361 scan-

1013 377 1122 409 dalum
1137 378 1169 419 (e)
1191 379 1259 411 sine
1275 379 1383 420 culpa;
1402 379 1436 411 in
1452 381 1591 413 secundo
1605 382 1792 423 indigemus

1013 431 1097 463 bona
1111 433 1249 472 cautela;
1266 433 1300 464 in
1323 434 1416 465 tertio
1429 434 1523 475 culpa
1541 444 1606 466 non
1627 445 1788 477 caremus,

1013 485 1125 517 dantes
1138 486 1183 517 eis
1198 486 1337 518 scandali
1352 487 1573 526 ostensionem,
1594 490 1626 520 et
1648 490 1790 522 ministe-

1013 538 1097 570 rium
1121 539 1296 580 Religionis
1312 541 1520 582 vituperabile
1535 542 1695 583 facientes,
1722 544 1792 585 qui-

1013 595 1074 627 bus
1088 595 1241 627 debemus
1256 605 1324 628 esse
1344 596 1455 628 lumen
1478 607 1565 630 sanae
1585 598 1738 631 doctrinae
1762 602 1793 632 ct

1012 650 1116 681 forma
1130 652 1214 682 recte
1232 651 1372 683 vivendi.
1386 651 1466 684 Cum
1476 654 1585 684 autem
1597 653 1793 694 despicimur

1012 704 1052 735 ab
1077 704 1147 735 aliis
1170 705 1238 736 sine
1261 714 1367 744 causa,
1390 705 1458 737 sive
1482 706 1576 746 culpa
1599 709 1724 746 nostra,
1751 709 1793 740 ad

1013 758 1192 798 profectum
1208 761 1355 790 nostruin
1375 759 1458 790 cedit
1478 759 1699 801 multiplicem.
1723 761 1793 793 Pri-

1013 820 1078 850 mo,
1103 814 1229 852 peccata
1243 813 1351 844 nostra
1369 821 1427 853 per
1440 813 1501 844 hoc
1521 815 1717 854 purgantur.
1735 815 1790 847 Se-

1013 866 1129 905 cundo,
1148 866 1232 898 bona
1245 868 1354 898 nostra
1368 867 1474 907 magis
1487 868 1557 898 tuta
1571 871 1646 900 sunt
1668 878 1687 900 a
1708 879 1792 901 vana

1014 919 1129 959 gloria,
1143 921 1174 951 et
1190 920 1284 952 laude
1297 921 1452 952 humana.
1468 920 1586 961 Tertio,
1602 922 1792 955 humiliores

1013 974 1176 1005 reddimur
1198 983 1305 1005 coram
1330 975 1527 1006 hominibus.
1554 975 1695 1015 Quarto,
1722 986 1793 1009 cau-

1013 1027 1109 1058 tiores
1124 1036 1237 1059 sumus
1251 1028 1284 1058 in
1297 1028 1402 1059 verbis
1425 1030 1457 1059 et
1482 1029 1582 1067 factis,
1607 1039 1649 1060 ne
1668 1030 1791 1071 opinio-

1013 1091 1089 1113 nem
1103 1091 1216 1113 eorum
1231 1083 1470 1114 confirmemus
1483 1082 1612 1122 Quinto,
1628 1084 1736 1116 minus
1749 1085 1794 1116 eis

1013 1144 1126 1166 sumus
1140 1136 1322 1175 familiareS,
1344 1145 1380 1167 ac
1395 1145 1452 1177 per
1464 1137 1525 1168 hoc
1541 1137 1646 1177 magis
1660 1138 1694 1168 in
1715 1138 1793 1170 cella

1013 1190 1124 1230 quieti.
1140 1190 1247 1229 Sexto,
1264 1190 1448 1230 patientiam
1463 1192 1568 1231 magis
1583 1191 1737 1223 discimus
1751 1201 1792 1224 ex

1014 1243 1065 1275 tali
1083 1244 1292 1284 despectione.
1309 1244 1462 1285 Septimo,
1480 1245 1606 1276 interna
1620 1245 1794 1278 consolatio

1013 1297 1143 1337 spiritus
1165 1298 1359 1338 impenditur
1383 1299 1602 1338 quaerentibus
1626 1309 1684 1340 pro
1706 1302 1793 1331 exte-

1013 1351 1090 1381 riori
1110 1351 1281 1382 subtracta.
1299 1351 1427 1390 Octavo,
1449 1353 1553 1393 majus
1577 1353 1730 1384 meritum
1753 1362 1794 1384 ex

1013 1404 1064 1435 his
1085 1405 1235 1436 omnibus
1257 1415 1364 1436 coram
1388 1406 1451 1437 Deo
1475 1407 1636 1438 accrescit.
1662 1406 1740 1438 Haec
1762 1409 1794 1438 et

1013 1459 1074 1490 alia
1087 1459 1172 1490 bona
1189 1461 1277 1490 tanta
1298 1462 1384 1498 sunt,
1408 1460 1494 1501 quod
1509 1461 1539 1491 «si
1558 1470 1623 1492 non
1645 1461 1793 1492 obessent

1013 1512 1093 1552 aliis,
1111 1513 1248 1544 libenter
1269 1513 1402 1545 tolerare
1423 1514 1587 1553 debemus,
1613 1514 1731 1554 despici
1751 1515 1790 1546 ab

1013 1565 1099 1604 aliis,
1121 1568 1152 1597 et
1179 1567 1379 1606 reprehendi,
1404 1569 1434 1598 et
1461 1568 1699 1608 persecutiones
1726 1569 1791 1609 pati

1012 1622 1142 1661 propter
1158 1620 1317 1653 Christum
1333 1621 1401 1652 sine
1415 1621 1520 1662 culpa,
1537 1624 1595 1653 etc.

1233 1735 1436 1775 QUAESTIO
1463 1735 1569 1769 XXII.

1046 1819 1099 1846 Cur
1116 1820 1247 1854 Reliqz'osz'
1265 1819 1372 1847 ordinis
1390 1820 1417 1847 S.
1438 1820 1577 1847 Franciscz·
1597 1820 1634 1847 ad
1652 1827 1758 1848 mensas

1265 1864 1384 1892 divitum
1404 1864 1544 1892 accedant.

1052 1945 1130 1976 Item
1149 1954 1260 1985 quaero
1277 1956 1284 1976 z
1303 1946 1384 1976 Cum
1405 1945 1579 1985 deberetis,
1606 1946 1687 1977 sicut
1708 1955 1791 1986 pau-

1011 2008 1102 2040 peres
1119 2000 1244 2037 Christi,
1261 2000 1457 2040 pauperibus
1473 2009 1540 2031 esse
1553 1999 1787 2039 familiariores,

1010 2055 1172 2085 eteorum
1197 2054 1274 2084 cibis
1301 2054 1486 2092 contentari,
1514 2053 1590 2094 quid
1617 2055 1675 2092 est,
1702 2053 1788 2093 quod

1011 2108 1115 2147 magis
1133 2108 1341 2148 frequentatis
1360 2116 1486 2138 mensas
1509 2107 1646 2139 divitum
1658 2131 1666 2146 ,
1689 2116 1785 2147 quam

1010 2170 1191 2202 pauperum
1205 2164 1217 2192 ’ἒ

1049 2216 1233 2256 Respondeo
1253 2228 1259 2246 :
1275 2215 1350 2246 Tria
1368 2224 1427 2246 nos
1449 2214 1626 2255 specialiter
1646 2214 1786 2246 invitant

1008 2269 1047 2300 ad
1063 2270 1142 2308 boc,
1169 2269 1312 2300 videlicet
1335 2278 1342 2299 :
1367 2270 1475 2299 nostra
1499 2269 1685 2306 necessitas,
1711 2268 1787 2308 quia

1008 2332 1081 2354 cum
1093 2348 1102 2361 ,
1128 2323 1307 2354 itinerando
1328 2332 1384 2363 per
1399 2324 1517 2353 terram
1528 2346 1535 2360 ,
1553 2321 1738 2352 lassitudine
1754 2323 1786 2352 et

1007 2377 1090 2408 fame
1104 2377 1291 2416 fatigamur,
1308 2376 1390 2416 apud
1406 2376 1475 2407 illos
1486 2375 1666 2415 promptius
1679 2384 1781 2415 spera-

1007 2440 1079 2462 mus
1102 2431 1244 2462 obtinere
1268 2430 1495 2466 refectionem,
1521 2429 1575 2469 qui
1599 2429 1695 2459 etiam
1725 2437 1783 2468 pro

1007 2485 1173 2516 honestate
1213 2494 1271 2515 sua
1302 2493 1416 2524 panem
1454 2492 1549 2514 suum
1586 2482 1784 2522 quibuslibet

1005 2538 1246 2570 transeuntibus
1262 2546 1325 2568 non
1341 2538 1472 2576 negant,
1489 2545 1587 2576 quam
1605 2536 1688 2576 apud
1703 2535 1781 2567 alios

1040 2637 1072 2667 (a)
1087 2637 1143 2668 Leq.
1159 2638 1302 2667 peccantes.
1321 2649 1351 2653 —
1364 2635 1399 2666 (b)
1419 2636 1480 2659 Coet.
1503 2635 1564 2659 edit.
1588 2635 1727 2659 meritorie.
1750 2647 1780 2653 —

1007 2673 1134 2703 (c)Suppl.
1151 2672 1285 2701 aedificare,
1301 2671 1338 2694 vel
1347 2671 1408 2702 quid
1420 2671 1511 2696 simile.
1527 2684 1553 2689 —
1573 2671 1610 2702 (d)
1629 2672 1689 2696 Item
1707 2671 1737 2695 ei.
1754 2684 1778 2688 —-

1008 2709 1038 2737 (e)
1051 2708 1112 2733 Caet.
1124 2709 1186 2733 edit.
1201 2708 1321 2739 proemz‘tt.
1338 2713 1401 2731 non.

1821 335 1915 356 scanda-

1841 366 1887 386 lum

1807 396 1908 423 quando-

1807 433 1859 448 nam
1866 434 1915 454 pue·

1820 458 1901 485 sivum,

1807 489 1841 510 vel
1859 489 1913 510 acti-

1806 527 1859 541 vum
1891 521 1913 542 iu

1808 553 1908 580 rciigosis

1831 765 1892 785 Bona

1807 801 1856 822 quoe
1861 795 1866 816 i
1869 794 1915 822 puin

1821 832 1900 854 prove-

1807 858 1872 878 niunt
1886 863 1914 879 ex

1818 890 1906 916 despec-

1807 922 1830 942 tu
1850 921 1915 942 laico-

1829 958 1886 974 rum.
