2029 3052
582 197 632 230 DE
654 196 868 229 MIRACULIS
891 197 1019 230 IPSIUS
1043 197 1141 230 POST
1164 197 1343 231 MORTEM.

201 265 311 298 Simile
322 265 472 307 quiddam
482 259 604 297 meritis
612 265 713 297 sancti
727 267 876 306 operatus
888 267 936 296 est

161 320 314 353 Dominus
330 321 414 353 circa
434 321 572 362 puellam
593 321 766 362 quamdam
785 321 820 352 in
846 320 935 352 Cata-

160 373 246 406 lonia
257 375 296 406 de
310 375 386 408 villa
400 375 530 407 nomine
540 374 692 413 Tamarit,
704 376 734 406 et
744 375 826 406 circa
840 374 937 405 aliam

160 428 199 459 de
212 429 377 468 Anchona,
393 438 467 470 quae
484 438 557 460 cum
569 430 673 460 essent
689 437 755 469 prae
773 428 937 459 nimietate

161 483 363 522 aegritudinis
394 483 428 514 in
450 483 564 514 ultimo
589 483 701 524 spiritu
734 482 934 520 constitutae,

160 537 273 569 beatus
309 538 493 570 Franciscus
528 538 662 569 fideliter
701 547 720 568 a
751 537 937 578 parentibus

160 591 346 630 invocatus,
371 592 519 632 perfectae
550 592 701 624 continuo
727 591 862 623 restituit
884 600 934 622 sa-

160 645 261 677 nitati.

201 698 338 730 Clericus
358 699 490 740 quidam
516 699 555 731 de
585 699 661 731 Vico
687 700 783 739 Albo,
806 699 937 730 nomine

160 752 341 791 Matthaeus,
353 762 477 785 veneno
484 753 648 785 mortifero
658 753 757 785 bibito
768 753 801 784 in
811 754 936 784 tantum

159 807 219 838 fuit
231 808 397 846 gravatus,
418 807 504 848 quod
524 808 611 848 loqui
631 807 737 848 aliquo
762 807 857 838 modo
872 816 936 838 non

159 860 284 899 valens,
307 860 411 892 solum
439 861 568 892 finalem
590 861 714 892 exitum
737 861 935 902 expectabat.

159 912 312 945 Sacerdos
333 914 474 955 quidam,
505 917 538 946 ut
562 914 622 945 sibi
645 915 861 953 confiteretur,
879 914 935 945 ad-

160 969 294 1008 monuit,
314 971 345 1001 et
359 969 496 1001 verbum
515 978 619 1000 unum
640 969 680 1000 ab
695 978 732 1000 eo
747 971 937 1009 extorquere

159 1032 224 1054 non
243 1023 356 1055 valuit.
372 1023 438 1064 lpse
458 1033 535 1056 vero
558 1024 593 1054 in
608 1023 700 1055 corde
717 1033 775 1055 suo
802 1023 936 1054 humili-

160 1079 208 1108 ter
224 1077 384 1109 Christum
399 1078 520 1117 orabat,
537 1080 573 1109 ut
595 1087 650 1118 per
673 1079 757 1110 beati
778 1078 936 1109 Francisci

160 1131 273 1162 merita
287 1141 306 1162 a
321 1132 432 1163 mortis
446 1141 521 1163 eum
533 1132 676 1163 saucibus
684 1133 806 1173 eripere
821 1132 938 1172 digna-

160 1187 258 1216 retur.
276 1185 413 1226 Moxque
425 1188 460 1217 ut
471 1187 664 1217 confortatus
677 1196 696 1217 a
710 1186 843 1217 Domino
854 1186 937 1217 beati

160 1239 319 1271 Francisci
328 1249 447 1271 nomen
460 1241 544 1271 fideli
558 1241 727 1272 devotione
742 1240 938 1280 deprompsit

159 1294 292 1324 testibus
313 1295 369 1334 qui
390 1294 532 1333 aderant,
553 1303 679 1326 veneno
703 1294 844 1326 evomito
858 1294 938 1325 libe-

158 1348 258 1379 ratori
272 1357 330 1380 suo
345 1348 465 1388 gratias
478 1348 558 1388 egit.

356 1444 390 1471 De
410 1444 534 1471 liberatis
553 1452 569 1471 α
588 1444 744 1479 naufi‘aqio.

202 1510 236 1541 ln
263 1519 382 1550 magno
406 1511 504 1542 maris
525 1511 666 1551 periculo
690 1511 784 1551 positi
807 1511 938 1551 quidam

160 1566 281 1603 nautae,
298 1573 372 1595 cum
386 1574 443 1604 per
457 1564 606 1595 milliaria
617 1565 725 1596 decem
741 1574 760 1595 a
771 1566 866 1606 portu
881 1566 938 1595 Ba-

159 1617 300 1648 rulitano
328 1617 498 1657 distarent,
529 1618 773 1658 ingravescente
799 1619 937 1649 nimium

160 1671 354 1711 tempestate,
368 1672 438 1711 jam
453 1672 491 1703 de
502 1672 569 1704 vita
584 1672 673 1703 dubii
688 1672 844 1703 anchoras
859 1672 936 1703 sub-

160 1724 327 1756 miserunt.
350 1725 471 1757 Verum
498 1726 612 1766 spiritu
628 1726 840 1766 procellarum
856 1726 938 1757 mari

160 1778 335 1809 ferventius
349 1780 556 1818 tumescente,
568 1780 675 1811 fractis
689 1780 831 1819 funibus,
846 1782 877 1811 et
890 1789 939 1812 re-

159 1831 241 1862 lictis
253 1832 414 1871 anchoris,
430 1832 550 1864 incerto
563 1836 594 1864 et
605 1834 758 1874 inaequali
774 1843 869 1865 cursu
882 1843 938 1874 per

160 1894 291 1925 aequora
311 1887 526 1926 vagabantur.
553 1887 695 1919 Tandem
721 1890 805 1919 nutu
828 1889 938 1920 divino

160 1939 240 1970 mari
254 1939 388 1980 placato,
405 1940 444 1971 ad
457 1941 663 1972 resumendas
678 1942 843 1981 anchoras,
857 1952 936 1982 qua-

159 2002 234 2024 rum
248 1993 341 2024 funes
356 1994 504 2034 superius
518 1995 700 2034 enatabant,
717 1997 783 2027 toto
798 2005 830 2027 se
845 2005 939 2028 cona-

160 2047 247 2078 mine
260 2050 465 2087 paraverunt.
490 2048 634 2089 Cumque
650 2049 682 2080 id
696 2050 848 2090 perficere
863 2060 937 2091 pro-

159 2100 236 2140 priis
244 2101 369 2133 viribus
377 2111 442 2132 non
453 2102 607 2139 valerent,
623 2103 840 2143 plurimorum
851 2114 938 2136 sanc-

160 2155 267 2185 torum
282 2155 428 2187 invocato
443 2156 595 2195 subsidio,
613 2157 787 2198 multisque
797 2159 867 2198 jam
883 2168 938 2190 su-

160 2207 289 2239 doribus
312 2209 535 2248 liquescentes,
556 2219 615 2241 nec
637 2221 737 2242 unam
759 2221 816 2252 per
838 2215 938 2243 totam

161 2260 245 2291 diem
275 2270 436 2294 resumere
471 2266 654 2303 potuerunt.
683 2265 800 2297 Aderat
830 2268 938 2297 autem

160 2316 258 2345 nauta
273 2315 415 2355 quidam,
440 2316 600 2349 Perfectus
616 2319 757 2358 nomine,
774 2320 827 2350 sed
844 2320 939 2351 mori-

162 2368 222 2399 bus
237 2369 452 2409 imperfectuS,
471 2371 616 2410 quicum
632 2373 778 2404 irrisione
800 2374 939 2414 quadam

161 2422 241 2453 dixit
265 2423 303 2454 ad
327 2423 429 2454 socios
452 2433 460 2455 ε
484 2424 561 2456 Ecce
586 2429 768 2458 sanctorum
792 2428 938 2459 omnium

162 2475 333 2508 invocastis
349 2478 520 2517 auxilium,
533 2481 563 2510 et
576 2482 612 2510 ut
622 2480 745 2519 videtis,
758 2481 867 2512 nullus
880 2484 937 2520 est,

163 2530 218 2569 qui
245 2534 419 2562 succurrat.
446 2532 635 2564 Invocemus
662 2534 762 2566 istum
788 2535 939 2566 Francis-

163 2591 249 2623 cum,
266 2584 321 2624 qui
335 2585 482 2618 novellus
501 2588 548 2617 est
564 2589 701 2627 sanctus,
719 2588 745 2619 si
765 2598 829 2629 quo
844 2590 939 2621 modo

164 2636 197 2667 in
220 2646 308 2669 mare
329 2647 362 2669 se
383 2642 537 2679 emergat,
566 2642 597 2671 et
622 2642 778 2673 anchoras
802 2643 940 2683 perditas

164 2690 283 2722 reddat,
301 2691 534 2725 Consenserunt
548 2695 666 2733 caeteri,
691 2705 754 2727 non
780 2697 938 2737 irrisione,

325 2755 399 2777 Tou.
422 2756 489 2778 xw.

1715 202 1773 232 353

995 265 1050 297 sed
1071 266 1243 305 veraciter,
1268 265 1409 297 suasioni
1439 265 1591 306 Perfecti,
1617 269 1649 298 et
1673 267 1774 308 ipsius

993 320 1204 360 objurgantes
1228 320 1407 352 irrisorium
1435 320 1592 359 verbum,
1621 321 1773 354 firmave-

993 375 1071 404 runt
1096 383 1169 405 cum
1192 376 1300 405 sancto
1322 375 1534 415 spontaneum
1554 376 1686 414 votum,
1709 376 1773 406 sta-

994 427 1116 468 timque
1131 428 1163 459 in
1180 431 1345 460 memento
1367 429 1437 460 sine
1456 429 1563 470 aliquo
1580 429 1775 461 adminiculo

993 483 1186 514 nataverunt
1218 483 1369 514 anchora}
1399 492 1496 524 super
1530 492 1652 524 aquas,
1683 483 1775 524 quasi

993 534 1068 566 ferri
1093 538 1209 568 natura
1233 546 1327 569 versa
1359 537 1440 568 foret
1464 537 1497 568 in
1523 537 1665 577 ligneam
1693 537 1774 569 levi-

992 591 1103 621 tatem.

1035 643 1231 684 Peregrinus
1245 644 1377 685 quidam
1389 645 1549 676 invalidus
1562 654 1695 686 corpore
1705 654 1775 686 pro-

994 699 1064 738 pter
1075 698 1170 729 febris
1183 700 1342 738 peracutae
1357 700 1582 739 symptomata,
1600 709 1698 740 quam
1710 701 1775 732 sue-

993 754 1044 783 rat
1058 754 1132 784 ante
1147 762 1325 793 perpessus,
1344 754 1420 785 navi
1436 754 1574 794 quadam
1590 755 1774 795 subvectus,

994 806 1032 838 de
1053 807 1272 838 ultramarinis
1296 807 1441 847 partibus
1459 807 1618 838 veniebat.
1637 807 1774 840 Fereba-

994 862 1048 892 tur
1071 864 1178 892 autem
1201 864 1231 893 et
1255 862 1322 902 ipse
1349 862 1389 893 ad
1413 863 1543 894 beatum
1570 862 1776 894 Franciscum

993 915 1156 956 praecipuo
1183 915 1361 947 devotionis
1384 916 1519 955 affectu,
1556 917 1586 947 et
1614 925 1689 947 eum
1714 917 1776 947 sibi

994 969 1079 1008 apud
1094 969 1253 1000 coelestem
1276 969 1398 1009 Regem
1414 970 1555 1009 elegerat
1569 970 1773 1002 advocatum.

994 1022 1074 1053 Cum
1089 1023 1192 1062 igitur
1207 1023 1345 1054 necdum
1359 1024 1494 1063 perfecte
1511 1024 1591 1054 liber
1613 1034 1632 1054 a
1649 1025 1773 1063 morbo,

994 1076 1061 1107 sitis
1074 1077 1315 1116 angustiaretur
1330 1077 1511 1117 ardoribus,
1530 1078 1694 1109 deficiente
1704 1079 1776 1118 ¹iam

993 1139 1087 1170 aqua,
1105 1131 1200 1171 coepit
1215 1130 1278 1162 alta
1291 1140 1368 1163 voce
1384 1131 1522 1162 clamare
1539 1142 1546 1162 :
1565 1131 1609 1163 Ite
1626 1131 1772 1171 fidenter,

994 1184 1120 1215 haurite
1133 1184 1283 1224 poculum
1298 1185 1389 1223 mihi,
1408 1186 1485 1225 quia
1499 1186 1611 1216 beatus·
1627 1185 1774 1216 Francis-

994 1247 1049 1269 cus
1064 1239 1230 1270 vasculum
1251 1248 1361 1270 meum
1382 1248 1465 1279 aqua
1488 1239 1633 1279 replevit.
1656 1239 1775 1271 Mirum

994 1293 1096 1323 certet
1114 1292 1307 1324 invenerunt
1323 1301 1379 1323 vas
1394 1302 1477 1333 aqua
1501 1293 1670 1333 repletum,
1688 1294 1776 1334 quod

993 1347 1095 1378 fuerat
1119 1348 1192 1377 ante
1215 1356 1354 1378 vacuum
1378 1347 1576 1378 derelictum.
1601 1347 1673 1378 Alio
1697 1356 1776 1379 vero

994 1400 1044 1431 die
1059 1409 1132 1431 cnm
1146 1402 1335 1440 tempestate
1350 1400 1481 1432 suborta
1491 1400 1671 1441 operiretur
1683 1401 1775 1433 navis

994 1454 1155 1494 fluctibus,
1172 1457 1202 1485 et
1226 1455 1372 1495 procellis
1395 1457 1580 1495 quateretur
1604 1455 1774 1495 pervalidis

994 1508 1037 1539 ita
1052 1510 1086 1539 ut
1096 1510 1163 1548 ¹jam
1183 1509 1391 1549 naufragium
1405 1509 1567 1548 timerent,
1582 1510 1677 1550 ccepit
1688 1510 1773 1541 idem

994 1561 1142 1593 infirmus
1161 1563 1266 1594 subito
1291 1563 1429 1594 clamore
1450 1563 1617 1595 vociferari
1640 1572 1696 1603 per
1712 1572 1773 1594 na-

993 1626 1067 1648 vem
1087 1628 1093 1648 z
1111 1617 1245 1657 Surgite
1259 1627 1382 1657 omnes,
1398 1618 1513 1658 inquit,
1530 1620 1560 1649 et
1572 1618 1665 1649 beato
1678 1618 1774 1649 Fran-

994 1671 1074 1702 cisco
1089 1672 1229 1703 venienti
1245 1672 1411 1703 occurrite.
1427 1672 1506 1703 Ecce
1521 1672 1561 1703 ad
1581 1672 1773 1704 salvandum

993 1733 1052 1755 nos
1067 1725 1166 1757 adest.
1186 1726 1302 1766 Sicque
1319 1736 1394 1758 cum
1405 1736 1483 1759 voce
1497 1736 1619 1767 magna
1633 1729 1664 1758 et
1675 1728 1774 1768 lacry-

993 1780 1065 1818 mis,
1091 1781 1124 1811 in
1143 1781 1257 1812 faciem
1282 1782 1459 1822 procidens,
1482 1782 1637 1814 adoravit.
1660 1781 1773 1813 Statim

993 1835 1033 1865 ad
1049 1835 1150 1865 sancti
1175 1836 1333 1867 visionem
1357 1845 1486 1867 omnem
1511 1836 1695 1876 sospitatem
1720 1845 1771 1867 re-

993 1889 1130 1929 sumpsit
1144 1889 1304 1928 iufirmus,
1322 1892 1352 1921 et
1368 1890 1465 1921 maris
1483 1890 1544 1921 fuit
1559 1890 1774 1930 tranquillitas

993 1943 1174 1974 subsecuta.

1034 1996 1144 2027 Frater
1158 1996 1293 2028 Jacobus
1307 1996 1460 2028 Reatinus
1482 2007 1556 2029 cum
1571 1997 1604 2028 in
1624 1998 1774 2029 navicula

993 2059 1094 2090 parva
1107 2050 1246 2082 fluvium
1263 2051 1435 2091 quemdam
1450 2061 1523 2082 cum
1539 2051 1607 2082 ali1s
1624 2052 1774 2083 fratribus

993 2104 1211 2143 pertransiret,
1232 2105 1324 2136 sociis
1340 2105 1443 2145 primo
1458 2114 1553 2145 super
1568 2105 1638 2145 ripa
1652 2106 1772 2146 positis,

993 2160 1153 2198 postremo
1167 2167 1199 2188 se
1209 2158 1249 2189 ad
1263 2158 1386 2189 exitum
1402 2159 1613 2199 praeparabat.
1631 2159 1691 2190 Sed
1709 2168 1774 2191 mo-

993 2212 1062 2243 dico
1087 2212 1141 2242 illo
1164 2212 1257 2251 ligno
1280 2221 1339 2252 per
1362 2213 1574 2244 infortunium
1607 2213 1771 2252 revoluto,

993 2268 1115 2297 rectore
1129 2267 1270 2304 natante,
1287 2266 1384 2297 frater
1398 2275 1524 2297 mersus
1537 2268 1584 2298 est
1598 2267 1631 2297 in
1645 2268 1774 2307 profun-

993 2321 1081 2351 dum.
1101 2320 1294 2351 invocabant
1314 2320 1426 2352 fratres
1447 2323 1539 2352 extra
1561 2322 1653 2361 positi
1677 2322 1771 2352 assec-

994 2374 1092 2406 tuosis
1116 2374 1262 2414 precibus
1286 2374 1415 2405 beatum
1439 2375 1659 2413 Franclscum,
1684 2378 1714 2406 et
1738 2378 1774 2406 ut

993 2428 1059 2459 filio
1073 2430 1282 2466 succurreret,
1301 2428 1488 2469 lacrymosis
1505 2430 1680 2469 gemitibus
1693 2439 1772 2470 sup-

993 2481 1163 2521 plicabant.
1180 2480 1375 2512 Submersus
1390 2485 1497 2512 autem
1512 2483 1621 2521 frater,
1638 2483 1677 2514 de
1692 2492 1772 2514 ven-

994 2537 1042 2566 tre
1058 2535 1199 2574 gurgitis
1222 2535 1318 2565 nimis
1339 2535 1500 2574 immensi,
1529 2545 1603 2567 cum
1627 2545 1682 2567 ore
1707 2545 1786 2572 nonv

995 2591 1110 2630 posset,
1134 2589 1227 2619 corde
1251 2588 1418 2627 clamabat,
1438 2591 1474 2620 ut
1498 2591 1633 2629 poterat,
1657 2590 1773 2630 implo-

995 2653 1069 2674 rans
1079 2643 1124 2683 pii
1140 2642 1237 2682 patris
1250 2642 1439 2673 subsidium.
1460 2642 1497 2673 Et
1512 2652 1582 2673 ecce
1598 2643 1775 2674 auxiliante

995 2698 1055 2728 sibi
1069 2696 1154 2727 beati
1178 2696 1275 2736 patris
1295 2696 1474 2735 praesentia,
1498 2706 1554 2736 per
1578 2697 1776 2737 profundum

1596 2753 1634 2781 23
