2029 3052
438 184 624 218 OFFICIUM
645 185 696 218 DE
718 182 994 218 COMPASSIONE
1016 184 1160 217 BEATAE
1186 181 1323 215 MARIAE
1345 185 1531 222 VIRGlNIS.

173 254 324 290 cessitatis,
338 253 536 283 tribulationis
550 255 578 282 et
591 253 733 290 angustiae
746 251 934 282 inveniamus
947 261 953 280 :

171 303 327 339 praestante
342 301 460 336 eodem,
477 302 530 329 etc.

450 410 495 438 AD
514 409 672 438 TERTIAM.

208 491 238 530 v.
255 494 340 528 Deus,
353 492 385 520 in
397 492 590 529 adjutorium,
606 493 660 520 etc.

499 575 626 603 flmuus.

207 640 275 666 Jesu
289 639 356 666 nate
367 637 405 666 de
420 638 547 674 Virgine.

208 686 375 722 Antiphonti.
388 686 483 719 Quam
499 685 648 721 putamus.

493 767 629 794 Psuuus.

206 826 353 861 Quoniam
381 827 503 863 propter
532 827 559 854 te
583 825 708 854 sustinui
739 825 954 862 opprobrium,

171 873 288 911 operuit
303 873 437 902 confusio
451 873 559 902 faeiem
573 881 681 902 meam.

205 922 367 950 Extraneus
380 920 474 949 factus
488 929 555 949 sum
573 920 713 949 fratribus
728 920 813 955 meis,
829 922 857 948 et
869 928 955 956 pere-

170 968 272 1004 grinus
286 967 355 996 filiis
370 968 471 996 matris
484 976 568 996 meae.

207 1015 355 1050 Quoniam
377 1016 457 1043 zelus
482 1015 591 1043 domus
612 1016 669 1043 tuae
688 1014 819 1043 comedit
846 1022 906 1049 mc,
928 1016 956 1042 et

170 1063 335 1100 opprobria
358 1063 603 1099 exprobrantium
629 1062 682 1090 tibi
714 1061 884 1090 ceciderunt
907 1070 955 1089 su-

170 1118 225 1146 per
238 1118 297 1138 me.

205 1159 238 1185 Et
252 1157 358 1194 operui
367 1157 398 1185 in
410 1157 522 1193 Jejunio
534 1156 665 1185 animam
679 1164 788 1192 meam,
806 1157 833 1184 et
845 1155 955 1184 factum

170 1206 213 1233 est
226 1205 258 1232 in
273 1204 471 1241 opprobrium
485 1204 569 1232 mihi.

205 1251 304 1280 Gloria
317 1252 404 1286 Patri,
420 1253 448 1280 et
459 1251 544 1286 Filio,
560 1252 616 1279 etc.

205 1299 378 1335 Antiphone.
394 1300 489 1333 Quam
504 1300 644 1335 putamus
661 1298 757 1326 Matris
775 1297 955 1332 moestitiam,

170 1354 239 1374 cum
255 1345 371 1374 videret
394 1345 488 1382 prolis
510 1345 697 1381 angustiam?
713 1347 777 1373 Non
798 1344 886 1373 dolor
901 1346 954 1380 est,

169 1394 202 1421 ut
215 1393 312 1422 Matris
325 1393 450 1429 Virginis
464 1392 608 1429 plorantis
624 1392 673 1421 Dei
689 1393 716 1421 et
730 1392 870 1420 hominis.

478 1471 648 1506 Capitulum.

206 1534 281 1561 Dum
295 1532 424 1561 Christus
443 1532 483 1560 ad
505 1532 606 1560 locum
629 1530 770 1560 Calvariae
786 1530 955 1566 duceretur,

169 1582 198 1609 et
231 1588 349 1608 crucem
377 1579 434 1607 sibi
466 1579 638 1614 bajularet,
671 1579 852 1614 sequebatur
885 1587 954 1606 eum

170 1629 267 1662 Mater,
284 1626 487 1655 moestissimas
510 1633 599 1654 voces
621 1625 771 1660 emittens,
798 1627 825 1653 et
847 1625 953 1653 uberes

169 1674 325 1703 effundens
357 1674 526 1710 lacrymas,
558 1675 660 1709 pectus
693 1681 811 1701 sacrum
844 1681 953 1709 percuu

169 1722 253 1750 tiens.
283 1723 310 1757 ji.
335 1722 453 1756 Quaeso,
478 1721 551 1748 mihi
577 1721 698 1754 misero,
720 1720 876 1755 virginum
899 1722 955 1748 Re-

168 1768 248 1804 gina.
268 1770 297 1804 iz.
319 1770 426 1797 Tecum
440 1768 520 1796 flenti
538 1768 572 1803 (a)
594 1768 743 1803 lacrymas
759 1767 866 1795 uberes
883 1775 954 1803 pro-

170 1823 252 1852 pina.

507 1893 612 1920 Oratio.

205 1956 325 1991 Propter
335 1953 487 1989 angustias
502 1954 529 1981 et
544 1952 701 1988 cruciatus,
717 1961 793 1989 quos
810 1961 860 1981 cor
873 1955 956 1982 tuum

168 2002 316 2038 sustinuit,
332 2002 420 2037 Virgo
437 2001 621 2035 beatissima,
637 2000 761 2036 quando
784 2001 892 2028 audisti
913 2000 957 2029 Fi-

167 2051 242 2078 lium
266 2051 350 2078 tuum
375 2048 601 2077 dilectissimum
626 2047 833 2083 adjudicatum
854 2049 958 2083 morti,

168 2100 195 2125 et
208 2097 303 2125 crucis
317 2096 477 2132 supplicio,
494 2103 633 2123 succurre
661 2094 748 2122 nobis
767 2096 900 2131 tempore
913 2095 957 2123 in-

167 2143 312 2171 firmitatis
328 2145 446 2177 nostrae,
472 2142 595 2178 quando
612 2150 721 2178 corpus
744 2143 879 2170 nostrum
903 2143 957 2170 do-

166 2191 230 2219 lore
244 2190 423 2218 infirmitatis
446 2189 638 2224 cruciabitur,
664 2190 692 2216 et
716 2189 834 2225 spiritus
859 2192 958 2217 noster

167 2238 236 2266 hinc
251 2238 372 2274 propter
387 2237 509 2264 insidias
532 2236 715 2270 daemonum,
735 2235 817 2263 illinc
834 2239 955 2272 propter

167 2286 309 2313 terrorem
320 2283 441 2311 districti
452 2283 561 2310 Judicis
571 2282 799 2318 angustiabitur,
813 2283 953 2318 subveni,

165 2332 301 2368 inquam,
317 2330 416 2365 nobis,
431 2330 565 2364 Domina,
590 2331 671 2364 tunc,
690 2337 727 2357 ne
748 2330 953 2358 damnationis

165 2380 280 2407 aeternae
294 2380 396 2406 contra
411 2385 466 2405 nos
484 2376 651 2412 proferatur
671 2377 826 2411 sententia,
847 2380 897 2405 aut
917 2386 953 2405 ne

166 2425 293 2454 flammis
304 2423 520 2461 gehennalibus
534 2423 690 2451 tradamur
704 2424 881 2452 aeternaliter
892 2433 957 2452 cru-

168 2472 269 2501 ciandi
288 2481 294 2500 :
311 2473 470 2508 praestante
487 2470 606 2504 eodem,
617 2472 670 2498 etc.

462 2583 506 2609 An
533 2582 673 2610 SEXTAM.

211 2662 297 2697 Deus,
317 2662 349 2690 in
361 2661 544 2699 adjutorium
558 2669 670 2696 meum,
686 2663 739 2690 etc.

1735 191 1794 221 229

1341 287 1467 317 livianus.

1046 348 1114 375 Jesu
1128 349 1195 376 nate
1211 347 1248 376 de
1264 349 1392 385 Virgine.

1045 394 1214 430 Antiphone.
1230 395 1275 424 Ad
1287 395 1399 425 locum.

1334 480 1471 508 PSALmus.

1046 537 1129 565 Aruit
1142 538 1286 574 tanquam
1302 540 1374 569 testa
1393 540 1484 570 virtus
1505 549 1584 577 mea,
1605 542 1709 578 lingua
1729 550 1798 572 mea

1011 584 1134 613 adhaesit
1150 584 1287 614 faucibus
1310 587 1396 622 meis,
1411 589 1439 616 et
1458 588 1490 617 in
1512 588 1671 626 pulverem
1692 590 1797 618 mortis

1013 631 1162 660 deduxisti
1174 640 1234 661 me.

1049 680 1197 714 Quoniam
1221 680 1482 711 circumdederunt
1509 692 1558 712 me
1585 692 1674 713 canes
1696 684 1797 720 multi,

1012 727 1173 756 concilium
1186 727 1413 764 malignantium
1427 730 1544 759 obsedit
1557 739 1615 760 me.

1048 774 1199 803 Foderunt
1211 783 1319 804 manus
1340 785 1422 805 meas
1446 779 1474 805 et
1489 778 1582 814 pedes
1596 786 1690 815 meos,
1707 779 1797 808 dinu-

1011 824 1202 851 meraverunt
1215 823 1316 851 omnia
1325 831 1393 852 ossa
1406 832 1483 853 mea.

1047 869 1104 905 Ipsi
1120 877 1191 898 vero
1208 870 1471 900 consideraverunt
1489 873 1517 900 et
1531 872 1724 909 inspexerunt
1737 881 1797 909 me,

1013 916 1177 945 diviserunt
1189 917 1246 945 sibi
1260 918 1436 948 vestimenta
1446 927 1525 954 mea,
1539 921 1567 948 et
1581 928 1672 956 super
1685 921 1798 949 vestem

1012 972 1112 992 meam
1123 964 1267 992 miserunt
1280 967 1400 994 sortem.

1048 1011 1146 1040 Gloria
1161 1012 1248 1046 Patri,
1263 1013 1291 1040 et
1306 1012 1391 1048 Filio,
1406 1015 1460 1042 etc.

1049 1059 1217 1094 Antiphone.
1232 1059 1276 1087 Ad
1291 1059 1392 1088 locum
1408 1060 1547 1097 supplicii
1561 1061 1649 1097 Virgo
1663 1069 1732 1090 cum
1747 1069 1798 1090 ve-

1012 1105 1112 1141 nisset,
1128 1107 1289 1142 postquam
1311 1115 1399 1135 suum
1420 1107 1527 1136 Filium
1542 1109 1571 1137 et
1591 1117 1710 1137 crucem
1725 1117 1799 1137 con-

1012 1153 1165 1188 spexisset,
1182 1156 1329 1189 augentur
1340 1154 1478 1190 planctus
1494 1157 1521 1184 et
1534 1156 1686 1192 lacrymae,
1702 1156 1800 1185 multi-

1013 1199 1162 1235 plicantur
1176 1200 1296 1229 dolores
1309 1202 1337 1229 et
1351 1201 1503 1237 angustiae.

1321 1281 1489 1316 Capitulum.

1051 1344 1154 1371 Erecta
1168 1351 1254 1372 cruce
1275 1345 1356 1372 Jesus
1379 1345 1511 1373 ascendit
1534 1346 1562 1374 et
1577 1346 1707 1374 extendit
1729 1346 1800 1376 bra-

1014 1392 1097 1427 chia3
1114 1400 1221 1420 manus
1245 1393 1272 1420 et
1298 1392 1391 1428 pedes
1414 1393 1587 1422 clavantur:
1604 1402 1671 1430 quae
1694 1394 1801 1422 videns

1012 1438 1146 1473 piissima
1160 1440 1260 1474 Mater,
1276 1447 1337 1475 prae
1353 1440 1459 1468 dolore
1475 1440 1591 1469 defecit.
1605 1441 1632 1475 .
1658 1443 1735 1470 Rosa
1749 1449 1800 1470 ru-

1012 1485 1087 1513 bens
1098 1486 1231 1521 vertitur,
1247 1486 1321 1514 heu!
1343 1487 1446 1515 morus
1460 1488 1491 1515 in
1503 1487 1660 1524 pallorem.
1677 1488 1708 1524 13).
1727 1490 1800 1517 Cum

1012 1532 1043 1561 in
1058 1535 1166 1561 terram
1181 1533 1284 1569 fluere,
1301 1541 1419 1562 sacrum
1433 1534 1548 1563 videret
1561 1543 1708 1564 cruorem.

1352 1614 1458 1641 Oratio.

1050 1677 1172 1712 Propter
1187 1676 1301 1704 doloris
1316 1676 1462 1712 gladium,
1475 1677 1526 1713 qui
1541 1677 1729 1713 pertransivit
1739 1678 1801 1706 ani-

1013 1730 1095 1750 mam
1110 1725 1203 1758 tuam,
1224 1723 1311 1758 Virgo
1337 1723 1520 1756 dulcissima,
1548 1724 1670 1760 quando
1695 1724 1801 1753 Filium

1012 1772 1097 1798 tuum
1110 1769 1332 1798 dilectissimum
1349 1771 1503 1806 cernebas,
1523 1771 1640 1799 nudum
1661 1771 1692 1799 in
1715 1779 1801 1799 eruce

1014 1817 1156 1851 levatum,
1173 1817 1265 1845 clavis
1279 1817 1474 1853 perforatum,
1490 1826 1524 1846 ac
1538 1826 1591 1853 per
1607 1818 1708 1847 omnia
1723 1818 1800 1847 lace-

1013 1866 1111 1891 ratum
1125 1864 1222 1900 plagis
1237 1872 1271 1892 ac
1293 1864 1477 1899 verberibuS,
1494 1872 1613 1892 necnon
1628 1866 1656 1892 et
1670 1865 1802 1893 vulneri-

1015 1910 1072 1938 bus
1078 1920 1086 1945 3
1102 1911 1213 1946 adjuva
1227 1919 1293 1946 nos,
1309 1913 1342 1938 ut
1356 1919 1408 1939 cor
1422 1913 1556 1939 nostrum
1569 1919 1649 1940 nunc
1665 1920 1802 1948 compas-

1015 1957 1107 1985 sionis
1122 1960 1150 1985 et
1165 1958 1406 1994 compunctionis
1422 1957 1540 1994 gladius
1553 1958 1712 1994 perfodiat,
1728 1959 1804 1987 divi-

1015 2005 1106 2041 nique
1130 2004 1240 2033 amoris
1270 2005 1375 2033 lancea
1399 2005 1551 2040 vulneret,
1580 2005 1620 2034 ita
1645 2008 1678 2034 ut
1706 2007 1804 2034 omnis

1015 2053 1128 2089 peccati
1152 2052 1274 2088 sanguis
1299 2053 1399 2081 effluat
1422 2061 1440 2081 a
1462 2054 1581 2089 pectore
1602 2055 1715 2087 nostro,
1740 2056 1768 2082 et
1786 2062 1804 2082 a

1015 2099 1112 2127 noxiis
1127 2099 1205 2127 vitiis
1224 2099 1433 2134 emundemur,
1456 2100 1599 2127 virtutum
1623 2100 1804 2128 indumentis

1016 2148 1208 2181 decoremur,
1233 2156 1410 2184 semperque
1437 2150 1534 2176 mente
1561 2156 1595 2176 ac
1616 2156 1741 2184 corpore
1767 2149 1804 2177 de

1014 2195 1070 2222 hae
1086 2195 1169 2222 valle
1182 2195 1307 2222 miseriae
1320 2195 1454 2222 levemur
1464 2195 1503 2222 ad
1514 2195 1654 2230 coelestia,
1668 2203 1729 2231 quo
1744 2198 1804 2223 tan-

1020 2242 1100 2274 dem,
1118 2250 1186 2269 cum
1202 2242 1364 2277 promissus
1387 2242 1450 2269 dies
1465 2242 1629 2277 advenerit,
1650 2243 1805 2278 pervenire

1018 2288 1121 2324 spiritu
1138 2291 1165 2316 ct
1180 2296 1305 2324 corpore
1321 2296 1490 2316 mereamur
1504 2299 1511 2316 :
1527 2291 1683 2325 praestante
1698 2290 1806 2317 eodem

1018 2336 1145 2363 Domino
1162 2338 1263 2363 nostro
1283 2337 1351 2363 lesu
1370 2335 1482 2364 Christo
1499 2336 1571 2365 Filio
1586 2339 1648 2372 tuo,
1670 2336 1721 2373 qui
1738 2344 1806 2363 cum

1017 2385 1108 2411 Patre.

1318 2484 1363 2510 AD
1381 2483 1508 2511 NONAM.

1056 2573 1146 2606 Deus,
1162 2571 1193 2599 in
1207 2571 1389 2606 adJutorium
1401 2579 1502 2600 meum
1514 2571 1645 2607 intende,
1662 2573 1718 2600 etc.

1049 2669 1084 2698 ()
1101 2667 1161 2691 Coet.
1186 2666 1247 2690 edit.
1264 2666 1353 2691 flendi.
