2029 3052
360 378 721 436 SPECULUM
765 348 1015 435 BEATAE
1056 380 1297 465 MARIAE
1339 371 1680 439 VIRGINIS'

882 660 1154 699 ARGUMENTUM

786 745 845 781 (Ex
859 744 925 773 edit.
942 745 1090 778 Vaticana,
1105 752 1152 772 an.
1171 744 1262 780 ¹596.)

259 825 400 860 Sanctus
417 826 652 860 Bonaventura
675 826 737 860 hoc
761 825 929 872 Opusculo
951 824 1194 861 Salutationem
1222 827 1416 872 Angelicam
1440 829 1585 864 dilucide
1613 831 1765 876 explicat,
1795 836 1828 866 ct

214 885 425 919 sanctissimae
437 883 497 918 Dei
512 883 689 918 Genitricis
707 884 936 918 excellentiam
951 884 1045 918 miris
1059 884 1216 919 laudibus
1233 885 1339 920 effert.
1362 887 1541 933 Propterea
1555 889 1645 922 enim
1659 888 1827 935 Opusculo

216 943 352 977 titulum
371 942 563 988 hujusmodi
578 942 735 988 praefigit,
753 942 834 988 quia
847 943 883 976 in
897 953 935 977 eo
949 942 1144 985 beatissimae
1160 943 1310 988 Virginis
1325 945 1454 989 gratiae,
1471 946 1612 981 virtutes
1625 950 1657 981 et
1671 947 1758 982 dona
1771 959 1828 983 ve-

216 1001 280 1036 luti
294 1000 457 1046 imagines
473 1001 508 1034 in
523 1000 729 1036 lucidissimo
742 1001 875 1047 speculo
885 1004 1176 1047 repraesentantur.
1193 1001 1340 1036 Adhibet
1351 1007 1462 1037 autem
1479 1004 1522 1038 ad
1537 1004 1598 1038 hoc
1611 1005 1830 1050 comproban-

216 1059 522 1095 dumauctoritates
536 1060 658 1102 varias,
674 1059 796 1105 quibus
812 1063 918 1094 totum
933 1059 1140 1105 opusculum
1160 1072 1372 1106 conspersum
1388 1066 1448 1105 est,
1464 1066 1508 1105 et,
1525 1063 1641 1097 iisdem
1656 1063 1775 1109 majori
1789 1075 1829 1098 ex

217 1123 310 1164 parte
324 1118 518 1164 conquisitis
531 1130 662 1152 summa
674 1130 750 1153 cum
765 1118 952 1163 diligentia,
969 1118 1108 1164 pristino
1122 1130 1183 1152 suo
1198 1119 1367 1164 splendori
1383 1120 1585 1154 restitutum.
1608 1120 1696 1155 Sunt
1717 1125 1829 1156 autem

217 1177 329 1211 decem
348 1180 381 1210 et
403 1180 475 1211 octo
490 1177 608 1222 capita,
624 1177 665 1211 ad
679 1189 752 1222 quae
771 1177 883 1211 reduci
899 1181 1037 1222 possunt
1059 1177 1183 1220 omnia,
1207 1188 1283 1223 quae
1307 1177 1347 1211 de
1371 1178 1432 1212 hoc
1451 1183 1648 1223 argumento
1668 1191 1687 1213 a
1708 1179 1829 1215 Sancto

218 1235 452 1270 Bonaventura
466 1238 650 1269 tractantur
665 1248 672 1268 z
688 1235 828 1281 ideoque
843 1235 878 1269 in
894 1235 1049 1270 lectiones
1065 1235 1200 1270 totidem
1217 1239 1390 1270 tractatum
1405 1237 1507 1271 istum
1522 1237 1746 1272 distinximus.

869 1465 881 1480 ¹
903 1467 1194 1508 PROLOGUS

257 1571 414 1607 Quoniam,
439 1572 471 1599 ut
490 1570 530 1599 ait
550 1570 653 1598 beatus
672 1570 868 1605 Hieronymus
888 1570 909 1603 ³,
930 1568 1004 1596 nulli

223 1619 350 1648 dubium
369 1620 420 1653 est,
441 1618 513 1654 quin
534 1619 628 1646 totum
647 1617 686 1645 ad
702 1617 829 1651 gloriam
846 1618 873 1644 et
889 1616 927 1644 ad
943 1616 1005 1644 lau-

223 1667 292 1695 dem
308 1666 452 1703 pertineat
466 1665 524 1699 Dei,
538 1665 687 1701 quidquid
701 1664 790 1700 digne
801 1663 933 1699 genitrici
945 1671 1005 1690 sure

223 1714 392 1750 impensum
412 1713 512 1747 sucrit3
537 1711 605 1739 ideo
626 1711 664 1739 ad
686 1711 808 1739 laudem
829 1713 855 1738 et
877 1710 1004 1745 gloriam

225 1760 341 1789 Domini
356 1760 447 1788 nostri
467 1761 533 1787 lesu
549 1759 665 1793 Christi,
684 1758 784 1794 aliqua
809 1758 845 1785 de
871 1757 959 1785 laude
979 1759 1006 1784 et

224 1808 321 1844 gloria
343 1807 561 1843 gloriosissimoe
584 1806 685 1834 matris
709 1806 773 1840 ejus
797 1812 934 1841 promere
959 1812 1006 1832 cu-

224 1855 320 1892 piens,
342 1854 545 1882 dulcissimam
575 1853 710 1888 ejusdem
737 1852 837 1880 matris
859 1852 1007 1880 salutatio-

224 1910 292 1930 nem
310 1910 365 1938 pro
386 1901 508 1929 materia
528 1908 677 1928 assumere
697 1899 821 1935 dignum
844 1899 926 1926 duxi.
951 1898 1007 1926 Sed

226 1951 304 1977 certe
319 1949 357 1977 ad
372 1948 429 1976 hoc
445 1956 521 1984 opus
544 1947 667 1976 nimiam
687 1947 810 1975 omuino
833 1946 926 1973 fateor
946 1953 1007 1973 esse

227 2004 325 2024 meam
353 1994 602 2028 insufficientiam,
636 1996 757 2030 propter
787 1993 909 2021 nimiam
947 2001 1008 2020 ma-

228 2043 306 2071 teria}
326 2041 720 2078 incomprehensil›ilitateni,
743 2043 864 2076 propter
886 2039 1009 2067 nimiam

228 2089 355 2118 scientiae
392 2097 464 2116 mea:
504 2089 692 2122 tenuitatem,
726 2090 848 2124 propter
886 2087 1008 2114 nimiam

228 2137 338 2172 linguae
357 2144 429 2164 mezo
454 2135 631 2170 ariditatem,
653 2137 772 2171 propter
801 2133 924 2161 nimiam
947 2134 1010 2160 vitaz

230 2192 304 2212 meae
324 2183 540 2219 indignitatem,
557 2185 584 2210 et
600 2184 720 2218 propter
740 2182 862 2209 nimiam
878 2188 1010 2217 persona„¹

230 2230 390 2259 laudandae
404 2230 523 2258 laudem
544 2232 571 2258 et
584 2229 828 2257 laudabilitatem.
846 2228 915 2262 Quis
929 2236 1011 2256 uam-

231 2285 289 2314 que
310 2277 464 2305 materiam
491 2276 572 2304 illam
597 2275 929 2312 incomprehensibilem
949 2283 1011 2302 esse

231 2324 357 2359 dubitat,
379 2323 415 2351 de
431 2331 491 2359 qua
510 2327 625 2351 sanctus
644 2324 840 2359 {lieronymus
858 2322 867 2337 '¹
885 2330 928 2356 ea,
946 2330 1012 2358 quae.

230 2374 405 2409 sequuntur,
426 2372 522 2400 dicere
546 2379 606 2399 non
633 2371 768 2399 dubitat?
791 2371 876 2405 Quod
908 2373 1013 2398 natura

231 2429 292 2449 non
307 2420 421 2454 habuit,
438 2428 509 2447 usus
525 2418 658 2452 nescivit,
669 2419 817 2454 ignoravit
830 2418 916 2452 ratio,
930 2425 1013 2445 mens

231 2476 293 2496 non
308 2467 385 2504 capit
400 2467 542 2500 humana,
562 2468 650 2501 pavet
673 2465 792 2499 cadum,
811 2467 905 2500 stupet
926 2466 1012 2498 terra,

266 2566 270 2578 ¹
291 2565 330 2594 Cf.
349 2564 413 2588 Edit.
424 2563 567 2594 Argentum,
581 2569 622 2586 nn.
638 2563 704 2592 ¹495,
719 2564 780 2586 tom.
798 2562 830 2592 ΙΙ;
844 2562 904 2585 edit.
922 2562 1014 2591 Vatic.‚

233 2608 274 2625 an.
296 2602 370 2630 1596,
388 2602 451 2624 tom.
469 2600 517 2629 Vl,
537 2606 594 2630 pag.
620 2600 678 2629 450;
699 2598 759 2621 edit.
783 2599 857 2627 Yon,
881 2606 920 2623 nn.
946 2599 1014 2628 tht,

234 2639 296 2660 tom.
315 2637 349 2665 113
366 2636 428 2659 edit.
443 2635 534 2665 Lugii„
550 2642 592 2658 an.
612 2635 679 2664 1647,
694 2636 756 2658 toni.
775 2635 792 2664 t,
807 2641 865 2664 pag.
886 2636 938 2664 isit,
952 2634 1013 2657 edit.

235 2674 312 2702 ven„
329 2679 369 2695 au.
386 2672 456 2701 1754,
473 2673 534 2695 tom.
552 2671 618 2701 xm,
634 2677 692 2701 pug-
711 2672 751 2694 261
782 2682 812 2687 —
827 2671 836 2685 ²
852 2670 1014 2698 §iugulatum

235 2709 373 2733 lei-tionum
390 2715 532 2735 summam,
553 2714 608 2737 qua:
634 2707 682 2730 lioc
709 2706 766 2730 loro
790 2706 813 2729 in
838 2706 938 2729 ‹Jwteris
963 2705 1015 2729 rdi-

1059 1570 1194 1596 creatura
1209 1568 1298 1596 etiam
1313 1567 1438 1596 miratur
1455 1568 1552 1596 omnis
1567 1569 1702 1603 coelestis,
1723 1569 1780 1598 hoc
1795 1572 1841 1599 to-

1061 1618 1122 1643 tum
1142 1618 1196 1650 est,
1217 1615 1299 1651 quod
1319 1623 1372 1651 per
1393 1615 1560 1643 Gabrielem
1584 1616 1678 1644 Mariae
1702 1617 1844 1646 divinitus

1061 1663 1222 1697 nuntiatur,
1239 1665 1266 1690 et
1280 1670 1332 1698 per
1351 1662 1497 1689 Christum
1512 1661 1701 1698 adimpletur.
1723 1664 1787 1697 Qua
1805 1664 1843 1692 de

1061 1717 1161 1743 causa,
1175 1709 1211 1736 de
1227 1709 1288 1743 tali,
1303 1711 1441 1744 tantaque
1461 1717 1508 1736 me
1528 1708 1612 1745 loqui
1633 1709 1790 1745 indignum
1805 1710 1844 1739 sa-

1062 1759 1133 1784 teor.
1151 1757 1232 1790 ltem,
1249 1755 1404 1792 quomodo
1424 1755 1545 1783 seientia
1569 1763 1636 1784 mea
1659 1757 1843 1792 tenuissima,

1062 1805 1089 1830 et
1104 1810 1187 1831 mens
1207 1810 1274 1830 mea
1293 1802 1516 1836 obscurissima,
1537 1802 1643 1838 dignas
1666 1803 1760 1831 Mariae
1781 1803 1845 1832 lau-

1064 1849 1116 1878 des
1131 1849 1298 1885 excogitarc
1315 1850 1454 1884 sufficiat,
1471 1857 1539 1877 cum
1555 1850 1584 1877 in
1602 1849 1647 1877 his
1665 1849 1714 1878 ille
1735 1850 1847 1878 illumi-

1064 1899 1138 1925 nata}
1160 1897 1265 1925 mentis
1284 1897 1439 1925 anselmus
1459 1896 1602 1924 deficiat?
1624 1897 1668 1925 Ait
1690 1897 1769 1926 enim
1787 1897 1845 1926 sic:

1070 1957 1080 1968 «ι
1097 1944 1208 1979 Lingua
1225 1944 1295 1971 mihi
1309 1943 1416 1978 delicit,
1431 1944 1502 1980 quia
1518 1951 1600 1971 mens
1612 1952 1678 1972 mea
1693 1952 1754 1972 non
1769 1944 1849 1972 suffi-

1066 1992 1113 2025 cit,
1131 1991 1262 2019 Domina.
1286 1991 1420 2025 Domina,
1445 1991 1547 2018 omnia
1571 1991 1675 2019 intima
1699 1999 1765 2019 mea
1789 1991 1848 2020 sol-

1067 2039 1144 2067 licita
1162 2041 1239 2073 sunt,
1258 2040 1289 2066 ut
1305 2040 1452 2066 tantorum
1475 2038 1690 2066 beneficiorum
1714 2038 1765 2066 tibi
1782 2046 1847 2074 gra-

1068 2087 1120 2114 tas
1131 2086 1295 2114 exsolvam.
1313 2085 1369 2113 Sed
1384 2093 1438 2113 nec
1455 2085 1584 2120 cogitare
1597 2093 1719 2121 possum
1729 2085 1847 2121 dignas,

1066 2136 1094 2162 et
1109 2133 1199 2169 pudet
1214 2132 1345 2169 prolerre
1361 2140 1420 2160 non
1437 2132 1551 2167 dignas.
1568 2143 1581 2157 »
1599 2133 1701 2160 Beatus
1725 2140 1848 2169 quoque

1069 2180 1245 2215 Augustinus
1261 2180 1379 2208 Mariam
1394 2178 1561 2215 alloquens,
1577 2179 1653 2206 ait⁵:
1672 2190 1686 2205 «
1703 2179 1779 2213 Quid
1799 2179 1850 2207 di-

1067 2235 1132 2255 cam
1153 2227 1189 2255 de
1210 2229 1247 2260 te,
1269 2234 1382 2263 pauper
1402 2226 1533 2261 ingenio,
1556 2234 1625 2253 cum
1651 2226 1688 2254 dc
1714 2229 1740 2254 te
1760 2226 1849 2262 quid·

1067 2274 1140 2310 quid
1170 2274 1285 2307 dixero,
1314 2274 1411 2301 minor
1432 2273 1497 2301 laus
1525 2275 1578 2306 est,
1600 2280 1692 2309 quam
1720 2273 1849 2309 dignitas

1069 2324 1118 2349 tua
1135 2321 1281 2349 meretur?
1297 2332 1309 2345 n
1327 2322 1408 2354 Item,
1425 2319 1581 2356 quomodo
1599 2319 1703 2355 lingua
1717 2328 1784 2348 mea
1798 2328 1847 2348 ru-

1070 2368 1202 2402 dissima‚
1223 2367 1378 2403 quomodo
1400 2367 1619 2403 interpretativa
1634 2375 1701 2395 mea
1716 2366 1847 2394 aridissi—

1070 2424 1118 2443 ma
1134 2415 1163 2442 in
1176 2415 1349 2443 enarrandis
1366 2415 1460 2442 Mariae
1480 2414 1620 2442 laudibus
1637 2421 1698 2442 non
1720 2413 1847 2448 deficiat,

1070 2471 1138 2491 cum
1153 2462 1201 2490 ille
1216 2462 1412 2490 disertissimae
1427 2461 1535 2496 linguae
1547 2460 1723 2496 Augustinus
1732 2459 1847 2488 dicatss:

1071 2560 1182 2585 tionibus
1201 2560 1303 2588 legitur,
1324 2557 1504 2582 uniformitatis
1519 2556 1599 2587 gratia
1619 2556 1649 2579 aul
1668 2556 1764 2579 calcem
1781 2556 1851 2579 volu-

1071 2597 1162 2625 ininiS,
1183 2603 1227 2619 seu
1247 2596 1278 2618 ml
1302 2595 1411 2618 indicem
1433 2593 1577 2624 rejecimus.
1598 2604 1627 2609 —
1647 2592 1657 2608 ³
1680 2592 1795 2622 Hieron„
1817 2592 1851 2615 nd

1072 2633 1188 2656 Paulum.
1205 2634 1227 2654 v!
1244 2632 1371 2657 Eunoen„
1388 2630 1461 2660 epist.
1479 2631 1536 2652 ante
1552 2628 1619 2652 med.
1634 2641 1663 2645 —
1678 2630 1684 2641 ⁴
1701 2628 1775 2658 ibid„
1790 2630 1850 2658 post

1071 2669 1158 2692 multa.
1174 2681 1204 2685 —
1216 2668 1223 2681 ⁵
1243 2669 1361 2696 August„
1377 2666 1406 2688 ale
1422 2665 1532 2694 Sanctis,
1546 2670 1623 2687 serni.
1641 2669 1719 2693 xxxv,
1734 2663 1777 2692 aL,
1791 2670 1816 2687 n.
1829 2664 1851 2687 4.

1074 2718 1098 2722 —
1121 2705 1129 2719 ⁶
1149 2704 1210 2727 ibid.
1224 2708 1314 2733 utun,
1332 2709 1357 2725 n.
1375 2703 1398 2731 13,
1411 2700 1526 2732 Appeud.
1543 2706 1606 2731 oper
1622 2700 1696 2731 Aug„
1712 2702 1775 2724 tom.
1790 2699 1820 2724 V<
