2029 3052
680 209 793 241 CIRCA
816 209 1005 242 REGULAM
1027 210 1059 242 S.
1085 209 1301 241 FRANCISCI.

184 279 262 310 tudo
276 278 347 311 talis
357 280 440 312 facta
451 279 546 312 fuerit
556 277 741 317 tolerabilis,
759 285 959 319 consequen-

183 334 232 364 ter
245 332 459 365 introducitur
472 333 545 373 alia,
561 331 652 374 quasi
668 331 832 364 cohaerens
847 331 959 372 priori,

184 388 232 425 ut,
257 385 284 418 si
308 385 362 418 illa
385 386 575 425 admittitur,
598 385 660 417 ista
680 387 773 418 vetus
792 384 957 417 toleretur.

185 438 312 478 Quinta,
341 441 507 482 occupatio
528 440 566 482 (a)
588 440 772 481 frequenter
787 447 960 479 emergen-

183 493 278 533 tium,
293 503 367 535 quae
382 495 478 526 corda
485 494 642 533 distrahit,
654 494 805 526 affectum
819 493 962 525 devotio-

184 547 234 579 nis
248 547 422 588 extinguit,
445 557 551 580 mores
569 548 692 587 alterat,
718 548 854 580 interius
869 556 961 580 occa-

184 601 288 632 siones
302 601 456 633 vitiorum
469 602 602 641 inducit,
618 604 649 634 et
661 611 702 633 ne
715 602 754 634 de
764 611 822 634 sua
836 610 958 634 correc-

183 655 270 687 tione
284 655 453 688 efficaciter
471 656 625 696 cogitent,
642 664 768 697 semper
791 665 876 688 nova
898 656 960 687 im-

183 709 366 750 pedimenta
380 709 540 750 religiosis
553 710 696 750 innectit,
712 710 814 742 donec
832 710 962 742 tandem

184 765 393 795 consuescant
414 764 482 796 sola
496 764 655 795 exteriora
670 764 823 804 cogitare,
841 765 872 795 et
887 763 960 795 obs-

184 818 295 848 curato
303 817 504 849 conscientiae
511 817 615 855 oculo,
628 817 726 849 etiam
746 827 821 849 cum
834 818 960 857 desunt,

183 870 429 911 occupationum
446 879 559 903 causas
579 871 784 912 impudenter
803 880 961 912 quaerere,

184 925 267 957 sicut
290 925 426 958 Samson
447 927 583 957 caecatus
605 925 640 957 in
671 934 797 957 carcere
822 925 960 956 1110111111Ι

184 979 291 1011 traxit.
309 978 392 1011 Sunt
405 980 437 1010 et
448 979 519 1010 aliae
530 978 681 1020 speciales
690 987 795 1010 causae
811 987 964 1019 quorum-

185 1033 257 1064 dam
276 1032 443 1071 Ordinum,
461 1033 499 1064 ut
513 1032 615 1063 nimia
631 1032 750 1073 inopia,
766 1041 807 1063 ex
830 1041 895 1072 qua
910 1040 968 1062 co:

186 1088 311 1127 guntur
324 1086 393 1117 fieri
404 1086 615 1127 proprietarii,
632 1086 710 1117 dum
725 1085 852 1117 sibimet
873 1085 962 1118 vide-

184 1142 239 1172 tur
251 1140 387 1180 quisque
404 1140 583 1180 providere,
606 1140 681 1181 quia
695 1149 760 1171 non
776 1140 964 1181 providetur

184 1194 272 1226 eisin
285 1194 461 1226 communi.
478 1194 558 1226 Item
568 1194 678 1226 nimiae
690 1203 777 1235 opes,
793 1203 833 1226 ex
844 1195 963 1235 quibus

183 1249 266 1280 fiunt
280 1248 436 1286 carnales,
453 1249 594 1289 superbi,
618 1250 648 1280 et
670 1248 891 1289 multipliciter
912 1249 961 1282 vi-

183 1301 266 1334 tiosi.
295 1302 375 1333 Item
405 1303 585 1343 frequentia
611 1303 694 1334 inter
718 1303 900 1342 saeculares,
922 1312 963 1334 ex

184 1365 248 1397 qua
275 1356 379 1387 oritur
408 1356 585 1388 multarum
615 1356 828 1402 tentationum
855 1366 964 1388 carna-

183 1409 263 1441 lium
279 1410 424 1449 materia,
441 1412 472 1441 et
481 1410 612 1451 teporis.
630 1410 710 1441 Item
723 1410 871 1451 frequens
886 1420 963 1442 mu·-

183 1463 261 1495 tatio
273 1463 495 1504 praelatorum,
512 1473 586 1504 quae
601 1466 632 1495 et
654 1464 681 1494 si
697 1473 756 1504 pro
775 1467 864 1504 parte
876 1465 962 1496 bona

183 1517 235 1557 sit,
251 1518 285 1548 in
299 1519 457 1558 quantum
479 1517 557 1548 mali
576 1517 786 1558 abjiciuntur,
804 1519 912 1549 tamen
928 1518 962 1550 in

183 1581 222 1603 eo
235 1572 350 1604 nociva
362 1573 421 1611 est,
438 1572 524 1613 quod
546 1572 632 1609 boni,
650 1572 728 1603 dum
751 1572 811 1602 cito
834 1573 962 1611 sperant

183 1624 317 1663 absolvi,
339 1633 404 1656 non
423 1626 626 1665 praesumunt
646 1625 794 1665 aggredi,
821 1624 872 1655 vel
895 1633 960 1656 non

182 1679 365 1719 proficiunt,
383 1681 418 1710 ut
439 1679 612 1710 reforment
636 1681 756 1710 statum
778 1678 913 1718 Ordinis,
931 1680 962 1710 et

182 1732 315 1764 rebelles
327 1732 444 1764 subditi
461 1732 567 1772 potius
579 1732 727 1763 laborant
743 1733 780 1763 ut
794 1731 959 1772 deponan-

182 1787 247 1826 tur,
275 1795 375 1826 quam
401 1787 437 1816 ut
469 1787 571 1817 status
598 1785 726 1817 debitus
753 1785 958 1817 reformetur.

185 1840 275 1878 ltem,
302 1840 328 1870 si
349 1848 434 1870 unus
456 1839 606 1879 praelatus
619 1839 812 1879 quandoque
827 1839 897 1869 vult
909 1848 961 1870 re-

183 1893 367 1925 formationi
383 1893 558 1932 intendere,
582 1893 621 1923 ab
636 1892 705 1923 aliis
719 1901 849 1932 quoquo
864 1892 961 1923 modo

183 1947 367 1988 impeditur,
383 1946 435 1979 vel
449 1946 489 1977 ad
503 1946 610 1977 minus
625 1955 690 1977 non
706 1947 842 1986 juvatur
856 1947 896 1977 ab
911 1946 961 1977 his

183 2010 323 2043 quorum
338 2001 459 2032 auxilio
474 2001 645 2040 indigeret,
663 2003 699 2031 ut
718 2000 809 2032 Prior
823 2010 889 2032 non
903 2001 959 2031 ad-

179 2057 316 2097 juvatur
330 2055 370 2086 ab
385 2055 519 2093 Abbate,
535 2054 588 2087 vel
603 2054 710 2086 Abbas
730 2055 770 2085 ab
791 2054 957 2095 Episcopo,

183 2113 214 2141 et
225 2110 264 2141 de
280 2109 440 2140 similibus
452 2109 598 2140 similiter
610 2108 786 2148 judicetur.
805 2107 892 2139 Unde
908 2118 959 2140 re-

184 2163 281 2195 belles
296 2163 413 2194 subditi
429 2162 589 2203 appellant
603 2162 643 2194 ad
653 2162 736 2200 11105,
755 2171 836 2202 quos
858 2162 961 2194 sciunt

184 2217 244 2248 sibi
259 2217 292 2247 in
306 2224 364 2247 sua
377 2216 550 2247 rebellione
571 2216 691 2247 favere.
718 2215 797 2246 Item
821 2216 847 2246 si
862 2216 962 2256 aliqui

185 2271 219 2301 in
233 2278 298 2301 uno
319 2269 388 2300 loco
408 2269 580 2309 diligerent
603 2270 777 2300 reformare
796 2271 914 2300 statum
930 2271 963 2301 in

186 2324 316 2362 melius,
332 2323 505 2355 mittuntur
518 2323 559 2354 ad
573 2324 673 2354 alium
688 2325 813 2362 locum,
828 2324 885 2355 ubi
899 2333 964 2355 non

186 2377 358 2410 inveniunt
380 2376 465 2417 quod
489 2377 686 2417 quaerebant.
717 2376 766 2408 Ex
793 2376 844 2407 1115
868 2378 965 2417 atque

188 2431 259 2463 aliis
270 2431 390 2469 causis,
406 2432 507 2462 status
523 2430 697 2470 Religionis
711 2430 830 2469 deficit,
847 2432 884 2462 ut
900 2439 966 2462 non

189 2486 295 2518 solum
315 2485 372 2516 fiat
386 2485 532 2523 deterior,
543 2485 598 2516 sed
612 2485 708 2516 etiam
721 2485 811 2525 quasi
822 2485 967 2525 despera-

190 2540 274 2578 bilis,
294 2540 380 2580 quod
398 2540 454 2571 vix
468 2548 626 2580 unquam,
642 2539 705 2569 nisi
721 2539 803 2570 Deus
823 2540 965 2580 ordinet,

192 2594 284 2625 aliter
319 2594 523 2626 reformetur.
545 2593 603 2625 Sed
619 2594 695 2634 quia
718 2597 729 2613 ²
757 2593 968 2635 dz'liyentibzcs

231 2675 236 2690 ¹
253 2674 352 2706 ludia,
373 2680 413 2704 ix,
429 2675 467 2699 53.
483 2687 513 2692 —
527 2675 537 2690 ²
549 2674 626 2704 Rom,
643 2680 704 2704 vm,
724 2675 764 2698 28.
783 2687 812 2692 —
833 2675 842 2691 ³
863 2676 881 2699 ll
899 2675 967 2705 Cor„

195 2715 233 2739 11,
249 2711 278 2733 26

1737 211 1796 241 615

1017 277 1120 310 Deum
1128 277 1239 310 omnia
1244 279 1454 319 cooperantur
1462 279 1499 311 in
1505 277 1632 316 bonum,
1639 277 1726 318 quod
1731 285 1796 309 non

1017 332 1054 363 fit
1067 331 1101 362 in
1123 332 1304 372 communi,
1329 333 1433 373 potest
1452 331 1523 363 fleri
1543 332 1577 363 in
1598 331 1794 372 particulari.

1018 385 1158 423 Quilibet
1178 386 1332 426 proficere
1356 386 1479 425 volenS,
1502 385 1660 418 convertit
1678 385 1719 417 ad
1745 385 1796 417 lu-

1017 448 1109 470 crum
1119 448 1214 470 suum
1228 439 1365 472 aliorum
1379 440 1621 477 detrimentum,
1638 440 1670 470 et
1683 448 1796 471 omnes

1017 493 1086 525 vias
1100 493 1197 524 alieni
1213 493 1351 526 defectus
1366 494 1405 526 ad
1420 494 1598 534 profectum
1614 501 1711 524 suum
1721 502 1797 524 cum

1019 547 1071 578 Dei
1085 547 1191 587 gratia
1201 548 1374 588 retorquet.
1390 547 1429 580 Et
1441 548 1523 579 sicut
1537 547 1714 579 electorum
1730 547 1797 587 glo-

1018 601 1066 632 ria
1080 610 1122 633 ex
1133 601 1195 633 hoc
1207 602 1311 643 maj0r
1324 603 1395 641 erit,
1411 602 1498 644 quod
1515 601 1728 643 reproborum
1744 609 1799 632 so-

1018 655 1121 687 cietati
1136 655 1276 694 admisti,
1292 664 1404 687 eorum
1419 664 1486 687 non
1501 655 1669 687 imitantur
1684 664 1795 686 exem-

1018 709 1120 750 plum,
1145 709 1202 750 qui
1222 711 1297 741 sunt
1319 709 1398 750 ipsis
1422 709 1618 748 tentationis,
1647 711 1679 741 et
1707 718 1797 741 exer-

1018 764 1126 795 cendae
1136 764 1265 796 virtutis
1279 763 1429 802 materia;
1445 764 1490 795 ita
1512 765 1542 794 et
1556 763 1632 795 boni
1655 763 1797 804 religiosi

1018 826 1186 858 nunquam
1202 817 1283 848 tanti
1304 818 1437 849 fuissent
1451 817 1559 848 meriti
1573 817 1659 858 apud
1680 816 1796 856 Deum,

1019 870 1044 901 si
1067 879 1132 902 non
1155 880 1175 902 a
1197 871 1378 912 tepidorum
1399 872 1535 903 fratrum
1561 871 1735 902 defectibus
1758 871 1798 902 ad

1019 924 1228 964 multiplicem
1243 925 1374 956 virtutis
1387 925 1506 957 luctam
1518 925 1643 957 assidue
1656 925 1798 966 expediti

1019 977 1163 1009 fuissent.
1180 977 1268 1010 Unde
1283 979 1464 1019 Apostolus,
1493 979 1577 1010 inter
1599 981 1715 1010 caetera
1729 979 1797 1011 vir-

1019 1033 1125 1063 tutum
1140 1041 1274 1063 suarum
1287 1033 1413 1072 merita,
1431 1033 1548 1073 quibus
1562 1042 1596 1064 se
1612 1033 1799 1064 ministrum

1020 1086 1136 1118 Christi
1151 1086 1342 1117 excellenter
1358 1086 1527 1126 gloriatur,
1545 1087 1714 1118 enumerat
1725 1086 1736 1102 ⁸
1746 1094 1800 1126 pe-

1018 1142 1123 1174 ricula
1144 1142 1180 1173 in
1196 1141 1290 1180 falsis
1306 1141 1476 1181 fratribus,
1493 1150 1530 1173 co
1545 1141 1631 1182 quod
1646 1141 1675 1172 ei
1685 1142 1716 1172 et
1730 1140 1800 1171 aliis

1018 1195 1111 1226 bonis
1131 1195 1300 1235 multiplex
1314 1196 1354 1226 sit
1372 1195 1495 1227 occasio
1516 1194 1657 1233 virtutis,
1681 1194 1799 1226 scilicet

1019 1249 1104 1290 quod
1120 1249 1223 1289 primo
1233 1258 1345 1280 eorum
1360 1258 1460 1289 prava
1482 1248 1630 1288 exempla
1650 1250 1726 1279 sunt
1738 1248 1795 1280 bo-

1017 1303 1067 1334 nis
1076 1303 1260 1334 tentationis
1274 1303 1420 1342 materia,
1434 1304 1465 1334 et
1477 1303 1521 1334 sic
1534 1302 1677 1334 victoriae
1688 1311 1795 1341 causa3

1018 1357 1094 1388 item
1110 1357 1261 1395 secundo,
1278 1357 1343 1388 zelo
1363 1357 1499 1397 justitiae
1521 1357 1604 1388 circa
1619 1365 1732 1387 eorum
1747 1356 1796 1387 vi-

1017 1410 1061 1441 tia
1075 1410 1304 1449 accenduntur,
1323 1411 1355 1441 et
1370 1412 1512 1442 uruntur
1531 1409 1688 1441 scandalis
1703 1409 1795 1440 infir-

1017 1472 1163 1502 morum;
1180 1463 1256 1494 item
1271 1464 1374 1504 tertio,
1393 1473 1506 1496 eorum
1519 1463 1656 1495 miseriis
1670 1472 1796 1504 compa-

1016 1517 1153 1556 tiuntur,
1165 1517 1247 1548 sicut
1255 1520 1358 1549 mater
1369 1518 1436 1549 filio
1446 1518 1485 1549 ad
1503 1517 1713 1558 perditionem
1723 1526 1796 1557 pro-

1017 1571 1156 1611 peranti;
1173 1571 1250 1602 item
1266 1574 1391 1611 quarto,
1416 1572 1523 1612 magis
1542 1572 1689 1603 laborant
1702 1571 1795 1602 honis

1016 1624 1172 1664 exemplis
1182 1633 1236 1655 eos
1250 1625 1424 1664 corrigere,
1438 1627 1469 1656 et
1481 1625 1621 1663 monitis,
1639 1627 1669 1655 et
1681 1624 1796 1656 oratio-

1016 1677 1122 1716 nibus,
1144 1679 1175 1708 et
1197 1677 1378 1716 beneficiis;
1400 1679 1478 1710 item
1492 1679 1619 1719 quinto,
1645 1678 1794 1709 distortos

1016 1740 1121 1762 mores
1140 1731 1298 1771 patienter
1316 1731 1463 1771 tolerant,
1488 1734 1520 1763 et
1541 1732 1688 1773 injurias,
1715 1740 1795 1772 quas

1015 1785 1061 1816 eis
1076 1793 1134 1825 pro
1144 1785 1270 1825 justitia
1285 1785 1442 1824 inferunt;
1460 1786 1537 1817 item
1562 1788 1663 1825 sexto,
1688 1795 1728 1816 ex
1743 1794 1794 1817 00-

1015 1847 1090 1869 rum
1105 1839 1315 1870 contubernio
1340 1840 1558 1880 despectiones
1577 1840 1736 1870 sustinent
1752 1839 1793 1870 ab

1015 1892 1186 1932 extraneis,
1206 1893 1297 1933 quasi
1310 1893 1371 1934 ipsi
1381 1893 1546 1932 sinttales3
1564 1893 1642 1924 item
1657 1893 1793 1933 septimo

1014 1946 1200 1985 timidiores,
1224 1955 1260 1978 ac
1281 1956 1337 1988 per
1358 1947 1417 1979 hoc
1442 1947 1631 1979 humiliores
1653 1948 1745 1986 fiunt,
1763 1949 1794 1978 et

1015 2009 1055 2031 ne
1079 2000 1202 2040 cadant,
1229 2000 1425 2033 sollicitiores
1448 2004 1538 2040 sunt;
1563 2001 1640 2033 item
1668 2003 1791 2040 octavo,

1015 2053 1078 2085 Deo
1100 2054 1206 2094 magis
1229 2055 1373 2086 referunt
1395 2056 1526 2095 gratias,
1554 2056 1639 2096 quod
1662 2065 1726 2093 eos,
1752 2064 1794 2086 ne

1015 2109 1093 2140 tales
1107 2111 1223 2147 essent,
1240 2110 1381 2150 benigne
1398 2111 1570 2142 defenderit
1577 2122 1585 2149 ;
1602 2111 1678 2142 item
1694 2120 1791 2150 nono,

1017 2172 1057 2194 ex
1074 2163 1166 2194 malis
1175 2164 1271 2204 juxta
1285 2173 1318 2195 se
1334 2164 1453 2204 positis,
1478 2165 1615 2196 virtutes
1627 2166 1792 2205 Justorum

1016 2217 1133 2248 clarius
1149 2217 1285 2257 elucent,
1303 2220 1333 2248 et
1347 2218 1514 2258 pulchrius
1530 2218 1664 2258 fulgent.
1682 2219 1743 2249 Ista
1762 2220 1793 2249 et

1017 2270 1079 2301 alia
1091 2270 1173 2302 hona
1187 2273 1273 2310 sunt,
1289 2280 1362 2311 quae
1377 2272 1460 2302 Deus
1475 2271 1561 2303 elicit
1576 2281 1616 2303 ex
1632 2272 1791 2303 consortio

1018 2324 1178 2355 malorum
1191 2333 1265 2355 cum
1279 2325 1381 2356 bonis,
1394 2325 1482 2356 Sicut
1497 2326 1584 2356 enim
1598 2326 1790 2357 accidentale

1018 2378 1175 2418 gaudium
1190 2378 1349 2409 bonorum
1364 2378 1507 2410 cumulat
1521 2379 1588 2410 visa
1601 2388 1695 2420 poena
1709 2379 1797 2410 dam-

1019 2435 1181 2472 natorum,
1198 2433 1241 2463 ita
1255 2433 1392 2463 etiamin
1407 2433 1547 2464 Ecclesia
1561 2433 1797 2473 quodammodo

1021 2486 1148 2518 decorat
1169 2486 1392 2517 rectitudinem
1412 2488 1587 2526 Justorum,
1614 2487 1798 2518 deformitas

1019 2541 1220 2581 iniquorum,
1237 2541 1423 2581 disponente
1438 2540 1499 2572 hoc
1514 2549 1653 2581 superna
1667 2541 1792 2581 sapien-

1020 2596 1075 2634 tia,
1090 2604 1164 2635 quae
1176 2594 1223 2625 nil
1234 2595 1453 2626 inordinatum
1469 2596 1501 2626 in
1516 2595 1605 2626 omni
1620 2603 1721 2635 regno
1743 2594 1794 2625 di-

1022 2649 1129 2687 mittit,
1150 2650 1209 2680 etc.

1053 2713 1085 2743 (α)
1103 2711 1164 2735 Coel.
1180 2711 1241 2735 edit.
1259 2710 1465 2741 occupationum.

1849 1085 1921 1106 Ma'o-

1813 1123 1864 1137 rum
1872 1123 1922 1138 con-

1815 1148 1906 1169 sortium
1913 1163 1920 1175 ‚

1827 1179 1903 1200 multi-

1813 1210 1865 1237 plex
1888 1217 1923 1232 oc-

1814 1242 1873 1263 casio
1879 1242 1921 1264 vir-

1812 1273 1875 1294 tutis.
