2029 3052
602 399 666 437 AD
701 397 931 437 FRATREM
969 398 1283 438 hAURENTuffit

482 494 508 514 IN
532 494 766 515 ADMINISTRATIONE
789 494 888 514 ’susem
911 493 1080 514 vnslTnonEM
1104 494 1241 514 PAUPERUM
1264 493 1416 514 mmmmm

741 579 1157 646 EPISTOLA¹

794 894 1105 932 ARGUMENTUM

573 983 629 1019 (Ex
644 983 749 1010 Annal.
766 984 866 1011 Minor.
883 984 1026 1020 Wadding,
1043 984 1076 1012 ad
1090 992 1134 1012 an.
1154 985 1231 1018 1264,
1247 993 1275 1013 n.
1292 987 1327 1018 3.)

185 1072 421 1106 Bonaventura
437 1071 533 1116 juxta
548 1075 680 1116 pactum
695 1082 771 1105 cum
787 1071 962 1106 Cardinale
987 1073 1188 1115 Protectore,
1207 1077 1239 1106 et
1266 1076 1427 1107 statutum
1447 1085 1466 1107 a
1492 1073 1654 1108 Pontifice
1669 1073 1755 1107 circa

141 1130 400 1165 controversiam
417 1129 472 1175 (ad
495 1130 653 1164 Clarissas
667 1130 893 1176 spectantem),
915 1131 1101 1165 visitatores
1124 1131 1277 1165 adhibuit
1291 1131 1424 1166 Ordinis
1440 1132 1474 1166 S.
1492 1132 1610 1176 Clarae,
1634 1133 1755 1178 permi-

146 1189 254 1234 sitque
268 1192 306 1222 ut
319 1189 452 1222 Fratres
466 1188 562 1222 solita
577 1189 770 1223 exhiberent
786 1189 963 1223 Sororibus
980 1190 1148 1223 charitatis
1162 1190 1332 1236 obsequia,
1356 1191 1535 1236 praemissis
1549 1195 1660 1225 tamen
1679 1203 1756 1225 cau-

144 1247 305 1290 tionibus,
322 1251 354 1281 et
368 1248 556 1281 testimonio
572 1247 697 1293 publici
715 1248 828 1282 scribac
844 1248 984 1282 firmatis
999 1249 1288 1292 declarationibus,
1305 1249 1390 1283 nihil
1414 1250 1536 1284 horum
1551 1250 1701 1284 exhiberi
1715 1261 1756 1283 ex

139 1305 280 1350 justitia,
295 1306 351 1340 sed
366 1318 407 1340 ex
421 1305 591 1340 charitate.
608 1306 686 1341 Haec
701 1307 793 1341 illius
808 1307 848 1341 de
866 1308 926 1341 hac
941 1319 977 1342 re
992 1308 1033 1342 ad
1047 1308 1172 1342 Tusciae
1187 1309 1388 1343 visitatorem
1403 1309 1560 1354 Epistola.

186 1547 222 1579 In
251 1548 374 1579 Christo
403 1548 463 1579 sibi
494 1548 682 1580 charissimo
708 1548 812 1580 Fratri
838 1548 923 1580 Lau-

144 1602 262 1641 rentio,
278 1602 313 1633 in
328 1601 602 1633 administratione
622 1602 743 1634 Tusciae
764 1602 925 1634 Visitatori

145 1665 323 1697 pauperum
333 1656 554 1696 Dominarum,
566 1656 600 1687 F.
614 1656 838 1688 Bonaventura
848 1657 923 1688 Ord.

145 1710 199 1741 Fr.
221 1709 383 1741 Minorum
406 1710 567 1750 generalis
590 1710 733 1742 Minister
749 1713 780 1742 et
798 1720 921 1750 servus,

146 1764 281 1796 salutem
296 1765 327 1795 et
344 1773 454 1804 pacem
476 1764 509 1794 in
525 1764 659 1796 Domino
683 1765 924 1805 sempiternam.

186 1818 330 1857 Dignum
354 1819 402 1849 est
427 1820 458 1849 et
483 1827 660 1849 consonum
683 1819 818 1858 rationi,
842 1819 928 1859 quod

147 1871 362 1912 spiritualium
387 1871 470 1902 Ordo
485 1871 631 1903 virorum
653 1872 693 1903 ad
715 1882 752 1903 ea
769 1882 803 1903 se
818 1881 927 1912 prom-

146 1927 238 1966 ptum
252 1925 413 1964 exhibeat,
434 1935 506 1966 quae
528 1925 675 1957 divinum
693 1926 850 1957 honorem
865 1933 929 1956 res-

146 1980 279 2020 piciunt,
306 1980 489 2011 animarum
509 1979 645 2010 salutem
666 1982 849 2020 procurant,
874 1988 928 2010 na-

53 2051 134 2071 porma
146 2035 242 2066 turali
252 2036 327 2066 sunt
337 2043 477 2066 consona
486 2034 607 2075 pietati.
622 2034 703 2072 Quia
712 2034 796 2066 Ordo
807 2036 926 2065 sanctae

32 2081 126 2102 visitan-

41 2113 119 2134 darum

27 2144 134 2165 Cim-issa-

26 2181 84 2196 vum.

149 2088 248 2120 Clarae
263 2089 440 2121 venerabili
455 2089 538 2129 patri
558 2090 666 2120 nostro
689 2088 805 2120 Joanui
824 2088 857 2119 S.
872 2087 927 2119 Ni-

148 2143 228 2175 colai
242 2143 276 2174 in
288 2143 419 2174 Carcere
438 2143 576 2174 Diacono
596 2142 753 2174 Cardinali
768 2151 825 2182 per
844 2151 929 2173 sum-

149 2207 240 2228 mum
265 2197 451 2228 Pontificem
477 2198 525 2227 est
551 2196 761 2234 commissuS,
788 2198 819 2227 et
844 2196 930 2236 quod

148 2253 233 2285 idem
249 2253 405 2285 Dominus
420 2253 479 2284 sub
502 2263 557 2294 spe
579 2253 731 2294 adJutorii
751 2252 853 2284 nostri
869 2252 930 2283 Or-

148 2307 246 2346 dinis,
272 2308 303 2338 et
324 2316 383 2347 pro
407 2308 517 2338 nostra
536 2317 614 2348 pace
637 2309 668 2338 et
688 2307 835 2339 libertate
860 2316 930 2339 ser-

148 2361 269 2401 vanda,
293 2361 444 2393 eumdem
465 2362 500 2392 in
523 2371 615 2393 suam
638 2371 750 2393 curam
770 2361 929 2402 suscepit:

149 2415 343 2447 conveniens
366 2417 414 2447 est
433 2417 464 2447 et
486 2415 611 2454 decens,
635 2415 719 2456 quod
744 2415 848 2447 eidem
869 2415 929 2446 Do-

150 2470 239 2500 mino
265 2472 414 2510 prompto
439 2470 547 2501 animo
571 2469 771 2501 assistamus.
805 2469 849 2500 De
877 2470 933 2500 tua

150 2523 258 2564 itaque
273 2524 474 2564 providentia
493 2525 524 2555 et
546 2524 703 2565 probitate
726 2524 874 2562 confisus,
894 2523 933 2554 de

151 2577 288 2610 fratrum
303 2578 433 2609 consilio
448 2578 659 2610 discretorum
670 2578 862 2609 mandamus
874 2577 932 2608 tibi

152 2641 210 2672 per
230 2632 444 2664 obedientiam
467 2632 650 2671 salutarem,
676 2633 836 2672 quatenus
854 2631 933 2664 visi-

154 2685 281 2717 tationis
309 2687 451 2718 officium
480 2687 563 2718 circa
592 2686 784 2718 monasteria
808 2686 934 2718 Ordinis

190 2751 194 2763 ¹
205 2749 246 2779 Cs'.
259 2749 350 2774 Annal.
361 2751 452 2776 Minor.
462 2750 673 2781 auct.XVa«lding,
682 2750 712 2774 ad
722 2757 782 2773 auu.
795 2750 862 2778 1264,
875 2757 899 2773 11.
910 2750 933 2773 3.

981 1549 1169 1590 supradicti,
1196 1549 1279 1580 intra
1307 1549 1614 1581 administrationem
1640 1549 1762 1581 Tusciae

981 1603 1164 1642 constituta,
1189 1612 1261 1643 quae
1274 1604 1370 1643 juxta
1394 1603 1530 1635 formam
1549 1604 1681 1635 inferius
1703 1612 1761 1634 an-

982 1659 1135 1695 notatam,
1152 1657 1305 1688 libertatis
1325 1659 1443 1688 nostrae
1464 1657 1679 1688 instrumenta
1701 1666 1761 1698 pu-

982 1712 1080 1749 blica,
1107 1711 1174 1743 sive
1196 1713 1339 1752 patentes
1361 1711 1482 1742 litteras
1509 1711 1682 1750 dederunt,
1710 1711 1763 1742 vel

982 1765 1137 1803 dederint,
1161 1765 1339 1805 exequaris.
1365 1765 1403 1796 Et
1423 1765 1500 1806 quia
1521 1774 1602 1805 opus
1624 1765 1709 1796 istud
1725 1764 1765 1795 ad

984 1820 1117 1850 salutem
1127 1819 1308 1850 animarum
1319 1819 1462 1859 respicit,
1475 1828 1533 1859 pro
1543 1819 1661 1859 quibus
1672 1818 1688 1850 J
1691 1827 1764 1849 esus

983 1874 1126 1904 Christus
1134 1874 1326 1913 sanguinein
1342 1882 1438 1904 suum
1455 1873 1546 1911 fudit,
1567 1872 1612 1903 sic
1625 1872 1765 1913 pruden-

983 1929 1042 1966 ter,
1060 1928 1103 1958 sic
1114 1927 1319 1965 modeste,sic
1328 1928 1426 1967 juste,
1445 1927 1490 1957 sic
1504 1926 1763 1964 misericorditer,

985 1982 1030 2012 sic
1043 1983 1234 2019 constanter,
1251 1980 1396 2021 praedicti
1418 1990 1499 2021 opus
1513 1980 1609 2012 officii
1624 1989 1764 2021 exequa-

985 2035 1039 2074 ris,
1057 2035 1143 2075 quod
1160 2035 1230 2066 laus
1251 2035 1292 2065 sit
1316 2034 1451 2073 Christo,
1475 2034 1645 2075 extirpatio
1671 2034 1766 2066 vitio-

985 2098 1060 2120 rum
1073 2113 1080 2127 ,
1111 2089 1279 2120 aedificatio
1307 2088 1483 2127 virtutum,
1512 2090 1543 2119 et
1575 2089 1765 2120 devotarum

987 2143 1160 2175 consolatio
1191 2143 1387 2174 animarum.
1418 2142 1457 2173 Et
1488 2144 1525 2173 ut
1552 2141 1768 2183 prosecutioni

986 2198 1085 2237 hujus
1100 2197 1195 2228 officii
1212 2197 1317 2228 valeas
1332 2196 1493 2227 attendere
1507 2199 1544 2227 ut
1559 2198 1693 2237 oportet,
1711 2197 1767 2227 mi-

987 2252 1087 2283 nister
1109 2253 1184 2282 tuus
1207 2252 1350 2282 teneatur
1373 2250 1446 2289 tibi,
1471 2250 1680 2291 praesentium
1699 2253 1769 2291 jus-

988 2306 1086 2345 sione,
1109 2306 1147 2336 de
1166 2305 1251 2336 socio
1271 2305 1386 2336 idoneo
1405 2304 1584 2344 providere,
1601 2306 1632 2336 et
1653 2305 1692 2336 ad
1708 2304 1769 2336 hoc

987 2360 1096 2400 ipsum
1110 2360 1233 2398 Custos,
1243 2359 1277 2390 in
1288 2359 1380 2399 cujus
1401 2358 1543 2390 custodia
1554 2358 1769 2391 visitationem

987 2414 1110 2452 feceris,
1126 2413 1152 2444 si
1168 2413 1290 2444 socium
1305 2415 1398 2444 tuum
1417 2413 1565 2453 impediri
1582 2412 1767 2452 contigerit,

989 2469 1028 2499 sit
1047 2468 1207 2499 astrictus.
1233 2467 1312 2499 Cum
1331 2468 1439 2498 autem
1461 2467 1628 2498 accesseris
1653 2467 1693 2498 ad
1710 2466 1768 2498 ali-

989 2522 1075 2563 quod
1090 2521 1320 2553 monasterium
1335 2520 1541 2560 visitandum,
1563 2521 1597 2551 in
1614 2530 1677 2561 quo
1691 2520 1769 2552 Fra·

990 2578 1053 2607 tres
1065 2585 1130 2608 non
1148 2575 1307 2607 resideant
1325 2586 1331 2606 :
1350 2575 1550 2606 Guardianus
1565 2575 1770 2615 proximioris

990 2630 1062 2669 loci,
1079 2630 1131 2662 vel
1145 2631 1216 2670 ejus
1234 2629 1375 2662 vicarius
1396 2629 1564 2670 providere
1585 2629 1643 2660 tibi
1663 2629 1702 2660 de
1721 2628 1770 2660 al-

991 2686 1058 2716 tero
1073 2684 1159 2715 socio
1174 2686 1333 2721 teneatur,
1354 2685 1386 2714 et
1408 2685 1544 2724 uterque
1559 2683 1695 2714 istorum
1717 2691 1770 2714 so-

991 2739 1114 2769 ciorum
1131 2738 1188 2769 tibi
1209 2737 1385 2777 specialiter
1404 2728 1587 2777 assignatus
1608 2737 1769 2777 ingredia-
