2029 3052
221 232 281 261 472
803 206 1012 259 A'PomfflAE
1033 223 1252 258 PAUPERUM

221 299 381 330 virtutum
391 299 421 330 et
430 297 636 330 consiliorum
646 296 814 337 Evangelii
828 297 861 328 in
869 294 998 327 litterali

222 352 426 384 observantia
450 352 675 384 mandatorum
701 351 877 391 legalium,
904 351 938 381 et
965 349 999 379 in

221 407 318 438 modo
329 405 460 439 vivendi
477 406 608 437 illorum
628 405 812 446 pontificum
827 403 999 444 requiren-

223 460 273 500 da,
298 459 362 491 nisi
378 459 462 490 sicut
483 459 517 490 in
533 459 640 499 figura
655 460 687 490 et
700 458 833 496 umbra,
848 457 925 498 quia
938 457 1000 488 hoc

223 514 319 546 modo
342 513 458 545 dicitur
479 515 550 544 rota
568 521 636 544 esse
655 512 689 543 in
707 512 813 544 medio
827 513 917 550 rotae,
934 519 1000 541 non

223 578 282 610 per
293 567 438 599 litteralis
453 567 665 598 observantiae
679 566 864 607 aequitatem
881 565 916 596 in
929 563 1001 595 Tes-

223 623 366 654 tamento
381 624 535 663 utroque,
554 622 610 653 sed
629 630 686 662 per
709 620 882 662 spiritualis
908 618 1001 650 intel-

223 677 366 717 ligentiae
407 676 648 716 aenigmaticam
687 674 1000 716 praefigurationem.

224 731 316 770 Quod
334 730 361 761 si
385 730 458 771 quis
472 730 618 771 objiciat,
639 729 721 761 sicut
734 731 766 760 et
779 729 849 766 hic,
866 727 919 759 cui
935 735 1004 758 res-

224 785 415 826 pondemus,
425 784 554 823 allegat,
571 784 657 824 quod
671 784 774 815 torma
782 782 914 823 praefata
924 780 1004 812 indi-

226 840 276 870 cta
306 838 346 870 sit
376 837 594 869 sacerdotibus
613 846 670 877 per
693 836 887 868 Ezechielem
907 837 928 873 ¹,
948 834 1004 875 qui

226 902 291 924 non
305 891 534 930 umbraticum,
550 890 604 921 sed
620 892 767 921 sanctum
779 892 810 921 et
820 898 933 921 verum
951 888 1004 920 Ec-

227 947 330 978 clesiae
344 945 502 986 templum
516 944 675 982 describit,
692 943 833 974 attendat
851 942 936 983 quod
946 942 1005 973 ibi-

227 1001 299 1032 dem
315 999 538 1040 praemittitur‚
559 998 647 1038 quod
672 997 818 1028 sacerdos
841 996 1005 1036 virginem

228 1054 323 1086 ducat
337 1062 485 1091 uxorem,
501 1053 532 1083 et
545 1052 578 1082 in
593 1051 747 1082 sacrificio
761 1059 866 1090 agnos
879 1051 911 1081 et
924 1050 1007 1081 vitu—

229 1108 275 1139 los
288 1108 410 1139 offerat.
434 1106 550 1137 Eadem
572 1105 672 1145 igitur
688 1104 808 1135 ratione
824 1113 888 1144 qua
902 1103 1004 1143 perse-

229 1162 281 1200 cit,
298 1161 353 1202 qui
367 1162 406 1200 (a)
419 1159 606 1199 evangelica
617 1159 648 1189 in
658 1158 871 1189 Leviticarum
885 1166 1006 1197 posses-

230 1215 373 1246 sionibus
387 1213 585 1255 praecessisse
596 1212 789 1250 decernitur,
802 1212 875 1242 etin
891 1220 1005 1242 eorum

228 1268 384 1299 uxoribus
407 1269 438 1298 et
463 1267 645 1305 sacrificiis,
676 1268 771 1306 atquo
797 1265 1007 1297 observantiis

229 1322 352 1353 caiteris
377 1322 473 1353 fuisse
495 1322 703 1352 monstratur.
726 1320 816 1358 Quod
841 1320 866 1350 si
892 1329 1007 1351 verum

229 1378 287 1413 est,
303 1376 342 1406 ad
367 1376 592 1415 perfectionem
621 1374 842 1414 evangelicam
875 1376 1005 1414 spectat,

230 1429 315 1470 quod
331 1429 506 1460 sacerdotes
528 1438 621 1460 novzc
644 1428 726 1468 legis
745 1437 862 1459 uxores
876 1428 1005 1466 ducant,

229 1482 335 1513 hircos
350 1484 381 1513 ct
397 1482 513 1513 vitulos
533 1482 686 1519 offerant,
704 1484 735 1512 et
753 1481 849 1521 primi
865 1491 939 1512 cum
956 1483 1008 1512 tu-

231 1536 279 1566 bis
295 1536 335 1567 ad
358 1535 441 1567 bella
464 1535 645 1576 procedant.
667 1536 744 1572 Qua».
769 1544 842 1566 cum
871 1535 1009 1566 absurda

230 1589 313 1627 sint,
338 1599 401 1620 non
423 1592 469 1620 est
490 1589 680 1629 requirenda
702 1598 786 1620 verae
809 1589 1010 1629 perfectionis

230 1644 375 1674 discretio
391 1644 422 1674 in
447 1643 565 1683 templo
587 1643 640 1673 illo
660 1643 836 1673 secumlum
859 1644 1006 1682 litteram,

231 1697 285 1728 sed
307 1697 484 1728 secuudum
507 1697 708 1736 allegoriam.
736 1697 823 1727 11111111
849 1697 1008 1738 Hierony-

231 1760 304 1782 mus
319 1751 362 1781 ait
377 1752 387 1767 ²
401 1762 407 1781 z
430 1763 444 1779 «
460 1751 569 1791 Neque
590 1760 667 1781 vero
683 1751 763 1781 milii
780 1750 895 1790 aliquis
909 1761 1008 1792 oppo-

231 1807 287 1836 nat
297 1805 386 1836 divcs
403 1805 435 1835 in
449 1804 559 1835 Judrra
575 1803 742 1843 templum,
760 1813 894 1842 mensas,
913 1805 1010 1836 lucer-

232 1868 300 1897 nas,
313 1858 488 1895 thuribula,
500 1858 639 1898 patr-llas,
656 1858 802 1898 scyphos,
813 1859 1008 1897 mortariola,

233 1914 387 1944 (111-1111013
395 1922 434 1942 ex
443 1921 522 1942 auro
533 1912 713 1943 fabrefacta.
725 1912 813 1943 Tunc
823 1913 891 1943 11100
901 1914 1011 1952 proba-

233 1967 350 1997 bantur
365 1976 383 1997 a
401 1966 543 2004 ltomino,
561 1966 689 2005 quando
701 1967 878 1997 sacerdotes
892 1967 1009 1998 hostias

233 2021 460 2057 immolabant,
484 2022 514 2051 et
537 2020 670 2059 sanguis
695 2020 853 2059 pecudum
875 2024 942 2051 erut
958 2031 1008 2051 rc-

234 2075 374 2114 demptio
389 2076 602 2114 peccatorum,
618 2083 802 2113 quanquam
819 2074 887 2105 baee
902 2076 1011 2106 onmia

234 2128 267 2158 in
282 2129 390 2167 figura
403 2127 631 2168 pra‘cessorint.
649 2126 737 2157 Nunc
754 2137 830 2158 vero
845 2138 918 2159 cum
936 2139 1011 2169 pau-

234 2184 387 2222 pertatem
404 2181 518 2211 domus
532 2190 599 2211 sum
616 2190 735 2220 pauper
756 2181 907 2212 Dominus
923 2183 1008 2212 111-111-

234 2235 364 2273 caverit,
384 2235 565 2273 cogitemus
586 2244 712 2265 crucem
729 2236 817 2274 ojus,
834 2238 863 2266 ct
884 2237 1011 2267 divitias

234 2289 338 2320 lutum
372 2289 566 2328 putabimus.
601 2289 681 2326 Quid
718 2290 874 2320 miramur
886 2315 894 2327 ,
925 2291 1011 2330 quod

235 2343 377 2376 Christus
404 2345 495 2373 vocat.
522 2342 668 2382 iniquum
698 2352 880 2374 mammona
892 2346 906 2374 ?
935 2345 1011 2384 quid

234 2397 426 2437 suscipimus
441 2398 471 2426 et
486 2405 642 2434 amamus,
665 2397 749 2435 quod
774 2397 885 2427 l‘vtrus
899 2408 932 2427 se
947 2408 1009 2429 111111

235 2451 353 2481 habero
366 2452 518 2481 testatur?
531 2449 681 2489 Alioquin
697 2450 721 2479 si
738 2453 861 2480 tantum
872 2451 1010 2482 litteram

235 2505 412 2544 sequimur,
432 2506 462 2534 et
477 2503 511 2533 111
526 2512 616 2541 31110,
634 2505 728 2542 atque
744 2503 862 2534 divitiis
875 2505 1010 2544 simplex

234 2567 292 2588 1105
316 2557 446 2588 delectat
462 2557 602 2595 historia,
621 2566 693 2587 cum
709 2566 787 2587 auro
802 2558 1011 2589 observemus

235 2614 265 2642 et
279 2614 403 2642 caetera.
428 2611 544 2641 Ducant
574 2611 737 2650 pontifices
767 2620 883 2642 uxores
909 2612 1009 2651 virgi-

267 2692 274 2708 ¹
297 2691 392 2719 Ezech..
407 2698 447 2719 11,
471 2693 483 2713 1'·
496 2693 519 2714 ct
542 2698 594 2721 scq.
611 2704 641 2708 —
655 2692 664 2707 Ξ
686 2691 800 2720 Hieram,
816 2691 849 2714 ml
868 2692 1010 2723 Nae²1s0t1'1111.,

237 2727 310 2760 epist.
333 2733 364 2755 11,
389 2727 437 2751 col.
461 2735 495 2752 111.
518 2729 602 2752 111-11.
619 2728 670 2745 -3
687 2727 733 2758 ld.,
748 2728 781 2752 1111
796 2727 921 2757 Eas-rocla,
937 2729 1010 2758 epist.

1054 303 1126 334 nes;
1142 295 1231 337 lepra
1242 296 1383 337 corporis
1395 296 1514 328 animae
1527 296 1615 329 vitiis
1628 297 1830 338 praeferatur3

1054 359 1254 391 crescamus,
1283 351 1536 393 multiplicemur
1553 376 1564 391 ,
1593 354 1625 384 et
1651 353 1832 394 repleamus

1054 405 1173 435 terram
1187 429 1195 444 ‚
1217 406 1362 445 figamus
1387 406 1521 446 septimo
1548 415 1659 437 mense
1685 407 1835 439 taberna-

1056 458 1149 497 cula,
1165 461 1197 490 et
1217 459 1372 490 solemnia
1389 460 1516 500 jejunia
1541 460 1685 491 buccinis
1703 469 1834 493 concre-

1056 521 1181 552 pemus,
1190 512 1280 550 Quod
1293 513 1320 544 si
1330 513 1400 545 haec
1410 513 1530 553 omnia,
1541 514 1762 555 spiritualibus
1771 515 1836 556 spi-

1057 566 1185 598 ritualia
1192 570 1424 608 comparantes,
1439 568 1484 599 sic
1497 568 1723 609 intelligimus,
1733 571 1770 600 ut
1780 569 1839 602 Do-

1058 620 1168 651 minus
1190 621 1348 652 intellexit
1363 623 1394 652 et
1413 621 1640 662 interpretatus
1661 623 1838 655 0515311113-

1057 674 1146 713 tum,
1171 678 1229 706 aut
1247 684 1367 707 aurum
1387 675 1595 716 repudiemus
1615 685 1690 707 cum
1713 677 1838 708 caeteris

1059 728 1339 769 superstitionibus
1361 729 1568 768 ludaeorum,
1591 732 1648 761 aut
1671 730 1698 761 si
1720 740 1838 763 aurum

1059 782 1179 823 placet,
1197 782 1341 823 placeant
1360 785 1392 814 et
1413 783 1429 815 J
1434 783 1514 815 udaei
1527 807 1536 822 ,
1553 793 1635 824 quos
1657 793 1731 815 cum
1759 794 1838 817 auro

1060 838 1116 867 aut
1136 836 1271 877 probare
1296 837 1388 868 nobis
1413 846 1539 868 necesse
1558 839 1615 877 est,
1633 840 1688 869 aut
1702 838 1837 870 damna-

1061 896 1105 919 re.
1131 899 1146 916 11
1170 887 1345 929 Hucusque
1375 888 1609 931 Hieronymus·
1627 889 1654 920 A
1677 898 1742 930 quo
1768 890 1840 922 luce

1061 941 1177 973 clarius
1192 943 1271 974 ratio
1287 942 1453 982 praemissa
1477 942 1674 981 dissolvitur,
1690 945 1722 974 et
1737 952 1836 974 evan-

1063 996 1175 1036 gelicae
1196 996 1393 1036 paupertatis
1409 996 1559 1036 perfectio
1577 1005 1672 1027 novae
1689 995 1754 1036 legi
1770 1005 1842 1037 pro-

1065 1049 1136 1090 prie
1159 1050 1329 1080 convenire
1346 1050 1489 1081 docetur.
1513 1049 1723 1090 Nequaquam
1739 1050 1842 1090 igitur

1063 1103 1309 1143 intelligendum
1323 1106 1387 1142 est,
1404 1104 1488 1134 bona
1503 1102 1688 1135 Levitarum
1704 1103 1841 1135 Domino

1063 1157 1202 1188 dedicata
1224 1157 1332 1196 fuisse,
1358 1160 1514 1198 tanquam
1536 1157 1569 1188 in
1587 1166 1620 1188 se
1643 1157 1707 1188 sint
1720 1157 1843 1198 aliquid

1063 1213 1236 1243 sanctitatis
1251 1212 1412 1251 habentia,
1429 1215 1461 1243 et
1475 1221 1539 1243 uon
1562 1212 1684 1252 possint
1703 1221 1770 1244 esse
1787 1222 1841 1244 oc-

1063 1267 1146 1297 casio
1163 1267 1280 1307 culpae;
1304 1267 1357 1297 sed
1376 1267 1451 1307 quia
1474 1267 1670 1307 deputantur
1685 1268 1843 1298 sustenta-

1064 1320 1141 1351 tioni
1157 1320 1298 1358 illorum,
1316 1320 1372 1361 qui
1391 1320 1521 1351 Domino
1537 1320 1745 1352 famulantur.
1762 1321 1845 1358 Quo-

1063 1383 1137 1405 rum
1158 1374 1253 1405 etiam
1275 1374 1428 1405 Dominus
1451 1374 1607 1415 possessio
1625 1374 1752 1413 (licitur,
1767 1375 1843 1415 quia

1063 1428 1145 1458 sicut
1171 1427 1223 1458 alii
1247 1428 1398 1459 vivebant
1432 1428 1470 1459 de
1499 1428 1655 1459 fructibus
1682 1430 1843 1459 terrarum

1064 1490 1208 1518 suarum,
1224 1481 1267 1511 sic
1282 1483 1312 1511 et
1328 1480 1359 1511 hi
1378 1481 1416 1512 de
1432 1481 1639 1522 proventibus
1658 1481 1843 1513 divinorum

1064 1535 1317 1565 ministeriorum
1343 1536 1410 1566 :ita
1437 1539 1560 1574 tamen,
1592 1536 1676 1576 quod
1705 1545 1743 1567 ea
1768 1546 1842 1577 quae

1066 1588 1137 1619 inde
1150 1589 1374 1629 percipiebant,
1398 1589 1599 1629 proprietatis
1611 1591 1684 1629 jure
1700 1589 1739 1620 ad
1756 1599 1841 1629 suos,

1066 1646 1099 1674 ut
1115 1644 1233 1674 dictum
1248 1646 1304 1681 cst,
1319 1644 1575 1674 transmittebant
1590 1643 1732 1675 ha’rcdes
1745 1653 1753 1674 :
1767 1645 1844 1684 quia

1065 1698 1145 1727 sicut
1164 1697 1226 1727 illis
1246 1706 1309 1727 non
1330 1697 1445 1727 indicta
1459 1699 1526 1727 crat
1539 1697 1691 1728 castitatis
1707 1697 1842 1737 integri—

1066 1754 1123 1788 tas,
1141 1752 1183 1781 si«-
1196 1760 1253 1781 nec
1271 1751 1413 1781 consulta
1432 1753 1611 1791 paupertas.
1626 1751 1715 1782 Unde
1729 1751 1841 1788 Hiem-

1065 1814 1184 1845 nymus
1198 1805 1241 1835 ait
1254 1805 1264 1822 ³
1280 1816 1286 1836 z
1304 1817 1318 1834 11
1334 1805 1403 1835 Alia
1427 1805 1485 1835 suit
1503 1805 1536 1835 111
1561 1805 1661 1836 veteri
1686 1805 1757 1844 lege
1779 1805 1844 1837 feli-

1065 1859 1161 1897 citas⁷
1179 1859 1210 1889 in
1237 1868 1299 1898 qua
1317 1859 1428 1889 beatus
1452 1859 1578 1896 dicitnr,
1605 1859 1659 1899 qui
1684 1859 1779 1890 habet
1793 1869 1841 1891 sc-

1068 1922 1139 1943 111011
1157 1913 1188 1943 111
1205 1913 1301 1950 Sion,
1322 1914 1352 1943 ct
1375 1912 1576 1952 repromissio
1592 1913 1626 1943 Iit
1641 1912 1841 1944 divitiarum.

1066 1967 1178 1998 Statim
1194 1969 1227 1997 ut
1244 1966 1340 1997 Filius
1361 1966 1413 1996 Dei
1432 1966 1596 2005 ingressus
1611 1969 1656 1997 est
1673 1976 1768 2007 super
1780 1970 1843 1998 ter-

1066 2030 1147 2059 ram,
1164 2030 1281 2051 novam
1297 2020 1356 2050 sibi
1373 2020 1524 2050 familiam
1542 2021 1680 2051 instituit
1700 2024 1721 2059 ⁸,
1738 2023 1772 2052 ut
1786 2022 1842 2061 qui

1065 2074 1104 2105 ab
1140 2074 1264 2113 angelis
1293 2073 1483 2104 adorabatur
1513 2074 1545 2103 in
1571 2074 1658 2105 coetis
1676 2097 1683 2111 ‚
1713 2074 1843 2106 haberet

1066 2127 1198 2164 anf-relos
1219 2129 1249 2157 ct
1270 2127 1302 2156 in
1327 2127 1428 2157 terris.
1453 2126 1542 2158 Tunc
1564 2127 1725 2159 Iloloserni
1746 2130 1844 2168 caput

1065 2181 1173 2211 Judith
1196 2180 1361 2211 continens
1388 2181 1583 2220 amputavit3
1610 2183 1686 2212 tuuc
1707 2181 1843 2212 Jacobus

1066 2237 1097 2265 et
1119 2234 1274 2271 loannes,
1292 2234 1399 2265 relicto
1424 2237 1531 2274 patre,
1554 2235 1610 2264 reti
1631 2237 1661 2265 et
1684 2235 1841 2273 navicula,

1067 2286 1165 2315 secuti
1182 2288 1257 2316 sunt
1268 2285 1477 2323 Salvatorem,
1495 2286 1644 2316 affectum
1660 2287 1840 2325 sanguinis,

1067 2342 1097 2370 et
1117 2339 1244 2370 vincula
1262 2339 1368 2369 saeculi
1382 2363 1390 2377 ,
1408 2342 1438 2370 et
1458 2348 1567 2369 curam
1592 2340 1706 2370 domus
1727 2340 1842 2380 pariter

1067 2393 1291 2433 relinquentes.
1316 2393 1406 2423 Tunc
1431 2393 1570 2432 primum
1593 2393 1737 2424 auditum
1753 2396 1835 2424 est‘:

1069 2448 1129 2482 Oui
1138 2447 1204 2479 vult
1215 2447 1319 2479 venit-e
1328 2450 1397 2486 post
1412 2455 1470 2485 me,
1484 2447 1613 2486 abneqet
1624 2447 1838 2486 semitpsum,

1066 2505 1095 2533 et
1112 2501 1200 2532 tollat
1217 2509 1341 2532 crucem
1364 2509 1455 2532 suam
1467 2525 1475 2539 ,
1491 2504 1519 2532 ec
1538 2503 1690 2540 sequatur
1704 2508 1763 2531 me.
1779 2499 1839 2530 Ne-

1067 2564 1119 2586 mo
1135 2555 1221 2585 enim
1238 2555 1328 2585 miles
1348 2564 1421 2585 cum
1444 2564 1545 2585 uxore
1568 2554 1673 2594 pergit
1694 2554 1733 2584 ad
1755 2563 1838 2593 prae-

1066 2609 1157 2640 lium.
1192 2609 1350 2649 Discipulo
1375 2609 1413 2640 ad
1443 2609 1638 2648 sepulturam
1671 2608 1767 2647 patris
1795 2608 1841 2639 ire

1068 2697 1137 2718 xxii.
1161 2690 1210 2714 col.
1227 2697 1262 2713 m.
1281 2691 1375 2713 179.-—
1392 2690 1400 2705 ὓ
1420 2688 1498 2718 thid..
1521 2688 1569 2711 col.
1596 2689 1649 2711 180.
1664 2701 1690 2705 -
1707 2688 1717 2705 ⁵
1734 2687 1840 2718 Matth„

1067 2732 1119 2756 xw,
1136 2727 1174 2750 24.
1190 2739 1219 2743 —
1233 2726 1263 2756 (α)
1277 2725 1333 2756 Leq.
1344 2724 1476 2756 perfectio,
1486 2726 1509 2749 et
1521 2723 1570 2748 del.
1583 2723 1635 2756 qui.
