2060 3052
265 294 305 324 42
656 287 865 322 SERMONES
885 286 938 320 DE
958 285 1123 320 SANc'rls
1144 287 1188 320 IN
1208 287 1403 321 commum.
1425 287 1491 321 XV.

263 358 413 388 mundum
431 359 683 396 contempserunt,
696 357 730 385 ut
745 355 883 392 fugerent
894 354 1043 391 homines,

263 405 400 442 fugerent
421 405 567 440 civitates,
587 407 616 433 et
635 404 772 440 fugerent
792 401 995 437 amoenitates,
1017 401 1046 430 et

263 453 332 483 loca
346 454 464 482 deserta
476 453 534 482 sibi
548 452 702 488 eligerent,
712 452 746 479 ut
759 450 966 488 philosophari
977 457 1044 486 pos-

264 501 339 530 sent.
349 502 425 537 Ergo
439 508 502 529 non
515 499 626 528 debent
637 498 735 530 facere
745 497 911 533 Christiani,
922 498 1046 535 propter

263 555 368 576 veram
385 546 573 584 sapientiam,
591 545 780 582 gloriamque
796 545 941 581 divinam,
961 544 1046 581 quod

264 594 308 623 illi
323 594 454 622 fecerunt
473 594 596 630 propter
615 592 791 629 sapientiam
815 599 938 626 vanam,
955 592 984 620 et
1003 591 1047 620 fa-

266 648 358 676 mam,
375 639 562 676 gloriamque
577 639 783 668 mundanam?

302 687 451 722 Secundo,
470 686 602 723 legitime
622 686 751 721 bellare,
773 688 817 714 est
836 685 915 714 hosti
935 685 1048 714 fortiter

265 734 410 769 resistere,
424 733 512 770 eique
532 741 588 762 nec
609 733 648 762 ad
673 733 827 762 modicum
850 732 970 768 cedere;
994 732 1048 760 sed

267 790 337 811 eum
353 782 389 819 (a)
412 782 477 811 solo
497 781 600 818 gladio
616 781 765 817 ¹iugulare.
782 780 864 808 Unde
884 780 982 816 primo
997 781 1048 808 Re-

267 838 331 865 gum
345 829 366 864 ¹,
381 829 488 865 tegitur
508 828 546 857 de
562 828 670 862 David,
691 827 774 865 quod
794 827 923 856 cucurrit
945 826 985 855 ad
1001 826 1048 855 lo-

268 885 337 906 cum
352 875 520 905 certaminis
527 885 535 911 ;
552 877 580 904 et
597 875 731 912 sequitur
744 874 798 910 ibi,
820 874 977 911 quomodo
991 874 1048 902 Go-

267 923 338 953 liam
354 923 417 960 (qui
439 922 595 951 diabolum
616 922 737 958 figurat)
758 929 820 950 non
844 921 875 950 in
894 929 978 956 arcu,
999 923 1051 950 aut

267 970 369 1006 gladio
383 969 485 998 stravit
504 979 512 997 ε
534 969 588 998 sed
611 969 643 997 in
666 968 788 997 nomine
811 968 927 997 Domini
950 968 1051 1005 ipsum

268 1017 384 1052 invasit,
401 1019 429 1045 et
448 1017 478 1044 in
491 1015 592 1053 lapide
605 1018 633 1044 et
653 1015 757 1050 funda,
772 1015 803 1043 id
826 1016 880 1049 est,
904 1014 934 1043 in
952 1015 1052 1044 salva-

268 1067 342 1100 tore,
358 1064 410 1101 qui
429 1063 564 1100 signatur
583 1063 613 1091 in
628 1062 738 1100 lapide,
754 1062 871 1091 hostem
890 1062 1009 1097 invasit,
1024 1065 1052 1090 et

268 1113 496 1149 persequentem
511 1111 628 1147 dejecit.
641 1112 720 1146 Opus
735 1111 778 1138 est
791 1110 880 1139 valde
896 1110 984 1138 nobis
994 1109 1052 1137 for-

269 1159 334 1188 titer
347 1167 416 1187 cum
430 1158 488 1187 hoc
500 1158 584 1186 hoste
599 1158 641 1186 sic
655 1159 775 1194 potente
785 1180 793 1192 ,
817 1158 857 1185 sic
873 1157 996 1192 callido,
1010 1156 1052 1185 sie

269 1206 359 1243 pleno
374 1205 490 1240 astutia,
505 1206 547 1233 sic
569 1205 708 1234 continue
729 1204 900 1239 invadente,
923 1212 977 1232 nec
996 1211 1052 1232 un—

269 1262 361 1291 quam
372 1257 513 1288 cessante,
525 1262 586 1282 non
595 1254 773 1288 dormiente,
785 1253 838 1281 sed
849 1252 931 1281 omni
940 1255 1053 1288 tempo-

270 1310 301 1330 re
316 1301 465 1337 vigilante,
480 1309 542 1329 non
557 1301 742 1335 comedente,
755 1300 807 1329 sed
821 1300 902 1328 omni
917 1302 1052 1336 tempore

267 1349 431 1384 jejunante,
454 1348 625 1384 confligere.
651 1348 732 1375 Unde
759 1348 787 1375 in
809 1348 906 1383 prima
929 1345 1025 1375 Petri'
1044 1355 1050 1374 :

273 1405 286 1422 α
313 1395 506 1424 Adversarius
532 1398 624 1423 vester
649 1395 806 1429 diabolus,
834 1397 975 1430 tanquam
1004 1394 1049 1421 leo

270 1443 408 1479 rugiens,
437 1442 539 1470 circuit
562 1450 698 1478 quaerens
722 1450 812 1478 quem
835 1441 975 1475 devoret;
1005 1440 1051 1468 cui

269 1490 392 1518 resistite
407 1489 496 1518 fortes
510 1489 540 1517 in
555 1489 624 1517 fide.
644 1499 658 1515 n
677 1491 747 1517 ltem
765 1488 893 1516 lacobus
916 1488 926 1505 ³
943 1497 950 1515 .·
970 1498 984 1513 «
1000 1489 1054 1515 lte-

270 1536 359 1565 sistite
382 1536 525 1571 diabolo,
549 1539 577 1564 et
599 1536 691 1571 fugiet
712 1543 730 1563 a
753 1535 851 1563 vobis.
877 1546 890 1561 »
917 1534 1053 1563 Ibidem:

274 1594 287 1609 «
311 1583 555 1620 Appropinquate
577 1584 650 1617 Deo,
676 1585 704 1610 et
726 1581 982 1619 appropinquabit
1004 1589 1055 1609 vo-

272 1631 328 1658 bis.
350 1642 363 1657 ι)
390 1631 470 1658 ldcm
490 1632 534 1658 est
556 1638 658 1658 sensus
680 1630 832 1665 utriusque
858 1628 1054 1662 auctoritatis,

271 1678 354 1714 quod
370 1677 545 1705 bellandum
561 1679 617 1711 est;
635 1676 687 1703 sed
703 1676 740 1703 de
758 1678 826 1709 lieo,
843 1683 903 1703 non
929 1675 965 1703 de
985 1683 1055 1711 pro-

270 1725 342 1761 priis
357 1725 480 1758 viribus,
496 1723 720 1752 confidendum.
737 1725 810 1750 Nam
822 1722 913 1757 canis,
932 1722 1055 1758 quando

271 1772 352 1800 solus
367 1771 471 1806 existit,
490 1771 594 1806 lupum
610 1770 698 1805 sugit;
718 1771 860 1805 proesente
877 1769 1013 1802 domino,
1029 1771 1057 1796 ct

272 1819 467 1852 confortante,
483 1817 589 1854 lupum
610 1817 741 1851 invadit,
761 1817 861 1852 dejicit
881 1820 909 1845 et
935 1817 1055 1845 occidit.

273 1869 334 1894 Non
363 1868 405 1893 est
425 1865 513 1893 nimis
537 1863 686 1892 timendus
716 1864 825 1896 hostis,
850 1865 919 1900 qui,
952 1866 983 1891 ut
1005 1866 1057 1892 lla-

272 1921 427 1941 mascenus
441 1911 451 1927 ⁸
471 1911 558 1946 dicit,
586 1919 645 1938 non
670 1913 765 1947 potest
785 1911 903 1939 vincere
926 1911 980 1938 nisi
1007 1919 1058 1938 vo-

273 1962 391 1989 lentem.

308 2008 414 2040 Tertio,
429 2007 558 2042 legitime
571 2007 692 2041 bellare,
709 2009 750 2035 est
767 2014 898 2041 carnem,
917 2006 1058 2034 domesti-

274 2063 342 2082 cum
364 2055 490 2087 hostem,
518 2054 658 2087 domare,
680 2056 705 2081 et
727 2054 841 2089 spii-itui
872 2061 938 2081 eain
965 2053 1058 2088 subji-

274 2110 349 2129 cere.
381 2104 516 2135 Magnum
546 2103 693 2128 certamen
707 2122 713 2133 ,
746 2100 895 2128 mundum
928 2102 1058 2127 contem-

275 2156 358 2183 ncrc;
380 2149 492 2183 majus,
516 2147 636 2175 diabolo
663 2150 722 2175 tam
749 2147 818 2175 sorti
841 2147 988 2177 resistere:
1006 2147 1058 2175 sed

275 2196 439 2223 maximum
455 2198 496 2223 est
511 2195 642 2231 seipsum
658 2195 785 2229 vincere,
804 2197 831 2222 et
846 2197 949 2223 contra
966 2202 997 2222 se
1013 2194 1059 2221 di-

276 2242 395 2270 micarc.
415 2244 501 2270 Poeta
518 2251 524 2269 z

308 2321 389 2346 Crede
404 2321 473 2350 milii,
491 2323 529 2345 est
543 2321 624 2351 majus
640 2320 733 2344 virtute
749 2320 853 2344 domare
870 2320 995 2351 seipsum,

340 2358 421 2386 Quam
437 2364 507 2380 inore
525 2356 656 2381 samsonis
671 2359 786 2380 sternere
803 2356 870 2379 inille
887 2357 965 2380 vii-os.

280 2433 373 2461 Facile
395 2441 571 2469 superamus
596 2432 687 2467 frigus
710 2432 851 2465 exterius,
879 2434 905 2459 et
929 2432 1060 2459 calorem

280 2488 368 2515 quein
387 2480 456 2507 soris
471 2479 615 2515 patimur;
641 2479 693 2505 scd
717 2478 847 2506 calorem
871 2479 991 2505 interius
1016 2479 1060 2505 in-

280 2526 464 2561 cendentem,
477 2529 503 2554 et
518 2528 618 2554 nostra
630 2533 756 2561 corpora
768 2526 987 2561 depascentem,
1001 2534 1060 2553 nou

281 2573 334 2600 uisi
351 2573 451 2600 multis
472 2573 608 2600 remediis
632 2580 817 2607 superamus,
833 2573 906 2600 sicut
929 2575 1008 2608 patet
1030 2573 1058 2599 in

281 2619 522 2647 febricitantibus.
545 2619 639 2647 Facile
658 2621 777 2647 curatur
796 2619 915 2653 vulnus,
931 2620 953 2646 si
976 2620 1010 2646 sit
1032 2619 1062 2646 in

281 2665 345 2694 sola
361 2674 448 2694 carne
464 2666 608 2699 exterius‚-
629 2666 681 2694 sed
701 2666 724 2693 si
741 2665 856 2702 pulmo,
874 2666 920 2693 vel
937 2666 1060 2702 aliquod

343 2764 348 2789 i
376 2764 443 2794 Rey,
466 2770 544 2795 mu,
569 2766 598 2788 22
621 2767 645 2788 et
668 2771 723 2795 seq.
744 2777 772 2781 —
794 2766 802 2780 Ἴ
824 2765 829 2787 Ι
852 2765 930 2794 Pois-1
955 2771 977 2794 V,
994 2767 1015 2789 ¹³-
1033 2778 1058 2782 -·

1098 354 1189 384 vitale
1215 355 1388 384 membrum
1406 355 1531 385 interius
1552 354 1715 390 laceram,
1736 353 1806 390 vix,
1828 355 1883 383 ant

1099 409 1255 439 nunquam
1268 403 1399 431 curatur.
1415 404 1492 439 Ergo
1505 401 1627 438 gravius
1640 403 1684 430 est
1696 399 1787 430 nobis
1800 400 1883 430 hune

1100 449 1216 478 hostem
1237 449 1415 478 familiarem
1437 449 1595 486 subjicere,
1617 455 1710 486 quam
1724 455 1794 477 cum
1814 447 1882 476 aliis

1101 498 1251 525 certamen
1263 495 1350 525 inire.
1365 495 1443 531 Quid
1455 498 1499 525 est
1513 503 1586 532 ergo
1600 495 1790 524 faciendum?
1804 494 1883 523 Sub-

1100 544 1246 573 trahenda
1259 545 1304 572 est
1313 544 1342 572 ei
1355 551 1489 578 annona,
1497 545 1527 572 et
1540 542 1681 572 continue
1692 541 1831 571 facienda
1839 542 1884 570 est

1102 591 1129 620 ei
1144 590 1312 628 disciplina.
1331 592 1405 619 Nam
1419 590 1544 628 quando
1557 597 1612 618 rex
1626 589 1761 626 aliquam
1777 589 1882 618 civita-

1102 639 1162 666 tem
1177 637 1338 672 obsederit,
1353 637 1452 674 primo
1466 636 1606 666 victualia
1619 638 1650 665 et
1661 643 1702 673 aq
1740 670 1744 671 ⁷

1101 684 1189 720 tollit,
1208 684 1291 712 etsie
1311 691 1362 713 eos
1377 683 1500 713 obedire
1519 684 1576 713 sibi
1597 681 1761 720 compellit.
1829 690 1884 711 uus

1742 636 1753 641 ‘⁴
1779 635 1930 665 abeis»

1925 689 2028 724 ψ,

1103 732 1179 760 bene
1195 732 1342 767 fraenatus,
1359 734 1387 760 et
1401 731 1528 768 cingulis
1541 732 1618 760 bene
1633 731 1764 765 sumtus,
1782 731 1810 758 et
1823 729 1884 758 for·
1897 719 1970 748 ΡΜ·

1103 779 1168 807 titer
1177 779 1342 808 calcaribus
1351 781 1490 816 punctus,
1502 778 1618 814 cogitur
1628 777 1753 806 obedire
1764 775 1883 805 sessori.

1103 826 1184 855 Unde
1199 826 1364 854 secundum
1383 825 1466 854 illam
1484 825 1612 854 litteram
1630 824 1738 853 dicitur
1750 825 1762 843 ⁵
1778 833 1785 852 :
1805 833 1819 850 ιι
1833 824 1884 852 Us-

1104 881 1163 910 que
1178 873 1218 902 ad
1232 875 1359 902 mortem
1376 875 1455 902 certa
1469 880 1525 910 pro
1541 871 1664 908 justitia.
1679 881 1695 898 ι)
1712 872 1745 900 Et
1758 873 1801 899 est
1819 878 1886 899 sen-

1104 929 1177 949 sus:
1200 922 1264 949 Non
1287 920 1392 948 timeas
1415 927 1518 948 amore
1540 918 1660 956 justitiae
1683 918 1811 954 teipsum
1834 916 1888 946 do-

1105 976 1199 1002 mare,
1215 968 1286 1005 quia
1295 967 1402 996 melius
1415 970 1458 996 est
1470 969 1565 996 morte
1579 967 1672 996 vitam
1686 966 1782 1002 finire,
1794 973 1887 1005 quam

1102 1015 1247 1052 justitiam
1269 1015 1318 1044 Dei
1342 1015 1489 1043 deserere.
1511 1015 1567 1049 Qui
1588 1022 1660 1050 ergo
1682 1014 1724 1042 sic
1744 1014 1834 1042 certat
1855 1012 1888 1041 in

1106 1064 1168 1099 via,
1193 1063 1343 1100 completa
1366 1070 1478 1100 pugna,
1505 1062 1642 1099 pervenit
1665 1061 1706 1090 ad
1733 1067 1888 1089 coronam.

1106 1112 1179 1139 Nam
1194 1112 1262 1146 post
1275 1110 1411 1138 laborem
1425 1109 1559 1146 sequitur
1573 1108 1700 1145 requies.
1717 1107 1800 1136 Unde
1818 1106 1890 1135 dici-

1107 1160 1154 1186 tur
1167 1158 1178 1174 ⁰
1195 1166 1202 1184 :
1220 1167 1233 1182 α
1249 1157 1366 1185 Amodo
1387 1157 1450 1192 jam
1470 1155 1541 1184 dicit
1558 1155 1692 1192 Spiritus,
1708 1157 1740 1182 ut
1760 1153 1890 1190 requies-

1108 1207 1177 1233 cant
1190 1212 1208 1232 a
1222 1203 1379 1232 laboribus
1393 1203 1463 1231 suis.
1479 1214 1493 1229 n
1511 1204 1543 1231 Et
1556 1205 1599 1231 est
1612 1201 1791 1237 notandum,
1806 1200 1891 1238 quod

1108 1251 1138 1279 in
1154 1258 1267 1279 corona
1286 1253 1329 1278 est
1347 1250 1496 1278 attendere
1517 1249 1571 1278 tria
1589 1258 1595 1277 :
1617 1249 1730 1285 primo,
1753 1247 1890 1285 pretiosi-

1109 1300 1212 1333 tatem;
1228 1297 1373 1332 secundo,
1388 1297 1619 1333 speciositatem3
1635 1296 1720 1324 tertio
1737 1303 1826 1330 vero,
1845 1294 1891 1323 in-

1109 1345 1401 1374 terminabilitatem:
1424 1346 1455 1372 ut
1477 1344 1517 1371 sic
1541 1343 1703 1380 accipiatur
1725 1342 1892 1379 pretiositas

1109 1401 1145 1421 cx
1161 1395 1242 1429 parte
1263 1391 1405 1427 materiae,
1421 1391 1592 1428 speciositas
1613 1399 1650 1419 ex
1671 1392 1754 1426 parte
1775 1389 1890 1425 iormte,

1109 1443 1137 1468 et
1156 1438 1411 1468 interminabilitas
1435 1446 1471 1467 ex
1490 1440 1573 1475 parte
1593 1437 1706 1473 figurae.
1727 1439 1760 1466 ln
1781 1436 1893 1473 quibus

1110 1489 1167 1515 tres
1182 1488 1321 1515 notantur
1335 1485 1420 1514 dotes
1432 1485 1551 1520 animm,
1571 1485 1682 1512 scilicet
1695 1483 1784 1518 visio,
1803 1482 1893 1511 dilec-

1111 1535 1162 1569 tio,
1174 1537 1202 1563 et
1214 1534 1304 1562 tentio
1320 1543 1327 1561 ε
1343 1535 1375 1562 ut
1389 1533 1561 1569 speciositas
1575 1531 1755 1568 respondeat
1768 1531 1891 1566 visioni3

1111 1582 1286 1618 pretiositas,
1305 1580 1469 1615 dilectioni;
1495 1582 1522 1608 et
1540 1578 1809 1613 interminabilitaS,
1830 1579 1894 1606 ten·

1112 1629 1194 1657 tioni.
1218 1630 1264 1656 Est
1283 1635 1354 1663 ergo
1373 1629 1531 1655 coronatus
1558 1626 1605 1654 liic
1632 1627 1755 1654 Sanctus
1781 1633 1894 1654 corona

1112 1676 1251 1712 pretiosa.
1277 1676 1495 1704 Consuevcrant
1523 1674 1603 1702 enim
1627 1680 1743 1701 coronae
1764 1672 1829 1700 fieri
1855 1671 1894 1700 de

1113 1731 1186 1751 auro
1199 1743 1207 1757 ,
1238 1722 1321 1758 quod
1353 1722 1427 1749 inter
1452 1721 1572 1749 metalla
1597 1723 1639 1748 est
1668 1720 1798 1748 maxime
1827 1727 1895 1756 pre-

1114 1770 1242 1803 tiosum,
1265 1768 1413 1797 charitatis
1448 1767 1694 1803 significativum,
1720 1769 1748 1795 et
1779 1766 1894 1794 donum

1113 1816 1361 1853 pretiosissimum
1376 1816 1512 1844 omnium
1535 1815 1695 1842 donorum.
1719 1813 1800 1841 Unde
1821 1813 1894 1841 dici-

1115 1866 1160 1891 tur
1174 1863 1183 1878 ⁷
1199 1872 1205 1890 :
1226 1875 1239 1888 u
1253 1865 1370 1891 Corona
1384 1870 1475 1890 aurea
1491 1870 1580 1898 super
1595 1864 1685 1898 caput
1699 1862 1771 1897 eJuS.
1787 1871 1800 1887 n
1813 1860 1895 1889 Tales

1115 1911 1194 1939 enim
1209 1918 1339 1944 corontr,
1359 1912 1388 1937 ut
1403 1910 1460 1937 sint
1482 1909 1576 1944 magis
1600 1909 1750 1945 pretiosae,
1769 1908 1895 1944 gemmis

1115 1958 1249 1994 pretiosis
1265 1957 1455 1985 inveniuntur
1468 1959 1588 1985 ornatae.
1607 1955 1757 1983 psalmista
1768 1956 1796 1982 ⁸:
1817 1966 1830 1979 ι(
1845 1957 1897 1983 Po-

1115 2005 1207 2039 suisti,
1224 2005 1357 2038 Domine,
1383 2012 1472 2040 super
1495 2006 1583 2039 caput
1604 2003 1668 2038 ejus
1693 2010 1835 2030 coronam
1858 2001 1896 2029 de

1115 2052 1214 2088 lapide
1239 2052 1376 2087 pretioso.
1401 2062 1414 2076 »
1436 2052 1465 2078 ln
1485 2050 1596 2086 quibus
1619 2049 1760 2077 omnibus
1779 2050 1897 2076 notatur

1115 2099 1280 2135 pretiositas
1296 2098 1407 2134 gloriae,
1424 2106 1490 2133 quae
1511 2097 1565 2125 erit
1585 2097 1614 2124 in
1630 2095 1742 2124 amoris
1761 2103 1896 2123 consum-

1115 2146 1255 2177 matione,
1274 2147 1303 2172 ut
1319 2153 1380 2172 non
1396 2145 1432 2172 sit
1449 2144 1525 2172 ultra
1544 2143 1659 2179 aliquid
1675 2142 1785 2170 addere
1802 2151 1808 2169 ε
1827 2142 1898 2178 quia

1115 2195 1200 2221 crunt
1219 2193 1259 2220 ihi
1285 2200 1408 2219 summae
1431 2191 1552 2224 divium,
1569 2193 1595 2218 et
1621 2192 1707 2218 tantae
1728 2189 1851 2224 deliciae,
1866 2191 1898 2218 ut

1117 2241 1217 2267 otiicio
1239 2240 1387 2275 nequeant
1411 2238 1469 2265 dici
1491 2238 1608 2273 lingum..
1632 2237 1714 2271 Unde
1731 2237 1838 2265 dicitur
1852 2238 1863 2255 ⁰
1889 2245 1895 2265 τ

1119 2298 1132 2312 «
1145 2289 1267 2315 Corona.²
1282 2286 1471 2322 sapientium,
1485 2296 1497 2310 n
1510 2285 1540 2312 id
1555 2287 1607 2319 cst,
1624 2287 1805 2319 sanctorum,
1819 2296 1831 2309 u
1848 2284 1898 2312 de-

1117 2335 1191 2363 liciae
1208 2342 1322 2362 corum.
1335 2346 1347 2357 »
1361 2332 1509 2365 Secundo,
1523 2334 1565 2359 cst
1579 2333 1738 2359 coronatus
1752 2331 1800 2358 hic
1811 2332 1898 2359 Sanc-

1121 2385 1166 2410 tus
1181 2389 1292 2410 corona
1306 2380 1449 2417 speciosa.
1466 2379 1542 2413 Quid
1558 2379 1636 2407 enim
1652 2379 1703 2406 illa
1717 2386 1829 2406 corona
1843 2378 1898 2406 sul-

1118 2429 1253 2465 gentius?
1278 2427 1350 2464 quid
1367 2428 1446 2454 enini
1466 2427 1591 2462 geminis
1612 2425 1793 2460 fulgentibus
1814 2425 1898 2454 inve-

1120 2477 1198 2505 nitur
1227 2475 1400 2512 pulchrius?
1428 2474 1516 2509 igitur
1543 2473 1675 2509 speciosa
1704 2474 1745 2499 est
1769 2480 1897 2507 corona,

1120 2532 1186 2559 qua:
1200 2526 1243 2550 est
1263 2530 1297 2549 ex
1319 2529 1391 2549 auro
1412 2521 1596 2556 gemmisque
1617 2520 1791 2555 composita,
1809 2519 1898 2553 signi-

1120 2571 1212 2598 ficans
1234 2569 1316 2596 illam
1341 2567 1590 2604 pulchritudinem
1615 2573 1782 2598 summam,
1807 2574 1898 2601 quam

1120 2618 1202 2645 videt
1212 2617 1311 2644 anima
1328 2616 1423 2643 beata.
1442 2613 1521 2641 Unde
1534 2613 1633 2640 anima
1647 2612 1787 2648 quaelibet
1798 2614 1899 2640 sancta

1120 2692 1130 2708 ³
1144 2695 1206 2719 dae..
1226 2697 1260 2720 iv,
1279 2692 1302 2721 Ἴ,
1325 2694 1348 2714 s.
1369 2703 1392 2706 —-
1416 2690 1426 2705 ⁴
1449 2689 1565 2712 Damaso.
1585 2699 1615 2704 -
1630 2688 1640 2703 ¹⁵
1660 2686 1748 2715 ticeli..
1765 2693 1800 2716 iv,
1815 2688 1852 2712 33.
1869 2700 1899 2705 -

1123 2729 1131 2741 ’ἱ
1152 2729 1234 2758 Aper„
1252 2733 1304 2756 xiv,
1324 2728 1359 2749 13.
1378 2738 1408 2744 —
1429 2725 1436 2740 ⁷
1452 2723 1538 2752 Eccli'„
1560 2728 1620 2753 xm,
1644 2724 1680 2746 Μ.
1696 2735 1727 2740 -
1742 2724 1750 2736 ¹¹
1767 2722 1834 2747 Psal.
1854 2729 1898 2755 xx,

1123 2765 1144 2787 li.
1162 2776 1192 2781 —
1206 2764 1216 2780 ⁹
1232 2763 1315 2792 Prota,
1330 2767 1383 2791 xiv,
1400 2762 1438 2785 24.
1454 2773 1482 2777 —
1498 2761 1528 2789 (a)
1547 2759 1606 2783 Coea.
1621 2758 1680 2783 edit.
1695 2765 1763 2783 eum⁴

1966 799 1979 814 ἱ
