2060 3052
112 1645 178 1664 Lunae

89 1674 196 1701 frigiditas

100 1708 183 1732 quanta

100 1738 138 1758 sit.

127 2628 203 2646 Exem-

98 2659 167 2686 plum.

213 295 254 325 44

213 368 281 398 quae
298 360 343 390 est
359 359 502 389 relevatio
523 359 722 395 miserorum3
742 358 796 387 sed
816 359 940 396 quarto,
963 357 996 387 in

212 407 336 437 brachio
347 407 454 437 infimo
467 408 587 436 notatur
599 406 751 436 humilitas
764 413 836 435 vera
844 427 854 442 ,
870 413 938 444 quoe
951 407 995 435 est

211 455 378 484 reverentia
391 455 591 492 superiorum.

249 502 319 531 Dico
335 502 435 540 primo
445 523 454 538 ,
466 501 550 538 quod
564 501 604 530 ad
619 508 738 530 erucem
751 499 938 538 spiritualem
950 500 993 529 fe-

212 549 356 584 rendam,
374 551 519 586 tanquam
537 547 696 577 brachium
715 547 872 582 dextrum,
893 555 994 576 neces—

211 596 290 626 saria
303 597 347 625 est
360 595 570 633 temperantia,
587 603 655 632 quae
671 597 714 624 est
735 594 894 624 declinatio
909 603 994 632 pros-

211 651 365 681 perorum.
385 642 591 679 Temperantia
616 642 697 671 enim
723 643 886 671 contemnit
907 650 994 679 pros-

211 698 299 728 pera,
323 691 353 718 et
380 691 423 718 est
445 689 589 718 virtutum
612 689 750 718 omnium
774 689 992 725 modificativa,

211 737 274 766 sine
289 745 351 774 qua
363 737 468 765 vitium
483 739 526 766 est
545 737 643 766 omnis
662 737 756 765 virtus
775 736 908 773 politica.
927 737 994 765 Haec

211 788 254 814 est
267 785 347 814 enim
363 785 469 820 virtus,
481 785 545 814 sine
561 793 622 822 qua
636 785 735 814 omnis
750 785 844 814 virtus
865 786 909 813 est
930 784 994 813 sine

210 832 320 868 modo,
337 832 424 869 quasi
445 840 540 869 equus
561 832 624 861 sine
643 832 736 862 fraeno
747 854 756 868 ‚
772 834 801 861 et
815 832 916 861 asinus
930 831 994 860 sine

211 879 330 908 chamo.
353 879 436 908 Unde
459 881 536 908 Deus
561 880 671 908 creavit
703 879 805 908 omnia
826 879 858 907 in
881 878 993 914 modo,

210 934 266 955 nec
283 926 400 964 aliquid
415 926 510 955 voluit
533 934 595 955 esse
619 926 681 955 sine
705 926 810 955 modo.
835 928 993 963 Nunquam

211 973 293 1002 enim
306 973 374 1002 feeit
387 981 483 1002 unum
496 973 730 1009 contrariorum,
745 974 819 1010 quin
834 973 936 1002 fecerit
950 973 994 1002 al-

211 1023 307 1049 terum
323 1030 330 1049 :
347 1022 379 1049 ut
393 1021 435 1049 sic
450 1029 545 1049 unum
560 1023 636 1049 esset
650 1021 772 1050 alterius
793 1021 928 1049 sraenum.
949 1021 992 1050 Ob

210 1067 288 1096 hanc
303 1075 423 1096 causam
435 1067 554 1096 diversa
565 1070 635 1096 sunt
646 1068 716 1096 anni
729 1070 880 1105 tempora,
898 1070 929 1097 ut
943 1068 995 1097 fiat

211 1114 349 1152 quaedam
385 1115 527 1152 temporis
556 1115 820 1152 contemperantia.
851 1115 880 1143 Si
913 1115 993 1143 enim

211 1170 329 1198 semper
343 1164 427 1190 aestas
442 1164 534 1196 esset,
553 1162 636 1191 calor
655 1162 870 1191 immoderatus
891 1162 994 1191 omnia

211 1211 363 1244 exureret3
383 1211 411 1237 et
425 1209 449 1236 si
464 1209 571 1245 hyems
585 1217 703 1246 semper
721 1211 811 1242 esset,
828 1209 920 1245 frigus
935 1211 993 1238 ter-

210 1264 274 1284 ram
290 1256 447 1292 stringens,
463 1256 536 1284 nihil
551 1256 632 1284 nasci
649 1256 840 1292 permitteret.
857 1257 902 1285 Ob
915 1257 993 1285 hanc

211 1303 300 1332 etiam
315 1310 437 1331 causam
453 1302 516 1331 dies
531 1303 668 1331 successit
684 1304 779 1338 nocti,
796 1306 824 1331 ct
839 1311 898 1332 nox
921 1304 991 1332 diei.

211 1350 372 1379 Considera
387 1350 476 1379 etiam
492 1350 521 1378 in
538 1353 563 1378 te
580 1351 661 1387 ipso,
678 1351 749 1387 quia
769 1351 891 1380 cerebro
912 1351 993 1387 frigi—

211 1398 350 1432 dissimo,
363 1406 415 1426 cor
430 1398 542 1426 sontem
565 1397 672 1426 caloris
687 1399 843 1435 supposuit
858 1400 933 1427 Deus
943 1420 951 1433 ,
967 1402 994 1428 et

210 1445 404 1482 pulmonem,
430 1453 492 1481 quo
516 1448 661 1481 tanquam
687 1445 821 1482 quodam
854 1446 992 1481 flabello,

211 1492 311 1520 cordis
327 1492 499 1520 incendium
516 1492 699 1528 temperavit.
723 1492 754 1520 ln
775 1493 881 1528 majori
905 1493 993 1521 etiam

211 1539 344 1573 mundo,
366 1541 481 1567 motum
513 1539 579 1567 coeli
606 1539 775 1567 obviatione
806 1539 993 1576 planetarum

211 1587 360 1621 sraenavit;
377 1588 404 1615 et
419 1587 482 1622 ejus
506 1586 678 1614 incendium
704 1596 738 1614 ex
762 1589 845 1615 motu
871 1595 993 1623 genera-

213 1636 288 1668 tum,
318 1633 404 1670 aquis
437 1634 642 1670 superioribus
673 1634 856 1669 temperavit.
891 1634 994 1662 Dicunt

211 1680 299 1708 etiam
325 1681 470 1716 sapientes
496 1681 619 1715 mundi,
645 1681 728 1717 quod
753 1682 832 1709 Luna
857 1684 899 1709 est
922 1682 994 1709 tanti

188 1745 190 1747 ·
210 1727 329 1762 trigoris
345 1727 513 1761 causativa,
531 1728 613 1763 quod
630 1728 711 1756 omni
735 1736 834 1755 mense
854 1727 994 1764 hyemem

212 1776 296 1801 terrae
311 1773 490 1808 adduceret,
506 1774 528 1802 si
549 1774 631 1802 calor
652 1774 726 1802 Solis
746 1775 809 1809 ejus
830 1775 994 1803 efficaciam

212 1829 273 1849 non
295 1821 439 1849 fraenaret.
459 1823 505 1850 Est
524 1830 594 1857 ergo
615 1822 858 1858 intemperantia,
879 1831 940 1850 sive
960 1823 995 1850 sit

212 1868 242 1896 in
259 1869 340 1904 gula,
356 1868 417 1896 sive
434 1869 463 1896 in
477 1869 607 1904 luxuria,
618 1877 678 1897 non
694 1870 791 1898 solnm
807 1873 910 1898 contra
925 1878 995 1905 pro-

212 1915 387 1944 hibitionem
401 1916 543 1951 divinam,
556 1917 608 1944 sed
623 1917 710 1944 etiam
722 1919 876 1953 peccatum
893 1919 995 1945 contra

212 1964 360 1991 naturam.
379 1964 410 1990 Et
424 1964 482 1992 hoc
501 1963 589 1997 ideo,
613 1965 684 2000 quia
703 1964 793 2000 ipsius
818 1967 928 1992 natura¹
954 1968 996 1992 est

215 2010 410 2045 debilitativa,
425 2011 499 2038 sicut
513 2013 592 2046 patet
608 2011 637 2038 in
653 2011 752 2038 multis
763 2011 994 2045 luxuriantibus,

214 2059 241 2084 et
274 2057 401 2084 nimium
432 2057 674 2092 comedentibus,
701 2066 830 2093 quorum
862 2058 922 2085 vita
955 2061 996 2086 est

214 2104 316 2132 Christi
332 2104 410 2131 cruci
433 2105 597 2137 contraria,
619 2105 648 2132 in
670 2113 729 2140 qua
755 2105 856 2133 omnia
879 2105 997 2133 suerunt

215 2159 331 2185 amara,
350 2159 418 2178 cum
431 2151 477 2178 isti
497 2151 595 2179 solum
619 2154 755 2187 quierunt
776 2152 888 2180 suavia.
916 2152 996 2179 t'nde

215 2197 290 2225 illud
307 2199 314 2214 ¹
332 2206 338 2225 z
357 2208 369 2223 α
387 2197 465 2226 Multi
482 2198 655 2233 ambulant,
673 2207 749 2234 quos
764 2208 841 2235 smpe
858 2199 996 2227 dicebam

214 2245 316 2278 vobis,
332 2253 411 2272 nunc
427 2247 525 2273 autem
542 2249 568 2273 et
585 2246 656 2272 tiens
674 2246 757 2281 diro,
776 2246 912 2274 inimicos
933 2254 998 2274 cru-

216 2292 256 2319 cis
272 2291 395 2325 Clu·isti;
417 2300 546 2327 quorum
566 2294 639 2320 Deus
659 2296 760 2320 venter
781 2296 837 2327 est,
858 2295 885 2321 et
902 2293 997 2329 gloria

217 2339 246 2366 in
269 2338 443 2366 confusione
468 2347 589 2372 eorum,
616 2340 666 2375 qui
693 2342 807 2367 terrena
833 2340 960 2375 sapiunt.
982 2352 994 2365 »

217 2386 293 2419 Quid
304 2385 429 2421 turpius,
440 2386 512 2422 quid
527 2386 769 2421 ir1·ati0nabilin.‹,
784 2396 876 2423 qnam
889 2388 998 2415 babere

218 2441 325 2468 corpus
341 2441 376 2460 ex
391 2432 493 2460 foetida
511 2433 632 2461 materia
648 2436 836 2468 generatum,
852 2438 879 2462 et
895 2443 930 2462 ex
947 2435 999 2462 sw-

220 2479 280 2507 tida
310 2480 430 2508 materia
456 2481 618 2514 nutritum,
641 2483 669 2508 et
693 2490 726 2508 ex
751 2481 851 2509 satida
877 2483 999 2510 materia

219 2534 335 2562 semper
350 2527 487 2562 plenum,
503 2527 541 2555 ad
563 2527 769 2555 devorandum
796 2529 947 2556 vermibus
971 2530 998 2556 in

220 2573 278 2600 fine
302 2577 517 2608 prcepamtum,
541 2574 613 2602 nihil
634 2583 767 2610 unquam
788 2575 824 2602 de
845 2584 874 2602 se
891 2576 999 2611 produ-

221 2628 299 2654 cenS,
317 2620 371 2647 nisi
387 2620 541 2648 foetidum?
555 2623 626 2649 Nam
647 2624 675 2649 et
689 2631 739 2649 rex
758 2622 881 2658 quidam
901 2623 999 2659 philo-

220 2667 347 2703 sophum
364 2668 402 2695 ad
419 2676 534 2696 emnam
551 2669 685 2697 invitavit
700 2679 705 2696 :
727 2677 854 2705 cumque
874 2674 1000 2698 coenaret

253 2731 259 2746 ¹
277 2730 380 2779 Philip..
402 2737 445 2762 111,
465 2733 546 2756 ἰδ’-19.
563 2745 592 2750 -
610 2734 617 2746 ²
634 2732 718 2762 Helua,
736 2739 766 2757 x.
786 2735 825 2757 ³13.
848 2747 875 2751 —
896 2735 906 2750 ³
925 2735 1001 2765 ibid„

221 2773 269 2798 Ali,
283 2769 332 2790 l-;..

597 290 807 325 SERMONES
829 289 880 323 DE
901 288 1068 324 SANCTIS
1089 289 1132 323 IN
1152 289 1345 324 COMMUNI.
1367 290 1447 325 XVI.

1047 357 1246 396 philosophus
1257 359 1344 396 juxta
1356 367 1459 396 regem
1468 358 1587 395 sedens,
1597 366 1704 396 spuere
1713 358 1830 396 volens,

1048 407 1077 434 et
1089 405 1157 435 loca
1173 406 1276 436 omnia
1294 406 1444 444 tapetibus
1465 406 1566 436 sericis
1585 406 1677 444 plena
1699 406 1830 442 viderat,

1047 452 1197 490 simulque
1221 453 1402 489 attenderet,
1422 454 1508 491 quod
1529 453 1628 483 barba
1649 453 1746 491 regis,
1769 453 1831 484 sive

1047 503 1182 530 mentum
1205 502 1302 530 totum
1322 509 1358 530 ex
1384 501 1569 538 pinguedine
1593 503 1669 530 esset
1690 502 1831 538 unctum,

1047 556 1138 586 super
1155 549 1219 585 ejus
1242 550 1376 578 mentum
1394 551 1516 586 sputum
1536 550 1673 586 projecit.
1695 550 1832 588 Cumque

1046 596 1146 633 ipsum
1161 597 1224 632 ejus
1236 595 1342 625 famuli
1360 596 1498 625 occidere
1514 596 1641 632 vellent,
1657 605 1712 626 rex
1724 597 1832 635 prohi-

1047 643 1130 679 buit,
1157 645 1186 672 et
1207 651 1301 680 quare
1325 642 1444 679 feeerit,
1470 643 1634 680 inquisivit.
1663 644 1719 673 Cui
1744 643 1798 678 ille
1821 653 1830 672 τ

1050 699 1064 716 ιι
1078 690 1152 718 Cum
1167 690 1302 727 undique
1321 690 1399 719 circa
1412 698 1461 718 me
1476 698 1644 726 cernerem,
1659 689 1714 719 ubi
1735 690 1768 719 in
1788 689 1833 719 lo·

1047 745 1116 765 cum
1130 737 1226 773 magis
1239 736 1331 765 vilem
1345 739 1467 774 sputum
1487 737 1592 766 elicere
1606 745 1727 774 possem
1735 747 1744 773 ς
1765 737 1833 766 nul-

1047 784 1111 813 lum
1125 784 1227 814 locum
1241 784 1283 813 sic
1297 784 1451 820 foetidum,
1470 792 1526 814 nee
1540 786 1582 813 sie
1595 785 1688 814 vilem
1702 785 1776 821 vidi,
1791 785 1832 814 si-

1049 834 1097 860 eut
1115 831 1217 865 illum,
1240 832 1271 860 in
1289 839 1380 868 quem
1399 834 1521 869 sputum
1540 832 1622 868 ejeci.
1639 842 1654 859 ι)
1669 833 1749 861 Tune
1769 833 1831 861 Rex

1048 879 1126 915 gulae
1150 878 1294 908 vilitatem
1317 879 1534 914 consideravit,
1558 881 1587 908 et
1609 879 1675 908 viro
1699 879 1830 916 sapienti

1047 925 1190 963 pepercit.

1083 973 1237 1009 Secundo,
1259 973 1299 1002 ad
1323 981 1442 1002 crucem
1464 973 1649 1010 spiritualem
1672 973 1831 1002 ferendum

1047 1022 1192 1057 tanquam
1215 1020 1371 1049 brachium
1399 1020 1567 1055 sinistrum,
1593 1023 1636 1050 est
1662 1021 1832 1050 necessaria

1048 1068 1203 1097 tolerantia
1223 1068 1466 1097 adversariorum
1485 1077 1492 1096 :
1514 1070 1548 1096 ut
1568 1068 1620 1105 qui
1641 1076 1695 1105 per
1715 1070 1831 1105 tempe—

1047 1115 1174 1144 rantiam
1189 1115 1351 1143 contemnit
1374 1114 1481 1143 mundi
1500 1123 1664 1151 prospera,
1684 1123 1739 1152 per
1757 1114 1831 1144 tole-

1047 1162 1174 1191 rantiam
1189 1163 1287 1199 portet
1300 1164 1329 1190 et
1343 1162 1448 1190 toleret
1461 1161 1608 1190 adversa:
1623 1164 1666 1196 ut,
1680 1162 1755 1191 sicut
1768 1170 1832 1191 non

1048 1211 1091 1237 est
1112 1209 1243 1237 elevatus
1264 1209 1295 1236 in
1317 1208 1485 1245 prosperis,
1509 1208 1549 1236 ita
1567 1208 1659 1236 nullis
1677 1208 1832 1245 frangatur

1048 1255 1192 1284 adversis.
1209 1255 1304 1284 Virtus
1319 1255 1506 1283 nobilissima
1519 1258 1562 1284 est
1577 1255 1748 1290 tolerantia,
1764 1263 1830 1293 quae

1048 1303 1123 1331 inter
1137 1306 1250 1331 erectos
1272 1303 1376 1331 fluctus
1386 1324 1394 1337 ,
1410 1305 1437 1330 et
1452 1302 1599 1339 procellas
1613 1303 1781 1338 undarum,
1795 1311 1830 1332 ac

1049 1349 1138 1378 sortes
1155 1351 1275 1378 tlaturas
1291 1352 1464 1385 ventorum,
1480 1358 1589 1378 navem
1604 1352 1668 1378 tuto
1689 1350 1771 1379 ducit
1791 1350 1831 1380 ad

1049 1399 1178 1433 portum.
1205 1398 1285 1425 Bona
1308 1397 1392 1425 navis
1413 1397 1539 1426 fortibus
1562 1397 1712 1426 asseribus
1737 1397 1830 1426 fabri-

1049 1447 1124 1478 cata,
1135 1446 1163 1472 et
1178 1445 1207 1472 in
1224 1444 1368 1472 altissimo
1380 1444 1455 1472 mari
1468 1446 1497 1472 et
1509 1444 1622 1472 fervido
1637 1444 1745 1481 posita,
1757 1444 1832 1473 nihil

1049 1491 1131 1519 timet
1148 1491 1178 1519 in
1195 1491 1347 1525 fluctibus,
1362 1491 1418 1519 nisi
1433 1492 1552 1519 terram.
1568 1491 1643 1525 Quia
1656 1491 1731 1519 sicut
1745 1499 1832 1520 verus

1049 1538 1164 1574 patiens
1179 1546 1239 1566 non
1255 1537 1354 1566 solum
1368 1538 1575 1566 tribulationes
1588 1546 1650 1566 non
1665 1538 1757 1573 sugit,
1779 1538 1833 1567 sed

1050 1585 1138 1613 etiam
1158 1585 1285 1621 appetit;
1306 1585 1347 1612 sic
1366 1585 1431 1612 sola
1452 1587 1568 1613 terrena
1584 1584 1672 1621 sugit,
1689 1588 1832 1621 tanquam

1050 1635 1215 1660 currentem
1247 1640 1354 1660 navem
1390 1631 1534 1668 impedire
1571 1632 1631 1659 suis
1664 1632 1832 1660 tumoribus

1051 1681 1179 1716 possint,
1203 1682 1234 1707 ut
1254 1679 1295 1706 sic
1317 1679 1346 1706 in
1369 1678 1613 1706 tribulationibus
1632 1679 1722 1715 hujus
1742 1679 1832 1708 maris

1051 1727 1162 1755 sortiter
1186 1726 1331 1762 persistat.
1358 1726 1519 1754 probatum
1541 1727 1583 1753 est
1609 1729 1688 1754 certo
1717 1727 1833 1763 experi-

1052 1776 1166 1809 mento,
1183 1773 1266 1809 quod
1286 1773 1370 1801 navis
1386 1773 1489 1801 fortius
1506 1775 1533 1801 et
1547 1773 1680 1802 velocius
1697 1774 1783 1802 saltat
1803 1774 1834 1802 in

1051 1822 1124 1849 mari
1141 1821 1274 1855 turbato,
1291 1828 1383 1856 quam
1399 1820 1427 1847 in
1443 1820 1518 1848 mari
1534 1820 1634 1856 quieto
1652 1830 1658 1848 :
1675 1821 1746 1857 quia
1765 1821 1834 1857 plus

1051 1869 1142 1897 homo
1165 1868 1194 1895 in
1220 1867 1461 1895 tribulationibus
1486 1867 1617 1903 proiicit,
1643 1875 1734 1903 quam
1759 1867 1832 1896 dum

1052 1915 1222 1943 consolatus
1245 1914 1349 1942 existit.
1372 1916 1444 1942 Nam
1465 1914 1556 1942 arbor
1575 1914 1658 1942 nucis
1680 1914 1753 1942 dum
1773 1914 1833 1942 suis

1052 1962 1196 1990 fructibus
1211 1961 1371 1998 spoliatur,
1387 1963 1500 1997 quanto
1517 1961 1620 1989 fortius
1641 1961 1752 1997 pertica
1768 1969 1833 1990 ver-

1053 2010 1154 2037 berata
1169 2009 1272 2043 tuerit,
1288 2011 1368 2036 tanto
1385 2008 1519 2044 sequenti
1543 2016 1622 2036 anno
1642 2008 1743 2044 plures
1758 2008 1834 2036 sruc-

1053 2061 1097 2085 tus
1124 2057 1253 2085 adducit.
1280 2055 1407 2090 Quidam
1436 2058 1535 2082 autem
1565 2055 1690 2082 nimium
1716 2055 1833 2083 delicati

1053 2107 1137 2138 sunt,
1155 2103 1266 2131 similes
1289 2103 1390 2136 oliv-¹12,
1416 2110 1482 2138 quae
1506 2102 1535 2129 in
1557 2101 1731 2130 collectione
1755 2101 1834 2130 fruc-

1055 2154 1136 2179 tuum
1153 2158 1212 2179 non
1229 2149 1308 2184 vult,
1324 2152 1355 2177 ut
1374 2157 1449 2183 nux,
1472 2149 1641 2183 verberari5
1665 2149 1718 2177 sed
1742 2157 1833 2177 manu

1053 2198 1116 2225 vult
1132 2198 1242 2225 fructus
1257 2204 1326 2225 suos
1342 2196 1445 2224 leviter
1462 2195 1563 2231 colligi
1581 2205 1587 2223 :
1611 2203 1703 2231 quam
1727 2197 1750 2224 si
1770 2204 1835 2224 ver-

1055 2245 1152 2273 berari
1175 2244 1314 2280 emporis,
1341 2243 1387 2271 vel
1413 2243 1528 2277 seceris,
1554 2243 1688 2279 sequenti
1713 2251 1792 2272 anno
1817 2252 1836 2272 a

1054 2293 1150 2320 fructu
1171 2294 1272 2319 cessat.
1293 2292 1339 2318 Est
1359 2298 1442 2325 ergo,
1456 2293 1486 2317 ut
1502 2290 1659 2326 Apostolus
1674 2290 1773 2325 dicit’,
1787 2299 1837 2319 ne-

1055 2339 1180 2367 cessaria
1197 2338 1352 2374 patientia,
1371 2340 1398 2364 et
1413 2337 1552 2373 exemplo
1575 2337 1690 2365 Domini
1706 2340 1837 2366 contem-

1055 2386 1155 2414 nenda
1170 2385 1267 2413 omnis
1283 2384 1379 2419 gloria
1393 2384 1510 2418 mundi,
1528 2386 1554 2411 et
1569 2384 1732 2419 ignominia
1747 2392 1837 2420 appe-

1057 2433 1155 2462 tenda.
1173 2433 1253 2460 t'nde
1267 2432 1372 2459 (licitur
1388 2434 1392 2446 ¹
1407 2441 1412 2458 ε
1429 2442 1442 2455 «ι
1460 2433 1644 2467 Deponentes
1659 2439 1748 2459 omne
1763 2440 1836 2468 pon-

1057 2481 1128 2515 dus,
1145 2482 1172 2508 et
1188 2480 1380 2507 circumstans
1395 2481 1548 2514 peccatum
1559 2500 1566 2512 ‚
1592 2486 1645 2514 per
1663 2479 1836 2514 patientiam

1058 2535 1211 2555 curramus
1227 2527 1265 2554 ad
1281 2527 1466 2562 propositum
1482 2525 1569 2553 nobis
1584 2528 1743 2560 certamen,
1759 2526 1835 2561 aspi-

1058 2576 1166 2603 cientes
1182 2575 1209 2601 in
1223 2577 1373 2601 auctorem
1388 2573 1456 2600 tidei
1469 2574 1774 2600 etconsummatorem
1784 2573 1837 2600 Do-

1058 2622 1188 2655 minum,
1213 2621 1264 2656 qui
1289 2620 1443 2656 proposito
1468 2619 1524 2646 sibi
1548 2618 1679 2653 gaudio,
1701 2619 1837 2648 sustinuit

1058 2678 1191 2702 cruceni,
1217 2668 1389 2696 confusione
1414 2669 1592 2702 contempta.
1607 2678 1619 2692 »ι
1636 2669 1730 2703 Turpe
1750 2671 1792 2695 est
1806 2670 1837 2696 ut

1058 2717 1143 2745 miles
1159 2716 1196 2744 de
1220 2715 1300 2743 bello
1321 2718 1402 2743 exeat
1425 2722 1530 2748 sanus,
1546 2714 1570 2741 si
1593 2721 1644 2742 rex
1665 2714 1837 2742 vulneratus

1059 2763 1186 2798 incedit,
1202 2766 1230 2792 et
1245 2763 1373 2792 maxime
1389 2762 1412 2789 si
1427 2769 1482 2797 pro
1504 2760 1595 2789 milite
1619 2761 1734 2790 bellum
1757 2764 1836 2798 agat.

1872 1261 1952 1282 Exem-

1876 2062 1955 2082 Exem-

1848 2093 1918 2119 plum.
