2029 3052
169 277 228 308 302

167 344 295 384 temptu
308 341 434 381 mundi,
450 342 490 374 de
507 340 722 381 abnegatione
744 340 881 381 propriae
895 349 953 373 vo-

169 395 316 435 luntatis,
342 395 548 437 corporisque
570 394 783 434 castigatione
805 403 951 435 pronun-

169 450 268 489 tians,
286 450 482 491 propositum
495 457 592 480 suum
607 448 647 479 de
662 448 815 480 mittendo
831 448 902 480 illos
917 449 951 479 in

169 506 312 545 quatuor
324 506 430 545 partes
443 503 531 534 orbis
545 502 684 543 aperuit.
699 501 770 534 Jam
786 502 873 534 enim
888 505 951 534 ste-

169 559 238 591 rilis
254 561 286 591 et
306 558 501 599 paupercula
523 557 707 598 simplicitas
720 558 828 604 *sancti
852 558 952 598 patris

169 615 337 655 pepererat
352 614 474 653 septem
490 611 584 651 filios,
606 613 638 643 et
659 611 858 643 desiderabat
875 612 950 644 uni-

170 667 356 699 versitatem
369 665 525 705 fidelium,
542 665 581 697 ad
597 665 793 706 poenitentiae
811 665 952 697 lamenta

170 723 330 758 vocatam,
347 720 469 752 Christo
483 720 618 752 Domino
633 720 801 760 parturire.
829 719 884 759 lte,
899 720 949 751 in-

170 775 242 816 quit
256 775 359 806 dulcis
373 777 464 814 pater
478 774 517 806 ad
532 774 615 805 filios
629 783 636 805 ε
652 774 880 805 annuntiantes
891 774 949 806 ho-

170 829 316 860 minibus
337 838 464 870 pacem,
490 828 661 869 praedicate
682 828 904 868 poenitentiam
918 828 952 859 in

169 883 392 915 remissionem
407 885 622 924 peccatorum.
641 881 747 913 Estote
767 882 800 913 iu
815 882 951 914 tribula-

170 937 313 969 tionibus
327 937 494 978 patientes,
513 937 545 967 in
563 936 761 968 orationibus
776 936 905 976 vigiles,
918 936 952 968 in

169 992 334 1023 laboribus
348 991 482 1030 strenui,
498 991 531 1022 in
542 990 745 1022 sermonibus
760 990 905 1028 modesti,
919 991 951 1022 in

170 1046 315 1077 moribus
331 1054 459 1085 graves),
477 1046 508 1076 et
523 1044 555 1075 in
570 1044 732 1076 beneficiis
749 1044 833 1084 grati
851 1055 857 1074 :
877 1044 953 1085 quia

170 1108 228 1140 pro
243 1099 293 1130 his
309 1099 462 1131 omnibus
476 1107 618 1138 regnum
640 1097 732 1129 vobis
751 1099 953 1138 praeparatur

171 1155 340 1184 aeternum.
360 1152 400 1184 At
416 1152 459 1183 illi
477 1160 582 1182 coram
606 1160 700 1183 servo
718 1151 771 1182 Dei
786 1151 954 1182 humiliter

171 1215 205 1238 se
218 1208 454 1247 prosternentes
470 1205 503 1236 in
519 1207 650 1242 terram,
667 1214 741 1236 cum
761 1205 882 1244 gaudio
891 1205 953 1246 spi-

171 1261 252 1291 ritus
266 1260 482 1300 suscipiebant
505 1259 694 1290 obedientiae
720 1262 838 1290 sanctae
861 1269 953 1290 man-

171 1314 294 1346 datum.
313 1313 382 1354 lpse
403 1322 480 1344 vero
495 1313 616 1344 dicebat
634 1313 808 1353 unicuique
827 1313 950 1353 sigilla-

172 1369 229 1400 tim
244 1377 251 1399 :
264 1369 355 1400 ,lacta
365 1368 643 1408 coyilatumtuum
655 1367 836 1399 z'nDomz'no
854 1368 907 1406 (a),
925 1371 953 1399 el

174 1422 242 1462 ipse
257 1425 286 1454 te
301 1423 442 1454 enutriet
464 1422 484 1451 ¹.
511 1421 575 1452 lloc
597 1421 731 1452 verbum
749 1421 853 1452 dicere
867 1421 952 1463 ‘soli-

174 1478 224 1506 tus
238 1477 316 1513 erat,
333 1476 596 1515 quotiescumque
613 1475 742 1506 fratrem
757 1475 896 1515 aliquem
914 1475 953 1505 ad

173 1529 385 1560 obedientiam
407 1529 578 1569 dirigebat.
603 1529 692 1560 'l'unc
707 1532 737 1560 et
760 1529 827 1569 ipse
852 1530 954 1560 sciens

173 1594 206 1615 se
222 1584 332 1615 datum
350 1584 420 1615 aliis
442 1584 472 1614 in
492 1583 689 1624 exemplum,
711 1585 747 1614 ut
767 1583 856 1623 prius
877 1584 954 1615 sace·

174 1641 222 1669 ret
237 1648 335 1679 quam
350 1639 487 1676 doceret,
499 1648 572 1669 cum
586 1647 650 1669 uno
666 1638 825 1668 sociorum
840 1647 954 1669 versus

175 1701 273 1722 unam
294 1692 380 1722 orbis
403 1694 524 1731 partem
546 1691 700 1731 perrexit,
724 1691 855 1731 reliquis
880 1701 952 1729 sex,

174 1745 213 1776 ad
230 1746 359 1776 modum
377 1745 490 1781 crucis,
512 1745 613 1775 trihus
631 1745 701 1775 aliis
726 1745 837 1776 mnndi
855 1745 952 1785 parti-

175 1799 236 1830 bus
261 1799 429 1839 deputatis.
463 1798 584 1830 Modico
607 1801 715 1829 autem
744 1798 850 1839 elapso
885 1801 955 1839 post

176 1855 329 1893 tempore,
347 1853 510 1892 benignus
523 1855 612 1892 puter
628 1852 734 1883 charze
748 1852 844 1892 prolis
859 1862 955 1893 exop-

176 1909 247 1938 tans
263 1907 478 1947 przesentiam,
497 1917 571 1937 cnm
588 1907 618 1937 in
643 1916 745 1937 unum
767 1916 820 1937 cos
846 1916 901 1946 per
922 1917 955 1937 se

176 1970 352 1992 convocare
375 1970 439 1991 non
463 1963 578 2001 posset,
596 1970 652 2000 per
666 1969 740 1991 eum
760 1960 870 1991 orabat
897 1961 955 1992 hoc

177 2015 268 2051 lieri,
294 2015 348 2054 qui
377 2014 590 2054 dispersiones
616 2017 793 2054 congregat
820 2015 954 2045 israelis.

178 2068 292 2108 sieque
309 2068 426 2099 factum
441 2071 498 2106 est,
516 2072 551 2099 ut
566 2069 687 2108 absque
704 2069 846 2099 hnmana
863 2078 954 2099 voea-

178 2122 282 2157 tione,
309 2131 421 2152 omnes
445 2131 484 2152 ex
511 2123 670 2162 insperato
701 2125 769 2162 post
796 2123 957 2153 modicum

178 2175 330 2215 temporis
342 2176 435 2214 juxta
452 2177 521 2215 eJ'ns
538 2175 743 2212 desiderium,
760 2176 869 2207 divina
881 2186 955 2216 ope-

179 2231 270 2259 rante
285 2228 463 2267 elenu-ntia,
485 2238 550 2259 non
573 2229 641 2259 sine
663 2229 805 2269 ipsorum
819 2230 956 2261 admira-

182 2283 266 2313 tione
282 2283 399 2322 pariter
421 2283 640 2313 convenirent.
660 2282 723 2313 lllis
744 2293 871 2323 quoque
891 2284 956 2315 ‹lic—

182 2337 257 2374 bus,
285 2338 424 2376 quatuor
451 2336 508 2365 sihi
539 2336 777 2367 adhwrentibus
800 2337 877 2367 viris
899 2338 958 2369 ho-

182 2390 289 2427 nesus,
307 2389 346 2420 ad
361 2388 594 2420 duodenarium
618 2399 792 2420 munerum
808 2400 960 2422 excreve-

183 2446 269 2474 runt.

223 2498 361 2528 Cernens
381 2499 488 2527 autem
509 2495 648 2526 famulus
669 2497 782 2527 Christi
806 2497 958 2537 paulatim

182 2561 360 2583 accrescere
379 2559 552 2581 nnmerum
578 2550 730 2588 fratrum,
756 2552 880 2591 scripsit
900 2553 961 2582 sihi

182 2610 211 2638 et
228 2606 379 2637 fratribus
401 2606 467 2636 suis
490 2604 690 2644 simplicibus
711 2605 817 2635 verbis
839 2606 959 2637 sormu-

183 2661 246 2692 lam
274 2661 360 2699 vitae,
388 2660 419 2690 in
446 2668 519 2699 qua,
543 2659 641 2689 sancti
663 2658 828 2698 Evangelii
853 2660 960 2691 obser-

215 2743 220 2757 ¹
238 2741 305 2766 I'sal.
323 2747 374 2771 Liv,
391 2743 429 2764 213.
445 2754 475 2758 —
491 2740 498 2753 ²
519 2740 574 2764 vid.
590 2740 690 2764 Praetnt.
711 2739 763 2769 huj.
781 2741 854 2770 tomi,
870 2742 883 2771 ς’
903 2748 960 2771 ΜΗ,

183 2785 207 2802 u.
224 2780 247 2806 8,
264 2777 441 2800 Ammattha-rto
456 2779 478 2800 13.

737 271 924 304 LEGENDA
946 272 980 305 S.
1001 272 1221 307 FRANCISCI.

1007 342 1118 374 vantia
1141 351 1200 384 pro
1222 343 1434 375 fundamento
1457 343 1672 376 indissolubili
1693 343 1786 378 collo·

1006 397 1087 435 cata,
1109 405 1211 438 pauca
1232 397 1382 438 quaedam
1403 397 1466 429 alia
1488 397 1634 438 inseruit,
1650 407 1726 440 quae
1745 398 1787 430 ad

1006 449 1202 482 uniformem
1213 451 1343 483 vivendi
1359 452 1491 483 modum
1503 452 1683 484 necessaria
1696 451 1787 484 vide-

1006 503 1137 537 bantur.
1150 503 1337 536 Desiderans
1351 507 1461 537 autem
1469 514 1526 546 per
1533 515 1700 538 summum
1710 505 1788 538 Pon-

1005 557 1124 589 tificem
1139 558 1311 598 approbari
1333 567 1409 599 quae
1429 559 1607 600 scripserat,
1631 559 1788 601 disposuit

1006 620 1081 642 cum
1095 611 1150 643 illo
1173 611 1368 657 simplicium
1385 615 1469 644 coetu
1486 613 1677 654 Apostolicae
1696 613 1787 646 Sedis

1006 665 1094 697 adire
1122 666 1343 706 praesentiam,
1369 666 1408 698 de
1431 666 1500 698 sola
1523 667 1663 699 confisus
1683 667 1786 700 direc-

1006 719 1093 750 tione
1107 719 1229 751 divina.
1246 719 1346 760 Cujus
1360 720 1553 753 desiderium
1569 720 1653 753 Deus
1666 731 1708 754 ex
1721 722 1786 754 alto

1006 773 1194 814 respiciens,
1218 774 1380 806 sociorum
1406 775 1549 814 animos,
1579 776 1788 817 simplicitatis

1006 837 1075 859 suae
1090 828 1341 860 consideratione
1357 830 1552 870 perterritos,
1576 833 1703 862 ostensa
1716 831 1788 862 viro

1006 880 1062 912 Dei
1073 881 1196 914 visione
1210 882 1409 923 huiusmodi,
1432 884 1633 916 confortavit.
1657 883 1788 916 Videba-

1007 937 1060 967 tur
1078 936 1238 977 siquidem
1258 937 1299 976 ei,
1323 937 1410 978 quod
1431 947 1488 979 per
1504 938 1679 979 quamdam
1700 938 1789 970 viam

1007 989 1176 1028 incederet,
1189 992 1285 1031 Juxta
1308 1000 1407 1032 quam
1421 992 1525 1023 stabat
1547 992 1644 1024 arbor
1659 992 1789 1024 celsitu-

1006 1044 1092 1075 dinis
1106 1053 1249 1085 magnae.
1265 1045 1314 1076 Ad
1330 1054 1429 1086 quam
1443 1054 1518 1077 cum
1531 1047 1788 1087 appropinquas-

1007 1099 1064 1135 set,
1081 1099 1112 1129 et
1125 1099 1186 1129 sub
1201 1108 1239 1130 ea
1253 1101 1340 1130 stans
1356 1099 1457 1140 ipsius
1472 1099 1675 1132 altitudinem
1692 1100 1791 1131 mira-

1007 1154 1107 1190 retur,
1125 1152 1232 1183 subito
1252 1154 1376 1184 tantum
1394 1153 1504 1185 divina
1521 1153 1639 1185 virtute
1662 1153 1789 1185 levaba-

1008 1205 1107 1236 turin
1121 1205 1234 1245 altum,
1254 1209 1288 1238 ut
1303 1215 1455 1238 cacumen
1472 1207 1673 1247 contingeret
1695 1207 1790 1239 arbo-

1008 1259 1071 1298 ris,
1094 1260 1228 1300 ejusque
1253 1269 1382 1291 summa
1407 1260 1554 1292 facillime
1577 1264 1726 1293 curvaret
1751 1262 1791 1293 ad

1008 1314 1084 1344 ima.
1103 1313 1207 1353 lluJus
1220 1314 1352 1345 visionis
1368 1315 1566 1355 praesagium
1580 1315 1630 1346 vir
1646 1315 1708 1347 Deo
1721 1316 1789 1356 ple-

1009 1377 1069 1398 nus
1092 1367 1275 1407 intelligens
1297 1368 1404 1398 referri
1429 1368 1469 1399 ad
1491 1368 1789 1400 condescensionem

1010 1421 1200 1462 Apostolicae
1224 1421 1414 1461 Dignitaiis‚
1441 1421 1639 1454 exhilaratus
1662 1425 1709 1454 est
1731 1423 1791 1464 spi-

1009 1476 1085 1514 ritu,
1101 1476 1315 1516 fratribusque
1336 1476 1405 1507 suis
1424 1476 1457 1506 in
1482 1476 1614 1507 Domino
1638 1477 1792 1508 conforta—

1010 1530 1060 1567 tis,
1079 1530 1140 1560 iter
1154 1530 1288 1561 cumeis
1308 1539 1483 1570 aggressus
1498 1532 1555 1561 est.
1578 1529 1657 1561 Cum
1681 1533 1790 1561 autem

1009 1584 1048 1615 ad
1066 1583 1241 1615 Romanam
1265 1585 1388 1615 curiam
1410 1584 1617 1624 pervenisset,
1639 1587 1670 1615 et
1693 1584 1792 1615 addu-

1009 1640 1217 1669 cerctnrante
1233 1640 1436 1678 conspectum
1452 1638 1577 1669 Summi
1596 1638 1756 1669 Pontificis
1769 1639 1790 1677 ²,

1013 1692 1167 1732 (essetque
1184 1692 1298 1722 Christi
1321 1691 1464 1722 Viearius
1484 1692 1516 1722 in
1537 1692 1653 1732 palatio
1668 1692 1792 1723 Latera-

1010 1746 1112 1783 nensi,
1131 1746 1164 1776 in
1179 1745 1258 1783 loeo,
1277 1746 1331 1785 qui
1349 1745 1464 1777 dicitur
1479 1746 1789 1786 Speculum,deam-

1011 1799 1136 1837 bulans,
1149 1799 1223 1830 altis
1235 1801 1407 1839 occupatus
1419 1799 1691 1839 meditationibus,
1707 1800 1792 1832 Chri-

1011 1853 1050 1883 sti
1067 1853 1236 1891 samulum,
1254 1855 1408 1893 tanquam
1429 1854 1593 1893 ignotum,
1616 1854 1732 1894 repulit
1746 1854 1794 1885 in-

1012 1907 1197 1946 dignanter.
1231 1907 1300 1944 Quo
1333 1907 1499 1938 humiliter
1532 1907 1616 1938 foras
1645 1917 1792 1947 egresso,

1012 1961 1157 2000 sequenti
1174 1964 1264 1992 nocte
1281 1961 1465 2000 huJusmodi
1487 1961 1639 1992 revelatio
1654 1961 1733 1992 sacta
1747 1963 1795 1992 est

1013 2023 1031 2044 a
1047 2015 1110 2044 Deo
1130 2014 1190 2054 ipsi
1213 2014 1349 2045 Summo
1366 2014 1522 2046 l’ontitici.
1549 2014 1682 2046 Videbat
1705 2025 1792 2046 nam-

1013 2078 1076 2108 que
1092 2068 1174 2098 inter
1191 2068 1284 2108 pedes
1299 2078 1374 2099 suos
1397 2068 1536 2108 palmam
1552 2069 1704 2109 paulatim
1720 2079 1791 2100 suc-

1014 2131 1164 2159 crescere,
1182 2124 1213 2152 et
1233 2122 1265 2152 in
1288 2122 1434 2153 arborem
1461 2122 1711 2162 pulcherrimam
1734 2123 1794 2154 ele-

1016 2176 1095 2207 vari.
1114 2176 1151 2207 Et
1174 2185 1211 2206 eo
1233 2176 1380 2214 mirante,
1408 2177 1483 2216 quid
1507 2177 1577 2208 haec
1598 2177 1679 2208 visio
1701 2177 1795 2208 vellet

1015 2229 1190 2267 ostendere,
1207 2229 1315 2260 divina
1330 2229 1387 2260 lux
1402 2230 1563 2270 impressit
1576 2231 1674 2261 menti
1696 2230 1796 2271 ipsius

1016 2284 1131 2314 Christi
1152 2283 1275 2321 Vicarii,
1292 2284 1377 2323 quod
1399 2284 1468 2315 haec
1483 2284 1588 2324 palma
1604 2284 1692 2315 illum
1715 2294 1794 2325 pau-

1017 2346 1137 2378 perem,
1161 2346 1258 2377 quem
1278 2337 1311 2367 iu
1336 2337 1527 2377 praecedenti
1549 2338 1599 2369 die
1623 2338 1793 2379 repulerat,

1016 2392 1218 2431 designabat.
1237 2391 1273 2422 Et
1290 2401 1382 2423 mane
1397 2392 1543 2433 sequenti
1562 2393 1726 2423 mandavit
1741 2401 1796 2432 per

1017 2456 1091 2477 suos
1115 2447 1250 2477 tinnulos
1271 2456 1325 2487 per
1347 2447 1460 2477 urbem
1480 2447 1600 2477 dictum
1623 2456 1795 2487 pauperem

1017 2500 1130 2540 quceri.
1149 2500 1249 2537 Quem
1266 2500 1433 2531 inventum
1445 2502 1540 2540 juxta
1554 2500 1747 2531 Lateranum
1763 2500 1794 2529 in

1018 2554 1166 2594 hospitali
1181 2554 1212 2585 S.
1231 2555 1372 2591 Antonii,
1389 2558 1461 2586 ante
1477 2557 1680 2595 conspectum
1696 2563 1793 2585 suum

1018 2608 1161 2639 celeriter
1172 2609 1270 2648 jussit
1285 2609 1422 2648 adduci.)
1440 2609 1582 2649 Cumque
1596 2608 1796 2639 introductus

1018 2665 1099 2693 esset
1130 2665 1202 2693 ante
1234 2666 1438 2703 conspectum
1463 2662 1589 2694 Summi
1615 2663 1793 2701 l‘ontiticis,

1018 2717 1167 2756 exposuit
1177 2726 1272 2748 suum
1286 2717 1496 2757 propositum,
1511 2718 1621 2757 petens
1632 2716 1796 2748 humiliter

1052 2780 1084 2809 (a)
1103 2779 1176 2809 Yutg.
1193 2786 1266 2810 snper
1283 2779 1414 2803 Donn'num
1430 2786 1516 2803 curam
1533 2781 1611 2803 tuam,
