2029 3052
877 236 1006 270 CAPUT
1027 238 1108 271 XIII.

188 304 408 338 infirmitatem
421 306 534 339 Chr1sti
548 306 687 338 famulus
706 315 762 347 per
778 307 881 346 partes
895 305 964 336 illas

188 360 358 392 transitum
373 360 546 400 habuisset,
568 360 703 400 contigit
724 359 831 391 reduci
846 359 965 390 animal

187 423 244 454 per
259 415 380 454 villam,
398 415 431 446 in
444 424 507 455 qua
526 415 641 446 mulier
661 414 880 455 torquebatur.
905 413 965 444 Ho-

189 468 291 500 mines
304 477 382 500 vero
399 468 469 507 loci,
492 468 562 500 viso
576 478 669 509 equo,
694 468 745 499 cui
762 468 813 498 vir
838 469 965 498 sanctus

187 521 358 561 insederat,
376 524 584 553 extraxerunt
600 522 746 561 fraenum,
765 523 966 562 utsuperpo-

188 577 302 607 nerent
315 575 441 607 mulieri
458 585 465 607 :
483 576 522 607 ad
537 578 630 616 cujus
651 578 832 608 contactum
848 575 965 606 mirifi-

189 637 262 660 cum
278 630 366 661 omni
378 632 501 662 remoto
516 630 668 670 periculo,
684 629 801 661 mulier
811 628 894 660 illico
908 637 965 669 pe-

188 682 271 722 perit
282 692 355 714 cum
371 684 483 716 salute.

229 736 286 768 Vir
304 737 447 777 quidam.
457 737 495 769 de
516 736 624 768 Castro
649 737 770 775 Plebis,
795 736 966 776 religiosus

189 799 226 820 ac
247 790 363 821 timens
392 790 491 822 Deum
501 814 509 828 ‚
537 790 689 822 chordam
714 790 797 830 apud
823 799 855 820 se
866 814 876 828 ,
902 799 968 830 qua

188 842 309 874 cinctus
322 843 425 874 fuerat
446 845 573 874 sanctus
586 845 687 884 pater,
706 843 856 874 habebat.
873 842 966 874 Cum-

187 905 250 937 que
265 897 438 928 multitudo
453 897 598 928 virorum
613 906 649 928 ac
668 897 844 928 mulierum
864 897 896 927 in
912 906 966 927 ca-

187 952 253 981 stro
268 950 322 981 illo
338 950 435 982 variis
454 951 695 982 infirmitatibus
715 951 885 989 laboraret,
902 950 968 981 ibat

187 1013 244 1044 per
258 1004 492 1035 infirmantium
508 1005 630 1043 domos,
655 1007 685 1035 et
701 1004 835 1035 intincta
850 1004 968 1035 chorda

188 1057 222 1088 in
237 1067 321 1098 aqua
338 1058 432 1089 dabat
447 1058 556 1089 bibere
570 1058 776 1099 patientibuS,
792 1058 901 1098 sicque
913 1067 969 1098 per

188 1111 275 1142 hunc
290 1112 423 1143 modum
434 1112 567 1152 plurimi
583 1112 790 1143 sanabantur.
807 1111 865 1142 Sed
886 1113 917 1142 et
932 1112 969 1142 de

189 1165 327 1205 panibus
339 1175 358 1196 a
370 1166 439 1197 viro
452 1166 505 1197 Dei
519 1166 671 1197 contactis
683 1167 852 1205 gustantes
866 1173 971 1204 aegro-

189 1218 224 1257 ti,
241 1219 350 1250 divina
366 1222 517 1260 operante
540 1222 668 1258 virtute,
694 1220 970 1260 consequebantur

190 1271 333 1303 celeriter
343 1273 484 1304 remedia
498 1274 682 1304 sanitatum.
700 1273 778 1304 Cum
796 1273 846 1303 his
861 1274 891 1304 et
901 1272 970 1303 aliis

191 1326 300 1357 multis
316 1327 546 1358 miraculorum
560 1327 717 1367 prodigiis
732 1336 837 1366 praeco
856 1326 971 1357 Christi

192 1379 369 1419 praedicans
382 1382 572 1419 coruscaret,
585 1380 808 1411 attendebatur
822 1380 883 1419 his,
897 1389 971 1420 quae

192 1433 380 1465 dicebantur
395 1434 434 1464 ab
450 1443 498 1472 eo,
520 1443 557 1465 ac
581 1434 605 1464 si
626 1434 763 1473 angelus
784 1434 909 1464 Domini
924 1434 971 1464 lo-

193 1488 357 1526 queretur.
374 1487 538 1518 Excellens
552 1497 692 1528 namque
711 1487 743 1518 in
766 1488 834 1527 ipso
850 1497 970 1527 praero-

194 1540 306 1579 gativa
318 1541 487 1579 virtutum,
508 1541 684 1581 prophetiae
700 1541 843 1581 spiritus,
868 1542 972 1572 effica-

193 1595 242 1625 cia
261 1595 502 1634 miraculorum,
524 1595 690 1626 oraculum
710 1595 748 1625 de
770 1595 972 1634 praedicando

193 1648 316 1679 coelitus
331 1649 452 1687 datum,
477 1649 656 1680 obedientia
676 1650 896 1679 creaturarum
918 1658 970 1679 ra-

192 1702 277 1734 tione
291 1704 481 1739 carentium,
505 1703 680 1734 vehemens
700 1703 883 1733 immutatio
901 1712 970 1734 cor-

192 1755 281 1786 dium
297 1756 337 1787 ad
352 1757 525 1788 verborum
539 1757 639 1797 ipsius
660 1756 821 1794 auditum,
836 1756 972 1787 eruditio

192 1811 219 1850 ej
226 1819 262 1840 us
275 1819 294 1840 a
309 1810 430 1850 Spiritu
446 1813 553 1842 sancto
569 1813 685 1851 praeter
700 1811 877 1841 humanam
897 1810 971 1841 doc-

192 1863 322 1902 trinam,
334 1865 527 1904 praedicandi
538 1865 709 1895 auctoritas
718 1874 735 1894 a
748 1864 883 1895 Summo
895 1864 973 1895 Pon-

193 1916 275 1948 tifice
290 1926 355 1948 non
368 1918 434 1948 sine
449 1918 643 1948 revelatione
663 1927 820 1955 concessa,
839 1918 972 1957 insuper

193 1972 224 2000 et
243 1970 378 2010 Regula,
397 1972 429 2002 iu
445 1981 509 2011 qua
524 1972 627 2002 forma
648 1971 841 2011 praedicandi
865 1971 971 2009 expri-

194 2024 304 2062 mitur,
321 2025 361 2055 ab
377 2025 488 2056 eodem
504 2025 618 2056 Christi
632 2024 755 2056 Vicario
771 2025 969 2063 confirmata,

193 2079 312 2109 summi
329 2088 458 2119 quoque
473 2079 569 2119 Regis
585 2078 754 2118 signacula
768 2087 825 2118 per
840 2078 972 2109 modum

193 2132 291 2171 sigilli
307 2133 431 2173 corpori
447 2133 516 2172 ejus
532 2132 697 2172 impressa,
716 2134 868 2171 tanquam
883 2131 972 2162 testi-

194 2185 303 2215 monia
317 2186 437 2224 decem,
450 2186 507 2216 toti
522 2185 638 2216 saeculo
655 2185 871 2215 indubitanter
885 2185 971 2215 affir-

194 2240 293 2277 mant,
321 2239 435 2270 Christi
450 2248 631 2279 praeconem
647 2239 851 2269 Franciscum
871 2241 901 2269 ct
914 2248 970 2270 ve-

194 2293 372 2323 nerandum
388 2293 501 2330 officio,
525 2295 555 2323 et
570 2293 712 2323 doctriua
737 2292 970 2330 authenticum,

194 2348 225 2377 et
240 2345 459 2377 admirabilem
484 2346 658 2382 sanctitate,
681 2355 717 2376 ac
740 2355 797 2385 per
815 2345 876 2376 hoc
900 2348 972 2376 tan-

195 2409 293 2440 quam
304 2408 379 2431 vere
394 2399 447 2429 Dei
465 2399 615 2429 nuntium
629 2398 743 2429 Christi
758 2399 972 2439 Evangelium

194 2453 392 2493 praedicasse.

454 2562 597 2597 CAPUT
622 2562 710 2595 XIII.

404 2646 442 2671 De
467 2643 641 2678 stigmatibus
667 2643 763 2669 sacris.

239 2721 305 2752 Mos
328 2724 396 2753 erat
422 2722 568 2762 angelico
591 2721 660 2752 viro
690 2721 855 2752 Francisco
887 2729 971 2751 nun-

318 2785 392 2806 Tom.
415 2784 482 2806 xiv.

1741 247 1798 278 337

1022 316 1120 347 quam
1134 308 1226 339 otiari
1244 317 1262 339 a
1281 308 1380 347 b0n0;
1401 309 1481 349 quin
1500 310 1607 350 potIus
1622 311 1723 343 instar
1743 322 1798 344 su-

1022 369 1196 400 pernorum
1212 362 1383 402 spirituum
1397 363 1430 394 in
1450 363 1533 394 scala
1552 364 1660 403 Jacob,
1678 368 1798 397 antas-

1022 415 1175 446 cendebat
1190 417 1222 446 in
1232 416 1342 455 Deum,
1358 421 1413 448 aut
1424 417 1633 449 descendebat
1644 419 1681 450 ad
1694 420 1801 460 proxi-

1023 476 1126 499 mum.
1145 469 1225 500 Nam
1242 472 1368 511 tempus
1382 471 1443 501 sibi
1465 481 1652 503 concessum
1673 474 1711 504 ad
1733 483 1799 505 me-

1022 521 1121 552 ritum
1140 522 1281 554 dividere
1305 524 1349 554 sic
1373 525 1546 565 prudenter
1569 526 1738 566 didicerat,
1766 530 1802 558 ut

1022 573 1111 606 aliud
1128 576 1350 615 proximorum
1374 577 1471 617 lucris
1492 578 1657 610 laboriosis
1679 580 1802 620 impen-

1023 628 1122 666 deret,
1139 629 1226 660 aliud
1246 630 1522 671 contemplationis
1543 633 1724 673 tranquillis
1745 643 1802 665 ex-

1023 682 1164 713 cessibus
1176 683 1344 714 dedicaret.
1357 683 1445 715 Unde
1459 693 1533 716 cum
1548 686 1725 718 secundum
1735 687 1802 718 exi-

1025 736 1168 775 gentiam
1184 736 1327 768 locorum
1342 739 1372 768 et
1395 740 1576 778 temporum
1596 740 1709 772 alienae
1726 750 1802 772 con-

1023 789 1234 821 descendisset
1250 792 1459 831 procuraudae
1476 792 1581 830 saluti,
1598 793 1801 834 inquietatio-

1025 843 1120 875 nibus
1134 844 1290 876 derelictis
1301 846 1481 885 turbarum,
1495 847 1674 878 solitudinis
1685 850 1804 879 secreta

1025 897 1161 936 petebat,
1179 898 1349 939 locumque
1364 900 1491 939 quietis,
1508 910 1573 941 quo
1593 901 1726 933 liberius
1742 902 1804 933 Deo

1025 959 1154 990 vacanS,
1171 954 1365 992 extergeret,
1387 954 1414 984 si
1434 954 1510 994 quid
1532 955 1675 995 pulveris
1689 956 1750 986 sibi
1767 965 1805 987 ex

1025 1006 1266 1037 conversatione
1280 1006 1450 1038 hominum
1460 1009 1656 1040 adhaesisset.
1669 1008 1804 1040 Biennio

1025 1057 1132 1098 itaque
1160 1062 1332 1100 antequam
1360 1061 1509 1101 spiritum
1533 1062 1678 1093 redderet
1704 1063 1783 1094 coelo
1795 1088 1804 1102 ,

1025 1111 1134 1142 divina
1149 1113 1349 1152 providentia
1364 1114 1455 1153 duce,
1470 1117 1542 1155 post
1557 1115 1681 1147 labores
1700 1117 1807 1147 multi-

1027 1165 1137 1196 modos
1148 1167 1319 1206 perductus
1329 1170 1376 1198 est
1387 1169 1418 1199 iu
1433 1169 1539 1200 locum
1551 1170 1713 1201 excelsum
1723 1180 1807 1202 seor-

1027 1226 1111 1257 sum,
1124 1220 1179 1259 qui
1190 1220 1306 1252 dicitur
1321 1230 1412 1252 mons
1423 1222 1584 1254 Alvernae.
1600 1224 1680 1255 Cum
1691 1224 1804 1264 igitur,

1023 1272 1118 1310 juxta
1133 1273 1260 1304 solitum
1280 1284 1415 1315 morem,
1438 1277 1721 1317 quadragesimam
1743 1279 1805 1309 ibi-

1028 1326 1100 1356 dem
1115 1327 1153 1357 ad
1164 1327 1318 1359 honorem
1334 1331 1433 1360 sancti
1447 1331 1632 1370 archangeli
1645 1331 1806 1363 Michaelis

1023 1380 1171 1419 jejunare
1187 1382 1342 1422 coepisset,
1365 1393 1512 1423 supernae
1532 1386 1807 1425 contemplationis

1027 1433 1194 1465 dulcedine
1207 1436 1422 1468 abundantius
1441 1438 1534 1469 solito
1554 1440 1752 1479 superfusus,
1771 1449 1807 1471 ac

1028 1487 1204 1519 coelestium
1228 1489 1459 1522 desideriorum
1484 1493 1656 1524 ardentiori
1677 1494 1808 1524 flamma

1028 1550 1212 1581 succenSUS,
1229 1553 1441 1584 supernarum
1456 1546 1550 1586 coepit
1569 1547 1806 1579 immissionum

1029 1597 1223 1628 cumulatius
1238 1598 1321 1628 dona
1336 1600 1464 1630 sentire.
1486 1600 1659 1632 Ferebatur
1678 1602 1807 1642 quidem

1028 1649 1062 1679 in
1081 1650 1192 1689 altum,
1222 1661 1286 1682 non
1308 1654 1344 1682 ut
1365 1654 1510 1684 curiosus
1534 1655 1708 1694 maiestatis
1733 1665 1805 1696 per-

1028 1706 1184 1734 scrutator
1200 1705 1429 1744 opprimendus
1454 1716 1473 1737 a
1493 1707 1597 1746 gloria
1620 1712 1640 1747 ¹,
1662 1708 1715 1739 sed
1737 1711 1806 1739 tan-

1028 1767 1126 1797 quam
1146 1767 1258 1790 servus
1273 1760 1374 1790 fidelis
1389 1763 1419 1791 et
1441 1761 1582 1801 prudens
1605 1762 1808 1802 investigans

1028 1813 1263 1853 beneplacitum
1284 1814 1348 1853 Dei,
1367 1816 1418 1846 cui
1433 1826 1466 1847 se
1486 1817 1685 1848 conformare
1701 1819 1808 1849 omni-

1028 1866 1121 1896 mode
1137 1876 1265 1898 summo
1282 1869 1467 1909 peroptabat
1480 1870 1603 1901 ardore.
1620 1870 1806 1903 Immissum

1028 1920 1075 1948 est
1086 1918 1189 1957 igitur
1205 1922 1303 1951 menti
1314 1923 1384 1961 ejus
1396 1932 1453 1962 per
1465 1923 1611 1954 divinum
1624 1925 1803 1964 oraculum,

1028 1973 1113 2012 quod
1129 1973 1161 2003 in
1176 1975 1338 2013 apertione
1360 1975 1433 2006 libri
1448 1977 1625 2017 evangelici
1647 1979 1805 2010 revelare-

1028 2028 1081 2056 tur
1096 2026 1123 2056 ei
1141 2036 1161 2057 a
1176 2026 1310 2067 Christo,
1329 2029 1407 2069 quid
1424 2029 1487 2061 Deo
1507 2031 1540 2060 in
1556 2031 1623 2070 ipso
1639 2034 1669 2062 et
1683 2033 1722 2063 de
1739 2033 1806 2072 ipso

1029 2080 1169 2111 maxime
1201 2081 1281 2112 foret
1313 2085 1488 2123 acceptum.
1520 2083 1667 2116 Oratione
1700 2086 1807 2126 itaque

1028 2142 1101 2163 cum
1135 2135 1236 2165 multa
1268 2135 1435 2167 devotione
1465 2138 1648 2177 praemissa,
1680 2149 1806 2171 sacrum

1028 2186 1282 2227 Evangeliorum
1298 2189 1416 2220 librum
1432 2190 1470 2221 de
1485 2191 1576 2221 altari
1592 2195 1758 2232 sumptum
1773 2194 1806 2224 in

1027 2243 1145 2272 sanctae
1167 2241 1328 2272 Trinitatis
1351 2243 1482 2274 nomine
1506 2245 1624 2284 aperiri
1655 2246 1726 2277 fecit
1750 2257 1806 2287 per

1028 2295 1161 2333 socium,
1177 2295 1284 2325 virum
1302 2296 1412 2336 utique
1426 2296 1487 2328 Deo
1503 2297 1653 2329 devotum
1669 2302 1699 2330 et
1715 2309 1806 2331 sanc—

1028 2349 1107 2378 tum.
1126 2348 1208 2378 Saue
1224 2357 1297 2379 cum
1313 2349 1344 2379 in
1359 2349 1442 2381 trina
1459 2350 1531 2381 libri
1548 2353 1710 2392 apertione
1725 2363 1806 2384 sem-

1028 2410 1084 2440 per
1102 2401 1226 2431 Domini
1250 2403 1354 2442 passio
1376 2407 1565 2443 occurreret,
1588 2406 1741 2437 intellexit
1756 2408 1806 2438 vir

1029 2454 1092 2485 Deo
1107 2454 1231 2494 plenus,
1250 2457 1334 2495 quod
1350 2457 1433 2488 sicut
1449 2458 1610 2489 Christum
1627 2460 1806 2491 sueratimi-

1027 2510 1114 2538 tatus
1131 2508 1165 2538 in
1179 2509 1302 2540 actibus
1317 2510 1403 2549 vitae,
1428 2511 1471 2541 sic
1493 2512 1664 2543 conformis
1688 2514 1716 2544 ei
1740 2523 1806 2546 esse

1029 2562 1156 2592 deberet
1170 2562 1203 2592 in
1220 2563 1445 2595 afflictionibus
1460 2567 1490 2595 et
1506 2565 1668 2597 doloribus
1682 2563 1816 2607 passio-¹

1028 2615 1089 2653 nis,
1107 2618 1278 2656 antequam
1298 2626 1338 2648 ex
1354 2618 1413 2648 hoc
1441 2619 1560 2649 mundo
1583 2620 1742 2652 transiret.
1768 2622 1806 2653 Et

1028 2668 1100 2699 licet
1116 2672 1244 2709 propter
1258 2671 1393 2702 multam
1408 2672 1626 2704 austeritatem
1640 2675 1715 2706 vitae
1726 2684 1807 2715 prae-

1060 2732 1067 2747 ¹
1084 2732 1167 2763 Prov„
1184 2738 1243 2762 xxv,
1261 2734 1299 2756 27.

1648 2783 1686 2811 22
