2029 3052
591 232 641 265 DE
663 229 876 264 MIRACULIS
900 229 1024 262 lPSlUS
1048 228 1148 262 POST
1173 228 1351 262 MORTEM.

170 301 256 335 cium
274 302 379 334 laudis
399 310 456 343 pro
477 300 524 333 tui
544 300 667 332 honore
689 298 829 331 nominis
859 307 944 329 sem-

170 365 227 397 per
243 356 376 388 offeram
387 355 520 386 Christo.
534 354 612 386 Mira
626 362 677 385 res
689 354 696 384 1
713 353 753 384 ad
767 352 837 383 haec
847 351 945 383 verba

171 410 312 441 surrexit
325 418 416 450 puer,
428 411 460 440 et
469 409 630 450 planctum
641 407 825 449 prohibens,
838 415 871 437 se
883 415 947 437 mo-

171 461 307 492 rientem
327 461 478 492 eductum
493 460 531 492 de
549 468 698 500 corpore,
715 468 771 499 per
792 458 827 489 B.
846 457 947 489 Fran-

172 515 292 546 ciscum
306 515 478 546 deductum
496 513 631 545 asseruit
645 515 675 544 et
690 512 870 544 reductum.

213 568 384 609 Cujusdam
411 568 500 600 urbis
522 568 630 599 Romae
653 567 768 599 notarii
793 565 947 606 puerulus

172 622 230 654 vix
253 622 413 662 septennis
436 624 572 654 matrem
591 622 632 653 ad
656 620 819 653 ecclesiam
841 618 948 650 Sancti

172 675 269 707 Marci
284 678 412 708 euntem
424 676 537 717 puerili
551 685 639 707 more
649 675 740 715 sequi
751 674 945 712 desiderans,

173 729 252 761 dum
260 739 426 762 remanere
441 730 527 761 dorni
542 729 785 770 compelleretur
800 737 818 759 a
834 729 946 764 matre,

173 791 230 824 per
255 783 426 814 fenestram
449 783 554 823 palatii
576 791 609 814 se
630 782 774 823 projecit,
791 783 820 813 et
835 781 949 812 ultima

174 837 375 877 quassatione
394 836 532 876 collisus,
553 837 705 868 continuo
720 835 879 876 expiravit
895 835 947 875 (a).

173 889 273 921 Mater
287 899 375 929 vero,
393 899 465 931 quae
482 890 625 922 nondum
640 891 738 930 longe
753 889 948 926 discesserat,

175 943 214 974 ad
229 944 370 975 sonitum
380 945 568 983 corruentis,
579 944 792 985 praecipitium
803 943 950 984 pignoris

176 997 335 1038 suspicata
347 1022 355 1036 ,
377 998 522 1030 celeriter
542 998 652 1037 rediit,
675 998 843 1038 filiumque
862 1006 953 1038 repe-

176 1050 262 1081 riens
284 1053 350 1082 tam
366 1051 539 1082 miserabili
560 1061 635 1083 casu
656 1054 785 1092 repente
805 1051 951 1083 subtrae-

176 1106 265 1144 tum,
281 1106 428 1146 protinus
443 1107 500 1137 sibi
522 1106 583 1147 ipsi
605 1116 722 1138 manus
738 1106 846 1146 injecit
860 1105 953 1137 ultri-

177 1168 239 1197 ces,
256 1168 292 1190 ac
305 1159 458 1190 dolorosis
474 1160 667 1191 clamoribus
687 1162 785 1191 totam
804 1159 954 1191 excitavit

177 1212 329 1243 viciniam
345 1214 384 1245 ad
399 1214 585 1245 lamentum.
598 1214 708 1245 Frater
716 1223 792 1246 vero
808 1213 952 1253 quidam,

178 1266 309 1297 nomine
324 1267 429 1306 Raho,
446 1267 485 1298 de
505 1268 615 1298 ordine
638 1267 814 1305 Minorum,
831 1267 907 1297 illuc
923 1275 955 1297 se

179 1320 218 1350 ad
233 1320 470 1360 praedicandum
485 1321 658 1360 conferens,
675 1320 902 1361 propinquavit
917 1319 956 1350 ad

180 1383 317 1413 puerum
328 1398 337 1413 ,
355 1377 386 1405 et
402 1375 463 1406 fide
477 1375 592 1415 plenus
606 1376 649 1406 ait
663 1375 701 1406 ad
718 1378 840 1415 patrem
859 1385 864 1404 :
883 1373 954 1404 Cre-

180 1428 268 1459 disne
290 1430 436 1460 sanctum
458 1429 511 1459 Dei
526 1429 730 1460 Franciscum
747 1437 837 1469 posse
851 1428 955 1458 filium

181 1483 276 1513 tuum
298 1492 316 1513 a
336 1483 473 1514 mortuis
490 1483 642 1514 suscitare
657 1484 786 1524 propter
801 1491 955 1520 amorem,

181 1544 276 1576 quem
292 1545 418 1576 semper
435 1537 473 1568 ad
489 1536 650 1567 Christum
671 1537 782 1567 habuit
804 1545 862 1576 pro
884 1535 955 1566 red--

181 1589 284 1620 denda
298 1590 365 1621 vita
378 1590 563 1621 hominibus
586 1590 799 1622 crucifixum?
815 1589 882 1627 Quo
896 1598 959 1619 res-

181 1643 340 1682 pondente
355 1653 388 1674 se
402 1644 537 1675 firmiter
550 1644 688 1682 credere,
702 1646 732 1675 et
741 1643 875 1674 fideliter
886 1652 959 1674 con-

181 1696 264 1727 fiteri
291 1706 422 1729 servum
442 1699 540 1729 sancti
561 1698 595 1729 in
618 1699 812 1738 perpetuum
836 1706 869 1728 se
893 1706 959 1728 esse

182 1750 339 1790 futurum,
356 1751 383 1781 si
397 1753 524 1782 tantum
540 1761 558 1783 a
574 1751 636 1783 Deo
652 1761 770 1783 munus
789 1761 845 1791 per
860 1751 960 1791 ipsius

183 1804 298 1835 merita
313 1805 453 1845 recipere
465 1807 653 1844 mereretur,
671 1805 843 1846 prostravit
857 1814 890 1835 se
900 1806 960 1835 fra-

185 1859 232 1888 ter
248 1858 298 1888 ille
312 1868 387 1889 cum
403 1859 498 1890 fratre
520 1861 605 1891 socio
622 1861 656 1891 in
677 1860 837 1898 oratione,
863 1861 959 1890 caete-

185 1919 237 1942 ros
247 1935 257 1950 ,
294 1912 349 1952 qui
379 1913 525 1953 aderant,
550 1913 691 1944 excitans
720 1914 759 1945 ad
790 1913 958 1944 orandum.

186 1964 254 2002 Quo
268 1965 359 2005 tacto,
377 1967 469 2007 coepit
478 1976 558 2007 puer
568 1967 802 2007 aliquantulum
815 1967 959 2004 oscitare,

186 2020 218 2049 et
238 2020 354 2058 apertis
375 2020 490 2059 oculiS,
511 2021 715 2061 brachiisque
739 2021 886 2058 elevatis,
913 2029 961 2050 se-

187 2071 295 2111 ipsum
311 2074 420 2111 erexit,
437 2076 467 2104 et
482 2074 587 2105 statim
603 2083 710 2105 coram
725 2074 874 2105 omnibus
893 2083 962 2104 am-

186 2125 311 2158 bulavit
325 2127 506 2166 incolumis,
523 2137 578 2168 per
593 2128 773 2159 mirandam
788 2127 887 2158 sancti
902 2127 964 2159 vir·

188 2179 289 2209 tutem
304 2180 380 2211 vitae
393 2181 488 2211 simul
503 2181 646 2212 redditus
663 2183 693 2212 et
707 2181 812 2212 saluti.

230 2231 401 2264 incivitate
410 2234 536 2274 Capuae,
548 2235 624 2266 dum
636 2244 716 2274 puer
726 2235 856 2275 quidam
867 2244 963 2274 super

189 2285 293 2325 ripam
309 2285 457 2318 Vulturni
470 2288 613 2318 fluminis
627 2298 701 2319 oum
720 2288 866 2328 pluribus
877 2290 964 2329 joca—

190 2341 290 2377 retur,
308 2340 455 2371 incautus
469 2341 579 2372 cecidit
594 2342 627 2372 in
642 2342 848 2382 profundum,
866 2351 964 2382 quem

191 2393 334 2424 fluminis
354 2394 492 2434 impetus
515 2395 658 2426 celeriter
677 2404 809 2434 vorans,
832 2396 893 2426 sub
914 2405 963 2426 sa-

190 2447 266 2478 bulo
300 2450 465 2479 mortuum
498 2449 649 2488 sepelivit.
690 2449 965 2480 Proclamantibus

191 2502 298 2531 autem
314 2502 433 2541 pueris,
449 2501 504 2541 qui
519 2511 592 2533 cum
611 2511 647 2533 eo
657 2502 798 2533 luserant
813 2504 895 2534 circa
909 2504 966 2534 ssu-

192 2562 266 2584 men
279 2578 286 2592 ‚
310 2555 466 2595 populosa
500 2555 574 2586 illuc
605 2556 776 2587 multitudo
805 2558 964 2588 convenit.

193 2607 335 2648 Cumque
349 2610 518 2641 universus
530 2610 664 2650 populus
680 2610 863 2650 suppliciter
873 2613 904 2641 et
917 2611 967 2642 de-

193 2664 266 2692 vote
280 2663 362 2694 beati
379 2663 537 2694 Francisci
552 2664 665 2695 merita
677 2664 851 2702 invocaret,
867 2666 903 2695 ut
918 2665 968 2695 de-

226 2723 259 2754 (a)
278 2724 338 2749 Caet.
353 2725 416 2750 edit.
432 2726 545 2757 spiravit,

1722 231 1780 261 349

1001 300 1151 330 votorum
1167 298 1226 330 sibi
1239 299 1409 339 parentum
1419 296 1515 328 fidem
1527 295 1694 337 aspiciens,
1711 305 1782 336 pro-

1000 351 1063 382 lem
1087 362 1106 383 a
1127 352 1240 383 mortis
1261 351 1402 392 periculo
1429 350 1618 390 dignaretur
1641 349 1775 390 eripere,

1001 407 1127 436 natator
1148 406 1277 445 quidam
1301 404 1412 446 procul
1439 406 1566 441 astans,
1589 403 1784 434 clamoribus

1002 459 1128 497 auditis,
1146 460 1288 490 accessit.
1306 459 1344 490 Et
1353 458 1590 500 postdiutinam
1605 457 1783 498 inquisitio-

1002 521 1094 550 nem,
1114 512 1260 544 invocato
1284 513 1412 544 tandem
1426 512 1511 543 beati
1529 511 1551 543 F
1554 511 1687 542 rancisci
1703 511 1783 541 sub-

1002 566 1093 604 sidio,
1110 566 1216 597 locum
1238 566 1376 605 invenit,
1402 566 1435 597 in
1461 575 1524 606 quo
1547 565 1644 597 limus
1658 565 1692 596 in
1715 574 1783 596 mo-

1003 619 1081 651 dum
1117 620 1278 660 sepulchri
1315 620 1406 660 pueri
1441 619 1576 651 cadaver
1605 619 1784 650 obtexerat.

1004 673 1105 711 Quem
1128 673 1300 711 effodiens,
1323 677 1354 704 et
1367 675 1459 704 extra
1473 673 1655 713 deportans,
1672 672 1783 703 dolens

1004 727 1189 759 defunctum
1199 727 1350 767 inspexit.
1360 727 1446 758 Licet
1454 728 1560 758 autem
1570 726 1717 767 populus,
1727 725 1784 766 qui

1004 781 1138 819 astabat,
1156 781 1278 812 videret
1288 781 1446 820 juvenem
1462 781 1628 810 mortuum
1640 803 1649 817 ,
1670 779 1785 810 nihilo-

1005 835 1114 866 minus
1123 837 1240 874 tamen,
1254 835 1335 866 ssens
1350 836 1381 865 et
1398 834 1533 874 ejdlans,
1551 833 1782 873 proclamabat:

1006 889 1119 920 Sancte
1143 889 1324 927 Francisce,
1341 888 1438 919 redde
1460 896 1600 928 puerum
1615 886 1697 927 patri
1712 895 1782 917 suo.

1006 942 1067 974 Sed
1081 945 1113 974 et
1128 943 1144 975 J
1149 943 1243 982 udaei,
1260 942 1316 983 qui
1332 943 1498 980 venerant,
1517 940 1656 972 naturali
1671 940 1788 980 pietate

1007 997 1158 1028 commoti
1177 1021 1187 1035 ,
1223 997 1369 1028 dicebant
1401 1006 1408 1026 :
1441 995 1554 1026 Sancte
1592 994 1758 1025 Francisce
1779 1017 1787 1031 ,

1007 1051 1102 1082 redde
1123 1060 1259 1092 puerum
1280 1051 1362 1091 patri
1384 1059 1454 1081 suo.
1481 1049 1593 1081 Subito
1616 1058 1715 1089 puer,
1731 1049 1790 1079 lae-

1008 1105 1150 1136 tantibus
1167 1110 1197 1136 et
1212 1105 1403 1135 mirantibus
1418 1103 1549 1142 eunctis,
1563 1111 1729 1142 exurgens
1746 1102 1792 1132 in-

1009 1159 1163 1197 columis,
1185 1159 1257 1189 duci
1281 1168 1313 1189 se
1338 1158 1379 1189 ad
1401 1157 1565 1188 ecclesiam
1586 1156 1670 1187 beati
1690 1155 1792 1187 Fran-

1009 1212 1082 1243 cisci
1099 1212 1283 1252 suppliciter
1299 1211 1488 1252 postulavit,
1501 1212 1536 1241 ut
1546 1209 1667 1249 gratias
1677 1209 1722 1240 illi
1738 1209 1790 1240 de-

1009 1268 1104 1298 votus
1120 1266 1318 1304 exsolveret,
1345 1267 1438 1305 cujus
1460 1274 1493 1296 se
1518 1267 1654 1296 noverat
1675 1265 1794 1297 virtute

1011 1320 1203 1350 mirabiliter
1217 1321 1418 1351 suscitatum.

1052 1374 1088 1404 In
1101 1374 1228 1405 civitate
1247 1373 1373 1413 Suessa,
1394 1374 1428 1404 in
1442 1373 1524 1412 vico,
1540 1373 1596 1413 qui
1614 1372 1652 1404 ad
1664 1372 1792 1403 Colum-

1012 1437 1070 1458 nas
1093 1428 1219 1466 dicitur,
1242 1430 1371 1468 repente
1394 1428 1542 1468 quaedam
1566 1436 1717 1458 corruens
1736 1427 1793 1457 do-

1014 1491 1086 1512 mus
1113 1491 1217 1512 unum
1244 1481 1409 1512 absorbuit
1431 1483 1599 1522 Juvenem,
1630 1483 1661 1512 et
1689 1480 1796 1512 subito

1014 1535 1186 1566 interemit.
1211 1535 1279 1566 Viri
1303 1539 1412 1566 autem
1436 1538 1467 1566 et
1494 1536 1664 1574 mulieres,
1693 1536 1796 1566 ruinae

1014 1588 1121 1619 sonitu
1137 1588 1276 1627 excitati,
1293 1589 1436 1629 undique
1450 1591 1667 1627 accurrentes,
1685 1588 1794 1619 eleva-

1014 1645 1132 1673 verunt
1147 1643 1222 1673 hinc
1236 1642 1309 1673 inde
1323 1642 1414 1682 ligna
1429 1645 1460 1674 et
1478 1643 1607 1683 lapides,
1626 1644 1656 1673 et
1671 1642 1797 1673 miserae

1014 1696 1110 1726 matri
1125 1698 1293 1727 mortuum
1308 1696 1413 1727 filium
1424 1696 1640 1727 reddiderunt.
1654 1696 1710 1726 llla
1720 1704 1797 1727 vero

1014 1750 1225 1781 amarissimis
1240 1750 1359 1789 repleta
1376 1750 1590 1790 singultibus,
1607 1750 1687 1780 sicut
1709 1751 1799 1789 pote—

1014 1806 1085 1841 rat,
1103 1804 1257 1834 dolorosis
1279 1803 1411 1834 vocibus
1433 1803 1632 1834 exclamabat
1654 1814 1661 1834 :
1683 1802 1799 1833 Sancte

1015 1857 1038 1888 F
1041 1858 1181 1888 rancisce
1196 1882 1204 1896 ,
1233 1860 1340 1888 sancte
1375 1857 1541 1888 Francisce
1559 1882 1566 1896 ,
1595 1857 1690 1888 redde
1719 1857 1799 1887 mihi

1015 1911 1120 1942 filium
1138 1921 1259 1942 meum.
1282 1911 1353 1942 Non
1376 1911 1480 1942 solum
1496 1913 1603 1942 autem
1619 1911 1683 1949 illa,
1700 1911 1754 1941 sed
1769 1912 1800 1941 et

1016 1974 1141 2003 omnes,
1158 1965 1214 2005 qui
1228 1966 1358 1996 aderant
1370 1989 1379 2003 ,
1396 1965 1481 1996 beati
1497 1965 1595 2005 patris
1609 1964 1797 2005 praesidium

1016 2019 1217 2058 flagitabant.
1241 2019 1302 2050 Sed
1319 2028 1392 2049 cum
1408 2028 1473 2049 non
1495 2021 1577 2049 esset
1594 2027 1698 2058 nequo
1722 2027 1798 2055 vox,

1017 2082 1121 2113 neque
1136 2082 1261 2111 sensus,
1279 2073 1415 2104 cadaver
1430 2074 1609 2113 posuerunt
1620 2072 1652 2102 in
1668 2071 1797 2110 lectulo,

1017 2127 1057 2157 ad
1079 2126 1297 2166 sepeliendum
1320 2127 1426 2166 ipsum
1451 2126 1534 2157 diem
1551 2126 1727 2156 crastinum
1743 2134 1799 2155 ex-

1018 2182 1190 2220 pectantes.
1217 2181 1316 2211 Mater
1339 2189 1431 2218 vero,
1453 2180 1605 2210 fiduciam
1626 2179 1747 2209 habens
1768 2178 1801 2208 in

1019 2234 1152 2265 Domino
1168 2243 1224 2274 per
1241 2234 1356 2265 merita
1370 2233 1470 2264 sancti
1487 2234 1567 2272 eJus,
1585 2234 1698 2263 votum
1721 2231 1802 2262 emi-

1019 2287 1069 2325 sit,
1087 2296 1172 2318 nova
1187 2296 1220 2317 se
1236 2287 1370 2317 sindone
1386 2286 1469 2317 beati
1490 2286 1513 2317 F
1516 2286 1648 2316 rancisci
1671 2287 1799 2326 opertu-

1020 2350 1089 2371 ram
1105 2341 1222 2378 altare,
1240 2340 1265 2370 si
1281 2340 1386 2371 filium
1403 2349 1498 2371 suum
1514 2342 1678 2371 revocaret
1698 2339 1737 2369 ad
1752 2339 1802 2369 vi-

1020 2396 1096 2425 tam.
1114 2393 1152 2424 Et
1167 2403 1237 2424 ecce
1252 2394 1334 2424 circa
1350 2394 1463 2424 horam
1474 2393 1575 2424 noctis
1587 2393 1725 2424 mediam
1738 2402 1800 2423 coe-

1020 2449 1065 2488 pit
1075 2448 1207 2488 juvenis
1226 2448 1379 2486 oscitare,
1398 2450 1428 2478 et
1448 2447 1676 2478 calescentibus
1699 2455 1802 2477 mem-

1021 2502 1087 2532 bris
1099 2526 1108 2540 ,
1124 2502 1221 2533 vivus
1244 2511 1408 2541 exurgens
1420 2526 1427 2540 ,
1445 2504 1476 2532 et
1498 2510 1595 2531 sanus
1607 2524 1614 2537 ,
1639 2500 1671 2530 in
1698 2500 1802 2531 laudis

1022 2557 1119 2587 verba
1140 2557 1332 2596 prorumpit.
1359 2556 1420 2586 Sed
1447 2558 1476 2585 et
1497 2555 1616 2586 clerum
1629 2578 1639 2593 ,
1656 2555 1711 2595 qui
1726 2564 1802 2586 con-

1022 2612 1171 2648 venerat,
1197 2612 1228 2640 et
1252 2609 1409 2649 populum
1438 2609 1629 2639 universum
1653 2609 1804 2641 excitavit

1022 2664 1061 2694 ad
1078 2664 1187 2694 laudes
1203 2665 1233 2694 et
1248 2663 1369 2702 gratias
1385 2662 1447 2693 Deo
1467 2664 1497 2693 et
1517 2662 1608 2693 beato
1623 2662 1801 2700 FranciscO,

1028 2726 1103 2748 cum
1120 2717 1235 2748 mentis
1249 2717 1369 2755 laetitia,
1386 2715 1621 2756 persolvendas.
