2029 3052
71 779 97 800 Β.
108 779 178 801 Maria

71 810 176 832 benedic-

69 842 92 862 tu
111 848 176 869 prop-

70 874 103 894 ter
127 879 177 900 gra-

91 904 156 931 tiam,

71 941 138 962 quam
155 936 177 956 in

72 967 177 989 sehabet.

88 1535 180 1562 Propter

83 1566 178 1595 gratiam

74 1598 154 1622 cordis.

878 230 1017 264 LECTIO
1038 231 1117 266 XIV.

193 297 352 328 benedicta
365 298 527 337 plusquam
556 307 660 328 omnes
682 299 833 327 mulieres.
859 300 898 327 Ac
920 306 974 334 per

193 345 252 374 hoc
275 345 426 382 quidquid
455 346 674 375 maledicionis
697 345 829 374 infusum
855 347 897 374 est
921 353 975 381 per

194 394 305 428 Evam,
330 394 423 422 totum
448 393 568 422 abstulit
589 393 758 422 benedictio
773 392 878 421 Mariae.
896 393 976 420 Dicat

194 447 265 475 ergo
279 440 414 476 Gabriel;
439 440 519 468 dicat
533 449 539 468 ε
555 441 701 469 Benedicta
719 443 749 468 tu
762 441 792 468 in
805 440 973 468 mulieribus.

193 487 368 521 Benedicta,
383 487 523 523 inquam,
537 489 659 524 propter
672 487 891 523 plenitudinem
906 494 975 522 gra-

193 533 240 562 tiae
256 533 286 562 in
301 536 328 562 te
343 534 535 570 venerandam
558 534 716 563 benedicta
735 536 856 570 propter
875 533 975 562 multi-

193 580 328 609 tudinem
341 581 551 610 misericordiae
565 590 618 618 per
632 583 659 610 te
675 581 866 618 praestandae3
884 581 975 609 bene-

194 627 270 656 dicta
286 630 410 664 propter
425 629 630 657 celsitudinem
644 637 779 665 personae
794 637 830 657 cx
844 630 871 656 te
882 628 976 656 incar-

193 675 309 711 nandae3
321 675 478 704 benedicta
488 678 611 712 propter
623 676 862 712 magnitudinem
874 675 976 712 gloriae

193 730 282 758 super
297 723 325 751 te
340 722 540 751 cumulandae.

228 768 326 798 Primo
347 771 487 805 pensate,
510 769 693 805 charissimi,
720 770 876 806 quomodo
905 778 974 798 vere

191 816 349 845 benedicta
364 818 406 844 est
424 816 513 845 Maria
526 819 651 858 propter
669 816 888 853 plenitudinem
907 825 975 852 gra-

191 864 238 892 tiae
252 864 284 892 in
298 864 363 901 ipsa
376 865 572 900 venerandae,
594 865 669 892 sicut
689 867 757 901 apte
779 865 906 893 ostendit
920 866 974 893 Ga-

192 911 278 948 briel,
295 912 396 940 dicens
413 921 419 940 :
436 913 505 947 Ave,
514 914 607 948 qratia
619 913 711 948 plena,
727 914 856 940 Dominus
873 915 970 947 tecum,

193 961 330 988 benedicta
350 963 381 988 tu
403 962 433 988 in
456 961 625 988 mulieribus.
649 960 806 988 Benedicta
828 961 875 995 tu,
905 960 977 996 quia

192 1007 283 1043 plena
298 1015 327 1035 es
342 1009 382 1036 tu.
408 1009 541 1035 Invenisti
559 1009 629 1035 enim
651 1010 769 1042 qratiam
790 1008 865 1043 apud
884 1010 977 1035 Domi-

193 1062 276 1088 num,
293 1057 320 1082 et
334 1054 403 1082 ideo
419 1057 450 1083 tu
476 1063 506 1082 es
526 1054 684 1083 benedicta
708 1054 790 1091 apud
806 1054 975 1082 Dominum.

192 1101 275 1129 Unde
298 1103 327 1129 B.
358 1101 524 1129 Bernardus
552 1101 663 1138 optime
689 1101 726 1129 de
751 1101 807 1129 hac
832 1101 976 1129 benedic-

193 1148 273 1177 tione
292 1148 386 1177 Mariae
409 1149 480 1177 dicit
497 1151 529 1177 ¹:
553 1151 630 1177 «Per
653 1151 679 1177 te
706 1157 859 1177 accessum
885 1149 978 1177 habe-

193 1203 261 1223 mus
281 1196 320 1223 ad
343 1196 466 1231 Filium,
489 1204 507 1224 o
531 1195 690 1224 benedicta
710 1196 785 1224 inter
816 1196 977 1231 mulieres,

195 1243 343 1271 inventrix
359 1244 472 1280 gratiae,
488 1244 614 1279 genitrix
630 1244 713 1279 vitae,
729 1245 824 1272 mater
837 1244 947 1272 salutis.
962 1254 976 1270 n

195 1291 351 1319 Benedicta
371 1293 413 1326 tu,
438 1291 546 1326 Maria,
570 1293 693 1327 propter
722 1291 857 1327 gratiam.
889 1293 978 1319 Bene-

196 1338 283 1374 dicta,
299 1339 435 1375 inquam,
449 1341 570 1375 propter
585 1339 713 1375 gratiam
728 1339 840 1373 cordis,
857 1341 980 1375 propter

197 1386 323 1421 gratiam
339 1387 408 1421 orie,
424 1389 546 1422 propter
557 1386 681 1422 gratiam
697 1387 805 1422 operis.
823 1386 980 1415 Benedicta

196 1433 299 1469 utique
314 1433 345 1460 in
358 1433 459 1467 corde,
474 1435 595 1469 propter
611 1433 735 1469 gratiam
751 1433 919 1469 donorum3
932 1434 981 1461 bc-

197 1480 316 1508 nedicta
330 1480 361 1507 in
376 1488 426 1508 ore
437 1502 445 1515 ‚
469 1481 590 1516 propter
603 1480 728 1516 gratiam
743 1480 910 1515 labiorum,
926 1481 979 1508 be-

197 1527 315 1555 nedicta
329 1527 361 1555 in
376 1535 476 1563 opere,
491 1529 613 1564 propter
627 1527 753 1563 gratiam
764 1536 894 1556 morum.
908 1529 979 1556 Vere

197 1574 355 1602 benedicta
368 1574 456 1602 Maria
465 1577 587 1611 propter
597 1575 722 1610 gratiam
733 1575 843 1609 cordiS,
857 1576 980 1611 propter

197 1622 323 1657 gratiam
338 1622 488 1650 donorum
503 1621 534 1649 in
552 1622 657 1656 corde,
681 1624 802 1658 propter
822 1630 914 1658 quam
929 1629 980 1649 cor

198 1670 262 1705 ejus
275 1669 330 1696 fuit
345 1669 621 1703 deliciosissimum,
643 1669 718 1697 sicut
739 1669 895 1704 paradisus
914 1670 978 1704 Dei,

198 1717 238 1745 ita
252 1719 284 1745 ut
301 1717 338 1745 de
353 1718 409 1745 hac
424 1717 631 1745 benedictione
647 1717 752 1745 merito
767 1717 890 1752 intelligi
914 1726 980 1753 pos-

197 1764 233 1792 sit
244 1765 448 1792 Ecclesiasticus
459 1766 469 1781 '²
487 1774 492 1792 :
512 1765 609 1792 Gratia
619 1766 689 1791 sicut
699 1765 847 1799 paradisus
862 1767 891 1791 in
907 1766 980 1792 benc-

197 1812 328 1839 dictione.
345 1811 387 1839 lbi
399 1811 470 1839 dicit
481 1811 516 1847 (a)
530 1811 728 1839 interlinearis
745 1821 751 1839 ε
770 1812 979 1840 «Fructilicaus

198 1858 330 1886 diversas
341 1858 453 1894 species
468 1858 620 1885 virtutum.
634 1868 646 1883 »
663 1860 701 1885 De
713 1858 758 1885 his
770 1858 904 1886 felicibus
915 1867 980 1893 gra-

197 1905 304 1933 tiarum
313 1906 341 1933 et
350 1905 489 1932 virtutum
499 1905 759 1933 benedictionibus
770 1906 926 1941 Apostolus
936 1906 980 1933 di-

197 1952 235 1980 cit
253 1953 263 1969 ³
287 1961 292 1980 :
318 1952 371 1985 Qui
400 1952 538 1979 benedioeit
564 1960 611 1979 nos
639 1954 669 1979 in
697 1954 769 1980 omni
800 1953 980 1980 benedictione

195 2001 340 2035 spirituali
354 2001 384 2026 in
399 2000 546 2027 coelestibus
567 2001 596 2026 in
615 2000 731 2027 Christo.
756 2000 784 2027 Si
799 2007 870 2035 ergo
885 2000 979 2035 gratia

196 2049 325 2074 mentem
339 2046 503 2074 humanam
518 2046 548 2073 in
563 2046 822 2074 benedictionibus
837 2047 980 2074 virtutum

197 2093 368 2122 deliciosam
387 2093 456 2121 facit
482 2093 556 2121 sicut
579 2093 752 2129 paradisum
775 2094 834 2128 Dei,
865 2095 977 2130 quanto

197 2140 292 2175 magis
307 2139 531 2168 deliciosissima
546 2140 647 2168 anima
661 2140 756 2168 Mariae
772 2140 825 2168 fuit
840 2141 914 2168 sicut
928 2149 979 2176 pa-

196 2186 312 2214 radisus
327 2188 375 2214 Dei
390 2188 421 2215 in
443 2187 701 2215 benedictionibus
718 2187 867 2215 donorum
888 2188 978 2223 Spiri-

197 2235 243 2261 tus
257 2234 364 2261 sancti!
390 2236 451 2262 Imo
473 2237 548 2262 certe
567 2235 724 2270 paradisus
741 2234 791 2262 Dei
805 2242 866 2262 non
881 2235 979 2262 solum

197 2282 311 2316 mente,
337 2280 390 2308 sed
411 2281 499 2308 etiam
520 2283 621 2309 ventre
637 2281 690 2309 suit
704 2281 808 2316 Maria,
825 2282 978 2309 continens

198 2328 228 2355 in
254 2336 284 2355 se
308 2328 423 2363 lignum
447 2328 513 2355 vitae
532 2330 630 2356 lesuin
651 2329 806 2356 Christum.
838 2329 918 2356 Unde
947 2330 975 2356 B.

199 2375 364 2402 Bcrnardus
375 2375 414 2403 ait
428 2375 454 2402 ¹⁶:
473 2384 486 2400 «
498 2376 569 2402 Vere
582 2375 737 2410 paradisus
753 2376 802 2403 Dei
816 2377 845 2404 tu
858 2384 898 2410 es,
912 2384 978 2412 qum

198 2421 313 2449 mundo
335 2422 451 2457 lignum
467 2421 532 2449 vitae
555 2421 704 2449 contulisti
722 2422 776 2458 (b),
798 2423 834 2450 de
851 2431 911 2458 quo
926 2423 977 2458 qui

199 2468 435 2503 manducaverit,
457 2468 536 2496 vivet
559 2468 589 2495 in
603 2471 753 2496 aeternum.
768 2479 780 2495 »
800 2471 868 2503 Heu,
887 2477 978 2505 quam

198 2514 287 2551 longe
303 2518 345 2543 est
358 2516 396 2544 ab
411 2515 467 2543 hac
480 2515 687 2543 benedictione
698 2515 802 2551 Mariae,
815 2516 979 2551 cujuscum-

233 2604 237 2616 ¹
260 2602 392 2633 Beruard.,
412 2605 436 2627 in
453 2604 516 2628 Ado.
539 2605 620 2632 nom„
640 2610 718 2627 serm.
738 2609 771 2633 ιι,
793 2603 860 2627 circa
882 2604 926 2627 lin.
949 2618 977 2621 —

200 2639 210 2654 ⁴²
226 2639 318 2669 Ecca„
334 2646 376 2670 XL,
402 2641 439 2664 17.
455 2654 484 2657 —
499 2641 508 2656 Β
524 2641 624 2671 Ephes„
642 2646 658 2670 [,
682 2641 703 2663 1v
723 2652 753 2656 —
769 2640 778 2655 δ
793 2639 838 2663 Vol
858 2640 959 2663 Evbert.
971 2659 978 2670 ,

201 2674 302 2704 Deprec.
317 2677 340 2698 et
353 2675 420 2699 laud.
439 2675 473 2699 ad
483 2676 510 2699 Β.
529 2675 555 2699 V.
567 2676 612 2705 M.,
629 2682 653 2699 n.
671 2676 693 2705 4,
712 2675 778 2698 inter
788 2674 875 2705 spuria
892 2676 977 2707 Bern.,

201 2711 285 2735 Serm.
299 2712 449 2741 paneg—¹⁵
463 2711 620 2742 Puteo-111,
640 2713 713 2735 18.—
724 2711 733 2726 ὓ
746 2711 814 2734 Psoi.
827 2717 897 2741 mxl,
911 2714 932 2736 3.
948 2727 977 2730 —

340 2764 414 2786 TOM.
437 2765 493 2788 XIV
498 2779 504 2786 .

1758 245 1817 279 273

1033 308 1091 336 que
1106 309 1191 329 mens
1205 310 1267 330 non
1282 305 1325 332 est
1339 305 1496 340 paradisus
1517 307 1565 335 Dei
1586 308 1616 337 in
1631 309 1816 342 benedictio-

1031 347 1121 375 nibus
1144 349 1263 385 gratiae,
1285 351 1337 379 sed
1353 354 1395 380 est
1409 353 1525 382 sentina
1547 355 1661 385 diaboli
1681 358 1712 387 in
1724 356 1830 389 male-'

1033 394 1213 424 dictionibus
1225 398 1360 427 malitiae!
1374 400 1449 428 Talis
1460 402 1551 437 enim,
1567 403 1641 432 sicut
1651 405 1682 433 in
1697 407 1816 436 Psalmo

1033 441 1140 470 dicitur
1155 443 1164 459 ⁵
1181 453 1187 470 :
1207 445 1313 472 Diteaeit
1327 448 1558 485 maledictionem,
1582 454 1607 478 et
1631 454 1719 481 veniet
1734 456 1777 490 ei;¹
1792 459 1817 483 et

1031 489 1120 516 noluit
1133 490 1352 527 benedictionem,
1368 497 1392 521 et
1410 496 1575 531 elongyabitur
1587 499 1620 526 ab
1632 508 1672 528 eo.

1068 537 1149 571 Item,
1166 537 1346 575 charissimi,
1363 541 1519 571 benedicta
1533 546 1576 572 est
1590 546 1680 575 Maria
1692 555 1754 576 non
1768 556 1816 577 so-

1032 582 1095 610 lum
1119 587 1241 620 propter
1269 587 1394 621 gratiam
1419 589 1570 620 donorum
1607 594 1707 622 cordis
1718 616 1727 629 ,
1763 596 1817 624 sed

1833 554 1857 573 B.
1868 553 1939 573 Maria

1832 584 1936 605 henedic-

1831 616 1853 636 ω
1872 621 1936 642 prop-

1032 630 1121 659 etiam
1135 634 1257 668 propter
1272 634 1397 669 gratiam
1407 635 1558 666 labiorum
1569 641 1638 676 oris,
1648 642 1731 677 juxta
1740 643 1816 672 illud
1831 648 1864 667 ter
1890 653 1938 673 gra·

1032 677 1141 706 Psalmi
1156 679 1166 696 ⁶
1181 689 1187 706 :
1204 680 1312 715 Diffusa
1327 684 1366 709 est
1376 685 1470 717 qratia
1483 686 1513 712 in
1528 687 1609 715 labiis
1625 690 1690 724 tuis,
1704 693 1815 727 propte-

1031 733 1079 753 rea
1093 726 1233 754 benedixit
1252 730 1276 755 tc
1296 730 1366 757 Deus
1390 731 1420 758 in
1440 733 1578 762 aeternum.
1605 735 1627 763 Ο
1648 739 1759 772 quanta
1785 738 1816 766 in

1033 773 1219 802 orationibus
1235 774 1448 814 devotissimis,
1472 782 1584 815 quanta
1599 782 1629 809 in
1646 783 1816 813 collationi-

1032 819 1089 847 bus
1113 820 1275 850 utilissimis
1302 824 1396 858 gratia
1417 825 1448 852 in
1470 825 1558 856 labiis
1583 830 1678 858 Mariae
1702 831 1771 859 fuit!
1795 833 1817 861 O

1033 869 1144 902 quanta
1159 868 1198 896 ad
1213 868 1361 906 homines,
1378 874 1489 908 quanta
1501 874 1540 902 ad
1553 877 1688 913 angelos,
1706 881 1818 914 quanta

1033 914 1072 941 ad
1088 915 1247 944 Dominum
1263 918 1357 952 gratia
1370 927 1488 956 semper
1500 921 1554 950 fuit
1566 923 1597 951 in
1606 923 1695 952 labiis
1706 926 1815 954 Mariae!

1033 962 1097 998 Ipse
1111 971 1241 1000 namque
1258 965 1332 993 Deus
1346 967 1439 996 verba
1448 968 1600 998 labiorum
1612 972 1675 1007 eJ'us
1689 972 1818 1003 libenter

1034 1009 1158 1044 audivit,
1174 1012 1295 1040 testante
1310 1013 1398 1042 beato
1414 1016 1575 1051 Bernardo‚
1591 1019 1643 1054 qui
1661 1020 1819 1057 alloquens

1034 1056 1130 1092 ipsam
1144 1058 1214 1087 dicit
1228 1059 1260 1087 ⁷:
1281 1062 1354 1090 «Cui
1377 1063 1515 1099 placuisti
1540 1073 1577 1093 ex
1602 1067 1738 1103 silentio,
1754 1069 1818 1104 J'am

1034 1104 1277 1141 magis-placebis
1291 1116 1327 1136 ex
1342 1110 1451 1147 verbo,
1474 1120 1544 1140 cum
1564 1113 1628 1149 ipse
1643 1114 1696 1142 tibi
1712 1115 1820 1145 elamet

1035 1158 1051 1177 e
1067 1151 1141 1180 coelo
1157 1162 1162 1179 :
1180 1154 1202 1181 O
1216 1155 1341 1190 pulchra
1356 1156 1432 1185 inter
1452 1159 1591 1188 mulieres
1602 1181 1611 1196 ,
1634 1161 1680 1189 fac
1701 1171 1750 1191 me
1766 1171 1818 1191 au-

1036 1198 1098 1227 dire
1123 1209 1228 1230 vocem
1250 1204 1342 1231 tuam.
1356 1214 1370 1230 n
1395 1205 1456 1240 Eia,
1486 1215 1578 1242 quam
1609 1210 1817 1245 veracissima,

1036 1254 1127 1282 quam
1143 1248 1341 1278 sincerissima
1356 1260 1474 1288 semper
1483 1253 1602 1283 fuerunt
1613 1257 1708 1285 Mariae
1718 1257 1799 1286 labia
1810 1260 1815 1285 Ξ

1036 1295 1063 1321 et
1078 1294 1146 1323 ideo
1162 1304 1230 1325 vere
1246 1297 1399 1327 benedixit
1422 1308 1488 1328 eam
1514 1303 1588 1330 Deus
1613 1303 1645 1331 in
1664 1306 1816 1334 aeternum.

1036 1342 1107 1376 Heu,
1128 1351 1220 1378 quam
1234 1344 1324 1381 longe
1348 1347 1386 1374 ab
1411 1347 1466 1375 hac
1491 1349 1585 1377 Mariae
1609 1350 1818 1380 benedictione

1034 1387 1078 1415 illi
1093 1392 1176 1422 sunt,
1199 1400 1328 1427 quorum
1350 1393 1431 1422 labia
1451 1395 1539 1423 labiis
1554 1398 1649 1425 Mariae
1664 1398 1821 1428 dissimilia

1036 1437 1119 1470 sunt,
1136 1436 1178 1464 illi
1190 1459 1198 1472 ,
1220 1438 1343 1474 inquam
1356 1462 1364 1475 ,
1390 1441 1572 1477 ingquorum
1595 1444 1683 1473 labiis
1701 1454 1763 1474 non
1779 1449 1820 1475 cst

1036 1483 1131 1517 gratia
1147 1483 1270 1520 diffusa,
1292 1487 1344 1514 sed
1359 1488 1472 1516 malitia
1487 1490 1610 1519 confusa
1626 1494 1682 1520 est!
1701 1495 1820 1530 Propte-

1035 1535 1086 1557 rea
1101 1538 1163 1558 non
1176 1531 1347 1567 benedixit,
1371 1535 1423 1562 sed
1448 1536 1607 1566 maledicet
1631 1547 1682 1567 eos
1697 1541 1772 1568 Deus
1788 1541 1819 1568 iu

1034 1578 1187 1605 aeternum.

1073 1625 1152 1659 ltcm,
1167 1625 1343 1661 charissimi,
1358 1627 1515 1658 benedicta
1531 1633 1572 1659 est
1591 1633 1680 1661 Maria
1693 1641 1754 1662 non
1770 1643 1820 1663 so-

1035 1669 1099 1698 lum
1112 1674 1236 1707 propter
1251 1674 1374 1708 gratiam
1391 1675 1542 1704 donorum
1556 1679 1654 1706 cordis
1665 1701 1673 1714 ,
1697 1689 1758 1709 non
1774 1690 1819 1711 so-

1035 1716 1097 1744 lum
1114 1722 1236 1755 propter
1249 1721 1375 1755 gratiam
1397 1722 1546 1751 labi0ru1n
1563 1726 1637 1760 oris,
1661 1728 1714 1755 sed
1731 1729 1819 1757 etiam

1035 1768 1157 1801 propter
1181 1767 1307 1801 gratiam
1332 1777 1451 1798 morum
1474 1773 1717 1802 conversationis,
1735 1778 1767 1803 Et
1782 1776 1819 1804 de

1034 1811 1090 1839 hae
1101 1812 1309 1843 benedictione
1325 1817 1417 1852 accipi
1434 1821 1549 1854 potest,
1571 1821 1654 1856 quod
1667 1821 1773 1851 dicitur
1788 1824 1819 1851 in

1034 1860 1212 1888 Hz‘eremz‘assz
1234 1864 1379 1891 Benedicat
1401 1866 1453 1892 tibi
1472 1868 1621 1901 Dominus,
1645 1870 1818 1904 pulchritudo

1029 1906 1150 1940 justitiae
1161 1927 1170 1941 ‚
1185 1917 1259 1935 mons
1279 1913 1397 1938 sanctus.
1422 1912 1504 1939 Mons
1529 1916 1645 1942 sanctus
1662 1918 1704 1944 est
1718 1920 1818 1946 sancta

1034 1953 1123 1981 Maria
1134 1974 1143 1988 ,
1168 1962 1234 1990 quie
1248 1955 1325 1984 bene
1341 1966 1427 1985 mons
1443 1958 1549 1987 dicitur
1559 1981 1568 1995 ,
1588 1965 1710 1998 propter
1724 1965 1818 1992 excel-

1034 1998 1156 2027 lentiam
1182 2002 1372 2038 meritorum,
1400 2007 1523 2041 propter
1550 2007 1736 2038 altitudinem
1774 2012 1817 2039 vi-

1034 2047 1069 2073 tae
1095 2049 1123 2074 et
1146 2055 1277 2076 morum.
1303 2050 1352 2078 Hic
1378 2053 1420 2079 est
1444 2061 1551 2088 mons,
1578 2055 1614 2082 de
1640 2064 1721 2092 quo,
1743 2058 1817 2086 sicut

1034 2093 1065 2121 in
1093 2095 1202 2122 Daniele
1225 2096 1332 2131 legitur
1350 2099 1360 2115 ⁰
1389 2107 1395 2126 ε
1418 2101 1504 2135 Lapis
1525 2103 1583 2129 sine
1603 2105 1728 2132 manibus
1755 2106 1817 2133 abs-

1033 2144 1116 2170 cissus
1141 2147 1195 2179 θείς
1220 2145 1292 2172 dum
1313 2146 1442 2174 Christus
1468 2148 1505 2176 de
1529 2149 1618 2177 Maria
1641 2151 1702 2179 sinc
1726 2160 1815 2189 opere

1034 2190 1162 2218 maritali
1190 2194 1276 2219 natus
1305 2194 1356 2221 est.
1390 2195 1581 2224 Pulchritudo
1605 2197 1694 2233 hujus
1729 2208 1816 2228 mon-

1034 2236 1068 2264 tis
1083 2259 1091 2272 ,
1135 2238 1345 2274 pulchritudo,
1379 2241 1503 2277 inquam
1518 2264 1527 2277 ,
1559 2244 1677 2278 Justitiae
1693 2267 1703 2280 ,
1751 2248 1817 2282 pul-

1034 2283 1170 2312 chritudo
1206 2285 1271 2313 vitae
1303 2288 1330 2314 et
1355 2296 1474 2316 morum
1504 2291 1599 2319 Mariae
1635 2293 1716 2320 tanta
1744 2293 1816 2329 fuit,

1034 2333 1064 2358 ut
1088 2331 1193 2359 morito
1222 2332 1251 2359 in
1285 2334 1405 2362 Canticis
1433 2335 1469 2363 de
1492 2336 1557 2372 ipsa
1583 2337 1640 2365 dici
1668 2340 1760 2374 possit
1771 2342 1814 2369 ¹⁰:

1037 2379 1103 2405 Tota
1116 2380 1230 2414 pulchra
1241 2388 1268 2407 es
1280 2401 1287 2415 ,
1308 2383 1395 2409 amica
1410 2391 1469 2410 ntea
1480 2404 1488 2417 ,
1503 2385 1556 2411 etc.
1573 2385 1698 2414 Pulchra
1713 2387 1815 2422 utiquc

1033 2425 1063 2452 in
1079 2425 1138 2453 vita
1149 2447 1156 2461 ,
1174 2426 1300 2462 pulchra
1324 2427 1354 2455 in
1370 2437 1488 2457 morum
1513 2430 1669 2467 disciplina
1682 2454 1688 2465 ‚
1710 2436 1738 2461 et
1755 2436 1815 2462 tota

1033 2472 1166 2508 pulchra.
1184 2475 1254 2501 Tota
1270 2477 1357 2510 certe,
1373 2477 1442 2504 tota.
1461 2477 1618 2510 Quomodo
1639 2481 1718 2508 tota?
1742 2481 1815 2508 Audi

1035 2519 1264 2555 Hieronymum;
1283 2521 1322 2549 ait
1336 2522 1415 2550 enim
1425 2523 1466 2550 sic
1477 2524 1496 2541 ¹¹
1510 2533 1516 2551 :
1528 2534 1541 2550 <‹
1554 2525 1705 2561 Quidquid
1714 2526 1745 2555 in
1758 2529 1826 2564 Mas

1033 2597 1040 2610 ⁷
1057 2598 1141 2623 licrn.¹
1163 2604 1218 2627 sup.
1242 2598 1335 2621 Missus
1355 2601 1403 2627 esl,
1422 2600 1490 2624 honi.
1515 2607 1548 2631 iv,
1565 2608 1590 2625 n.
1610 2604 1633 2625 S.
1648 2616 1674 2619 —
1693 2605 1700 2617 ³
1714 2604 1815 2636 Jerem„

1035 2638 1111 2663 xxxi,
1135 2635 1172 2656 23.
1189 2646 1218 2650 —
1234 2634 1243 2649 o
1261 2635 1339 2665 tumn,
1367 2642 1401 2665 11,
1429 2637 1463 2659 55.
1491 2649 1521 2653 —
1538 2638 1556 2652 ¹⁰
1572 2638 1662 2669 Cant.⁷
1685 2645 1717 2669 ιν,
1743 2642 1764 2663 7.
1786 2654 1815 2658 —

1035 2669 1052 2684 ²¹
1072 2668 1236 2700 llieronyui.‚
1256 2671 1281 2693 in
1303 2672 1431 2702 Assnmpl.
1450 2673 1480 2695 Β.
1500 2673 1534 2696 Μ.
1551 2680 1639 2704 serni„
1655 2675 1686 2698 al.
1704 2675 1813 2706 epistt,

1065 2713 1101 2744 (a)
1120 2713 1211 2744 Slcflpl.
1228 2715 1324 2738 tilslissu.
1346 2731 1367 2733 —
1388 2716 1419 2745 (h)
1436 2717 1478 2740 Al.
1494 2718 1627 2747 protulisti.

1637 2766 1675 2796 18

1830 679 1884 700 tiam
1909 679 1939 698 la·

1829 709 1926 733 biorum.

1836 1642 1861 1662 Β.
1869 1642 1900 1662 M.
1906 1642 1943 1662 be-

1846 1674 1933 1693 nedicta

1845 1706 1934 1731 propter

1839 1737 1935 1761 gratiam

1834 1767 1941 1793 operatiu-

1835 1804 1898 1819 num.
