2029 3052
607 178 893 212 RESPONSIONIS
915 178 1104 218 QUARTAE.
1130 179 1259 213 CAPUT
1283 180 1307 212 l.

151 247 258 289 piendi
278 247 506 289 Evangelium,
529 249 686 289 quantum
707 247 747 279 ad
771 248 927 289 perfectos

150 303 182 333 et
208 302 418 342 imperfect05‚
443 302 497 334 sed
523 301 690 334 Manichaei
711 310 928 342 nequaquam.

151 355 206 386 Ait
219 356 306 387 enim
317 355 363 388 sio
378 356 386 373 ¹
404 367 411 387 :
434 368 448 386 α
464 356 565 394 Quam
581 355 675 387 multi
685 355 719 386 in
730 357 838 387 nostra
849 364 932 386 com-

152 410 306 441 munione
320 410 477 441 veraciter
492 410 611 441 faciunt
622 409 774 441 sublimia
786 409 840 440 illa
851 418 932 450 prae-

152 465 254 503 copta,
271 463 310 494 de
326 472 466 504 quorum
479 464 583 504 specie
597 463 704 494 sallitis
716 463 895 504 imperitos!
912 474 926 491 »

152 515 190 548 Et
211 517 382 556 assignatis
408 517 504 558 paulo
528 519 599 558 post
618 517 652 548 iu
675 517 814 548 Ecclesia
840 516 933 548 diffe-

151 570 274 609 rentiis,
293 570 421 603 subdit:
443 583 458 601 α
477 571 586 612 Neque
609 571 694 602 enim
714 571 759 602 illi
775 571 845 609 soli,
862 570 929 611 qui,

151 626 189 655 ut
203 623 266 655 sint
280 624 422 664 perfecti,
440 625 585 656 vendunt
600 626 631 656 et
646 624 810 656 dimittunt
825 623 933 655 omnia

152 687 227 716 sua,
254 681 286 709 et
310 681 492 719 sequuntur
507 678 690 716 Dominum,
706 678 867 718 pertinent
889 677 929 708 ad

151 741 292 772 regnum
315 732 490 770 coelorum;
517 732 572 763 sed
603 731 680 762 huic
703 731 826 762 militias
849 731 934 762 chri-

151 785 263 817 stianae
276 787 404 826 propter
417 785 578 825 quoddam
588 784 816 815 commercium
833 784 934 815 chari-

152 839 223 870 tatis
237 838 447 879 subJungitur
457 838 552 869 etiam
568 838 717 878 quaedam
729 838 934 877 stipendiaria

151 892 333 932 multitudo,
351 892 403 924 eui
420 892 543 923 dicetur
558 892 590 922 in
607 892 671 922 fine
684 892 695 908 ²
713 902 720 922 :
739 891 887 930 Emi-ivi,
905 895 933 924 et

152 946 290 979 dedistis
303 947 386 978 mihi
400 946 596 978 manducare
603 955 616 985 ;
631 946 737 982 sitivi,
754 948 781 977 et
797 944 934 977 dedistis

152 1000 234 1032 milti
248 1000 362 1032 bibere.
385 999 538 1040 Alioquin
563 999 737 1030 damnandi
756 1001 851 1030 erunt
875 999 931 1038 illi,

153 1062 293 1093 quorum
306 1054 417 1085 domos
433 1056 497 1084 tam
516 1053 661 1093 diligenti
680 1062 758 1083 cura
773 1052 935 1093 componit

152 1107 324 1147 Apostolus
339 1109 360 1147 ³,
378 1117 514 1139 monens
533 1108 687 1139 mulieres
702 1107 846 1138 subditas
867 1116 934 1138 esse

153 1161 232 1193 viris
256 1162 332 1200 suiS,
350 1162 437 1194 viros
456 1162 591 1201 diligere
615 1170 745 1200 uxores,
771 1161 854 1192 filios
877 1161 934 1192 ob-

153 1218 331 1256 temperare
353 1217 549 1257 parentibus.
573 1217 635 1248 Sed
656 1217 737 1248 absit
761 1219 798 1247 ut
819 1217 895 1247 istos
917 1226 935 1248 a

153 1271 311 1301 mandatis
321 1271 516 1310 evangelicis
527 1272 657 1310 alienos,
670 1274 699 1302 et
711 1281 730 1302 a
739 1271 805 1302 vita
816 1274 936 1302 aeterna

153 1325 487 1364 separandosjudicet,
504 1325 580 1365 quia
594 1325 650 1356 ubi
667 1325 822 1356 Dominus
837 1325 881 1355 ait
896 1325 906 1341 ἢ
925 1334 933 1355 :

154 1379 191 1410 Si
205 1379 279 1418 quis
292 1387 358 1411 ηοη
372 1379 478 1411 tulerit
492 1388 613 1412 crucem
626 1388 729 1418 suam,
754 1383 782 1412 et
806 1383 935 1412 secutus

154 1441 201 1464 me
213 1441 278 1465 non
290 1434 399 1472 fuerit,
416 1441 480 1465 non
493 1436 597 1472 potest
612 1441 698 1465 meus
713 1441 777 1465 esse
792 1433 935 1472 discipa-

155 1486 223 1525 lus,
248 1487 422 1517 exhortans
449 1487 608 1517 firmiores
632 1487 670 1518 ad
693 1487 934 1527 perfectionem,

154 1540 198 1570 ibi
213 1540 319 1571 statim
339 1543 369 1571 et
391 1540 468 1571 istos
494 1541 675 1571 consolatus
701 1543 758 1579 est,
780 1541 909 1572 dicens⁵
927 1552 934 1572 :

157 1594 218 1629 Qui
231 1595 346 1634 recipie
355 1593 483 1633 justum
503 1595 540 1626 in
563 1595 691 1626 nomine
706 1594 806 1634 justi,
823 1603 937 1627 merce-

154 1647 226 1679 dem
237 1647 324 1687 justi
336 1649 484 1688 accipiet.
502 1651 511 1668 θ
535 1648 616 1686 Quid
631 1651 739 1679 autem
756 1648 862 1679 sallitis
878 1659 935 1680 au-

155 1701 271 1732 ditores
282 1704 416 1739 vestros,
426 1702 568 1742 quicum
580 1701 647 1732 suis
658 1702 815 1733 uxoribus
824 1705 854 1733 et
864 1702 938 1733 filiis

156 1757 188 1785 et
202 1755 341 1793 familiis,
352 1756 510 1793 domibus,
524 1758 554 1786 et
564 1755 666 1794 agris,
678 1756 770 1786 vobis
781 1756 937 1795 serviunt,

157 1809 182 1838 si
190 1808 335 1848 quisquis
345 1809 453 1839 omnia
462 1809 522 1839 ista
532 1818 596 1839 non
606 1809 775 1847 dimiserit,
788 1818 852 1839 non
861 1809 938 1840 acci-

157 1862 222 1902 piat
233 1861 465 1902 Evangelium‘?
478 1863 538 1893 Sed
555 1863 631 1903 quia
644 1863 690 1893 eis
702 1872 766 1894 non
782 1873 939 1894 resurrec-

156 1915 289 1955 tionem,
306 1916 359 1947 sed
374 1916 608 1948 revolutionem
623 1917 662 1948 ad
684 1917 776 1948 istam
792 1918 935 1948 mortali-

156 1972 254 2001 tatem
270 1971 463 2011 promittitis,
487 1974 524 2001 ut
541 1971 604 2002 vita
621 1971 795 2002 electorum
810 1974 938 2003 vestro-

157 2034 231 2055 rum
245 2025 367 2064 vivant,
384 2027 451 2055 tam
472 2034 566 2063 vana,
586 2025 693 2065 inepta
713 2028 744 2056 et
766 2026 936 2066 sacrilega,

157 2089 222 2119 qua
235 2082 266 2110 et
280 2088 337 2111 vos
351 2079 471 2117 vivitis,
493 2079 620 2120 quando
636 2080 728 2110 valde
748 2080 936 2120 laudamini,

158 2134 272 2164 merito
295 2143 349 2164 eos
378 2143 397 2165 a
420 2134 577 2164 mandatis
603 2134 797 2173 evangelicis
820 2135 939 2166 aliena-

158 2187 210 2218 tis.
227 2198 241 2215 n
260 2187 335 2218 Haec.
346 2188 551 2227 Augustinus
566 2197 573 2219 z
590 2188 625 2218 in
637 2188 756 2228 quibus
768 2192 876 2228 aperte
887 2190 937 2221 de-

159 2243 326 2279 monstrat,
342 2242 427 2281 quod
438 2242 546 2282 aliqua
561 2241 730 2281 Evangelii
746 2242 938 2274 documenta

158 2295 306 2335 perfectis
329 2296 542 2334 conveniunt,
569 2296 637 2326 siue
662 2305 802 2335 quorum
826 2297 936 2328 obser-

159 2350 269 2381 vantia
292 2349 468 2389 imperfecti
487 2350 604 2380 salvari
627 2352 779 2390 possunt,
803 2353 834 2381 et
852 2352 938 2391 quod

159 2403 316 2434 sententia
338 2403 589 2434 Manichaeorum
614 2404 673 2434 fuit
688 2403 728 2434 ad
748 2403 809 2434 hoc
827 2413 939 2436 omnes

159 2456 378 2488 indifferenter
396 2457 543 2497 astringi.
567 2456 638 2488 Non
661 2466 742 2496 ergo
764 2457 839 2488 dicit
859 2457 939 2490 Fau-

161 2513 247 2541 stum
262 2520 396 2550 errasse,
413 2511 489 2551 quia
503 2512 621 2542 diceret
639 2511 710 2541 haec
731 2511 940 2551 intelligenda

193 2573 200 2589 ¹
217 2574 292 2605 Aug„
307 2573 377 2598 Cont.
393 2574 491 2604 Faust.,
507 2573 550 2597 lib.
567 2574 598 2604 V,
611 2579 726 2598 c.1x.—
739 2574 749 2590 ²
760 2574 861 2604 Mami„
878 2581 939 2607 xxv,

162 2610 190 2632 33
215 2623 247 2627 -
268 2610 278 2625 ³
300 2610 404 2639 Coloss„
424 2616 469 2640 111,
492 2611 575 2634 18-20.
594 2622 626 2627 —-
646 2609 657 2625 ⁴
676 2610 780 2640 Mami„
798 2616 828 2639 x,
849 2611 888 2634 38.
914 2624 939 2629 »-

161 2644 258 2675 ⁵1bid.‚
271 2646 310 2670 41.
322 2659 353 2664 —
367 2647 376 2660 ⁸
389 2647 508 2677 August„
524 2645 567 2670 ubi
582 2652 649 2676 sup,
664 2652 684 2669 c.
703 2652 728 2669 Χ.
743 2658 770 2662 -
787 2645 794 2659 ⁷
810 2646 938 2678 Ambros.‚

161 2679 190 2704 de
203 2680 268 2712 Fuq.
283 2681 356 2712 Soec.,
371 2689 393 2707 c.
415 2688 438 2713 v,
454 2689 480 2707 n.
501 2683 540 2706 25.
559 2695 584 2699 —
607 2682 615 2696 ⁸
630 2681 746 2712 Hieron„
760 2680 794 2705 ad
810 2682 939 2714 Eustocla„

1710 184 1770 214 493

987 248 1026 280 ad
1036 248 1187 288 litteram,
1202 248 1256 280 sed
1276 247 1353 289 quia
1368 247 1548 279 discernere
1565 248 1669 280 noluit
1687 248 1771 280 inter

987 302 1119 333 consilia
1133 305 1164 334 et
1174 304 1341 343 praecepta.
1354 301 1505 333 Perhunc
1514 301 1611 333 etiam
1624 302 1769 341 modum,

987 355 1072 395 quod
1089 356 1306 387 testimonium
1318 356 1396 387 illud
1407 355 1521 387 deuon
1536 355 1700 396 portandis
1710 355 1771 386 cal-

988 409 1161 440 ceamentis
1198 409 1238 440 sit
1267 410 1307 441 ad
1336 410 1474 441 litteram
1503 409 1769 449 intelligendum,

989 462 1158 503 multiplici
1167 466 1253 504 patet
1265 465 1463 495 attestatione
1479 465 1674 495 sanctorum.
1689 462 1771 494 Nam

988 525 1077 548 sacer
1091 517 1294 556 Ambrosius,
1318 518 1353 548 in
1372 518 1453 549 libro
1477 517 1516 550 de
1539 518 1629 557 Fuga
1644 517 1765 557 είεοιιιί,

989 571 1035 602 sic
1046 571 1090 602 ait
1104 574 1114 591 ⁷
1131 582 1138 602 ι
1155 582 1170 600 «
1184 571 1276 602 Jesus
1290 571 1459 612 discipulos
1469 571 1537 602 sine
1548 571 1772 602 calceamentis

989 627 1020 656 et
1035 625 1171 665 pecunia
1195 625 1293 664 misit,
1320 634 1360 656 ne
1384 635 1494 656 secum
1517 627 1644 656 terrena
1667 627 1772 665 porta-

988 680 1070 710 rent.
1090 690 1105 708 »
1124 678 1342 719 Hieronymus
1362 679 1475 716 etiam,
1498 678 1538 709 ad
1561 678 1771 710 Eustochium

989 733 1132 764 scribens
1147 735 1157 751 ⁸
1178 744 1185 764 :
1205 745 1219 763 α
1239 732 1364 773 Moyses
1379 734 1410 763 et
1423 732 1498 763 Jesu
1521 732 1610 763 Nave
1629 733 1723 763 nudis
1738 733 1773 763 in

990 790 1075 819 terra
1089 787 1223 828 pedihus
1237 787 1394 827 jubentur
1409 786 1566 824 incedere,
1580 788 1611 817 et
1624 786 1772 826 discipuli

989 842 1058 872 sine
1078 841 1367 873 calceamentorum
1382 850 1479 872 onere
1501 842 1531 871 ct
1551 840 1690 872 vinculis
1710 841 1774 880 pel-

988 895 1080 932 lium,
1095 895 1172 926 nudi
1187 895 1226 926 ad
1244 894 1484 934 praedicandum
1502 894 1702 925 destinantur
1719 905 1725 925 :
1743 896 1774 925 et

990 949 1117 986 milites,
1127 949 1325 980 vestimentis
1335 948 1351 979 J
1354 958 1412 979 esu
1423 951 1507 979 sorte
1517 948 1641 986 divisis,
1655 947 1775 988 caligas

990 1012 1055 1034 non
1070 1002 1242 1040 habebant,
1260 1011 1341 1043 quas
1362 1002 1519 1033 tollerent.
1540 1001 1603 1033 Nec
1617 1001 1704 1033 enim
1720 1002 1775 1033 ha-

990 1057 1065 1088 bere
1099 1058 1222 1096 poterat
1249 1056 1424 1094 Dominus,
1454 1055 1540 1096 quod
1565 1055 1775 1095 prohibuerat

990 1111 1024 1142 in
1051 1112 1164 1143 servis.
1199 1122 1213 1140 n
1241 1111 1277 1142 In
1306 1111 1356 1142 his
1384 1111 1521 1142 ostendit
1543 1110 1772 1151 Hieronymus,

991 1166 1076 1206 quod
1100 1175 1166 1197 non
1187 1166 1290 1197 solum
1317 1165 1481 1206 discipuli,
1510 1165 1564 1196 sed
1586 1166 1684 1196 etiam
1707 1165 1775 1205 ipse

991 1220 1136 1251 Christus
1149 1219 1244 1250 nudis
1263 1219 1398 1259 pedibus
1413 1219 1553 1250 incessit.
1571 1219 1608 1250 Et
1633 1219 1718 1259 quod
1735 1219 1776 1250 ad

990 1273 1130 1304 litteram
1157 1273 1248 1304 debet
1278 1273 1431 1312 intelligi,
1465 1273 1551 1304 idem
1577 1282 1706 1313 quoque
1737 1273 1776 1303 ad

991 1327 1209 1367 Ageruchiain
1234 1326 1272 1358 de
1297 1328 1503 1367 illonoqamz'a
1523 1329 1534 1346 ⁹
1557 1336 1565 1357 :
1585 1338 1599 1355 (ι
1624 1326 1776 1367 Discipuli

990 1384 1056 1412 toto
1078 1381 1154 1411 orbe
1177 1381 1352 1421 peregrini,
1378 1390 1444 1411 non
1469 1389 1513 1411 aes
1540 1380 1574 1411 iu
1598 1390 1688 1418 zona,
1710 1389 1776 1411 non

991 1435 1119 1474 virgam
1141 1435 1174 1465 in
1196 1444 1307 1473 manu,
1332 1444 1398 1466 non
1426 1435 1545 1474 caligas
1574 1434 1717 1465 habuere
1741 1434 1775 1465 in

991 1489 1136 1529 pedibus.
1165 1501 1179 1518 »
1211 1489 1349 1520 ,Ioannes
1386 1489 1649 1529 Chrysostomus,
1680 1497 1777 1528 super

991 1542 1184 1575 Maccltoeum
1198 1542 1220 1559 ¹⁰
1238 1553 1245 1573 :
1266 1554 1280 1572 ς(
1298 1542 1440 1582 Apostoli
1457 1551 1521 1572 una
1535 1541 1645 1572 tunica
1658 1542 1776 1580 induti,

992 1599 1023 1627 et
1048 1596 1228 1627 discalceati
1257 1595 1505 1634 circumierunt,
1534 1597 1565 1626 et
1588 1604 1700 1626 omnes
1725 1605 1777 1626 su-

992 1652 1199 1690 peraverunt.
1217 1661 1232 1679 »
1250 1649 1336 1680 ldem
1353 1658 1482 1689 quoque
1492 1648 1572 1679 dixit
1586 1648 1677 1680 lesus
1689 1648 1778 1679 disci-

992 1706 1076 1746 pulis
1108 1706 1154 1736 ¹¹:
1180 1705 1348 1746 Numquid
1373 1704 1499 1745 aliquid
1534 1704 1640 1743 defuit
1670 1704 1777 1742 vobis,

992 1760 1121 1800 quando
1134 1761 1212 1791 misi
1227 1768 1282 1791 vos
1299 1759 1405 1791 nudos
1422 1763 1450 1791 et
1463 1759 1671 1790 discalceatos
1681 1759 1698 1790 P
1711 1758 1776 1789 Eu-

992 1814 1098 1844 sebius
1124 1814 1220 1844 etiam
1254 1813 1488 1844 Ecclesiascicce
1518 1813 1663 1844 historice
1694 1812 1777 1843 libro

992 1870 1082 1899 sexto
1098 1868 1131 1906 ¹²,
1152 1868 1186 1898 in
1201 1868 1328 1898 laudem
1344 1867 1493 1906 Origenis
1508 1876 1566 1907 pro
1582 1876 1618 1897 eo
1634 1869 1778 1906 tempore

993 1931 1057 1963 quo
1073 1921 1247 1952 catholicus
1271 1923 1350 1959 erat,
1376 1921 1421 1951 sic
1441 1921 1507 1951 ait:
1533 1932 1547 1949 α
1567 1920 1649 1950 Ante
1669 1920 1779 1951 omnia

992 1986 1070 2009 vero
1094 1978 1252 2016 praecepta
1274 1975 1474 2014 evangelica,
1501 1977 1532 2005 et
1554 1983 1645 2005 voces
1666 1973 1777 2004 Salva-

992 2031 1070 2062 toris
1085 2040 1213 2062 summo
1225 2039 1335 2061 amore
1350 2033 1381 2061 et
1396 2029 1501 2060 studio
1515 2029 1695 2069 implendas
1711 2038 1778 2060 esse

992 2085 1126 2122 dicebat,
1145 2085 1263 2125 quibus
1280 2084 1465 2124 praecipitur
1479 2084 1558 2114 duas
1576 2083 1699 2114 tunicas
1712 2092 1778 2114 nou

992 2139 1194 2177 habendum,
1216 2147 1321 2178 neque
1347 2138 1571 2168 calceamentis
1595 2137 1774 2175 utendum,

992 2202 1097 2233 neque
1117 2193 1155 2223 de
1178 2193 1316 2223 crastino
1342 2192 1563 2231 cogitandum.
1585 2202 1600 2220 >³
1623 2192 1660 2221 Et
1683 2190 1777 2231 paulo

993 2249 1086 2286 post:
1105 2258 1119 2276 α
1137 2246 1279 2286 Denique
1303 2255 1359 2286 per
1379 2245 1496 2276 multos
1518 2254 1619 2276 annos
1642 2245 1778 2275 traditur

992 2301 1113 2340 absque
1128 2300 1218 2330 omni
1233 2300 1447 2330 calceamento
1465 2299 1561 2329 nudis
1578 2298 1712 2338 pedibus
1727 2298 1776 2328 in-

993 2354 1134 2385 cessisse.
1151 2365 1165 2382 »
1186 2354 1233 2384 Ex
1244 2354 1375 2394 quibus,
1389 2355 1420 2384 et
1436 2352 1613 2389 antedictis,
1630 2351 1701 2382 luce
1715 2351 1777 2382 cla-

992 2408 1060 2438 rius
1080 2409 1220 2446 constat,
1247 2408 1332 2448 quod
1359 2407 1502 2439 Christus
1526 2406 1621 2436 nudis
1645 2406 1777 2446 pedibus

993 2461 1138 2500 incessit,
1164 2464 1195 2492 et
1218 2461 1362 2502 Apostoli
1386 2462 1425 2492 ad
1451 2461 1638 2491 mandatum
1663 2459 1774 2499 ipsius.

994 2514 1082 2552 Quod
1099 2515 1126 2545 si
1140 2524 1239 2555 quem
1252 2515 1332 2546 sorte
1351 2517 1458 2546 movet
1474 2514 1608 2544 verbum
1625 2513 1776 2553 Baptistae

994 2577 1068 2608 epist.
1085 2583 1153 2608 xxii,
1169 2578 1369 2602 col.m.178.—
1382 2578 1390 2591 ⁹
1405 2577 1453 2608 ld.‚
1466 2576 1500 2600 acl
1508 2576 1643 2608 Aqeruch..
1655 2576 1728 2607 epist.
1741 2581 1776 2606 ιιι,

994 2614 1044 2637 col.
1064 2615 1115 2638 209.
1128 2627 1158 2631 -
1176 2615 1196 2631 ¹⁰
1209 2614 1355 2645 Chrysost„
1370 2614 1397 2637 in
1412 2614 1516 2644 Mami„
1532 2614 1603 2637 bom.
1618 2619 1660 2642 xc,
1676 2613 1708 2637 al.
1725 2618 1776 2641 rei,

994 2657 1019 2673 n.
1039 2651 1063 2673 3.
1079 2663 1109 2666 —
1129 2651 1148 2667 ¹¹
1166 2651 1231 2677 Luc„
1251 2656 1322 2680 xxn,
1343 2651 1382 2674 35.
1401 2663 1427 2667 -—
1449 2650 1470 2666 ¹²
1490 2649 1595 2680 Euseb.‚
1614 2649 1680 2673 Hist.
1699 2647 1777 2679 Eccl„

995 2685 1039 2710 lib.
1055 2685 1100 2717 Vl,
1116 2692 1138 2711 c.
1155 2692 1199 2717 111,
1215 2686 1241 2710 in
1256 2686 1316 2710 fine.
