2029 3052
688 194 803 228 CIRCA
825 192 1014 226 REGULAM
1036 193 1069 225 S.
1093 192 1311 226 FRANCISCl.

194 264 331 296 cessaria
361 273 420 306 pro
446 266 591 305 tempore
606 288 616 303 ,
644 262 807 304 quomodo
837 261 969 303 potestis

193 317 463 358 transgressiones
495 317 683 358 hujusmodi
709 325 862 349 excusare
887 316 972 348 bona

194 371 408 404 conscientia?

235 425 328 466 Resp.
345 425 498 458 Videmus
517 425 552 458 in
566 425 685 458 saeculo
707 423 846 456 famulos
866 423 969 455 domi-

193 490 312 514 norum
331 491 447 523 panem
469 491 536 514 non
556 491 653 514 suum
677 481 842 514 comedere
857 505 866 520 ‚
889 481 971 512 tecto

193 545 258 567 non
281 545 341 567 suo
363 537 512 576 contegi,
529 539 560 568 et
574 536 673 568 rebus
686 535 809 574 alienis,
826 534 972 567 videlicet

192 589 399 622 dominorum
422 599 574 630 suorum,
594 590 666 622 uti:
682 590 727 621 sic
754 591 785 621 et
803 589 857 620 alii
887 596 972 629 saepe

193 644 349 677 concessis
368 645 505 676 utuntur
519 646 586 676 tam
599 645 742 677 vestibus
754 668 762 683 ‚
784 652 883 685 quam
901 642 972 674 aliis

193 698 301 737 rebus,
312 698 351 730 de
358 698 488 730 illorum
498 698 672 737 voluntate,
680 707 820 739 quorum
825 705 876 729 res
885 698 968 728 sunt.

194 753 246 785 Sic
266 755 298 785 et
318 762 376 784 nos
389 753 514 784 utimur
522 752 620 784 rebus
633 752 820 784 necessariis
831 761 889 793 pro
897 760 972 784 cor-

193 816 288 849 pore,
315 815 396 848 quas
418 808 527 838 tamen
546 816 606 838 nec
626 807 661 838 in
681 806 829 847 speciali,
853 815 912 838 nec
938 806 972 837 in

194 860 358 893 communi
375 860 469 892 nohis
481 860 736 901 appropriamuS.
751 859 873 900 Regula
884 860 972 892 enim

194 924 261 947 non
275 914 360 954 dicit,
376 923 436 946 nos
450 914 531 945 nihil
547 914 661 945 debere
675 914 805 952 habere,
824 913 877 945 sed
889 913 973 945 nihil

194 969 286 1000 nobis
302 968 519 1009 appropriare.
537 967 622 999 Unde
638 977 733 999 usum
749 977 858 999 rerum
868 976 974 999 neces-

193 1023 314 1055 sarium
324 1023 443 1054 habere
452 1030 634 1063 possumuS,
646 1031 712 1053 non
726 1022 969 1062 proprietatem:

193 1077 337 1117 alioquin
350 1086 410 1108 nec
424 1078 560 1114 vestem,
575 1085 635 1107 nec
647 1076 768 1115 cibum,
780 1085 839 1107 nec
853 1075 972 1116 aliquid

193 1131 281 1162 aliud
303 1131 338 1162 in
360 1139 460 1162 usum
486 1130 626 1170 recipere
651 1129 860 1168 deberemus,
886 1129 973 1170 qnod

193 1187 275 1217 esset
304 1187 415 1216 contra
438 1194 569 1216 omnem
591 1184 816 1215 rationabilem
846 1184 973 1215 intelle-

193 1241 293 1271 ctum.
311 1239 433 1270 Praesul
443 1239 530 1270 enim
543 1238 631 1270 Sedis
639 1238 841 1278 Apostolicae,
858 1238 914 1278 qui
927 1240 975 1269 est

194 1292 354 1332 generalis
371 1291 518 1323 omnium
532 1300 713 1332 pauperum
731 1291 878 1323 Ecclesiae
894 1301 973 1332 pro-

193 1346 297 1385 visor,
314 1345 491 1386 specialiter
514 1345 615 1376 nostri
639 1345 766 1377 Ordinis
785 1355 896 1376 curam
914 1346 974 1377 ha-

194 1399 285 1438 bens,
301 1399 448 1431 omnium
475 1399 660 1437 mobilium,
684 1408 758 1439 quae
773 1400 881 1431 Ordini
897 1409 974 1431 con-

194 1453 341 1484 feruntur
356 1478 365 1493 ,
390 1453 618 1493 proprietatem
638 1452 697 1484 sibi
715 1453 904 1493 assumpsit,
920 1463 974 1485 ex-

193 1506 291 1547 ceptis
300 1506 350 1537 his
360 1516 499 1547 quorum
512 1506 693 1538 dominium
706 1506 766 1537 sibi
777 1507 975 1539 conferentes

194 1561 419 1599 retinuerunt3
436 1562 467 1591 et
490 1560 582 1591 nohis
606 1569 703 1592 usum
720 1560 906 1592 earumdem
920 1571 974 1593 re-

194 1624 270 1646 rum
286 1614 394 1646 solum
409 1614 562 1653 concedit,
574 1616 610 1645 ut
622 1623 748 1655 semper
762 1614 864 1646 alieno
874 1615 972 1654 victu,

194 1672 226 1701 et
247 1669 379 1707 vestitu,
397 1670 429 1699 et
443 1670 535 1706 tecto,
552 1669 584 1699 et
597 1668 666 1699 aliis
681 1669 883 1708 utensilibus,
901 1669 973 1700 abs-

194 1732 257 1764 que
276 1722 477 1763 proprietatis
498 1723 582 1762 jure,
600 1731 641 1753 ex
656 1722 757 1762 ipsius
772 1723 975 1754 concessione

195 1778 341 1815 utamur,
366 1776 448 1807 sicut
474 1775 595 1806 familia
618 1776 717 1816 patris
733 1776 881 1815 familias,
901 1786 975 1817 quae

195 1830 292 1861 rebus
312 1829 433 1861 domini
451 1829 502 1860 sui
529 1829 640 1868 utitur,
666 1831 734 1860 tam
759 1830 793 1860 in
820 1831 973 1869 absentia,

195 1893 294 1924 quam
315 1883 415 1924 ipsius
429 1883 601 1923 praesentia
615 1883 782 1923 corporali,
800 1884 974 1915 secundum

195 1939 295 1979 ipsius
318 1937 572 1978 dispositionem.
598 1937 637 1969 Et
665 1938 880 1979 eleemosyna,
902 1948 975 1979 quae

195 1992 288 2023 nobis
316 2001 335 2022 a
358 1991 507 2022 fidelibus
535 1991 650 2030 datur,
675 1992 789 2023 transit
816 1992 851 2023 in
878 2002 975 2024 usum

195 2048 353 2084 nostrum,
370 2045 447 2076 etin
461 2045 546 2076 illius
560 2045 754 2084 dominium,
765 2046 820 2086 qui
829 2048 875 2077 est
885 2047 975 2087 prin-

195 2099 305 2140 cipalis
320 2098 445 2131 Ordinis
461 2099 561 2130 nostri
579 2099 788 2140 dispensator,
805 2101 855 2131 cui
871 2102 974 2141 parati

195 2162 310 2185 sumus
335 2153 445 2184 omnia
468 2162 541 2193 quae
556 2153 723 2192 hahemus,
741 2164 815 2186 cum
827 2155 972 2195 jusserit,

196 2211 350 2248 tanquam
361 2207 502 2246 domino,
511 2208 608 2248 prout
618 2208 777 2246 convenit,
787 2209 954 2249 resignare
965 2221 972 2241 :

196 2264 227 2294 et
249 2262 293 2293 nil
311 2263 409 2302 Juxta
430 2262 491 2293 hoc
513 2262 714 2302 proprietatis
737 2262 905 2302 habenteS,
922 2273 972 2295 re-

195 2316 309 2357 gulam
335 2318 478 2347 nostram
498 2316 582 2347 bona
603 2317 796 2349 conscientia
822 2319 972 2351 observa—

196 2378 280 2409 muS,
295 2371 354 2401 etc.

416 2455 620 2496 QUAESTIO
644 2458 752 2493 XXV.

196 2532 241 2560 An
255 2533 356 2565 fratres
370 2531 487 2559 Minores
503 2532 741 2566 transqrediantur
758 2535 897 2570 regulam,
914 2543 973 2563 cum

230 2577 362 2612 pecunioe,
378 2584 438 2611 quoe
451 2576 504 2604 sibi
516 2585 567 2612 pro
581 2577 744 2612 eleemosyna
758 2582 913 2616 erogantur,
923 2589 973 2616 per

232 2622 301 2649 alios
315 2622 403 2656 recipi
418 2622 443 2648 et
459 2623 612 2649 conservari
626 2623 745 2655 faciant.

238 2692 317 2723 ltem
337 2701 449 2732 quaero
473 2703 480 2724 z
502 2693 581 2724 Cum
601 2693 717 2725 iterum
736 2695 850 2735 regula
871 2696 970 2736 dicat,

1747 193 1808 224 6¹9

1026 262 1109 303 quod
1124 270 1184 293 nec
1198 270 1255 303 per
1271 269 1340 300 VOS,
1356 268 1415 292 nec
1430 268 1486 301 per
1504 259 1584 291 alios
1597 260 1736 292 debeatis
1751 269 1803 292 re-

1026 316 1130 356 cipere
1144 316 1301 353 denariOS,
1317 314 1370 347 vel
1384 314 1565 355 pecuniam,
1584 314 1738 346 videmini
1748 324 1804 355 per

1026 370 1222 401 contrarium
1243 370 1305 401 hoc
1328 369 1440 408 facere,
1462 370 1528 400 tam
1548 369 1684 408 petendo
1706 378 1805 410 pecu-

1027 424 1126 462 niam,
1143 426 1209 455 tam
1223 423 1414 464 reponendo,
1435 431 1534 463 quam
1557 422 1654 454 etiam
1675 423 1802 464 dispen-

1026 480 1136 518 sando,
1153 480 1229 521 quia
1247 480 1304 511 etsi
1320 479 1528 520 personaliter
1547 487 1618 510 eam
1639 487 1706 510 non
1729 487 1804 510 con-

1025 535 1175 574 trectatis,
1187 537 1294 566 tamen
1310 543 1366 574 per
1381 533 1459 565 alios
1473 542 1543 564 eam
1560 532 1693 572 servari,
1710 534 1741 563 et
1754 542 1805 564 re-

1027 588 1089 629 cipi
1103 588 1215 627 facitis,
1225 590 1256 619 et
1265 587 1423 627 distribui,
1436 587 1518 618 sicut
1527 587 1639 626 vultis3
1655 588 1686 618 et
1696 588 1806 617 tamen

1027 643 1192 674 inhibetur
1206 643 1288 674 sicut
1308 651 1365 683 per
1384 644 1591 683 praeceptum,
1611 643 1648 673 ut
1665 650 1730 673 non
1745 641 1806 672 ha-

1027 697 1127 729 beatis
1156 706 1253 738 super
1285 697 1345 728 hoc
1376 697 1562 737 potestatem
1588 695 1803 736 dispensandi.

1028 752 1140 784 Nescio
1154 751 1314 792 quomodo
1335 751 1418 782 hanc
1438 750 1731 790 transgressionem
1752 759 1808 781 ex-

1028 816 1139 838 cusare
1167 805 1306 847 potestis.
1333 804 1366 836 Si
1390 806 1498 836 autem
1520 813 1586 835 non
1612 805 1719 844 posset
1745 803 1806 835 hoc

1028 861 1223 901 praeceptum
1246 859 1379 898 servari,
1402 868 1468 890 non
1491 858 1648 890 deberetis
1662 866 1804 897 vovere;

1028 917 1060 947 et
1079 915 1186 955 potius
1201 916 1281 946 esset
1295 924 1314 945 a
1335 914 1451 954 regula
1466 912 1691 950 recedendum,
1707 921 1806 952 quam

1028 969 1162 1010 laqueus
1176 971 1258 1001 esset
1283 968 1485 1007 voventibus,
1504 976 1579 999 cum
1601 966 1724 999 servari
1743 975 1808 998 non

1029 1025 1145 1063 posset.

1070 1077 1267 1117 Respondeo.
1292 1076 1391 1108 Multa
1406 1077 1559 1116 putantur
1578 1075 1673 1114 mala,
1690 1084 1807 1116 quam-

1029 1131 1083 1162 diu
1097 1140 1161 1162 non
1176 1130 1420 1170 intelliguntur;
1435 1138 1509 1170 quae
1522 1129 1692 1168 intellecta,
1711 1128 1808 1160 ratio-

1029 1185 1150 1216 nabilia
1164 1187 1194 1216 et
1204 1186 1292 1225 ,iusta
1301 1184 1462 1216 videntur.
1476 1183 1527 1215 Sic
1537 1183 1616 1214 etin
1630 1183 1691 1214 ista
1705 1192 1811 1223 quaes-

1029 1239 1116 1270 tione
1132 1240 1273 1279 apparet.
1291 1238 1416 1278 Regula
1431 1237 1577 1278 prohibet
1596 1246 1654 1268 nec
1665 1246 1721 1278 per
1736 1246 1807 1275 1105,

1030 1302 1088 1324 neo
1104 1302 1159 1333 per
1172 1293 1390 1332 interpositam
1406 1300 1575 1332 personam
1591 1300 1649 1322 nos
1670 1291 1811 1331 recipere

1030 1347 1211 1387 pecuniam,
1236 1348 1273 1378 ut
1295 1347 1405 1377 nostra
1430 1345 1481 1384 sit,
1501 1347 1533 1376 et
1555 1354 1613 1376 nos
1637 1345 1760 1376 domini
1779 1346 1812 1375 et

1031 1410 1225 1441 possessores
1246 1401 1390 1441 pecuniae
1414 1400 1534 1438 simuS,
1557 1399 1648 1440 quasi
1674 1399 1721 1430 rei
1740 1407 1812 1439 pro-

1031 1455 1121 1495 priae.
1139 1454 1200 1486 Sed
1213 1454 1366 1492 concedit,
1389 1456 1425 1486 ut
1445 1462 1502 1494 per
1521 1453 1642 1484 amicos
1659 1452 1809 1493 spiritua-

1029 1508 1086 1547 les,
1110 1509 1167 1549 qui
1188 1517 1245 1548 pro
1268 1508 1330 1540 Deo
1346 1517 1405 1539 nos
1429 1507 1636 1548 spiritualiter
1655 1506 1806 1546 diligunt,

1031 1562 1062 1593 id
1075 1564 1121 1593 est
1135 1564 1220 1593 caste
1234 1564 1265 1593 et
1276 1563 1374 1602 Juste,
1388 1562 1565 1593 necessaria
1575 1569 1805 1602 procuremus:

1031 1625 1105 1657 quae
1124 1616 1180 1648 tali
1198 1616 1293 1648 modo
1312 1618 1448 1656 utraque
1469 1625 1612 1656 congrue
1631 1615 1810 1647 observan-

1031 1673 1096 1710 tur,
1114 1670 1200 1711 quod
1214 1680 1262 1710 ea,
1280 1679 1352 1711 quae
1367 1670 1435 1701 sine
1450 1669 1584 1710 pecunia
1599 1678 1663 1700 non
1676 1670 1812 1708 possunt

1031 1725 1213 1765 procurari,
1239 1726 1295 1756 aut
1319 1734 1376 1765 per
1398 1725 1482 1765 ipsos
1508 1725 1736 1765 procurentur,
1755 1723 1811 1763 qui

1031 1778 1183 1810 fratribus
1196 1779 1273 1810 dant
1287 1779 1534 1819 eleemosynam,
1552 1780 1607 1809 aut
1627 1787 1684 1818 per
1699 1786 1812 1809 eorum

1031 1833 1174 1871 nuntios,
1196 1834 1233 1863 ut
1254 1842 1328 1863 cum
1352 1832 1467 1873 aliquis
1488 1834 1639 1872 procurat
1660 1831 1811 1863 fratribus

1031 1886 1150 1917 librum
1166 1886 1271 1925 scribi,
1288 1886 1340 1918 vel
1358 1888 1479 1918 vestem
1495 1886 1576 1923 fieri,
1598 1885 1650 1916 vel
1664 1885 1810 1924 domum,

1032 1940 1084 1972 vel
1098 1940 1183 1972 aliud
1204 1940 1272 1971 suis
1290 1940 1453 1971 laboribus
1474 1942 1505 1971 et
1527 1939 1690 1979 expensiS,
1710 1940 1767 1970 aut
1787 1939 1813 1970 si

1032 1995 1144 2025 fratres
1159 1995 1219 2025 ista
1234 1996 1417 2035 procurant,
1434 1994 1481 2025 illi
1497 1994 1626 2026 solvunt
1640 1994 1812 2034 pecuniam

1032 2048 1094 2078 illis
1110 2048 1165 2088 qui
1180 2048 1331 2079 fratribus
1342 2047 1639 2079 commodaverunt.
1654 2046 1741 2078 Unde
1752 2047 1813 2078 ista

1032 2104 1106 2132 sunt
1133 2102 1348 2142 procuranda,
1378 2104 1416 2133 ut
1445 2111 1520 2134 cum
1552 2101 1665 2132 fratres
1692 2101 1814 2132 faciunt

1031 2155 1150 2187 librum
1171 2156 1276 2194 scribi,
1293 2156 1373 2187 alius
1394 2156 1496 2187 solvat
1512 2164 1668 2195 expensas
1683 2164 1740 2195 per
1765 2164 1810 2192 se,

1032 2210 1083 2241 vel
1098 2219 1154 2250 per
1168 2210 1318 2241 nuntium
1333 2219 1447 2247 suum;
1470 2211 1526 2240 aut
1544 2209 1571 2240 si
1586 2209 1684 2249 aliqui
1700 2208 1813 2240 volunt

1032 2264 1107 2295 dare
1128 2264 1278 2295 fratribus
1299 2264 1533 2304 eleemosynam
1556 2263 1713 2304 pecuniae,
1736 2271 1811 2302 pos-

1032 2319 1108 2349 sunt
1122 2318 1321 2349 committere
1335 2317 1441 2356 alicui,
1453 2318 1509 2358 qui
1524 2318 1653 2348 nomine
1669 2325 1727 2348 suo
1739 2325 1811 2347 eam

1031 2374 1147 2410 servet,
1169 2381 1226 2412 pro
1243 2372 1378 2403 utilitate
1393 2374 1501 2403 tamen
1524 2372 1673 2410 fratrum,
1690 2372 1726 2401 ut
1741 2370 1811 2402 vioe

1031 2426 1176 2465 illorum,
1202 2427 1258 2467 qui
1282 2427 1343 2457 sibi
1365 2426 1594 2458 commiserunt
1622 2424 1810 2465 pecuniam,

1031 2483 1179 2521 procuret
1194 2480 1267 2512 inde
1282 2480 1443 2518 fratribus,
1460 2479 1638 2511 secundum
1653 2478 1739 2519 quod
1754 2488 1811 2509 vo-

1030 2535 1136 2574 luerit,
1152 2535 1329 2566 seeundum
1345 2534 1430 2574 quod
1445 2543 1464 2564 a
1478 2533 1627 2564 fratribus
1640 2533 1810 2563 instruitur

1031 2598 1087 2629 per
1102 2598 1146 2628 se,
1171 2589 1222 2620 vel
1244 2598 1299 2629 per
1320 2588 1408 2626 aliOS,
1428 2588 1485 2628 qui
1499 2588 1605 2628 aptius
1619 2596 1657 2618 ea
1680 2596 1817 2627 promo-.

1030 2645 1116 2681 vent,
1142 2651 1215 2683 quae
1237 2642 1296 2673 sibi
1325 2642 1452 2673 fuerant
1481 2641 1660 2672 commissa.
1688 2640 1726 2671 Et
1754 2650 1810 2680 per

1030 2705 1141 2727 omnes
1154 2696 1231 2727 istos
1244 2705 1306 2726 non
1323 2695 1479 2735 recipiunt
1492 2695 1604 2725 fratres
1619 2694 1788 2734 pecuniam
1800 2705 1807 2732 ;
