2029 3052
263 221 323 252 320

261 287 294 318 te
307 285 468 325 constitui,
482 287 520 318 ut
533 294 607 327 quae
621 285 656 317 in
671 286 703 317 te
717 285 832 324 fecero,
848 293 916 316 non
928 284 1042 316 huma-

260 348 314 371 nae
329 340 508 379 industriae,
523 340 577 372 sed
593 347 743 380 supernae
757 337 872 379 gratiae
883 337 1043 370 ascriban-

262 393 326 424 tur.
337 392 410 433 Ego
421 393 546 432 vocavi,
562 392 709 431 servabo,
725 394 758 424 et
770 401 911 433 pascam,
927 393 959 423 et
971 391 1042 423 aliis

262 446 481 478 excidentibus
505 446 586 478 alios
608 446 806 486 subrogabo,
822 446 868 477 ita
881 447 918 477 ut
932 445 960 476 si
974 444 1042 476 nati

262 509 328 532 non
349 500 468 532 fuerint
480 523 488 538 ,
509 500 622 532 faciam
647 500 718 532 illos
732 500 830 539 nasci,
847 501 879 531 et
893 499 1042 540 quantis-

262 563 403 595 cumque
427 554 524 586 fuerit
547 555 741 596 impulsibus
755 555 952 596 paupercula
971 554 1042 586 haee

262 617 416 640 concussa
431 608 558 649 religio,
576 608 666 640 salva
679 618 806 650 semper
822 618 892 640 meo
907 617 1042 640 munere

262 662 473 702 permanehit.
490 662 697 695 Detractionis
711 672 840 704 quoque
850 663 966 695 vitium
978 663 1041 693 ini-

263 716 384 748 micum
408 716 488 748 fonti
520 717 646 758 pietatis
666 719 697 749 et
721 717 835 758 gratiae
848 741 856 756 ,
886 719 1041 757 tanquam

262 771 484 811 serpentinum
499 771 693 803 abhorrebat
701 780 858 809 morsum,
867 772 899 802 et
912 770 1043 802 atrocis-

261 823 378 856 simam
399 826 520 865 pestem
534 849 542 864 ,
568 827 599 857 et
619 825 763 865 piissimo
786 824 850 856 Deo
873 824 1040 856 abomina-

262 878 326 910 bile
341 878 408 910 fore
423 879 573 911 firmabat
591 879 644 920 (a),
660 888 718 920 pro
732 888 770 911 eo
785 878 870 919 quod
884 878 1041 910 detractor

261 932 444 965 animarum
468 933 628 974 sanguine
649 933 808 974 pascitur,
823 942 904 974 quas
931 932 1041 973 gladio

260 986 388 1027 linguae
401 990 502 1020 necat.
521 987 662 1019 Audiens
674 987 772 1019 semel
782 987 914 1018 fratrem
929 995 1041 1027 quem-

260 1038 334 1070 dam
359 1039 531 1079 denigrare
554 1040 674 1070 famam
698 1039 849 1078 alterius,
865 1047 1040 1070 conversus

261 1092 300 1124 ad
312 1093 468 1125 vicarium
481 1103 578 1126 suum
594 1094 674 1125 dixit
692 1105 698 1125 :
717 1094 834 1133 Surge,
852 1101 963 1132 surge,
978 1092 1041 1123 dis·

261 1148 334 1178 cute
367 1147 559 1187 diligenter,
586 1150 617 1179 et
641 1148 668 1178 si
697 1149 880 1179 accusatum
909 1147 1039 1193 fratrem

261 1200 463 1233 innocentem
481 1202 649 1243 repereriS,
665 1203 867 1233 accusantem
883 1200 964 1231 dura
974 1209 1040 1231 cor-

261 1255 400 1286 rectione
422 1256 545 1287 eunctis
565 1256 660 1287 redde
675 1255 859 1287 notabilem.
879 1253 1038 1285 Nonnun-

259 1318 357 1349 quam
382 1319 457 1341 vero
479 1319 572 1349 eum,
593 1310 648 1350 qui
671 1310 801 1340 fratrem
826 1318 922 1339 suum
944 1309 1039 1338 famae

260 1363 365 1403 gloria
384 1364 551 1404 spoliaret,
571 1364 735 1404 judicabat
759 1363 873 1394 habitu
895 1362 1039 1403 spolian-

259 1418 354 1457 dum,
379 1428 436 1449 nee
456 1418 494 1449 ad
515 1418 687 1450 Dominum
713 1418 820 1450 oculos
841 1427 932 1458 posse
951 1417 1037 1448 leva-

259 1481 305 1512 re,
325 1473 385 1504 nisi
403 1474 509 1514 prius,
529 1474 612 1514 quod
631 1473 819 1512 abstulerat,
837 1473 967 1504 reddere
982 1481 1039 1513 pro

260 1536 351 1567 posse
373 1530 510 1559 curaret.
537 1528 638 1559 'l'anlo
662 1529 764 1567 major
786 1529 845 1567 est,
861 1527 1040 1565 aiebat‚de-

259 1582 434 1612 tractorum
450 1581 607 1622 impietaS,
624 1591 721 1622 quam
740 1581 913 1617 latronum,
931 1590 1035 1621 quan-

259 1637 290 1666 to
307 1635 359 1666 lex
379 1635 516 1673 Christi,
535 1645 609 1675 qua„¹
634 1636 665 1666 in
688 1635 892 1666 observantia
913 1635 1038 1675 pietatis

258 1688 434 1729 impletur,
465 1690 571 1729 magis
603 1690 784 1720 animarum
807 1714 814 1728 ,
845 1699 942 1729 quam
967 1698 1038 1719 cor-

259 1752 387 1784 porum,
408 1753 464 1775 nos
485 1743 637 1783 astringit
653 1746 761 1784 optare
783 1743 930 1774 salutem.
948 1742 1035 1773 ΑΠΗ-

258 1798 316 1828 ctis
328 1806 456 1838 quoque
467 1798 694 1838 qualicumque
709 1797 864 1837 corporali
880 1796 1036 1834 molestia,

258 1851 340 1882 mira
355 1852 587 1892 compassionis
608 1851 821 1882 teneritudine
842 1851 1037 1881 condescen-

257 1904 346 1943 dens,
370 1905 395 1935 si
422 1905 497 1945 quid
522 1905 685 1945 penuriae,
702 1905 728 1935 si
750 1905 827 1945 quid
851 1904 990 1935 ‹lefectus
1006 1904 1038 1934 in

257 1958 364 1999 aliquo
378 1962 533 1996 cerneret,
550 1959 593 1999 pii
613 1959 715 1989 cordis
729 1959 896 1990 dulcedine
911 1967 1038 1998 regere-

257 2012 310 2043 b‘at
326 2013 357 2043 in
374 2013 547 2044 Christum.
576 2013 658 2044 Sane
678 2013 881 2044 elementiam
902 2013 1039 2043 habebat

257 2067 450 2106 ingenitam,
472 2077 570 2108 quam
592 2068 793 2108 superinsusa
809 2067 923 2098 Christi
939 2067 1038 2107 pietas

258 2121 454 2161 duplicabat.
482 2121 590 2162 ltaque
609 2121 803 2161 liquescebat
826 2121 953 2152 animus
967 2122 1037 2160 ejus

256 2175 294 2205 ad
307 2185 461 2216 pauperes
469 2178 499 2206 et
512 2175 668 2213 intirmos,
678 2177 706 2206 et
717 2175 834 2215 quibus
845 2177 1038 2215 nonpoterat

259 2239 402 2266 manum,
419 2229 588 2259 exhibebat
603 2229 766 2259 atl'eclum.
784 2228 924 2267 Contigit
939 2228 1037 2259 semel

259 2285 294 2314 ut
309 2283 443 2323 pauperi
459 2283 584 2313 cuidam
600 2282 836 2322 eleemosynam
853 2282 1036 2321 importune

257 2336 374 2377 petenti
386 2361 395 2375 ,
421 2346 506 2367 uuus
529 2347 546 2366 e
570 2336 720 2367 tratribus
735 2336 847 2367 durius
863 2335 1034 2375 responde-

256 2393 315 2422 ret.
343 2391 435 2428 Quod
453 2390 586 2421 audiens
608 2399 786 2430 pauperum
805 2391 876 2430 pius
898 2391 1033 2427 amator,

257 2444 346 2475 fratri
366 2444 517 2484 prcecepit
529 2468 538 2482 ,
555 2445 592 2474 ut
610 2444 647 2474 ad
674 2444 759 2475 illius
775 2445 926 2484 pauperis
941 2443 1035 2484 pedes

257 2508 288 2529 se
304 2498 461 2529 nudatum
486 2500 710 2538 prosterneret,
738 2498 947 2537 proclamaret
968 2497 1036 2528 cul-

259 2553 407 2593 pabilem,
424 2551 575 2583 orationis
590 2551 786 2590 suss'raginm
802 2552 986 2591 postularet,
1004 2554 1036 2582 et

258 2607 396 2638 veniam.
419 2606 509 2644 Quod
531 2614 605 2637 cum
631 2605 682 2636 ille
706 2605 828 2636 fecisset
858 2605 1033 2643 humiliter,

256 2660 388 2691 dulciter
411 2662 499 2700 pater
521 2659 659 2699 adiecit:
679 2658 758 2689 llum
792 2668 963 2699 pauperem
985 2659 1033 2691 vi-

290 2728 323 2754 W)
341 2724 396 2754 Ley.
413 2723 563 2747 affirmabat.

826 215 1011 262 LEGENDA
1031 215 1066 248 S.
1092 215 1311 250 FRANCISCI.

1096 284 1162 324 ἀῶ,
1177 293 1198 317 o
1209 284 1308 317 frater
1317 309 1327 325 ,
1350 284 1517 326 speculum
1535 283 1594 316 tibi
1607 283 1798 326 proponitur
1811 284 1877 318 Do-

1096 338 1200 378 mini,
1226 341 1258 371 et
1282 339 1433 380 pauperis
1454 338 1563 371 Matris
1581 340 1663 380 eJus.
1689 340 1725 370 In
1739 339 1877 372 infirmis

1095 392 1243 424 similiter
1256 393 1476 433 infirmitates,
1493 402 1574 434 quas
1596 393 1780 434 assumpsit,
1798 392 1876 426 con-

1096 446 1212 478 sidera.
1237 446 1383 488 Cumque
1407 447 1441 478 in
1464 446 1661 488 pauperibus
1685 446 1819 485 cunctis,
1845 448 1878 480 et

1095 499 1163 541 ipse
1171 500 1456 533 christianissimus
1463 510 1598 542 pauper,
1611 500 1754 541 effigiem
1761 499 1877 532 Christi

1095 554 1306 595 prospiceret,
1328 554 1354 585 si
1380 563 1445 596 qua
1468 555 1563 586 etiam
1595 555 1774 587 necessaria
1801 555 1877 587 vitae

1095 607 1155 638 sibi
1176 607 1289 639 collata
1312 607 1464 647 fuissent,
1485 608 1531 639 eis
1545 608 1786 640 occurrentibus
1810 617 1877 641 non

1095 660 1201 693 solum
1230 661 1403 694 liberaliter
1421 662 1620 701 conterebat3
1647 663 1874 701 verumetiam,

1095 723 1132 746 ac
1156 715 1181 746 si
1206 715 1337 748 illorum
1354 715 1483 757 propria
1497 718 1613 755 essent,
1626 716 1792 757 ,iudicabat
1805 725 1875 748 esse

1095 768 1266 801 reddenda.
1291 770 1413 801 Accidit
1431 770 1541 809 semel,
1558 772 1596 802 ut
1611 770 1715 802 eidem
1727 770 1875 802 redeunti

1095 822 1134 854 de
1153 822 1262 862 Senis,
1279 832 1402 864 pauper
1423 824 1555 865 quidam
1577 827 1773 864 occurreret,
1798 833 1875 856 cum

1094 877 1257 908 occasione
1268 877 1462 909 infirmitatis
1472 887 1570 919 super
1586 878 1732 910 habitum
1746 878 1874 919 palliolo

1094 930 1235 971 quodam
1258 934 1340 963 esset
1362 931 1509 964 amictus.
1525 931 1625 973 Cujus
1639 932 1769 964 miseria
1781 931 1875 964 oculo

1094 983 1241 1016 clementi
1264 988 1429 1026 conspecta
1446 996 1453 1017 :
1470 984 1611 1026 Oportet,
1641 985 1746 1026 inquit
1762 985 1803 1016 ad
1821 994 1877 1016 so-

1094 1038 1192 1077 cium,
1214 1040 1251 1069 ut
1271 1039 1443 1071 reddamus
1465 1039 1656 1070 mantellum
1680 1037 1876 1080 pauperculo

1095 1091 1157 1130 isti,
1175 1101 1250 1123 nam
1271 1092 1371 1133 ipsius
1388 1095 1446 1124 est.
1465 1092 1575 1124 Mutuo
1594 1093 1681 1124 enim
1702 1093 1808 1133 ipsum
1822 1101 1874 1124 ac-

1094 1145 1247 1186 cepimus,
1264 1145 1363 1178 donec
1381 1146 1605 1187 pauperiorem
1618 1146 1763 1178 invenire
1776 1146 1876 1178 conti-

1094 1201 1196 1238 geret.
1213 1199 1324 1231 Socius
1339 1202 1448 1231 antem
1464 1201 1508 1241 pii
1535 1200 1633 1241 patris
1656 1200 1876 1231 necessitatem

1094 1253 1311 1291 considerans,
1329 1254 1531 1294 pertinaciter
1545 1253 1733 1292 obsistebat,
1751 1263 1791 1285 ne
1807 1262 1876 1294 pro-

1094 1308 1214 1339 videret
1231 1308 1301 1347 alii,
1323 1318 1357 1339 se
1377 1308 1534 1348 neglecto.
1553 1309 1592 1339 At
1608 1307 1681 1339 ille:
1701 1308 1761 1340 Pro
1779 1308 1874 1347 furto,

1094 1361 1155 1400 ait,
1183 1362 1261 1393 mihi
1286 1364 1401 1403 reputo
1429 1372 1447 1392 a
1471 1370 1591 1402 magno
1617 1361 1877 1402 Eleemosynario

1095 1415 1338 1456 imputandum,
1355 1417 1379 1446 si
1396 1415 1468 1453 hoc,
1485 1415 1570 1456 quod
1587 1415 1665 1453 tero,
1681 1424 1746 1446 non
1761 1415 1877 1448 dedero

1095 1470 1201 1509 magis
1223 1470 1336 1510 egenti.
1365 1469 1535 1510 Propterea
1558 1469 1596 1500 de
1617 1469 1785 1508 omnibus,
1803 1478 1876 1510 quae

1093 1523 1151 1554 sibi
1169 1523 1328 1554 dabantur
1343 1523 1382 1554 ad
1400 1522 1619 1554 necessitatem
1634 1523 1776 1563 corporis
1791 1523 1875 1554 rele-

1095 1577 1250 1614 vandam,
1275 1577 1387 1608 solitus
1407 1579 1475 1608 erat
1496 1586 1514 1607 a
1539 1576 1689 1608 dantibus
1713 1576 1874 1608 licentiam

1094 1634 1211 1671 petere,
1229 1633 1264 1662 ut
1279 1631 1361 1662 licite
1377 1634 1492 1671 posset,
1512 1631 1537 1661 si
1564 1630 1670 1670 magis
1682 1639 1806 1669 egenus
1821 1639 1873 1661 oc-

1093 1687 1246 1723 curreret,
1269 1694 1416 1725 erogare.
1443 1684 1526 1716 Nulli
1543 1693 1672 1724 prorsus
1694 1684 1740 1715 rei
1763 1693 1871 1724 parce-

1094 1739 1157 1777 bat,
1185 1748 1242 1769 nec
1259 1739 1430 1778 mantellis,
1454 1748 1511 1769 nec
1530 1738 1668 1776 tuniciS‚
1691 1747 1749 1769 nec
1773 1738 1872 1776 libris,

1094 1802 1151 1823 nec
1176 1794 1272 1823 etiam
1304 1793 1498 1833 paramentis
1519 1792 1638 1831 altaris,
1665 1792 1745 1833 quin
1765 1793 1874 1824 omnia

1094 1846 1173 1885 haec,
1190 1847 1267 1878 dum
1287 1849 1409 1887 posset,
1434 1849 1469 1878 ut
1493 1846 1618 1887 pietatis
1642 1846 1787 1886 impleret
1802 1847 1872 1877 om-

1094 1901 1191 1938 cium‚
1212 1901 1431 1940 indigentibus
1448 1900 1634 1940 largiretur.
1660 1899 1783 1932 Pluries
1799 1909 1874 1932 cum

1093 1955 1231 1986 oneratis
1245 1955 1390 1986 obviaret
1406 1955 1437 1985 in
1459 1954 1511 1985 via
1533 1953 1748 1995 pauperibus,
1772 1954 1872 1986 imbe-

1094 2009 1180 2040 cilles
1219 2009 1371 2041 humeros
1404 2009 1532 2040 illorum
1565 2008 1716 2040 oneribus
1751 2017 1872 2049 suppo-

1094 2064 1198 2094 nebat.

1134 2117 1390 2148 Consideratione
1398 2126 1526 2157 quoque
1541 2116 1652 2156 primae
1664 2115 1799 2155 originis
1807 2124 1872 2146 om-

1094 2172 1198 2210 nium,
1215 2171 1438 2202 abundantiori
1455 2171 1568 2210 pietate
1583 2169 1734 2210 repletus,
1751 2171 1874 2201 creatu-

1094 2235 1155 2264 ras,
1173 2224 1410 2265 quantumlibet
1424 2233 1550 2264 parvas,
1568 2223 1673 2254 fratris
1688 2223 1739 2254 vel
1754 2223 1873 2254 sororis

1093 2279 1271 2320 appellabat
1295 2278 1490 2317 nominibus,
1514 2287 1572 2318 pro
1592 2287 1629 2309 eo
1651 2277 1737 2318 quod
1756 2277 1873 2308 sciebat

1093 2343 1146 2364 eas
1158 2342 1259 2365 unum
1272 2342 1379 2363 seeum
1392 2333 1509 2363 habere
1520 2331 1724 2372 principium.
1740 2330 1810 2361 Illas
1823 2332 1870 2360 ta-

1093 2397 1167 2419 men
1191 2387 1382 2418 viscerosius
1404 2384 1658 2426 amplexabatur,
1681 2387 1711 2415 et
1725 2383 1869 2421 dulcius,

1092 2450 1165 2482 quae
1193 2440 1306 2472 Christi
1333 2439 1613 2470 mansuetudinem
1639 2438 1724 2478 piam
1752 2436 1872 2467 simili-

1093 2495 1204 2526 tudine
1220 2494 1356 2525 naturali
1367 2493 1583 2534 praetendunt,
1598 2494 1628 2523 et
1639 2491 1812 2531 Scripturae
1828 2491 1872 2521 si-

1093 2549 1298 2589 gnificatione
1325 2549 1480 2587 figurant.
1515 2544 1658 2577 Redemit
1688 2544 1872 2585 frequenter

1093 2612 1209 2643 agnos,
1233 2603 1289 2643 qui
1314 2601 1513 2633 ducebantur
1533 2598 1572 2630 ad
1596 2599 1752 2636 mortem,
1786 2598 1871 2629 illius

1093 2666 1217 2689 memor
1239 2655 1317 2696 agni
1342 2653 1518 2691 mitissimi,
1544 2651 1599 2692 qui
1619 2651 1658 2682 ad
1679 2651 1870 2683 occisionem

1093 2712 1163 2743 duci
1197 2710 1298 2741 voluit
1326 2717 1382 2748 pro
1417 2705 1633 2747 peccatoribus
1666 2705 1868 2737 redimendis.
