2029 3052
541 365 960 422 APOLOGIA
1024 366 1465 424 PAUPERUM
1494 359 1503 376 ¹

849 651 877 686 A
886 649 913 685 R
921 648 945 685 G
954 649 978 685 U
987 647 1020 686 M
1029 649 1054 686 E
1063 648 1088 686 N
1097 648 1122 685 T
1133 649 1157 686 U
1167 649 1200 686 M

900 725 954 762 (Εω
967 725 1032 754 edit.
1047 725 1152 762 Vatia.)

260 802 468 847 Evangelicae
491 802 691 848 paupertatis
709 802 939 837 excellentiam
953 829 962 846 ,
993 803 1148 836 meritum
1171 806 1203 836 et
1225 802 1407 837 utilitatem
1438 802 1473 837 S.
1502 803 1738 838 Bonaventura
1765 804 1826 839 hoe

217 860 385 907 Opusculo
409 861 567 907 explicat,
586 865 618 895 et
645 861 803 895 Fratrum
826 861 995 895 Minorum
1018 865 1141 895 statum
1156 873 1337 905 securum,
1364 862 1586 906 meritorium,
1611 867 1643 896 et
1664 863 1732 897 Deo
1751 874 1826 908 gra-

216 923 289 953 tum
314 919 444 965 prohat,
454 919 618 954 adversus
641 919 828 962 Gyraldum
850 919 890 954 de
911 920 1051 954 Abbatis
1073 920 1180 963 Villa,
1200 920 1419 954 Parisiensem
1434 920 1619 966 Ductorem,
1643 924 1675 955 et
1702 922 1825 966 regulae

217 977 252 1011 S.
278 977 445 1012 Francisci
469 978 756 1012 calumniatorem.
783 978 849 1019 Qui
871 989 947 1012 cum
972 979 1008 1012 in
1032 978 1071 1012 B.
1094 978 1329 1022 Franciseum,
1354 982 1387 1013 et
1405 979 1478 1024 ejus
1495 978 1655 1013 Ordinem
1673 979 1826 1024 linguam

215 1036 443 1081 blasphemam
466 1037 654 1080 relaxasset,
682 1037 796 1071 divina
817 1037 944 1071 ultione
970 1048 1166 1082 percussus,
1193 1037 1336 1082 paralysi
1358 1037 1557 1080 dissolutus,
1586 1041 1618 1071 et
1645 1037 1738 1083 lepra
1752 1049 1827 1083 per-

215 1105 331 1128 cussus
349 1094 487 1129 interiit.
512 1095 719 1140 opusculum
742 1106 821 1130 vero
844 1095 908 1129 hoe
921 1121 930 1138 ,
957 1095 1056 1129 titulo
1070 1095 1184 1129 eodem
1207 1095 1403 1141 inscriptum
1417 1122 1426 1138 ,
1450 1095 1654 1130 Trithemius
1667 1096 1702 1130 S.
1719 1096 1828 1130 Bona-

216 1157 366 1187 venturae
382 1153 499 1187 tribuit
516 1166 524 1187 :
549 1153 645 1199 eujus
659 1153 795 1188 initium
810 1165 878 1188 esse
897 1157 1036 1188 testatur
1053 1167 1060 1188 :
1085 1155 1217 1188 Summi
1231 1153 1460 1199 Leqislatoris,
1479 1157 1539 1188 ete.
1567 1154 1599 1198 (²)

879 1377 1169 1419 PROLOGUS

255 1480 385 1512 Summi
396 1479 600 1520 Legislatoris
614 1479 791 1512 inviolabili
801 1481 924 1511 constat
938 1479 994 1510 dif-

216 1534 359 1566 finitione
373 1534 544 1572 sancitum,
555 1534 599 1565 sie
612 1533 768 1574 MaJeslati
779 1536 908 1566 aetornae
924 1533 994 1565 cul-

215 1591 284 1620 tum
304 1588 446 1620 debitum
465 1597 532 1620 esse
554 1589 764 1628 reddendum,
787 1588 872 1629 quod
894 1588 996 1619 idolo-

215 1651 289 1674 rum
304 1642 429 1674 cultura
450 1643 589 1681 vitetur;
606 1643 650 1673 sic
665 1642 880 1683 redigendum
903 1641 995 1672 intel-

214 1697 331 1728 lectum
357 1699 499 1728 creatum
523 1697 555 1727 in
577 1705 714 1728 summae
739 1696 882 1727 veritatis
905 1696 995 1727 obse-

215 1751 329 1792 quium
343 1774 352 1789 ‚
388 1751 472 1791 quod
507 1750 618 1781 nullus
649 1750 774 1781 falsitati
814 1750 995 1790 praebeatur

216 1814 383 1843 assensus3
411 1804 454 1835 sie
472 1804 649 1835 vacandum
673 1803 913 1835 sanctificationi
932 1803 996 1843 spi-

216 1859 350 1897 rituum,
367 1858 452 1899 quod
468 1858 599 1890 ferietur
614 1868 632 1889 a
648 1858 804 1890 servitute
821 1858 998 1889 carnalium

216 1913 438 1953 voluptatuui;
467 1912 510 1943 sic
533 1913 672 1953 denique
699 1912 857 1943 virtutum
886 1912 999 1943 deifor-

218 1966 319 1997 mium
333 1966 572 2006 approbandam
584 1975 652 1997 essc
664 1966 900 2004 rectitudinem,
913 1966 999 2006 quod

217 2020 465 2051 deformantium
500 2020 650 2051 vitiorum
679 2020 819 2060 pravitas
847 2020 997 2060 reprohe-

218 2076 283 2105 tur.
302 2074 472 2111 Praeterea,
490 2074 572 2105 sicut
589 2074 757 2105 veritatem
785 2073 857 2104 fidei
884 2076 915 2104 et
937 2083 1001 2105 mo-

218 2137 292 2159 rum
312 2137 420 2159 amore
444 2128 606 2168 praecipuo
628 2128 784 2167 jubemur
809 2128 999 2166 desiderare,

219 2191 255 2213 ae
269 2190 429 2222 quaere1·e;
447 2182 492 2212 sie
509 2187 539 2212 et
553 2190 688 2218 errores,
705 2181 808 2211 eidem
825 2182 1000 2221 oppositum

219 2244 347 2266 summo
369 2236 580 2275 astringimur
602 2235 736 2266 horrore
756 2235 872 2273 vitare,
897 2237 1000 2265 tanto-

219 2301 282 2332 que
297 2291 531 2330 vehementius,
544 2293 664 2331 quanto
677 2291 919 2331 perniciosiores
934 2300 1002 2322 esse

221 2345 410 2386 probantur.
429 2344 518 2382 Quod
539 2345 613 2385 quia
633 2345 806 2385 Scripturce
831 2354 929 2375 sacrae
948 2354 1001 2375 ca-

222 2399 355 2430 tholicos
388 2401 574 2430 tractatores
610 2409 674 2430 non
706 2399 811 2437 latuit,
851 2408 931 2429 mox
968 2400 1003 2430 ut

221 2453 359 2485 suboriri
380 2455 547 2484 senserunt
571 2461 795 2493 perversorum
814 2453 1002 2491 dogmatum

224 2507 388 2546 germina,
412 2516 534 2547 magno
561 2506 711 2537 studuere
735 2508 851 2537 conatu
874 2506 1002 2537 illorum

256 2624 261 2640 ¹
284 2624 322 2653 Cf.
347 2624 410 2648 Edit.
433 2623 562 2653 Argentiu.
586 2630 627 2647 nu.
654 2624 727 2652 ¹205,
750 2624 786 2651 Π,
807 2626 872 2654 part.
895 2624 915 2651 1;
943 2624 1003 2648 edit.

225 2660 306 2684 Vatie.
326 2667 366 2684 au.
392 2662 466 2689 2:306,
487 2663 549 2684 tom.
565 2660 625 2688 Vll,
645 2661 710 2689 punt.
729 2659 845 2689 iN',1=a;,v.
866 2662 922 2689 ΗΜ
943 2660 1002 2684 vdit.

226 2696 288 2719 Υιηι,
302 2703 342 2719 uu,
360 2698 553 2725 1ιῑ11,1·.),ι«ηι].
570 2696 591 2725 l;
608 2694 669 2718 edit.
686 2694 802 2718 Υνι].;ιι].
820 2696 1003 2726 17:513,t‹=111.x'‚

226 2738 283 2763 pag.
301 2732 355 2758 593.
373 2745 398 2749 -
415 2732 422 2746 ²
439 2734 571 2757 Summum
590 2731 704 2762 capitum
720 2730 884 2761 singularium
901 2738 1005 2763 respou-

1051 1479 1252 1512 convulsioni
1272 1489 1403 1521 operam
1423 1480 1612 1521 diligentem
1628 1481 1831 1523 impendere,

1051 1543 1091 1565 ne
1102 1534 1128 1565 si
1144 1534 1176 1565 in
1188 1534 1289 1566 altum
1299 1536 1543 1572 succrescerent,
1554 1535 1685 1567 sationis
1695 1535 1834 1567 domini-

1052 1597 1097 1619 cae
1112 1589 1235 1620 semina
1249 1589 1452 1619 suffocarent.
1471 1588 1567 1620 Porro
1577 1588 1689 1620 diebus
1703 1589 1770 1621 istis
1779 1599 1834 1622 no-

1053 1642 1202 1681 vissimis,
1218 1643 1339 1683 quibus
1353 1642 1542 1674 evidentiori
1557 1643 1699 1675 claritate
1713 1645 1831 1676 verita-

1053 1694 1092 1725 tis
1107 1694 1302 1734 evangelica}
1317 1694 1424 1734 fulgor
1439 1693 1589 1725 illuxerat
1601 1694 1697 1734 (quod
1712 1695 1833 1736 absque

1054 1748 1282 1788 profluentium
1311 1748 1519 1779 exuberantia
1542 1748 1759 1788 lacrymarum
1774 1759 1831 1781 ne-

1053 1811 1219 1843 quaquam
1244 1802 1360 1833 referre
1388 1801 1567 1842 valemus),
1587 1802 1708 1842 dogma
1729 1803 1830 1843 quod-

1055 1857 1128 1888 dam
1143 1856 1327 1897 pullulasse,
1339 1857 1472 1896 Jamque
1485 1856 1518 1886 in
1534 1856 1658 1897 scriptis
1669 1857 1832 1889 redactum

1057 1911 1248 1951 reperimus,
1258 1910 1342 1950 quod
1352 1912 1502 1950 tanquam
1514 1910 1527 1940 f
1529 1919 1623 1941 umus
1632 1913 1711 1942 teter
1719 1914 1749 1943 et
1761 1912 1834 1943 hor-

1058 1965 1147 1996 ridus
1171 1974 1188 1995 e
1204 1966 1299 2005 puteo
1317 1964 1451 2005 abyssali
1473 1973 1694 2005 prorumpen5‚
1717 1965 1831 2006 ipsius-

1060 2028 1122 2059 que
1143 2018 1222 2050 Solis
1249 2018 1386 2058 justitiae
1416 2018 1655 2058 splendentibus
1677 2019 1773 2050 radiis
1799 2028 1833 2050 se

1056 2073 1172 2104 directe
1197 2072 1364 2112 objiciens,
1396 2071 1644 2103 christianarum
1675 2073 1832 2104 mentium

1057 2125 1321 2166 hemisphaerium
1336 2125 1506 2156 obscurare
1525 2126 1695 2157 contendit.
1712 2126 1757 2158 Ne
1773 2127 1833 2167 igi-

1056 2183 1111 2211 tur
1120 2182 1182 2210 tam
1197 2178 1373 2219 perniciosa
1383 2179 1470 2210 labes
1479 2181 1554 2218 (non
1566 2179 1634 2210 sine
1647 2179 1701 2210 Dei
1711 2180 1834 2212 offensa

1056 2237 1087 2265 et
1105 2234 1290 2265 animarum
1315 2232 1497 2272 discrimine
1519 2233 1727 2274 dissimulata)
1756 2243 1831 2265 con-

1058 2290 1194 2326 crescat,
1219 2287 1379 2327 praecipue
1408 2296 1481 2317 cum
1508 2286 1676 2318 calliditate
1703 2297 1832 2328 serpen-

1057 2343 1123 2373 tina
1136 2341 1284 2382 pietatem
1301 2340 1474 2380 quamdam
1491 2341 1524 2371 in
1538 2341 1703 2381 superficie
1717 2341 1834 2381 praese-

1057 2399 1116 2434 rat,
1142 2395 1314 2426 revelanda
1332 2397 1378 2425 est
1394 2394 1487 2425 facies
1502 2394 1681 2425 indumenti
1701 2395 1781 2434 ejuS‚
1797 2397 1834 2426 ut

1058 2451 1141 2481 clare
1156 2450 1276 2480 detecta
1291 2450 1393 2486 fovea,
1415 2451 1506 2479 caute
1525 2448 1622 2488 possit
1640 2447 1751 2479 evitari
1764 2448 1832 2479 rui-

1057 2514 1110 2535 na.
1128 2504 1211 2535 Sane
1225 2503 1300 2543 quia
1314 2502 1497 2542 hujusmodi
1517 2502 1683 2532 fabricator
1703 2501 1831 2540 erroris,

1058 2568 1132 2591 cum
1147 2558 1251 2589 adhue
1272 2558 1313 2588 sit
1336 2558 1447 2596 viator,
1462 2559 1498 2588 ut
1519 2555 1687 2594 credimus,
1712 2556 1833 2595 corrigi

1059 2659 1160 2682 sionum
1175 2657 1252 2688 hujus
1269 2656 1401 2687 opusculi,
1417 2662 1474 2687 quae
1489 2655 1538 2678 lioc
1553 2654 1611 2678 loco
1628 2653 1653 2678 in
1668 2655 1767 2679 caeteris
1782 2655 1834 2679 edi-

1059 2694 1170 2717 tionibus
1192 2693 1298 2723 legitur,
1323 2693 1352 2716 :1⁴1
1377 2692 1472 2715 calciun
1494 2690 1556 2714 tomi
1580 2697 1625 2721 [11⁴1]
1651 2698 1722 2715 more
1747 2693 1833 2716 nostro

1061 2730 1222 2754 remittimus.
