2029 3052
651 216 703 249 DE
724 217 988 251 DEDICATIONE
1011 219 1223 253 ECCLESIAE.
1247 221 1380 256 SERMO
1404 223 1428 255 I.

225 295 351 323 ponerem
366 294 468 315 nomem
482 293 568 314 meum
581 285 621 313 ibi
635 286 665 312 in
676 287 870 321 sempiternum
880 287 899 313 ¹.
913 286 1010 315 Verba

227 336 295 362 sunt
309 333 426 362 Domini
442 333 480 361 ad
496 332 687 361 Salomonem
709 341 716 360 ι
740 335 768 360 θῖ
786 333 925 361 videntur
940 333 1009 362 satis

227 383 395 418 competere
421 380 573 408 hodiernae
594 379 784 415 solemnitati,
805 381 836 408 in
851 388 911 416 qua
926 380 1009 408 dedi-

226 428 374 457 cationem
397 427 499 464 templi
520 426 718 455 celebramus.
743 429 774 455 ln
793 427 893 455 verbis
908 429 1009 455 autem

225 474 386 511 propositis
402 474 463 502 duo
477 475 628 502 notantur.
646 473 778 502 Primum
790 476 832 502 est
842 474 945 510 templi
957 474 1009 502 de-

226 521 346 557 dicatio,
367 530 435 551 cum
454 521 562 549 dicitur
578 530 584 549 :
604 521 782 556 Sanctificavi
800 522 908 549 domum
929 522 1006 556 hanc,

225 577 307 604 quam
318 569 473 604 oedificasti.
486 568 655 596 Secundum
664 569 707 596 est
715 568 912 596 dedicationis
920 568 1007 603 ratio,

225 624 294 644 curn
303 615 410 644 dicitur
423 625 430 644 :
445 617 478 643 Ut
486 623 611 651 ponerem
621 623 715 643 nomen
723 623 810 643 meum
821 616 862 643 ibi
871 617 901 643 in
909 617 1007 651 sempi-

226 665 339 691 ternum.
353 664 437 691 Circa
448 662 580 699 primum
593 661 772 697 notandum,
792 662 877 698 quod
898 664 941 691 est
956 662 1007 689 tri-

223 710 295 747 plex
310 710 419 738 domus
435 709 495 744 Dei,
512 711 540 738 et
553 709 663 745 triplex
678 711 720 738 est
735 709 930 738 sanctificatio
946 718 1008 737 cor-

223 757 408 793 respondens
425 766 432 784 :
448 757 546 793 prima
561 758 603 784 est
617 756 778 784 materialis
789 766 797 791 ;
817 757 950 785 secunda
965 759 1008 785 est

223 803 402 840 spiritualis3
419 803 504 832 tertia
517 806 559 831 est
575 803 709 831 coelestis.

260 852 299 879 De
313 851 411 887 prima
424 850 529 885 domo,
544 850 655 878 scilicet
671 850 830 886 materiali,
852 850 959 878 dicitur
972 851 982 867 ²
999 860 1005 879 ε

224 909 236 923 κ
253 898 346 926 Nolite
361 898 457 926 facere
473 898 597 926 domum
614 898 706 926 Patris
730 897 788 926 mei
811 898 936 926 domum
958 907 1007 926 ne-

223 945 402 981 gotiationis.
415 954 431 972 ·»
452 947 483 974 Et
496 945 603 973 dicitur
615 945 762 981 templum
779 945 932 973 materiale
949 946 1005 974 do-

221 1001 288 1020 mus
307 992 366 1028 Dei,
389 993 460 1029 quia
480 995 554 1020 Deus
573 992 604 1020 in
620 1000 655 1020 eo
673 993 791 1028 colitur,
807 995 835 1020 et
849 993 1005 1021 adoratur.

221 1039 303 1068 Unde
318 1040 348 1068 in
365 1040 480 1068 Psalmo
496 1040 506 1057 ³
523 1049 530 1068 ε
550 1050 563 1066 «
577 1040 718 1068 Adorabo
731 1040 771 1068 ad
780 1040 926 1076 templum
939 1048 1007 1068 san-

222 1090 300 1115 ctum
316 1089 410 1115 tuum.
428 1098 440 1114 υ
460 1087 662 1116 Sanctificatur
677 1089 777 1116 autem
792 1088 900 1116 domus
911 1089 942 1116 in
954 1088 1005 1116 de-

223 1134 382 1162 dicatione.
401 1135 492 1169 Unde,
505 1135 628 1170 quando
642 1137 754 1171 Moyses
767 1135 918 1163 dedicavit
933 1138 1005 1163 tem—

220 1181 306 1217 plum
321 1184 348 1209 et
363 1182 466 1217 altare,
482 1181 698 1218 dicitur‘vquod
710 1182 904 1210 sanctificavit
916 1182 1002 1211 illud.

220 1228 330 1256 Dicitur
346 1231 446 1256 autem
467 1229 594 1257 Ecclesia
617 1229 648 1256 in
670 1229 858 1258 dedicatione
878 1229 1006 1257 sanctifi-

221 1275 281 1304 cari
295 1278 418 1312 propter
434 1277 497 1304 tria.
514 1277 611 1305 Prima
631 1277 705 1305 ratio
725 1279 777 1312 est,
802 1277 874 1313 quia
896 1277 1005 1305 sanctis

221 1323 362 1359 operibus
386 1323 583 1360 mancipatur,
614 1324 726 1352 scillcet
754 1324 924 1353 orationum
947 1324 1004 1353 fre-

221 1370 416 1406 quentationi,
436 1371 599 1399 lectionum
618 1372 796 1407 recitationi,
814 1372 922 1400 divinae
939 1372 1004 1400 lau-

221 1419 266 1446 dis
282 1419 474 1454 dedicationi,
491 1422 519 1448 et
532 1421 593 1448 veri
609 1420 745 1449 sacrificii
767 1421 922 1449 oblationi.
944 1422 1004 1448 Hoc

220 1468 273 1500 est,
295 1467 379 1502 quod
406 1467 476 1494 dicit
500 1468 585 1495 lsaias
606 1468 615 1484 ὅ
638 1477 643 1496 ;
670 1478 683 1494 «
709 1468 876 1496 Laetificabo
903 1476 953 1496 eos
973 1468 1003 1495 in

221 1512 313 1540 domo
337 1514 480 1542 orationis
501 1523 575 1543 meae
594 1524 600 1542 :
620 1515 798 1543 holocausta
818 1524 922 1543 eorum
937 1515 1003 1551 pla-

220 1560 329 1588 cebunt
342 1560 415 1588 mihi
428 1569 517 1597 super
532 1562 616 1590 altari
633 1570 713 1597 meo,
730 1565 758 1590 et
773 1562 881 1590 domus
896 1563 1004 1590 oratio-

219 1607 265 1634 nis
278 1608 444 1637 vocabitur.
461 1618 475 1635 »
492 1609 573 1636 Idem
587 1609 714 1637 habetur
727 1610 747 1637 ὃ.
760 1610 828 1644 Sed,
839 1610 914 1637 heu!
928 1609 1004 1637 mul-

218 1654 254 1681 tis
276 1654 367 1682 hodie
394 1657 495 1691 posset
516 1655 574 1683 dici
595 1656 682 1690 illud,
707 1657 791 1692 quod
814 1656 952 1684 subditur
972 1657 1003 1684 in

218 1702 349 1729 Matthoeo
364 1702 373 1718 ‘³
389 1711 395 1730 :
414 1704 494 1730 «Vos
510 1704 610 1731 autem
618 1703 817 1731 fecistisillam
828 1703 1001 1739 speluncam

217 1747 368 1776 latronum
384 1758 390 1778 :
407 1760 420 1776 »
440 1749 497 1777 illis
521 1752 620 1778 autem
635 1751 784 1785 videlicet,
803 1751 855 1787 qui
872 1759 934 1778 non
949 1759 1000 1778 ve-

217 1795 303 1823 niunt
317 1796 356 1824 ad
371 1796 525 1825 ecclesiam
536 1800 657 1833 propter
670 1798 776 1826 laudes
787 1798 1000 1832 decantandas,

217 1842 271 1870 sed
295 1843 394 1879 potius
417 1846 540 1880 propter
573 1845 679 1872 bursas
708 1845 896 1881 implendas5
928 1845 1001 1873 sicut

216 1888 292 1917 latro
306 1889 377 1917 latet
399 1890 429 1917 in
452 1891 604 1926 spelunca,
628 1894 659 1919 ut
677 1892 784 1927 spoliet
804 1894 999 1920 transeuntes.

217 1936 287 1964 Ideo
308 1936 415 1964 dicitur
431 1939 438 1953 ⁷
456 1947 461 1965 :
481 1938 661 1974 «Numquid
684 1938 826 1974 spelunea
849 1939 1000 1967 latronum

216 1983 292 2011 facta
308 1985 351 2011 est
366 1984 475 2012 domus
491 1985 556 2019 ista,
572 1985 602 2012 in
618 1993 678 2021 qua
696 1985 866 2014 invocatum
888 1988 931 2014 est
947 1995 998 2014 no-

215 2039 285 2059 men
303 2032 408 2059 tuum?
424 2042 436 2058 »
455 2032 541 2068 quasi
564 2032 642 2060 dicat
660 2043 666 2061 2
683 2033 737 2061 Sic.
755 2034 782 2062 Si
800 2037 899 2062 autem
916 2035 999 2071 quod

216 2077 246 2105 in
260 2078 384 2106 ecclesia
396 2079 555 2115 accipiunt,
576 2079 607 2107 in
623 2080 710 2108 bonis
729 2081 833 2109 usibus
848 2082 999 2117 expcnde-

215 2127 290 2159 rent,
312 2125 369 2153 hoc
398 2128 473 2154 esset
492 2126 665 2162 tolerabile3
689 2128 742 2155 sed
761 2128 928 2156 timendum
945 2132 997 2164 est,

215 2179 252 2199 ne
265 2173 356 2207 possit
371 2172 429 2200 dici
443 2173 530 2207 illud,
548 2174 631 2209 quod
648 2174 755 2202 dicitur
769 2176 779 2192 ⁸
794 2185 799 2203 ,-
814 2185 827 2202 <‹
841 2176 997 2212 Templum

215 2219 333 2248 luxuria
345 2223 372 2249 et
382 2222 649 2250 comessationibus
660 2226 721 2251 erat
730 2224 864 2259 plenum,
879 2226 906 2252 et
916 2233 996 2252 scor-

215 2267 340 2294 tantium
361 2276 428 2296 cum
448 2270 663 2298 meretricibus.
682 2281 695 2297 ›>
713 2271 782 2298 Ideo
804 2272 997 2307 conqueritur

216 2314 356 2342 Dominus
372 2316 382 2332 ⁹
399 2325 406 2342 z
426 2316 529 2349 «Quid
554 2320 606 2352 est,
629 2318 735 2354 inquit,
764 2318 848 2354 quod
871 2319 996 2347 dilectus

214 2370 298 2389 meus
312 2362 342 2389 in
358 2363 450 2391 domo
470 2372 537 2392 mea
558 2365 626 2393 facit
645 2366 757 2394 scelera
779 2367 893 2394 multa?
913 2378 926 2393 n
949 2368 995 2395 Isti

214 2409 369 2445 quaestioni
386 2410 455 2438 satis
470 2410 556 2439 facile
567 2415 608 2440 est
623 2414 804 2449 respondere
817 2424 824 2448 3
838 2417 865 2442 et
875 2423 995 2450 respon-

214 2456 263 2484 det
273 2456 414 2485 Dominus
430 2458 450 2475 ¹⁰
468 2467 474 2485 ι
493 2470 505 2483 «
518 2460 589 2486 Eece
604 2460 665 2487 haec
680 2460 733 2488 fuit
748 2461 887 2497 iniquitas
902 2463 994 2490 Sodo-

213 2511 269 2530 mae
280 2504 390 2532 sororis
400 2507 467 2539 tune,
479 2506 629 2541 superbia,
645 2508 781 2536 saturitas
792 2508 886 2544 panis,
900 2509 994 2537 abun-

248 2591 252 2604 ¹
273 2591 302 2615 lll
322 2591 389 2622 Κεφ,
406 2598 448 2623 ix,
467 2594 490 2616 3.
508 2606 535 2610 ——
554 2593 564 2609 2
578 2593 660 2621 Joan„
678 2600 704 2624 u,
723 2597 758 2618 16.
776 2608 805 2613 —-
821 2596 830 2609 ³
844 2596 910 2620 Psal.
929 2603 952 2627 v,
970 2599 993 2621 8.

214 2637 243 2643 -—
258 2627 267 2643 't
283 2627 372 2652 Num..
387 2633 437 2658 vil,
455 2630 478 2652 1.
496 2643 521 2646 -
542 2630 551 2646 ⁵
565 2630 623 2658 lsa„
641 2636 696 2660 Lm,
714 2631 736 2654 7.
753 2643 783 2647 —
798 2633 807 2645 ⁰
824 2631 922 2661 illailla,
939 2639 993 2664 xxi,

216 2662 252 2686 13.
273 2675 303 2679 --
325 2663 334 2679 ⁷
352 2664 452 2695 derem„
478 2671 527 2695 vu,
551 2667 589 2689 11.
607 2679 638 2683 -
662 2666 670 2678 β
696 2666 714 2689 ll
742 2666 835 2696 Mac-ln,
859 2673 896 2697 Vl,
922 2670 944 2692 lo.
966 2683 992 2686 —

215 2699 223 2711 Ἀ
238 2698 339 2729 lev-em,
352 2705 387 2730 xi,
404 2701 442 2725 15.
459 2715 487 2718 —
501 2702 520 2717 ¹⁰
537 2701 636 2731 Ezecla„
653 2708 705 2733 xvi,
722 2703 760 2726 49.
777 2715 805 2719 -
824 2704 839 2719 ¹¹
856 2703 993 2736 Zacl1.,1x,

1790 230 1850 260 425

1065 287 1166 317 dantia
1182 291 1210 317 et
1225 290 1330 319 otium.
1347 301 1362 318 »
1379 291 1516 320 Secunda
1529 292 1616 327 ratio,
1632 301 1725 330 quare
1740 294 1850 324 domus

1065 335 1172 364 dicitur
1199 337 1376 366 sanctificari
1399 339 1429 366 in
1455 338 1654 375 dedicatione,
1683 341 1754 378 quia
1779 345 1850 371 tunc

1064 384 1236 412 sanctorum
1251 385 1434 420 Angelorum
1446 386 1593 415 custodiae
1608 387 1776 424 deputatur.
1793 391 1848 418 Un-

1064 428 1102 456 de
1116 429 1135 445 ¹¹
1153 439 1159 457 :
1180 441 1193 455 «
1207 431 1407 461 Circumdabo
1423 433 1549 461 domum
1563 442 1662 462 meam
1676 443 1712 463 ex
1725 435 1781 471 hiS,
1797 437 1849 473 qui

1063 476 1191 504 militant
1209 478 1294 513 mihi,
1312 489 1326 505 ›>
1344 479 1375 507 id
1389 482 1441 513 est,
1456 481 1563 509 sanctis
1578 481 1703 517 angelis,
1716 483 1768 519 qui
1782 486 1850 512 sunt

1063 522 1170 551 milites
1197 525 1254 552 mei
1283 535 1290 554 :
1317 526 1353 554 de
1374 527 1484 563 quibus
1509 527 1655 556 militibus
1679 529 1820 558 dicitur¹²
1840 540 1846 559 ε

1066 579 1080 596 «
1102 571 1254 607 Numquid
1275 575 1318 600 est
1340 582 1485 602 numerus
1507 575 1635 603 militum
1657 577 1744 612 ejus?
1768 587 1780 604 >³
1803 579 1848 606 lsti

1063 617 1143 645 enim
1168 618 1275 647 milites
1302 620 1428 649 domum
1452 621 1539 650 istam
1566 623 1748 660 custodiunt,
1777 625 1849 661 quia

1063 666 1160 693 astant
1175 666 1341 694 orantibus.
1359 668 1440 696 Unde
1465 669 1495 696 in
1510 669 1627 698 Psalmo
1644 671 1666 688 ¹³
1683 680 1689 699 :
1708 681 1722 697 «
1735 673 1847 700 Praeve-

1063 715 1171 741 nerunt
1186 713 1345 750 principes,
1369 726 1381 740 υ
1404 715 1436 743 id
1457 718 1500 744 est
1523 717 1638 753 Angeli,
1663 728 1677 744 «
1697 719 1846 755 conjuncti

1061 760 1269 796 psallentihuS,
1285 761 1316 789 in
1339 762 1442 790 medio
1455 763 1684 798 juvencularum
1701 767 1848 803 tympani-

1062 807 1211 843 striarum,
1235 819 1248 834 »
1272 808 1303 836 id
1328 811 1379 845 est,
1411 809 1581 838 animarum
1604 814 1785 848 sanctarum,
1815 814 1846 842 in

1063 854 1154 883 choro
1183 857 1210 884 et
1233 857 1378 892 tympano
1398 856 1504 885 laudes
1524 857 1755 887 decantantium.
1776 860 1846 889 Ideo

1062 901 1152 929 etiam
1178 902 1249 930 dicit
1273 904 1431 939 Apostolus
1446 903 1477 939 ¹¹⁰,
1499 905 1582 941 quod
1612 906 1722 934 mulier
1758 915 1847 935 orans

1062 948 1152 977 debet
1164 949 1262 978 velare
1275 953 1364 986 caput
1376 959 1464 979 suum
1479 954 1602 988 propter
1614 953 1752 988 Angelos.
1764 954 1847 982 Valet

1062 996 1142 1023 enim
1167 997 1333 1026 reverentia
1355 998 1428 1034 ipsis
1453 999 1619 1027 astantibus
1643 1000 1788 1035 exhiberi,
1820 1004 1847 1030 et

1061 1043 1183 1078 gloriosi
1199 1045 1327 1080 angelici
1343 1045 1462 1081 spiritus
1479 1046 1566 1074 nobis
1582 1047 1685 1075 adesse
1704 1048 1845 1076 credendi

1061 1092 1144 1125 sunt,
1170 1100 1239 1120 cum
1261 1093 1367 1121 divinis
1391 1095 1599 1131 mancipamur
1621 1096 1775 1132 obsequiis
1797 1097 1846 1125 vel

1062 1138 1177 1174 officiis,
1194 1140 1226 1167 id
1241 1142 1294 1175 est,
1318 1149 1387 1169 curn
1403 1142 1559 1170 ecclesiam
1579 1143 1715 1178 ingressi,
1735 1144 1784 1172 vel
1803 1144 1846 1172 le-

1061 1186 1209 1215 ctionibus
1218 1188 1308 1216 sacris
1316 1196 1419 1216 aurem
1431 1190 1707 1226 accommodamus,
1717 1191 1846 1227 psalmo-

1061 1233 1117 1261 diae
1139 1242 1262 1270 operam
1279 1235 1397 1270 damus,
1419 1236 1467 1264 vel
1488 1237 1673 1265 orationibus
1697 1239 1844 1267 incumbi-

1060 1288 1139 1316 mus,
1154 1281 1203 1309 vel
1223 1283 1381 1310 missarum
1400 1283 1545 1312 solemnia
1565 1284 1763 1313 celebramus.
1780 1288 1845 1314 Non

1061 1328 1198 1357 dubitare
1219 1330 1296 1365 licet,
1319 1331 1403 1367 quod
1422 1332 1473 1360 ubi
1496 1333 1640 1360 Dominici
1664 1333 1798 1369 corporis
1817 1336 1845 1362 et

1060 1377 1213 1412 sanguinis
1234 1378 1374 1414 mysteria
1396 1381 1553 1414 geruntur,
1579 1388 1778 1416 supernorum
1804 1381 1844 1409 ci-

1060 1423 1143 1451 vium
1159 1424 1261 1452 adesse
1279 1425 1315 1460 (a)
1335 1428 1509 1461 conventus,
1526 1426 1577 1463 qui
1597 1430 1840 1462 monumentum,

1060 1471 1090 1498 in
1104 1480 1165 1508 quo
1177 1474 1348 1501 venerabile
1362 1483 1471 1511 corpus
1481 1475 1613 1511 positum
1624 1475 1727 1510 fuerat,
1740 1478 1768 1504 et
1780 1476 1844 1511 jam

1059 1520 1243 1555 resurgendo
1272 1521 1463 1555 abscesserat,
1488 1524 1548 1549 tam
1572 1522 1684 1550 sedulis
1710 1523 1843 1551 excubiis

1060 1570 1261 1596 servaverunt.
1284 1569 1373 1597 Debet
1395 1569 1484 1605 igitur
1503 1570 1543 1597 eis
1559 1571 1744 1598 adstantibus
1758 1579 1841 1599 reve-

1059 1614 1153 1643 rentia
1174 1616 1317 1643 exhiberi.
1336 1616 1422 1649 Quod
1438 1619 1480 1644 est
1495 1620 1597 1657 contra
1612 1617 1695 1653 illos,
1712 1619 1763 1654 qui
1781 1626 1842 1646 non

1058 1665 1205 1690 venerunt
1220 1671 1317 1697 orare,
1333 1664 1385 1691 sed
1401 1664 1500 1699 potius
1521 1665 1675 1700 garrulare
1697 1666 1727 1693 in
1748 1666 1843 1693 eccle-

1059 1708 1113 1743 sia,
1130 1711 1158 1737 et
1173 1710 1303 1738 maxime
1314 1711 1472 1747 mulieres3
1486 1720 1553 1739 cum
1565 1714 1663 1740 tamen
1676 1712 1754 1741 dicat
1770 1716 1843 1749 Apo-

1058 1756 1151 1784 stolus
1165 1757 1202 1785 ¹⁵:
1218 1758 1412 1786 «illulieresin
1429 1759 1553 1787 ecclesia
1565 1761 1688 1787 taceant.
1698 1761 1792 1796 Turpe
1800 1763 1842 1788 est

1058 1803 1136 1831 enim
1152 1804 1310 1832 mulierem
1336 1805 1421 1842 loqui
1443 1806 1473 1833 in
1496 1806 1628 1834 ecclesia.
1645 1817 1658 1833 n
1680 1808 1774 1836 Tertia
1794 1816 1841 1836 ra*

1057 1850 1109 1885 tio,
1127 1859 1218 1887 quare
1238 1852 1415 1880 sanctificari
1439 1853 1546 1881 dcitur
1566 1854 1689 1882 ecclesia
1712 1854 1741 1881 in
1758 1855 1840 1882 dedi-

1058 1898 1184 1933 catione,
1201 1901 1253 1933 θεῖ,
1270 1899 1342 1935 quia
1362 1902 1430 1927 tunc
1446 1901 1582 1936 pretiosis
1599 1902 1772 1929 Sanctorum
1795 1910 1840 1929 re-

1056 1944 1157 1980 liquiis
1165 1945 1337 1974 adornatur.
1347 1948 1377 1974 ln
1388 1947 1471 1982 cujus
1479 1947 1576 1983 figura
1587 1948 1693 1975 dieitur
1703 1948 1732 1983 ¹⁶,
1745 1949 1839 1984 quod,

1056 1991 1087 2018 in
1112 1992 1299 2022 dedicatione
1328 1994 1443 2030 templi,
1468 1994 1609 2023 Salomon
1633 1997 1661 2023 et
1684 1995 1839 2023 universus

1056 2040 1143 2067 lsrael
1180 2048 1280 2068 aream
1305 2041 1421 2069 Domini
1456 2044 1620 2077 posuerunt
1650 2042 1681 2070 in
1702 2043 1837 2078 templo,

1055 2086 1122 2114 loco
1138 2087 1275 2116 videlicet
1290 2089 1495 2125 reliquiarum.
1518 2090 1555 2116 De
1571 2089 1615 2116 his
1637 2090 1777 2117 omnibus
1799 2091 1836 2117 si-

1054 2134 1118 2161 mul
1135 2134 1205 2162 dicit
1220 2137 1248 2163 B.
1266 2137 1431 2163 Bernardus
1448 2136 1467 2154 ¹7
1482 2146 1488 2163 :
1506 2136 1598 2170 «Quis
1614 2137 1693 2164 enim
1709 2137 1836 2165 ecclesiae

1053 2182 1179 2216 parietes
1199 2186 1315 2210 sanctos
1339 2184 1436 2211 dicere
1463 2186 1608 2219 vereatur,
1631 2193 1706 2220 quos
1729 2193 1836 2212 manus

1054 2231 1174 2257 sacratae
1196 2230 1370 2257 Pontificum
1386 2231 1473 2258 tantis
1488 2231 1709 2259 sanctificavere
1725 2234 1834 2267 myste-

1053 2275 1104 2302 riis
1115 2276 1128 2302 ‘?
1144 2277 1183 2303 Ex
1199 2278 1268 2304 tunc
1285 2286 1407 2313 quoque
1432 2280 1459 2305 et
1481 2278 1619 2315 deinceps
1635 2278 1709 2306 inibi
1734 2279 1835 2306 lectio-

1054 2330 1126 2349 num
1137 2323 1279 2351 resultare
1292 2324 1470 2360 l'requentia,
1491 2328 1660 2353 sanctarum
1677 2326 1711 2361 (b)
1728 2326 1835 2354 oratio-

1053 2377 1126 2397 num
1155 2370 1263 2399 devota
1282 2380 1470 2400 murmurare
1496 2372 1639 2407 susurria,
1666 2375 1834 2400 sanctarum

1052 2417 1246 2453 reliquiarum
1264 2419 1405 2447 honorari
1426 2420 1514 2447 beata
1533 2420 1699 2455 praesentia,
1715 2422 1833 2448 sancto-

1052 2472 1119 2492 rum
1134 2465 1289 2500 spirituum
1305 2466 1453 2494 indelessa
1468 2466 1599 2493 noscitur
1610 2467 1747 2494 custodia
1761 2467 1835 2502 vigi-

1052 2511 1123 2539 lare.
1140 2523 1152 2537 »
1172 2513 1292 2548 Propter
1306 2513 1395 2548 igitur
1410 2513 1478 2541 istas
1501 2516 1557 2541 tres
1578 2513 1707 2541 rationes
1727 2514 1834 2542 dicitur

1052 2600 1075 2623 8.
1087 2612 1117 2615 -
1135 2599 1154 2615 ¹2
1166 2599 1222 2629 doh,
1239 2606 1298 2629 xxv,
1316 2602 1337 2622 3.
1352 2613 1378 2616 -
1396 2598 1595 2629 ¹³!1.sal.va11‚
1611 2601 1649 2624 26.
1662 2613 1693 2618 —
1706 2600 1745 2624 ¹⁴1
1763 2600 1833 2631 Cor„

1053 2641 1090 2663 xi,
1105 2636 1327 2665 6,10.—'⁵lbid
1342 2655 1348 2666 ‚
1364 2642 1418 2665 riv,
1433 2636 1557 2665 3l,5l2j.—
1577 2636 1597 2651 ¹⁶
1614 2636 1643 2659 lll
1658 2637 1793 2667 ch.,vul‚
1808 2638 1831 2661 6.

1051 2683 1078 2687 —-
1093 2671 1110 2687 ¹⁷
1125 2671 1210 2702 Bern.,
1227 2673 1253 2695 2'72
1271 2672 1354 2696 Derlic.
1373 2671 1450 2700 Eccl.,
1467 2678 1544 2695 serm.
1559 2677 1593 2702 lv,
1607 2679 1633 2695 n.
1653 2675 1712 2696 1.-
1727 2674 1758 2703 (ιι)
1776 2673 1830 2705 Leq.

1051 2706 1144 2730 adsint.
1163 2720 1192 2725 —
1206 2707 1239 2739 (b)
1258 2708 1295 2732 lla
1310 2707 1378 2739 apud
1394 2708 1467 2731 Beria.
1483 2708 1544 2732 Caet.
1560 2708 1620 2732 edit.
1637 2709 1800 2733 Sanctorum.
