<?xml version="1.0" encoding="UTF-8"?>
<!DOCTYPE html PUBLIC "-//W3C//DTD XHTML 1.0 Transitional//EN"
    "http://www.w3.org/TR/xhtml1/DTD/xhtml1-transitional.dtd">
<html xmlns="http://www.w3.org/1999/xhtml" xml:lang="en" lang="en">
 <head>
  <title>
</title>
<meta http-equiv="Content-Type" content="text/html;charset=utf-8" />
  <meta name='ocr-system' content='tesseract 3.04.00' />
  <meta name='ocr-capabilities' content='ocr_page ocr_carea ocr_par ocr_line ocrx_word'/>
</head>
<body>
  <div class='ocr_page' id='page_1' title='image "./operaomniasixtiv14bonauoft/operaomniasixtiv14bonauoft_0520.png"; bbox 0 0 2029 3052; ppageno 0'>
   <div class='ocr_carea' id='block_1_1' title="bbox 249 214 1043 2585">
    <p class='ocr_par' dir='ltr' id='par_1_1' title="bbox 249 214 1043 2585">
     <span class='ocr_line' id='line_1_1' title="bbox 250 214 310 264; baseline 0.017 -21"><span class='ocrx_word' id='word_1_1' title='bbox 250 214 310 264; x_wconf 59' lang='lat'><strong>4532</strong></span> 
     </span>
     <span class='ocr_line' id='line_1_2' title="bbox 250 278 1025 321; baseline -0.003 -10"><span class='ocrx_word' id='word_1_2' title='bbox 250 289 347 321; x_wconf 87' lang='lat' dir='ltr'><strong>quam</strong></span> <span class='ocrx_word' id='word_1_3' title='bbox 362 279 531 311; x_wconf 81' lang='lat' dir='ltr'>imitabiles</span> <span class='ocrx_word' id='word_1_4' title='bbox 543 279 619 310; x_wconf 87' lang='lat' dir='ltr'><strong>viris</strong></span> <span class='ocrx_word' id='word_1_5' title='bbox 630 278 776 320; x_wconf 82' lang='lat' dir='ltr'><strong>perfectis</strong></span> <span class='ocrx_word' id='word_1_6' title='bbox 788 280 1025 319; x_wconf 86' lang='lat' dir='ltr'><strong>proponuntur.</strong></span> 
     </span>
     <span class='ocr_line' id='line_1_3' title="bbox 251 332 1025 374; baseline -0.003 -9"><span class='ocrx_word' id='word_1_7' title='bbox 251 333 338 365; x_wconf 82' lang='lat' dir='ltr'>Unde</span> <span class='ocrx_word' id='word_1_8' title='bbox 361 333 573 374; x_wconf 81' lang='lat' dir='ltr'><strong>Augustinus,</strong></span> <span class='ocrx_word' id='word_1_9' title='bbox 593 332 632 365; x_wconf 82' lang='lat' dir='ltr'><strong>de</strong></span> <span class='ocrx_word' id='word_1_10' title='bbox 655 332 796 365; x_wconf 83' lang='lat' dir='ltr'><strong>moribus</strong></span> <span class='ocrx_word' id='word_1_11' title='bbox 818 332 968 365; x_wconf 74' lang='lat' dir='ltr'><strong>Ecclesioe</strong></span> <span class='ocrx_word' id='word_1_12' title='bbox 991 332 999 349; x_wconf 94' lang='lat'>¹</span> <span class='ocrx_word' id='word_1_13' title='bbox 1017 343 1025 363; x_wconf 74' lang='lat' dir='ltr'>z</span> 
     </span>
     <span class='ocr_line' id='line_1_4' title="bbox 255 386 1028 425; baseline -0.003 -6"><span class='ocrx_word' id='word_1_14' title='bbox 255 400 269 418; x_wconf 75' lang='grc' dir='ltr'><strong>(ι</strong></span> <span class='ocrx_word' id='word_1_15' title='bbox 284 388 399 419; x_wconf 80' lang='lat' dir='ltr'>Amisit</span> <span class='ocrx_word' id='word_1_16' title='bbox 416 387 475 419; x_wconf 88' lang='lat' dir='ltr'><strong>Job</strong></span> <span class='ocrx_word' id='word_1_17' title='bbox 495 395 606 419; x_wconf 89' lang='lat' dir='ltr'><strong>omnes</strong></span> <span class='ocrx_word' id='word_1_18' title='bbox 629 386 774 425; x_wconf 87' lang='lat' dir='ltr'><strong>divitias,</strong></span> <span class='ocrx_word' id='word_1_19' title='bbox 801 388 832 417; x_wconf 82' lang='lat' dir='ltr'><strong>et</strong></span> <span class='ocrx_word' id='word_1_20' title='bbox 854 387 956 417; x_wconf 81' lang='lat' dir='ltr'><strong>factus</strong></span> <span class='ocrx_word' id='word_1_21' title='bbox 980 387 1028 417; x_wconf 86' lang='lat' dir='ltr'><strong>est</strong></span> 
     </span>
     <span class='ocr_line' id='line_1_5' title="bbox 250 440 1028 482; baseline -0.005 -8"><span class='ocrx_word' id='word_1_22' title='bbox 250 444 380 482; x_wconf 87' lang='lat' dir='ltr'><strong>repente</strong></span> <span class='ocrx_word' id='word_1_23' title='bbox 400 441 644 482; x_wconf 79' lang='lat' dir='ltr'><strong>pauperrimus3</strong></span> <span class='ocrx_word' id='word_1_24' title='bbox 667 440 721 471; x_wconf 87' lang='lat' dir='ltr'><strong>sed</strong></span> <span class='ocrx_word' id='word_1_25' title='bbox 743 440 970 471; x_wconf 83' lang='lat' dir='ltr'><strong>inconcussum</strong></span> <span class='ocrx_word' id='word_1_26' title='bbox 984 441 1028 470; x_wconf 90' lang='lat' dir='ltr'><strong>te-</strong></span> 
     </span>
     <span class='ocr_line' id='line_1_6' title="bbox 249 493 1028 534; baseline -0.004 -7"><span class='ocrx_word' id='word_1_27' title='bbox 249 496 322 527; x_wconf 87' lang='lat' dir='ltr'><strong>nuit</strong></span> <span class='ocrx_word' id='word_1_28' title='bbox 337 495 481 525; x_wconf 88' lang='lat' dir='ltr'><strong>animum</strong></span> <span class='ocrx_word' id='word_1_29' title='bbox 491 518 500 532; x_wconf 96' lang='lat'><strong>,</strong></span> <span class='ocrx_word' id='word_1_30' title='bbox 516 503 582 534; x_wconf 89' lang='lat' dir='ltr'><strong>quo</strong></span> <span class='ocrx_word' id='word_1_31' title='bbox 598 493 706 524; x_wconf 85' lang='lat' dir='ltr'><strong>animo</strong></span> <span class='ocrx_word' id='word_1_32' title='bbox 720 493 745 524; x_wconf 89' lang='lat' dir='ltr'><strong>si</strong></span> <span class='ocrx_word' id='word_1_33' title='bbox 765 493 806 534; x_wconf 89' lang='lat' dir='ltr'><strong>(a)</strong></span> <span class='ocrx_word' id='word_1_34' title='bbox 821 503 887 525; x_wconf 90' lang='lat' dir='ltr'><strong>esse</strong></span> <span class='ocrx_word' id='word_1_35' title='bbox 900 496 1028 534; x_wconf 84' lang='lat' dir='ltr'><strong>possent</strong></span> 
     </span>
     <span class='ocr_line' id='line_1_7' title="bbox 250 547 1027 588; baseline -0.004 -8"><span class='ocrx_word' id='word_1_36' title='bbox 250 549 352 580; x_wconf 80' lang='lat' dir='ltr'>nostri</span> <span class='ocrx_word' id='word_1_37' title='bbox 373 548 527 588; x_wconf 90' lang='lat' dir='ltr'><strong>temporis</strong></span> <span class='ocrx_word' id='word_1_38' title='bbox 547 547 714 586; x_wconf 83' lang='lat' dir='ltr'><strong>homines,</strong></span> <span class='ocrx_word' id='word_1_39' title='bbox 735 556 799 578; x_wconf 93' lang='lat' dir='ltr'><strong>non</strong></span> <span class='ocrx_word' id='word_1_40' title='bbox 825 547 861 588; x_wconf 85' lang='lat' dir='ltr'><strong>(b)</strong></span> <span class='ocrx_word' id='word_1_41' title='bbox 887 555 1027 586; x_wconf 83' lang='lat' dir='ltr'><strong>magno-</strong></span> 
     </span>
     <span class='ocr_line' id='line_1_8' title="bbox 249 601 1027 644; baseline -0.004 -10"><span class='ocrx_word' id='word_1_42' title='bbox 249 613 325 644; x_wconf 84' lang='lat' dir='ltr'>pere</span> <span class='ocrx_word' id='word_1_43' title='bbox 340 603 370 633; x_wconf 91' lang='lat' dir='ltr'><strong>in</strong></span> <span class='ocrx_word' id='word_1_44' title='bbox 383 601 472 634; x_wconf 92' lang='lat' dir='ltr'><strong>Novo</strong></span> <span class='ocrx_word' id='word_1_45' title='bbox 485 601 688 632; x_wconf 87' lang='lat' dir='ltr'><strong>Testamento</strong></span> <span class='ocrx_word' id='word_1_46' title='bbox 702 601 742 632; x_wconf 88' lang='lat' dir='ltr'><strong>ab</strong></span> <span class='ocrx_word' id='word_1_47' title='bbox 756 601 891 632; x_wconf 90' lang='lat' dir='ltr'><strong>istorum</strong></span> <span class='ocrx_word' id='word_1_48' title='bbox 903 609 1027 641; x_wconf 90' lang='lat' dir='ltr'><strong>posses-</strong></span> 
     </span>
     <span class='ocr_line' id='line_1_9' title="bbox 250 654 1028 696; baseline -0.005 -8"><span class='ocrx_word' id='word_1_49' title='bbox 250 657 338 688; x_wconf 86' lang='lat' dir='ltr'>sione</span> <span class='ocrx_word' id='word_1_50' title='bbox 352 655 610 696; x_wconf 76' lang='lat' dir='ltr'><strong>prohiberemur,</strong></span> <span class='ocrx_word' id='word_1_51' title='bbox 633 657 670 685; x_wconf 91' lang='lat' dir='ltr'><strong>ut</strong></span> <span class='ocrx_word' id='word_1_52' title='bbox 687 654 817 694; x_wconf 82' lang='lat' dir='ltr'><strong>perfecti</strong></span> <span class='ocrx_word' id='word_1_53' title='bbox 833 663 900 685; x_wconf 86' lang='lat' dir='ltr'><strong>esse</strong></span> <span class='ocrx_word' id='word_1_54' title='bbox 915 662 1028 694; x_wconf 88' lang='lat' dir='ltr'><strong>posse-</strong></span> 
     </span>
     <span class='ocr_line' id='line_1_10' title="bbox 251 707 1029 749; baseline -0.005 -7"><span class='ocrx_word' id='word_1_55' title='bbox 251 720 335 742; x_wconf 91' lang='lat' dir='ltr'><strong>mus.</strong></span> <span class='ocrx_word' id='word_1_56' title='bbox 353 722 367 740; x_wconf 77' lang='grc'><strong>1)</strong></span> <span class='ocrx_word' id='word_1_57' title='bbox 387 710 463 741; x_wconf 83' lang='lat' dir='ltr'><strong>Haec</strong></span> <span class='ocrx_word' id='word_1_58' title='bbox 478 709 692 749; x_wconf 80' lang='lat' dir='ltr'><strong>Augustinus.</strong></span> <span class='ocrx_word' id='word_1_59' title='bbox 709 708 765 740; x_wconf 87' lang='lat' dir='ltr'><strong>Cui</strong></span> <span class='ocrx_word' id='word_1_60' title='bbox 781 711 931 740; x_wconf 77' lang='lat' dir='ltr'><strong>consonat</strong></span> <span class='ocrx_word' id='word_1_61' title='bbox 947 707 1029 738; x_wconf 89' lang='lat' dir='ltr'><strong>Gre-</strong></span> 
     </span>
     <span class='ocr_line' id='line_1_11' title="bbox 253 762 1029 806; baseline -0.006 -9"><span class='ocrx_word' id='word_1_62' title='bbox 253 766 364 806; x_wconf 85' lang='lat' dir='ltr'><strong>gorius</strong></span> <span class='ocrx_word' id='word_1_63' title='bbox 379 765 410 795; x_wconf 93' lang='lat' dir='ltr'><strong>in</strong></span> <span class='ocrx_word' id='word_1_64' title='bbox 425 763 600 796; x_wconf 57' lang='lat' dir='ltr'><strong>Mol-atibus</strong></span> <span class='ocrx_word' id='word_1_65' title='bbox 611 764 639 794; x_wconf 77' lang='lat'><strong>²:</strong></span> <span class='ocrx_word' id='word_1_66' title='bbox 661 763 827 794; x_wconf 87' lang='lat' dir='ltr'><strong>«Necdum</strong></span> <span class='ocrx_word' id='word_1_67' title='bbox 838 762 941 793; x_wconf 88' lang='lat' dir='ltr'><strong>virtus</strong></span> <span class='ocrx_word' id='word_1_68' title='bbox 950 770 1029 802; x_wconf 84' lang='lat' dir='ltr'><strong>prae-</strong></span> 
     </span>
     <span class='ocr_line' id='line_1_12' title="bbox 251 815 1027 860; baseline -0.009 -8"><span class='ocrx_word' id='word_1_69' title='bbox 251 820 332 860; x_wconf 81' lang='lat' dir='ltr'><strong>cepti</strong></span> <span class='ocrx_word' id='word_1_70' title='bbox 347 819 533 856; x_wconf 76' lang='lat' dir='ltr'><strong>emicuerat,</strong></span> <span class='ocrx_word' id='word_1_71' title='bbox 549 826 622 858; x_wconf 82' lang='lat' dir='ltr'><strong>quae</strong></span> <span class='ocrx_word' id='word_1_72' title='bbox 638 817 746 848; x_wconf 84' lang='lat' dir='ltr'><strong>omnia</strong></span> <span class='ocrx_word' id='word_1_73' title='bbox 761 816 898 856; x_wconf 82' lang='lat' dir='ltr'><strong>relinqui</strong></span> <span class='ocrx_word' id='word_1_74' title='bbox 915 815 1027 855; x_wconf 69' lang='grc'>[111001-</span> 
     </span>
     <span class='ocr_line' id='line_1_13' title="bbox 251 868 1030 915; baseline -0.009 -9"><span class='ocrx_word' id='word_1_75' title='bbox 251 876 358 915; x_wconf 89' lang='lat' dir='ltr'><strong>peret;</strong></span> <span class='ocrx_word' id='word_1_76' title='bbox 383 873 437 904; x_wconf 88' lang='lat' dir='ltr'><strong>sed</strong></span> <span class='ocrx_word' id='word_1_77' title='bbox 456 874 564 903; x_wconf 87' lang='lat' dir='ltr'><strong>tamen</strong></span> <span class='ocrx_word' id='word_1_78' title='bbox 585 871 731 902; x_wconf 88' lang='lat' dir='ltr'><strong>eamdem</strong></span> <span class='ocrx_word' id='word_1_79' title='bbox 752 871 789 911; x_wconf 86' lang='lat' dir='ltr'><strong>(c)</strong></span> <span class='ocrx_word' id='word_1_80' title='bbox 807 868 1030 911; x_wconf 69' lang='lat' dir='ltr'><strong>praeceptionis</strong></span> 
     </span>
     <span class='ocr_line' id='line_1_14' title="bbox 251 922 1028 966; baseline -0.008 -7"><span class='ocrx_word' id='word_1_81' title='bbox 251 929 319 959; x_wconf 89' lang='lat' dir='ltr'><strong>vim</strong></span> <span class='ocrx_word' id='word_1_82' title='bbox 334 927 367 958; x_wconf 90' lang='lat' dir='ltr'><strong>in</strong></span> <span class='ocrx_word' id='word_1_83' title='bbox 382 927 476 958; x_wconf 89' lang='lat' dir='ltr'><strong>corde</strong></span> <span class='ocrx_word' id='word_1_84' title='bbox 495 926 654 964; x_wconf 82' lang='lat' dir='ltr'><strong>servabat,</strong></span> <span class='ocrx_word' id='word_1_85' title='bbox 676 925 753 966; x_wconf 88' lang='lat' dir='ltr'><strong>quia</strong></span> <span class='ocrx_word' id='word_1_86' title='bbox 776 925 932 955; x_wconf 90' lang='lat' dir='ltr'><strong>nimirum</strong></span> <span class='ocrx_word' id='word_1_87' title='bbox 951 922 1028 954; x_wconf 89' lang='lat' dir='ltr'><strong>sub-</strong></span> 
     </span>
     <span class='ocr_line' id='line_1_15' title="bbox 251 978 1030 1019; baseline -0.008 -6"><span class='ocrx_word' id='word_1_88' title='bbox 251 982 399 1013; x_wconf 76' lang='lat' dir='ltr'><strong>stantiam</strong></span> <span class='ocrx_word' id='word_1_89' title='bbox 415 989 505 1011; x_wconf 84' lang='lat' dir='ltr'><strong>suam</strong></span> <span class='ocrx_word' id='word_1_90' title='bbox 519 981 587 1019; x_wconf 87' lang='lat' dir='ltr'><strong>jam</strong></span> <span class='ocrx_word' id='word_1_91' title='bbox 603 981 710 1010; x_wconf 88' lang='lat' dir='ltr'><strong>mente</strong></span> <span class='ocrx_word' id='word_1_92' title='bbox 730 978 914 1019; x_wconf 83' lang='lat' dir='ltr'><strong>reliquerat,</strong></span> <span class='ocrx_word' id='word_1_93' title='bbox 930 985 1030 1017; x_wconf 87' lang='lat' dir='ltr'><strong>quam</strong></span> 
     </span>
     <span class='ocr_line' id='line_1_16' title="bbox 252 1030 1031 1075; baseline -0.009 -8"><span class='ocrx_word' id='word_1_94' title='bbox 252 1037 321 1067; x_wconf 87' lang='lat' dir='ltr'><strong>sine</strong></span> <span class='ocrx_word' id='word_1_95' title='bbox 343 1044 452 1066; x_wconf 86' lang='lat' dir='ltr'><strong>amore</strong></span> <span class='ocrx_word' id='word_1_96' title='bbox 470 1034 659 1075; x_wconf 85' lang='lat' dir='ltr'><strong>possidebat..</strong></span> <span class='ocrx_word' id='word_1_97' title='bbox 677 1045 690 1061; x_wconf 76' lang='lat' dir='ltr'><strong>n</strong></span> <span class='ocrx_word' id='word_1_98' title='bbox 710 1032 756 1064; x_wconf 86' lang='lat' dir='ltr'><strong>Ex</strong></span> <span class='ocrx_word' id='word_1_99' title='bbox 772 1032 889 1073; x_wconf 86' lang='lat' dir='ltr'><strong>quibus</strong></span> <span class='ocrx_word' id='word_1_100' title='bbox 905 1030 1031 1062; x_wconf 88' lang='lat' dir='ltr'><strong>eviden-</strong></span> 
     </span>
     <span class='ocr_line' id='line_1_17' title="bbox 252 1084 1027 1131; baseline -0.012 -8"><span class='ocrx_word' id='word_1_101' title='bbox 252 1094 299 1123; x_wconf 85' lang='lat' dir='ltr'><strong>ter</strong></span> <span class='ocrx_word' id='word_1_102' title='bbox 321 1092 461 1131; x_wconf 79' lang='lat' dir='ltr'><strong>apparet,</strong></span> <span class='ocrx_word' id='word_1_103' title='bbox 488 1088 574 1130; x_wconf 87' lang='lat' dir='ltr'><strong>quod</strong></span> <span class='ocrx_word' id='word_1_104' title='bbox 595 1087 653 1119; x_wconf 89' lang='lat' dir='ltr'><strong>Job</strong></span> <span class='ocrx_word' id='word_1_105' title='bbox 674 1090 801 1118; x_wconf 88' lang='lat' dir='ltr'><strong>terrena</strong></span> <span class='ocrx_word' id='word_1_106' title='bbox 817 1084 1007 1126; x_wconf 89' lang='lat' dir='ltr'><strong>possidendo</strong></span> <span class='ocrx_word' id='word_1_107' title='bbox 1020 1108 1027 1122; x_wconf 86' lang='lat'>‚</span> 
     </span>
     <span class='ocr_line' id='line_1_18' title="bbox 252 1137 1032 1185; baseline -0.01 -9"><span class='ocrx_word' id='word_1_108' title='bbox 252 1145 411 1185; x_wconf 82' lang='lat' dir='ltr'><strong>perfectus</strong></span> <span class='ocrx_word' id='word_1_109' title='bbox 432 1144 491 1174; x_wconf 81' lang='lat' dir='ltr'><strong>fuit</strong></span> <span class='ocrx_word' id='word_1_110' title='bbox 509 1142 576 1173; x_wconf 91' lang='lat' dir='ltr'><strong>solo</strong></span> <span class='ocrx_word' id='word_1_111' title='bbox 597 1143 781 1181; x_wconf 87' lang='lat' dir='ltr'><strong>contemptu</strong></span> <span class='ocrx_word' id='word_1_112' title='bbox 806 1139 932 1177; x_wconf 85' lang='lat' dir='ltr'><strong>mentis,</strong></span> <span class='ocrx_word' id='word_1_113' title='bbox 956 1137 1032 1178; x_wconf 83' lang='lat' dir='ltr'><strong>quia</strong></span> 
     </span>
     <span class='ocr_line' id='line_1_19' title="bbox 252 1193 1028 1234; baseline -0.01 -4"><span class='ocrx_word' id='word_1_114' title='bbox 252 1199 396 1230; x_wconf 87' lang='lat' dir='ltr'><strong>nondum</strong></span> <span class='ocrx_word' id='word_1_115' title='bbox 419 1197 593 1228; x_wconf 78' lang='lat' dir='ltr'><strong>emicuerat</strong></span> <span class='ocrx_word' id='word_1_116' title='bbox 617 1195 785 1226; x_wconf 88' lang='lat' dir='ltr'><strong>consilium</strong></span> <span class='ocrx_word' id='word_1_117' title='bbox 807 1193 1028 1234; x_wconf 81' lang='lat' dir='ltr'><strong>paupertatis:</strong></span> 
     </span>
     <span class='ocr_line' id='line_1_20' title="bbox 253 1245 1030 1294; baseline -0.012 -10"><span class='ocrx_word' id='word_1_118' title='bbox 253 1263 288 1284; x_wconf 86' lang='lat' dir='ltr'><strong>ac</strong></span> <span class='ocrx_word' id='word_1_119' title='bbox 301 1261 357 1294; x_wconf 89' lang='lat' dir='ltr'><strong>per</strong></span> <span class='ocrx_word' id='word_1_120' title='bbox 378 1252 456 1290; x_wconf 78' lang='lat' dir='ltr'><strong>hoe,</strong></span> <span class='ocrx_word' id='word_1_121' title='bbox 482 1251 563 1281; x_wconf 88' lang='lat' dir='ltr'><strong>sicut</strong></span> <span class='ocrx_word' id='word_1_122' title='bbox 582 1249 772 1289; x_wconf 85' lang='lat' dir='ltr'><strong>conjugium</strong></span> <span class='ocrx_word' id='word_1_123' title='bbox 797 1247 935 1278; x_wconf 83' lang='lat' dir='ltr'><strong>Abrabae</strong></span> <span class='ocrx_word' id='word_1_124' title='bbox 948 1270 957 1284; x_wconf 94' lang='lat'><strong>,</strong></span> <span class='ocrx_word' id='word_1_125' title='bbox 980 1245 1030 1276; x_wconf 90' lang='lat' dir='ltr'><strong>cui</strong></span> 
     </span>
     <span class='ocr_line' id='line_1_21' title="bbox 252 1301 1032 1348; baseline -0.01 -10"><span class='ocrx_word' id='word_1_126' title='bbox 252 1317 317 1339; x_wconf 90' lang='lat' dir='ltr'><strong>nou</strong></span> <span class='ocrx_word' id='word_1_127' title='bbox 340 1306 511 1348; x_wconf 63' lang='lat' dir='ltr'><strong>praefertur</strong></span> <span class='ocrx_word' id='word_1_128' title='bbox 535 1304 697 1335; x_wconf 59' lang='lat' dir='ltr'><strong>caelibatus</strong></span> <span class='ocrx_word' id='word_1_129' title='bbox 724 1302 874 1337; x_wconf 72' lang='grc' dir='ltr'><strong>ι1011111115,</strong></span> <span class='ocrx_word' id='word_1_130' title='bbox 897 1310 961 1331; x_wconf 88' lang='grc'>11011</span> <span class='ocrx_word' id='word_1_131' title='bbox 985 1301 1032 1330; x_wconf 88' lang='lat' dir='ltr'><strong>est</strong></span> 
     </span>
     <span class='ocr_line' id='line_1_22' title="bbox 252 1355 1031 1400; baseline -0.012 -7"><span class='ocrx_word' id='word_1_132' title='bbox 252 1361 446 1394; x_wconf 87' lang='lat' dir='ltr'><strong>trahendum</strong></span> <span class='ocrx_word' id='word_1_133' title='bbox 474 1362 616 1400; x_wconf 80' lang='lat' dir='ltr'><strong>tempore</strong></span> <span class='ocrx_word' id='word_1_134' title='bbox 647 1358 760 1398; x_wconf 65' lang='lat' dir='ltr'><strong>gratiae</strong></span> <span class='ocrx_word' id='word_1_135' title='bbox 784 1357 815 1387; x_wconf 92' lang='lat' dir='ltr'><strong>in</strong></span> <span class='ocrx_word' id='word_1_136' title='bbox 846 1355 1031 1395; x_wconf 80' lang='lat' dir='ltr'><strong>exemplum</strong></span> 
     </span>
     <span class='ocr_line' id='line_1_23' title="bbox 253 1412 1033 1458; baseline -0.01 -11"><span class='ocrx_word' id='word_1_137' title='bbox 253 1415 467 1458; x_wconf 76' lang='lat' dir='ltr'><strong>perfectionis,</strong></span> <span class='ocrx_word' id='word_1_138' title='bbox 487 1415 530 1444; x_wconf 81' lang='lat' dir='ltr'><strong>sic</strong></span> <span class='ocrx_word' id='word_1_139' title='bbox 546 1423 603 1444; x_wconf 85' lang='lat' dir='ltr'><strong>nec</strong></span> <span class='ocrx_word' id='word_1_140' title='bbox 616 1415 744 1453; x_wconf 85' lang='lat' dir='ltr'><strong>patrum</strong></span> <span class='ocrx_word' id='word_1_141' title='bbox 758 1412 941 1442; x_wconf 87' lang='lat' dir='ltr'><strong>sanctorum</strong></span> <span class='ocrx_word' id='word_1_142' title='bbox 959 1418 1033 1450; x_wconf 89' lang='lat' dir='ltr'><strong>pos-</strong></span> 
     </span>
     <span class='ocr_line' id='line_1_24' title="bbox 255 1462 1032 1509; baseline -0.012 -7"><span class='ocrx_word' id='word_1_143' title='bbox 255 1471 352 1502; x_wconf 76' lang='lat' dir='ltr'><strong>sessio</strong></span> <span class='ocrx_word' id='word_1_144' title='bbox 380 1467 573 1509; x_wconf 80' lang='lat' dir='ltr'><strong>temporalis.</strong></span> <span class='ocrx_word' id='word_1_145' title='bbox 601 1466 708 1498; x_wconf 87' lang='lat' dir='ltr'><strong>Tertia</strong></span> <span class='ocrx_word' id='word_1_146' title='bbox 736 1474 865 1505; x_wconf 87' lang='lat' dir='ltr'><strong>qnoque</strong></span> <span class='ocrx_word' id='word_1_147' title='bbox 890 1463 970 1494; x_wconf 87' lang='lat' dir='ltr'><strong>ratio</strong></span> <span class='ocrx_word' id='word_1_148' title='bbox 993 1462 1032 1493; x_wconf 89' lang='lat' dir='ltr'><strong>ad</strong></span> 
     </span>
     <span class='ocr_line' id='line_1_25' title="bbox 254 1518 1033 1564; baseline -0.012 -8"><span class='ocrx_word' id='word_1_149' title='bbox 254 1526 315 1556; x_wconf 88' lang='lat' dir='ltr'><strong>hoc</strong></span> <span class='ocrx_word' id='word_1_150' title='bbox 328 1525 430 1564; x_wconf 88' lang='lat' dir='ltr'><strong>ipsum</strong></span> <span class='ocrx_word' id='word_1_151' title='bbox 445 1525 502 1560; x_wconf 82' lang='lat' dir='ltr'><strong>est,</strong></span> <span class='ocrx_word' id='word_1_152' title='bbox 518 1521 593 1562; x_wconf 87' lang='lat' dir='ltr'><strong>quia</strong></span> <span class='ocrx_word' id='word_1_153' title='bbox 604 1520 704 1551; x_wconf 86' lang='lat' dir='ltr'><strong>multa</strong></span> <span class='ocrx_word' id='word_1_154' title='bbox 718 1519 863 1560; x_wconf 85' lang='lat' dir='ltr'><strong>patribus</strong></span> <span class='ocrx_word' id='word_1_155' title='bbox 877 1518 909 1548; x_wconf 89' lang='lat' dir='ltr'><strong>in</strong></span> <span class='ocrx_word' id='word_1_156' title='bbox 925 1518 1033 1557; x_wconf 79' lang='lat' dir='ltr'><strong>figura</strong></span> 
     </span>
     <span class='ocr_line' id='line_1_26' title="bbox 254 1575 1034 1617; baseline -0.012 -7"><span class='ocrx_word' id='word_1_157' title='bbox 254 1578 485 1617; x_wconf 88' lang='lat' dir='ltr'><strong>contingebant</strong></span> <span class='ocrx_word' id='word_1_158' title='bbox 500 1578 530 1607; x_wconf 81' lang='lat' dir='ltr'><strong>et</strong></span> <span class='ocrx_word' id='word_1_159' title='bbox 547 1575 672 1612; x_wconf 89' lang='lat' dir='ltr'><strong>umbra,</strong></span> <span class='ocrx_word' id='word_1_160' title='bbox 691 1583 764 1613; x_wconf 78' lang='lat' dir='ltr'><strong>qnae</strong></span> <span class='ocrx_word' id='word_1_161' title='bbox 780 1576 922 1612; x_wconf 81' lang='lat' dir='ltr'><strong>tempore</strong></span> <span class='ocrx_word' id='word_1_162' title='bbox 939 1580 1034 1602; x_wconf 82' lang='lat' dir='ltr'><strong>reve-</strong></span> 
     </span>
     <span class='ocr_line' id='line_1_27' title="bbox 255 1626 1034 1671; baseline -0.012 -7"><span class='ocrx_word' id='word_1_163' title='bbox 255 1634 327 1664; x_wconf 59' lang='lat' dir='ltr'><strong>latae</strong></span> <span class='ocrx_word' id='word_1_164' title='bbox 343 1631 457 1671; x_wconf 58' lang='lat' dir='ltr'><strong>gratiae</strong></span> <span class='ocrx_word' id='word_1_165' title='bbox 473 1633 504 1661; x_wconf 90' lang='lat' dir='ltr'><strong>et</strong></span> <span class='ocrx_word' id='word_1_166' title='bbox 515 1629 666 1666; x_wconf 86' lang='lat' dir='ltr'><strong>veritatis,</strong></span> <span class='ocrx_word' id='word_1_167' title='bbox 687 1626 869 1668; x_wconf 73' lang='lat' dir='ltr'><strong>perfectioni</strong></span> <span class='ocrx_word' id='word_1_168' title='bbox 881 1635 943 1656; x_wconf 91' lang='lat' dir='ltr'><strong>non</strong></span> <span class='ocrx_word' id='word_1_169' title='bbox 954 1634 1034 1655; x_wconf 85' lang='lat' dir='ltr'><strong>con—</strong></span> 
     </span>
     <span class='ocr_line' id='line_1_28' title="bbox 256 1679 1033 1724; baseline -0.013 -7"><span class='ocrx_word' id='word_1_170' title='bbox 256 1688 388 1724; x_wconf 87' lang='lat' dir='ltr'><strong>sonant·‚</strong></span> <span class='ocrx_word' id='word_1_171' title='bbox 406 1688 436 1716; x_wconf 84' lang='lat' dir='ltr'><strong>et</strong></span> <span class='ocrx_word' id='word_1_172' title='bbox 458 1684 527 1715; x_wconf 78' lang='lat' dir='ltr'><strong>ideo</strong></span> <span class='ocrx_word' id='word_1_173' title='bbox 542 1684 596 1714; x_wconf 87' lang='lat' dir='ltr'><strong>illa</strong></span> <span class='ocrx_word' id='word_1_174' title='bbox 612 1692 698 1712; x_wconf 87' lang='grc'>1111110</span> <span class='ocrx_word' id='word_1_175' title='bbox 714 1682 745 1712; x_wconf 89' lang='grc'><strong>111</strong></span> <span class='ocrx_word' id='word_1_176' title='bbox 763 1679 949 1720; x_wconf 83' lang='lat' dir='ltr'><strong>exemplum</strong></span> <span class='ocrx_word' id='word_1_177' title='bbox 965 1680 1033 1708; x_wconf 88' lang='lat' dir='ltr'><strong>tra-</strong></span> 
     </span>
     <span class='ocr_line' id='line_1_29' title="bbox 256 1734 1032 1778; baseline -0.01 -6"><span class='ocrx_word' id='word_1_178' title='bbox 256 1742 425 1778; x_wconf 72' lang='lat' dir='ltr'><strong>lie1·e‚1ion</strong></span> <span class='ocrx_word' id='word_1_179' title='bbox 448 1739 605 1769; x_wconf 78' lang='lat' dir='ltr'><strong>modicam</strong></span> <span class='ocrx_word' id='word_1_180' title='bbox 633 1739 765 1776; x_wconf 84' lang='lat' dir='ltr'><strong>generat</strong></span> <span class='ocrx_word' id='word_1_181' title='bbox 790 1734 1032 1766; x_wconf 77' lang='lat' dir='ltr'><strong>absurditatem.</strong></span> 
     </span>
     <span class='ocr_line' id='line_1_30' title="bbox 258 1788 1034 1830; baseline -0.01 -4"><span class='ocrx_word' id='word_1_182' title='bbox 258 1795 345 1826; x_wconf 82' lang='lat' dir='ltr'><strong>Unde</strong></span> <span class='ocrx_word' id='word_1_183' title='bbox 362 1793 541 1824; x_wconf 71' lang='lat' dir='ltr'><strong>Bet-nardus</strong></span> <span class='ocrx_word' id='word_1_184' title='bbox 562 1792 571 1807; x_wconf 78' lang='lat'><strong>²³</strong></span> <span class='ocrx_word' id='word_1_185' title='bbox 583 1816 590 1830; x_wconf 90' lang='lat'><strong>,</strong></span> <span class='ocrx_word' id='word_1_186' title='bbox 613 1790 651 1823; x_wconf 82' lang='lat' dir='ltr'><strong>de</strong></span> <span class='ocrx_word' id='word_1_187' title='bbox 674 1790 827 1829; x_wconf 78' lang='lat' dir='ltr'><strong>colloquio</strong></span> <span class='ocrx_word' id='word_1_188' title='bbox 844 1788 991 1820; x_wconf 66' lang='lat' dir='ltr'><strong>Simtmis</strong></span> <span class='ocrx_word' id='word_1_189' title='bbox 1007 1790 1034 1819; x_wconf 79' lang='lat' dir='ltr'><strong>el</strong></span> 
     </span>
     <span class='ocr_line' id='line_1_31' title="bbox 257 1842 1032 1884; baseline -0.013 -4"><span class='ocrx_word' id='word_1_190' title='bbox 257 1849 329 1880; x_wconf 75' lang='lat' dir='ltr'><strong>Jesu</strong></span> <span class='ocrx_word' id='word_1_191' title='bbox 346 1858 357 1878; x_wconf 91' lang='lat'><em>:</em></span> <span class='ocrx_word' id='word_1_192' title='bbox 376 1860 390 1876; x_wconf 90' lang='lat'>«</span> <span class='ocrx_word' id='word_1_193' title='bbox 408 1847 565 1878; x_wconf 79' lang='lat' dir='ltr'><strong>Excusant</strong></span> <span class='ocrx_word' id='word_1_194' title='bbox 589 1854 621 1875; x_wconf 82' lang='lat' dir='ltr'><strong>se</strong></span> <span class='ocrx_word' id='word_1_195' title='bbox 640 1844 737 1884; x_wconf 80' lang='lat' dir='ltr'><strong>aliqui</strong></span> <span class='ocrx_word' id='word_1_196' title='bbox 753 1843 905 1880; x_wconf 76' lang='lat' dir='ltr'><strong>fortassis,</strong></span> <span class='ocrx_word' id='word_1_197' title='bbox 925 1842 1032 1871; x_wconf 85' lang='lat' dir='ltr'><strong>dicen-</strong></span> 
     </span>
     <span class='ocr_line' id='line_1_32' title="bbox 258 1897 1035 1938; baseline -0.01 -6"><span class='ocrx_word' id='word_1_198' title='bbox 258 1904 322 1933; x_wconf 86' lang='lat' dir='ltr'><strong>tes:</strong></span> <span class='ocrx_word' id='word_1_199' title='bbox 338 1901 512 1938; x_wconf 65' lang='lat' dir='ltr'><strong>Aluaham,</strong></span> <span class='ocrx_word' id='word_1_200' title='bbox 526 1899 609 1930; x_wconf 83' lang='lat' dir='ltr'><strong>isaac</strong></span> <span class='ocrx_word' id='word_1_201' title='bbox 619 1898 761 1935; x_wconf 72' lang='grc'>01111001),</span> <span class='ocrx_word' id='word_1_202' title='bbox 777 1897 1035 1936; x_wconf 70' lang='grc'>01010111111051111-</span> 
     </span>
     <span class='ocr_line' id='line_1_33' title="bbox 257 1949 1034 1994; baseline -0.009 -8"><span class='ocrx_word' id='word_1_203' title='bbox 257 1956 309 1993; x_wconf 87' lang='lat' dir='ltr'><strong>cti,</strong></span> <span class='ocrx_word' id='word_1_204' title='bbox 325 1954 481 1994; x_wconf 87' lang='lat' dir='ltr'><strong>numquid</strong></span> <span class='ocrx_word' id='word_1_205' title='bbox 501 1962 564 1984; x_wconf 90' lang='grc'>11011</span> <span class='ocrx_word' id='word_1_206' title='bbox 581 1955 723 1983; x_wconf 87' lang='lat' dir='ltr'><strong>terrenas</strong></span> <span class='ocrx_word' id='word_1_207' title='bbox 742 1951 867 1982; x_wconf 84' lang='lat' dir='ltr'><strong>divitias</strong></span> <span class='ocrx_word' id='word_1_208' title='bbox 883 1949 1034 1980; x_wconf 84' lang='lat' dir='ltr'><strong>habuisse</strong></span> 
     </span>
     <span class='ocr_line' id='line_1_34' title="bbox 258 2003 1037 2049; baseline -0.01 -9"><span class='ocrx_word' id='word_1_209' title='bbox 258 2009 438 2049; x_wconf 75' lang='lat' dir='ltr'><strong>leguntur?</strong></span> <span class='ocrx_word' id='word_1_210' title='bbox 455 2007 576 2038; x_wconf 73' lang='lat' dir='ltr'><strong>Sufficit</strong></span> <span class='ocrx_word' id='word_1_211' title='bbox 601 2006 692 2037; x_wconf 88' lang='lat' dir='ltr'><strong>nobis</strong></span> <span class='ocrx_word' id='word_1_212' title='bbox 718 2014 786 2035; x_wconf 83' lang='lat' dir='ltr'><strong>esse</strong></span> <span class='ocrx_word' id='word_1_213' title='bbox 809 2005 889 2035; x_wconf 87' lang='lat' dir='ltr'><strong>sicut</strong></span> <span class='ocrx_word' id='word_1_214' title='bbox 905 2003 951 2033; x_wconf 90' lang='grc'>1111</span> <span class='ocrx_word' id='word_1_215' title='bbox 967 2004 1037 2033; x_wconf 85' lang='lat' dir='ltr'><strong>sue-</strong></span> 
     </span>
     <span class='ocr_line' id='line_1_35' title="bbox 259 2058 1034 2102; baseline -0.009 -9"><span class='ocrx_word' id='word_1_216' title='bbox 259 2065 354 2101; x_wconf 80' lang='lat' dir='ltr'><strong>runt3</strong></span> <span class='ocrx_word' id='word_1_217' title='bbox 378 2071 482 2102; x_wconf 86' lang='lat' dir='ltr'><strong>neque</strong></span> <span class='ocrx_word' id='word_1_218' title='bbox 494 2061 580 2091; x_wconf 77' lang='lat' dir='ltr'><strong>enim</strong></span> <span class='ocrx_word' id='word_1_219' title='bbox 602 2069 715 2091; x_wconf 83' lang='lat' dir='ltr'><strong>sumus</strong></span> <span class='ocrx_word' id='word_1_220' title='bbox 735 2068 792 2089; x_wconf 91' lang='lat' dir='ltr'><strong>nos</strong></span> <span class='ocrx_word' id='word_1_221' title='bbox 807 2058 950 2098; x_wconf 86' lang='lat' dir='ltr'><strong>patribus</strong></span> <span class='ocrx_word' id='word_1_222' title='bbox 966 2066 1034 2087; x_wconf 83' lang='lat' dir='ltr'><strong>me-</strong></span> 
     </span>
     <span class='ocr_line' id='line_1_36' title="bbox 260 2111 1035 2155; baseline -0.009 -7"><span class='ocrx_word' id='word_1_223' title='bbox 260 2118 365 2148; x_wconf 75' lang='lat' dir='ltr'><strong>liores,</strong></span> <span class='ocrx_word' id='word_1_224' title='bbox 392 2116 425 2146; x_wconf 82' lang='lat' dir='ltr'><strong>Si</strong></span> <span class='ocrx_word' id='word_1_225' title='bbox 447 2115 611 2155; x_wconf 83' lang='lat' dir='ltr'><strong>culpabilis</strong></span> <span class='ocrx_word' id='word_1_226' title='bbox 635 2113 789 2154; x_wconf 75' lang='lat' dir='ltr'><strong>possessio</strong></span> <span class='ocrx_word' id='word_1_227' title='bbox 808 2114 890 2143; x_wconf 82' lang='lat' dir='ltr'><strong>esset</strong></span> <span class='ocrx_word' id='word_1_228' title='bbox 908 2111 1035 2142; x_wconf 73' lang='lat' dir='ltr'><strong>divitia-</strong></span> 
     </span>
     <span class='ocr_line' id='line_1_37' title="bbox 262 2164 1040 2209; baseline -0.009 -8"><span class='ocrx_word' id='word_1_229' title='bbox 262 2181 346 2208; x_wconf 78' lang='lat' dir='ltr'><strong>rum,</strong></span> <span class='ocrx_word' id='word_1_230' title='bbox 361 2179 526 2209; x_wconf 78' lang='lat' dir='ltr'><strong>utinquam</strong></span> <span class='ocrx_word' id='word_1_231' title='bbox 540 2168 582 2198; x_wconf 90' lang='lat' dir='ltr'><strong>illi</strong></span> <span class='ocrx_word' id='word_1_232' title='bbox 600 2168 631 2198; x_wconf 90' lang='grc'><strong>111</strong></span> <span class='ocrx_word' id='word_1_233' title='bbox 643 2167 760 2198; x_wconf 84' lang='lat' dir='ltr'><strong>divitiis</strong></span> <span class='ocrx_word' id='word_1_234' title='bbox 772 2169 889 2197; x_wconf 87' lang='lat' dir='ltr'><strong>tantam</strong></span> <span class='ocrx_word' id='word_1_235' title='bbox 906 2175 924 2195; x_wconf 87' lang='lat' dir='ltr'><strong>a</strong></span> <span class='ocrx_word' id='word_1_236' title='bbox 938 2164 1040 2195; x_wconf 88' lang='lat' dir='ltr'><strong>Domi-</strong></span> 
     </span>
     <span class='ocr_line' id='line_1_38' title="bbox 262 2218 1040 2263; baseline -0.009 -8"><span class='ocrx_word' id='word_1_237' title='bbox 262 2234 304 2255; x_wconf 91' lang='lat' dir='ltr'><strong>no</strong></span> <span class='ocrx_word' id='word_1_238' title='bbox 320 2224 458 2263; x_wconf 81' lang='lat' dir='ltr'><strong>gratiam</strong></span> <span class='ocrx_word' id='word_1_239' title='bbox 474 2222 663 2252; x_wconf 77' lang='lat' dir='ltr'><strong>obtinerent.</strong></span> <span class='ocrx_word' id='word_1_240' title='bbox 679 2220 760 2258; x_wconf 75' lang='lat' dir='ltr'><strong>Quid</strong></span> <span class='ocrx_word' id='word_1_241' title='bbox 776 2218 1040 2260; x_wconf 78' lang='lat' dir='ltr'><strong>respondebimus</strong></span> 
     </span>
     <span class='ocr_line' id='line_1_39' title="bbox 262 2272 1041 2309; baseline -0.009 0"><span class='ocrx_word' id='word_1_242' title='bbox 262 2279 353 2309; x_wconf 87' lang='lat' dir='ltr'><strong>novis</strong></span> <span class='ocrx_word' id='word_1_243' title='bbox 369 2277 580 2307; x_wconf 77' lang='lat' dir='ltr'><strong>imitatoribus</strong></span> <span class='ocrx_word' id='word_1_244' title='bbox 592 2278 736 2306; x_wconf 83' lang='lat' dir='ltr'><strong>veterum</strong></span> <span class='ocrx_word' id='word_1_245' title='bbox 749 2276 932 2305; x_wconf 84' lang='lat' dir='ltr'><strong>sanctorum</strong></span> <span class='ocrx_word' id='word_1_246' title='bbox 945 2273 959 2303; x_wconf 76' lang='lat'><strong>‘2</strong></span> <span class='ocrx_word' id='word_1_247' title='bbox 981 2272 1041 2303; x_wconf 86' lang='lat' dir='ltr'><strong>lm-</strong></span> 
     </span>
     <span class='ocr_line' id='line_1_40' title="bbox 263 2326 1038 2372; baseline -0.008 -10"><span class='ocrx_word' id='word_1_248' title='bbox 263 2333 382 2372; x_wconf 90' lang='lat' dir='ltr'><strong>ponant</strong></span> <span class='ocrx_word' id='word_1_249' title='bbox 402 2332 486 2360; x_wconf 74' lang='lat' dir='ltr'><strong>certe</strong></span> <span class='ocrx_word' id='word_1_250' title='bbox 511 2328 627 2359; x_wconf 83' lang='lat' dir='ltr'><strong>vitulos</strong></span> <span class='ocrx_word' id='word_1_251' title='bbox 645 2337 742 2367; x_wconf 85' lang='lat' dir='ltr'><strong>super</strong></span> <span class='ocrx_word' id='word_1_252' title='bbox 770 2327 867 2357; x_wconf 84' lang='lat' dir='ltr'><strong>altare</strong></span> <span class='ocrx_word' id='word_1_253' title='bbox 891 2326 1038 2363; x_wconf 87' lang='lat' dir='ltr'><strong>Domini,</strong></span> 
     </span>
     <span class='ocr_line' id='line_1_41' title="bbox 263 2380 1042 2420; baseline -0.009 -4"><span class='ocrx_word' id='word_1_254' title='bbox 263 2387 402 2416; x_wconf 66' lang='lat' dir='ltr'><strong>mat-ient</strong></span> <span class='ocrx_word' id='word_1_255' title='bbox 420 2384 552 2420; x_wconf 68' lang='lat' dir='ltr'><strong>arietes,</strong></span> <span class='ocrx_word' id='word_1_256' title='bbox 577 2382 682 2412; x_wconf 89' lang='lat' dir='ltr'><strong>hircos</strong></span> <span class='ocrx_word' id='word_1_257' title='bbox 706 2380 892 2417; x_wconf 74' lang='lat' dir='ltr'><strong>immolent,</strong></span> <span class='ocrx_word' id='word_1_258' title='bbox 917 2380 992 2419; x_wconf 86' lang='lat' dir='ltr'><strong>quia</strong></span> <span class='ocrx_word' id='word_1_259' title='bbox 1011 2381 1042 2410; x_wconf 87' lang='lat' dir='ltr'><strong>et</strong></span> 
     </span>
     <span class='ocr_line' id='line_1_42' title="bbox 264 2434 1038 2473; baseline -0.009 -3"><span class='ocrx_word' id='word_1_260' title='bbox 264 2440 324 2471; x_wconf 78' lang='lat' dir='ltr'><strong>hoc.</strong></span> <span class='ocrx_word' id='word_1_261' title='bbox 350 2438 512 2473; x_wconf 76' lang='lat' dir='ltr'><strong>Abrabam</strong></span> <span class='ocrx_word' id='word_1_262' title='bbox 542 2436 622 2466; x_wconf 79' lang='lat' dir='ltr'><strong>fecit.</strong></span> <span class='ocrx_word' id='word_1_263' title='bbox 661 2435 721 2465; x_wconf 72' lang='lat' dir='ltr'><strong>Sed</strong></span> <span class='ocrx_word' id='word_1_264' title='bbox 743 2435 812 2465; x_wconf 56' lang='lat' dir='ltr'><strong>hauc</strong></span> <span class='ocrx_word' id='word_1_265' title='bbox 824 2458 832 2471; x_wconf 91' lang='lat'><em>‚</em></span> <span class='ocrx_word' id='word_1_266' title='bbox 867 2434 1038 2473; x_wconf 80' lang='lat' dir='ltr'><strong>inquiunt,</strong></span> 
     </span>
     <span class='ocr_line' id='line_1_43' title="bbox 264 2488 1043 2524; baseline -0.01 0"><span class='ocrx_word' id='word_1_267' title='bbox 264 2496 382 2524; x_wconf 85' lang='lat' dir='ltr'><strong>statum</strong></span> <span class='ocrx_word' id='word_1_268' title='bbox 402 2492 486 2522; x_wconf 82' lang='lat' dir='ltr'><strong>ultra</strong></span> <span class='ocrx_word' id='word_1_269' title='bbox 508 2499 572 2520; x_wconf 81' lang='lat' dir='ltr'><strong>non</strong></span> <span class='ocrx_word' id='word_1_270' title='bbox 595 2489 713 2519; x_wconf 76' lang='lat' dir='ltr'><strong>babent</strong></span> <span class='ocrx_word' id='word_1_271' title='bbox 737 2500 743 2519; x_wconf 82' lang='lat' dir='ltr'>z</span> <span class='ocrx_word' id='word_1_272' title='bbox 766 2489 819 2518; x_wconf 89' lang='lat' dir='ltr'><strong>ubi</strong></span> <span class='ocrx_word' id='word_1_273' title='bbox 842 2488 981 2518; x_wconf 77' lang='lat' dir='ltr'><strong>revelata</strong></span> <span class='ocrx_word' id='word_1_274' title='bbox 996 2489 1043 2517; x_wconf 82' lang='lat' dir='ltr'><strong>est</strong></span> 
     </span>
     <span class='ocr_line' id='line_1_44' title="bbox 265 2542 1043 2585; baseline -0.01 -7"><span class='ocrx_word' id='word_1_275' title='bbox 265 2547 394 2585; x_wconf 79' lang='lat' dir='ltr'><strong>veritas,</strong></span> <span class='ocrx_word' id='word_1_276' title='bbox 408 2544 573 2576; x_wconf 77' lang='lat' dir='ltr'><strong>transiere.</strong></span> <span class='ocrx_word' id='word_1_277' title='bbox 590 2542 682 2580; x_wconf 72' lang='lat' dir='ltr'><strong>Quid,</strong></span> <span class='ocrx_word' id='word_1_278' title='bbox 695 2542 721 2572; x_wconf 89' lang='lat' dir='ltr'><strong>si</strong></span> <span class='ocrx_word' id='word_1_279' title='bbox 732 2542 815 2581; x_wconf 87' lang='lat' dir='ltr'><strong>ipsas</strong></span> <span class='ocrx_word' id='word_1_280' title='bbox 830 2550 958 2581; x_wconf 85' lang='lat' dir='ltr'><strong>quoque</strong></span> <span class='ocrx_word' id='word_1_281' title='bbox 972 2550 1043 2571; x_wconf 85' lang='lat' dir='ltr'><strong>san-</strong></span> 
     </span>
    </p>
   </div>
   <div class='ocr_carea' id='block_1_2' title="bbox 265 2639 1044 2747">
    <p class='ocr_par' dir='ltr' id='par_1_2' title="bbox 265 2639 1044 2747">
     <span class='ocr_line' id='line_1_45' title="bbox 299 2639 1042 2675; baseline -0.013 -6"><span class='ocrx_word' id='word_1_282' title='bbox 299 2647 306 2663; x_wconf 64' lang='grc'><strong>1</strong></span> <span class='ocrx_word' id='word_1_283' title='bbox 323 2647 397 2675; x_wconf 55' lang='lat' dir='ltr'><strong>Aug„</strong></span> <span class='ocrx_word' id='word_1_284' title='bbox 413 2644 444 2667; x_wconf 69' lang='lat' dir='ltr'><strong>&lt;le</strong></span> <span class='ocrx_word' id='word_1_285' title='bbox 459 2642 550 2667; x_wconf 70' lang='lat' dir='ltr'><strong>Morilt.</strong></span> <span class='ocrx_word' id='word_1_286' title='bbox 568 2640 634 2665; x_wconf 73' lang='lat' dir='ltr'><strong>Eccl.</strong></span> <span class='ocrx_word' id='word_1_287' title='bbox 650 2640 727 2668; x_wconf 75' lang='lat' dir='ltr'><strong>cath.y</strong></span> <span class='ocrx_word' id='word_1_288' title='bbox 739 2645 817 2669; x_wconf 77' lang='lat' dir='ltr'><strong>xxiii,</strong></span> <span class='ocrx_word' id='word_1_289' title='bbox 833 2640 871 2662; x_wconf 66' lang='lat'><strong>42.</strong></span> <span class='ocrx_word' id='word_1_290' title='bbox 888 2651 917 2656; x_wconf 97' lang='lat'><strong>—</strong></span> <span class='ocrx_word' id='word_1_291' title='bbox 930 2639 938 2653; x_wconf 78' lang='lat'>²</span> <span class='ocrx_word' id='word_1_292' title='bbox 954 2639 1042 2669; x_wconf 59' lang='lat' dir='ltr'><strong>Greg„</strong></span> 
     </span>
     <span class='ocr_line' id='line_1_46' title="bbox 267 2674 1044 2708; baseline -0.01 -3"><span class='ocrx_word' id='word_1_293' title='bbox 267 2681 369 2708; x_wconf 47' lang='lat' dir='ltr'><strong>Marna,</strong></span> <span class='ocrx_word' id='word_1_294' title='bbox 387 2680 431 2703; x_wconf 81' lang='lat' dir='ltr'><strong>lib.</strong></span> <span class='ocrx_word' id='word_1_295' title='bbox 453 2680 472 2706; x_wconf 83' lang='grc' dir='ltr'><strong>Ι,</strong></span> <span class='ocrx_word' id='word_1_296' title='bbox 492 2686 514 2701; x_wconf 72' lang='lat' dir='ltr'><strong>e.</strong></span> <span class='ocrx_word' id='word_1_297' title='bbox 537 2683 560 2706; x_wconf 81' lang='grc' dir='ltr'><strong>ν,</strong></span> <span class='ocrx_word' id='word_1_298' title='bbox 577 2677 609 2700; x_wconf 86' lang='lat' dir='ltr'><strong>al.</strong></span> <span class='ocrx_word' id='word_1_299' title='bbox 626 2681 671 2707; x_wconf 76' lang='grc'>111,</span> <span class='ocrx_word' id='word_1_300' title='bbox 688 2682 714 2698; x_wconf 90' lang='lat' dir='ltr'><strong>n.</strong></span> <span class='ocrx_word' id='word_1_301' title='bbox 732 2675 756 2698; x_wconf 85' lang='lat'><strong>7.</strong></span> <span class='ocrx_word' id='word_1_302' title='bbox 772 2687 801 2692; x_wconf 94' lang='lat'><strong>—-</strong></span> <span class='ocrx_word' id='word_1_303' title='bbox 820 2674 830 2690; x_wconf 72' lang='lat'><strong>³</strong></span> <span class='ocrx_word' id='word_1_304' title='bbox 845 2675 898 2698; x_wconf 85' lang='lat' dir='ltr'><strong>imo</strong></span> <span class='ocrx_word' id='word_1_305' title='bbox 918 2674 1044 2704; x_wconf 79' lang='lat' dir='ltr'><strong>Gaul‘rid.,</strong></span> 
     </span>
     <span class='ocr_line' id='line_1_47' title="bbox 265 2711 839 2747; baseline -0.014 -5"><span class='ocrx_word' id='word_1_306' title='bbox 265 2718 294 2742; x_wconf 67' lang='lat' dir='ltr'><strong>(Ie</strong></span> <span class='ocrx_word' id='word_1_307' title='bbox 308 2717 386 2747; x_wconf 65' lang='lat' dir='ltr'><strong>colloq</strong></span> <span class='ocrx_word' id='word_1_308' title='bbox 402 2735 406 2743; x_wconf 88' lang='grc'><strong>,</strong></span> <span class='ocrx_word' id='word_1_309' title='bbox 423 2717 461 2738; x_wconf 66' lang='lat' dir='ltr'><strong>etc·</strong></span> <span class='ocrx_word' id='word_1_310' title='bbox 476 2733 483 2745; x_wconf 77' lang='lat'><strong><em>,</em></strong></span> <span class='ocrx_word' id='word_1_311' title='bbox 498 2722 524 2737; x_wconf 87' lang='grc'><strong>11.</strong></span> <span class='ocrx_word' id='word_1_312' title='bbox 543 2716 567 2743; x_wconf 79' lang='lat' dir='ltr'><strong>ti,</strong></span> <span class='ocrx_word' id='word_1_313' title='bbox 583 2713 647 2736; x_wconf 84' lang='lat' dir='ltr'><strong>inter</strong></span> <span class='ocrx_word' id='word_1_314' title='bbox 662 2711 747 2742; x_wconf 77' lang='lat' dir='ltr'><strong>spuria</strong></span> <span class='ocrx_word' id='word_1_315' title='bbox 764 2712 839 2734; x_wconf 81' lang='lat' dir='ltr'><strong>Bern.</strong></span> 
     </span>
    </p>
   </div>
   <div class='ocr_carea' id='block_1_3' title="bbox 831 209 1287 243">
    <p class='ocr_par' dir='ltr' id='par_1_3' title="bbox 831 209 1287 243">
     <span class='ocr_line' id='line_1_48' title="bbox 831 209 1287 243; baseline -0.002 0"><span class='ocrx_word' id='word_1_316' title='bbox 831 210 1044 243; x_wconf 80' lang='lat' dir='ltr'><strong>APOLOGIAE</strong></span> <span class='ocrx_word' id='word_1_317' title='bbox 1067 209 1287 242; x_wconf 86' lang='lat' dir='ltr'><strong>PAUPERUM</strong></span> 
     </span>
    </p>
   </div>
   <div class='ocr_carea' id='block_1_4' title="bbox 1083 278 1874 2578">
    <p class='ocr_par' dir='ltr' id='par_1_4' title="bbox 1083 278 1874 2578">
     <span class='ocr_line' id='line_1_49' title="bbox 1083 278 1862 319; baseline 0.005 -10"><span class='ocrx_word' id='word_1_318' title='bbox 1083 279 1208 310; x_wconf 88' lang='lat' dir='ltr'><strong>ctorum</strong></span> <span class='ocrx_word' id='word_1_319' title='bbox 1231 278 1358 311; x_wconf 81' lang='lat' dir='ltr'><strong>divitias</strong></span> <span class='ocrx_word' id='word_1_320' title='bbox 1377 278 1569 319; x_wconf 85' lang='lat' dir='ltr'><strong>temporales</strong></span> <span class='ocrx_word' id='word_1_321' title='bbox 1588 279 1739 311; x_wconf 87' lang='lat' dir='ltr'><strong>umbram</strong></span> <span class='ocrx_word' id='word_1_322' title='bbox 1762 280 1862 313; x_wconf 82' lang='lat' dir='ltr'><strong>fuisse</strong></span> 
     </span>
     <span class='ocr_line' id='line_1_50' title="bbox 1085 332 1862 374; baseline 0.001 -10"><span class='ocrx_word' id='word_1_323' title='bbox 1085 332 1265 364; x_wconf 83' lang='lat' dir='ltr'><strong>dixerimus</strong></span> <span class='ocrx_word' id='word_1_324' title='bbox 1274 333 1456 364; x_wconf 87' lang='lat' dir='ltr'><strong>futurorum</strong></span> <span class='ocrx_word' id='word_1_325' title='bbox 1465 333 1480 363; x_wconf 73' lang='grc' dir='ltr'><strong>ἱ)</strong></span> <span class='ocrx_word' id='word_1_326' title='bbox 1491 332 1526 363; x_wconf 91' lang='grc' dir='ltr'><strong>Ι11</strong></span> <span class='ocrx_word' id='word_1_327' title='bbox 1534 333 1641 373; x_wconf 86' lang='lat' dir='ltr'><strong>figura</strong></span> <span class='ocrx_word' id='word_1_328' title='bbox 1650 333 1807 374; x_wconf 86' lang='lat' dir='ltr'><strong>siquidem</strong></span> <span class='ocrx_word' id='word_1_329' title='bbox 1817 333 1862 365; x_wconf 90' lang='lat' dir='ltr'><strong>eis</strong></span> 
     </span>
     <span class='ocr_line' id='line_1_51' title="bbox 1085 386 1863 428; baseline 0.001 -10"><span class='ocrx_word' id='word_1_330' title='bbox 1085 387 1193 418; x_wconf 83' lang='lat' dir='ltr'><strong>omnia</strong></span> <span class='ocrx_word' id='word_1_331' title='bbox 1213 386 1355 426; x_wconf 86' lang='lat' dir='ltr'><strong>legimus</strong></span> <span class='ocrx_word' id='word_1_332' title='bbox 1379 386 1563 426; x_wconf 84' lang='lat' dir='ltr'><strong>contigisse.</strong></span> <span class='ocrx_word' id='word_1_333' title='bbox 1588 386 1731 428; x_wconf 90' lang='lat' dir='ltr'><strong>Denique</strong></span> <span class='ocrx_word' id='word_1_334' title='bbox 1749 387 1863 428; x_wconf 87' lang='lat' dir='ltr'><strong>quidni</strong></span> 
     </span>
     <span class='ocr_line' id='line_1_52' title="bbox 1084 439 1862 481; baseline 0.004 -11"><span class='ocrx_word' id='word_1_335' title='bbox 1084 442 1225 471; x_wconf 84' lang='lat' dir='ltr'><strong>terrenas</strong></span> <span class='ocrx_word' id='word_1_336' title='bbox 1240 439 1345 480; x_wconf 86' lang='lat' dir='ltr'><strong>palam</strong></span> <span class='ocrx_word' id='word_1_337' title='bbox 1363 439 1490 471; x_wconf 88' lang='lat' dir='ltr'><strong>divitias</strong></span> <span class='ocrx_word' id='word_1_338' title='bbox 1506 440 1703 481; x_wconf 84' lang='lat' dir='ltr'><strong>possiderent</strong></span> <span class='ocrx_word' id='word_1_339' title='bbox 1717 441 1816 472; x_wconf 84' lang='lat' dir='ltr'><strong>sancti</strong></span> <span class='ocrx_word' id='word_1_340' title='bbox 1831 442 1862 473; x_wconf 87' lang='lat' dir='ltr'><strong>et</strong></span> 
     </span>
     <span class='ocr_line' id='line_1_53' title="bbox 1084 493 1862 536; baseline 0.004 -12"><span class='ocrx_word' id='word_1_341' title='bbox 1084 493 1212 534; x_wconf 75' lang='lat' dir='ltr'><strong>perlecti</strong></span> <span class='ocrx_word' id='word_1_342' title='bbox 1232 493 1308 532; x_wconf 86' lang='lat' dir='ltr'><strong>viri,</strong></span> <span class='ocrx_word' id='word_1_343' title='bbox 1334 502 1408 524; x_wconf 91' lang='lat' dir='ltr'><strong>cum</strong></span> <span class='ocrx_word' id='word_1_344' title='bbox 1422 494 1489 525; x_wconf 80' lang='grc'>50111</span> <span class='ocrx_word' id='word_1_345' title='bbox 1510 497 1636 526; x_wconf 85' lang='lat' dir='ltr'><strong>terrena</strong></span> <span class='ocrx_word' id='word_1_346' title='bbox 1661 495 1766 535; x_wconf 87' lang='lat' dir='ltr'><strong>palam</strong></span> <span class='ocrx_word' id='word_1_347' title='bbox 1787 504 1862 536; x_wconf 88' lang='lat' dir='ltr'><strong>pro-</strong></span> 
     </span>
     <span class='ocr_line' id='line_1_54' title="bbox 1086 547 1864 590; baseline 0.004 -12"><span class='ocrx_word' id='word_1_348' title='bbox 1086 547 1292 578; x_wconf 84' lang='lat' dir='ltr'><strong>mitterentur</strong></span> <span class='ocrx_word' id='word_1_349' title='bbox 1301 557 1319 578; x_wconf 80' lang='lat' dir='ltr'><strong>a</strong></span> <span class='ocrx_word' id='word_1_350' title='bbox 1330 547 1464 579; x_wconf 87' lang='lat' dir='ltr'><strong>Domino</strong></span> <span class='ocrx_word' id='word_1_351' title='bbox 1471 548 1487 578; x_wconf 82' lang='lat'><strong>‘?</strong></span> <span class='ocrx_word' id='word_1_352' title='bbox 1501 548 1560 579; x_wconf 91' lang='lat' dir='ltr'><strong>Ubi</strong></span> <span class='ocrx_word' id='word_1_353' title='bbox 1570 557 1645 580; x_wconf 83' lang='lat' dir='ltr'><strong>sane</strong></span> <span class='ocrx_word' id='word_1_354' title='bbox 1653 549 1786 580; x_wconf 86' lang='lat' dir='ltr'><strong>coelestis</strong></span> <span class='ocrx_word' id='word_1_355' title='bbox 1794 558 1864 590; x_wconf 86' lang='lat' dir='ltr'><strong>pro-</strong></span> 
     </span>
     <span class='ocr_line' id='line_1_55' title="bbox 1085 601 1864 643; baseline 0.003 -11"><span class='ocrx_word' id='word_1_356' title='bbox 1085 601 1196 632; x_wconf 90' lang='lat' dir='ltr'><strong>missio</strong></span> <span class='ocrx_word' id='word_1_357' title='bbox 1217 602 1326 633; x_wconf 83' lang='lat' dir='ltr'><strong>sonuit</strong></span> <span class='ocrx_word' id='word_1_358' title='bbox 1351 601 1405 642; x_wconf 81' lang='lat' dir='ltr'><strong>(cl),</strong></span> <span class='ocrx_word' id='word_1_359' title='bbox 1428 611 1556 634; x_wconf 89' lang='lat' dir='ltr'><strong>necesse</strong></span> <span class='ocrx_word' id='word_1_360' title='bbox 1579 604 1627 634; x_wconf 91' lang='lat' dir='ltr'><strong>est</strong></span> <span class='ocrx_word' id='word_1_361' title='bbox 1647 603 1864 643; x_wconf 85' lang='lat' dir='ltr'><strong>spiritualibus</strong></span> 
     </span>
     <span class='ocr_line' id='line_1_56' title="bbox 1085 654 1862 696; baseline 0.004 -11"><span class='ocrx_word' id='word_1_362' title='bbox 1085 654 1262 695; x_wconf 82' lang='lat' dir='ltr'><strong>spiritualia</strong></span> <span class='ocrx_word' id='word_1_363' title='bbox 1277 657 1468 696; x_wconf 84' lang='lat' dir='ltr'><strong>comparari,</strong></span> <span class='ocrx_word' id='word_1_364' title='bbox 1484 659 1516 687; x_wconf 85' lang='lat' dir='ltr'><strong>et</strong></span> <span class='ocrx_word' id='word_1_365' title='bbox 1527 657 1643 688; x_wconf 88' lang='lat' dir='ltr'><strong>mutari</strong></span> <span class='ocrx_word' id='word_1_366' title='bbox 1657 656 1862 696; x_wconf 84' lang='lat' dir='ltr'><strong>sacrificium,</strong></span> 
     </span>
     <span class='ocr_line' id='line_1_57' title="bbox 1085 709 1864 751; baseline 0.004 -12"><span class='ocrx_word' id='word_1_367' title='bbox 1085 718 1140 749; x_wconf 89' lang='lat' dir='ltr'><strong>spe</strong></span> <span class='ocrx_word' id='word_1_368' title='bbox 1155 709 1190 749; x_wconf 80' lang='lat' dir='ltr'><strong>(e)</strong></span> <span class='ocrx_word' id='word_1_369' title='bbox 1210 711 1343 741; x_wconf 85' lang='lat' dir='ltr'><strong>mutata.</strong></span> <span class='ocrx_word' id='word_1_370' title='bbox 1357 721 1372 739; x_wconf 75' lang='grc' dir='ltr'><strong>υ</strong></span> <span class='ocrx_word' id='word_1_371' title='bbox 1390 709 1458 741; x_wconf 90' lang='lat' dir='ltr'><strong>Non</strong></span> <span class='ocrx_word' id='word_1_372' title='bbox 1473 713 1549 742; x_wconf 90' lang='lat' dir='ltr'><strong>sunt</strong></span> <span class='ocrx_word' id='word_1_373' title='bbox 1564 711 1666 751; x_wconf 87' lang='lat' dir='ltr'><strong>igitur</strong></span> <span class='ocrx_word' id='word_1_374' title='bbox 1680 711 1864 751; x_wconf 89' lang='lat' dir='ltr'><strong>hujusmodi</strong></span> 
     </span>
     <span class='ocr_line' id='line_1_58' title="bbox 1087 763 1865 806; baseline 0.004 -12"><span class='ocrx_word' id='word_1_375' title='bbox 1087 763 1247 804; x_wconf 88' lang='lat' dir='ltr'><strong>exempla,</strong></span> <span class='ocrx_word' id='word_1_376' title='bbox 1263 773 1323 794; x_wconf 86' lang='lat' dir='ltr'><strong>nec</strong></span> <span class='ocrx_word' id='word_1_377' title='bbox 1343 764 1440 795; x_wconf 85' lang='lat' dir='ltr'><strong>etiam</strong></span> <span class='ocrx_word' id='word_1_378' title='bbox 1455 764 1675 805; x_wconf 66' lang='lat' dir='ltr'><strong>praelatorum,</strong></span> <span class='ocrx_word' id='word_1_379' title='bbox 1692 774 1766 806; x_wconf 83' lang='lat' dir='ltr'><strong>quae</strong></span> <span class='ocrx_word' id='word_1_380' title='bbox 1786 774 1865 796; x_wconf 92' lang='lat' dir='ltr'><strong>con-</strong></span> 
     </span>
     <span class='ocr_line' id='line_1_59' title="bbox 1086 818 1866 860; baseline 0.004 -13"><span class='ocrx_word' id='word_1_381' title='bbox 1086 819 1256 856; x_wconf 85' lang='lat' dir='ltr'><strong>sequenter</strong></span> <span class='ocrx_word' id='word_1_382' title='bbox 1273 818 1424 856; x_wconf 82' lang='lat' dir='ltr'><strong>annectit,</strong></span> <span class='ocrx_word' id='word_1_383' title='bbox 1441 827 1514 849; x_wconf 84' lang='grc'>011111</span> <span class='ocrx_word' id='word_1_384' title='bbox 1530 818 1568 850; x_wconf 87' lang='lat' dir='ltr'><strong>de</strong></span> <span class='ocrx_word' id='word_1_385' title='bbox 1586 819 1783 859; x_wconf 83' lang='lat' dir='ltr'><strong>paupertatis</strong></span> <span class='ocrx_word' id='word_1_386' title='bbox 1798 828 1866 860; x_wconf 89' lang='lat' dir='ltr'><strong>per-</strong></span> 
     </span>
     <span class='ocr_line' id='line_1_60' title="bbox 1086 870 1862 912; baseline 0.004 -11"><span class='ocrx_word' id='word_1_387' title='bbox 1086 870 1218 901; x_wconf 81' lang='lat' dir='ltr'><strong>fectione</strong></span> <span class='ocrx_word' id='word_1_388' title='bbox 1244 871 1354 910; x_wconf 85' lang='lat' dir='ltr'><strong>agitur</strong></span> <span class='ocrx_word' id='word_1_389' title='bbox 1366 894 1374 909; x_wconf 84' lang='lat'>‚</span> <span class='ocrx_word' id='word_1_390' title='bbox 1411 871 1595 903; x_wconf 88' lang='lat' dir='ltr'><strong>adducenda</strong></span> <span class='ocrx_word' id='word_1_391' title='bbox 1632 872 1665 904; x_wconf 90' lang='lat' dir='ltr'><strong>in</strong></span> <span class='ocrx_word' id='word_1_392' title='bbox 1699 873 1841 904; x_wconf 90' lang='lat' dir='ltr'><strong>medium</strong></span> <span class='ocrx_word' id='word_1_393' title='bbox 1853 897 1862 912; x_wconf 93' lang='lat'>‚</span> 
     </span>
     <span class='ocr_line' id='line_1_61' title="bbox 1086 924 1864 966; baseline 0.004 -12"><span class='ocrx_word' id='word_1_394' title='bbox 1086 933 1126 954; x_wconf 91' lang='lat' dir='ltr'><strong>ne</strong></span> <span class='ocrx_word' id='word_1_395' title='bbox 1140 924 1200 955; x_wconf 91' lang='lat' dir='ltr'><strong>sub</strong></span> <span class='ocrx_word' id='word_1_396' title='bbox 1223 925 1328 964; x_wconf 85' lang='lat' dir='ltr'><strong>specie</strong></span> <span class='ocrx_word' id='word_1_397' title='bbox 1342 925 1517 956; x_wconf 82' lang='lat' dir='ltr'><strong>sanctitatis</strong></span> <span class='ocrx_word' id='word_1_398' title='bbox 1540 925 1728 966; x_wconf 83' lang='lat' dir='ltr'><strong>pontificalis</strong></span> <span class='ocrx_word' id='word_1_399' title='bbox 1749 926 1843 957; x_wconf 79' lang='lat' dir='ltr'><strong>officii</strong></span> <span class='ocrx_word' id='word_1_400' title='bbox 1854 949 1864 964; x_wconf 95' lang='lat'><strong>,</strong></span> 
     </span>
     <span class='ocr_line' id='line_1_62' title="bbox 1086 977 1864 1019; baseline 0.003 -11"><span class='ocrx_word' id='word_1_401' title='bbox 1086 978 1172 1018; x_wconf 87' lang='lat' dir='ltr'><strong>quod</strong></span> <span class='ocrx_word' id='word_1_402' title='bbox 1187 977 1351 1018; x_wconf 85' lang='lat' dir='ltr'><strong>opulentia</strong></span> <span class='ocrx_word' id='word_1_403' title='bbox 1363 981 1581 1010; x_wconf 87' lang='lat' dir='ltr'><strong>commutatur</strong></span> <span class='ocrx_word' id='word_1_404' title='bbox 1598 979 1651 1019; x_wconf 74' lang='lat' dir='ltr'><strong>(f),</strong></span> <span class='ocrx_word' id='word_1_405' title='bbox 1665 981 1696 1010; x_wconf 90' lang='lat' dir='ltr'><strong>et</strong></span> <span class='ocrx_word' id='word_1_406' title='bbox 1708 979 1864 1011; x_wconf 89' lang='lat' dir='ltr'><strong>bonorum</strong></span> 
     </span>
     <span class='ocr_line' id='line_1_63' title="bbox 1088 1031 1867 1073; baseline 0.003 -11"><span class='ocrx_word' id='word_1_407' title='bbox 1088 1031 1337 1072; x_wconf 82' lang='lat' dir='ltr'><strong>parvipendatur</strong></span> <span class='ocrx_word' id='word_1_408' title='bbox 1351 1034 1533 1073; x_wconf 59' lang='lat' dir='ltr'><strong>pauperum,</strong></span> <span class='ocrx_word' id='word_1_409' title='bbox 1550 1033 1722 1064; x_wconf 84' lang='lat' dir='ltr'><strong>vilificetur</strong></span> <span class='ocrx_word' id='word_1_410' title='bbox 1736 1033 1867 1064; x_wconf 89' lang='lat' dir='ltr'><strong>humili-</strong></span> 
     </span>
     <span class='ocr_line' id='line_1_64' title="bbox 1087 1085 1866 1127; baseline 0.004 -12"><span class='ocrx_word' id='word_1_411' title='bbox 1087 1087 1146 1124; x_wconf 84' lang='lat' dir='ltr'><strong>tas,</strong></span> <span class='ocrx_word' id='word_1_412' title='bbox 1162 1085 1321 1116; x_wconf 83' lang='lat' dir='ltr'><strong>excitetur</strong></span> <span class='ocrx_word' id='word_1_413' title='bbox 1337 1086 1503 1127; x_wconf 85' lang='lat' dir='ltr'><strong>cupiditas,</strong></span> <span class='ocrx_word' id='word_1_414' title='bbox 1519 1089 1549 1118; x_wconf 89' lang='lat' dir='ltr'><strong>et</strong></span> <span class='ocrx_word' id='word_1_415' title='bbox 1566 1087 1697 1118; x_wconf 83' lang='lat' dir='ltr'><strong>ambitio</strong></span> <span class='ocrx_word' id='word_1_416' title='bbox 1707 1087 1866 1126; x_wconf 81' lang='lat' dir='ltr'><strong>foveatur,</strong></span> 
     </span>
     <span class='ocr_line' id='line_1_65' title="bbox 1087 1139 1868 1182; baseline 0.004 -13"><span class='ocrx_word' id='word_1_417' title='bbox 1087 1148 1161 1179; x_wconf 79' lang='lat' dir='ltr'><strong>quae</strong></span> <span class='ocrx_word' id='word_1_418' title='bbox 1171 1139 1279 1170; x_wconf 87' lang='lat' dir='ltr'><strong>omnia</strong></span> <span class='ocrx_word' id='word_1_419' title='bbox 1298 1139 1335 1178; x_wconf 85' lang='lat' dir='ltr'><strong>is,</strong></span> <span class='ocrx_word' id='word_1_420' title='bbox 1353 1140 1404 1171; x_wconf 92' lang='lat' dir='ltr'><strong>cui</strong></span> <span class='ocrx_word' id='word_1_421' title='bbox 1421 1140 1662 1181; x_wconf 87' lang='lat' dir='ltr'><strong>respondemus,</strong></span> <span class='ocrx_word' id='word_1_422' title='bbox 1689 1150 1868 1182; x_wconf 82' lang='lat' dir='ltr'><strong>pauperum</strong></span> 
     </span>
     <span class='ocr_line' id='line_1_66' title="bbox 1088 1192 1867 1234; baseline 0.005 -12"><span class='ocrx_word' id='word_1_423' title='bbox 1088 1192 1188 1222; x_wconf 87' lang='lat' dir='ltr'><strong>hostis</strong></span> <span class='ocrx_word' id='word_1_424' title='bbox 1196 1193 1294 1232; x_wconf 83' lang='lat' dir='ltr'><strong>omni,</strong></span> <span class='ocrx_word' id='word_1_425' title='bbox 1305 1202 1370 1233; x_wconf 85' lang='lat' dir='ltr'><strong>qua</strong></span> <span class='ocrx_word' id='word_1_426' title='bbox 1380 1196 1491 1234; x_wconf 88' lang='lat' dir='ltr'><strong>potest,</strong></span> <span class='ocrx_word' id='word_1_427' title='bbox 1505 1194 1621 1226; x_wconf 90' lang='lat' dir='ltr'><strong>virtute</strong></span> <span class='ocrx_word' id='word_1_428' title='bbox 1632 1197 1776 1226; x_wconf 89' lang='lat' dir='ltr'><strong>conatur.</strong></span> <span class='ocrx_word' id='word_1_429' title='bbox 1787 1193 1867 1226; x_wconf 85' lang='lat' dir='ltr'><strong>Nam</strong></span> 
     </span>
     <span class='ocr_line' id='line_1_67' title="bbox 1090 1248 1869 1289; baseline 0.004 -12"><span class='ocrx_word' id='word_1_430' title='bbox 1090 1256 1203 1278; x_wconf 88' lang='lat' dir='ltr'><strong>verum</strong></span> <span class='ocrx_word' id='word_1_431' title='bbox 1226 1248 1359 1288; x_wconf 69' lang='lat' dir='ltr'><strong>justitiae</strong></span> <span class='ocrx_word' id='word_1_432' title='bbox 1385 1248 1489 1279; x_wconf 86' lang='lat' dir='ltr'><strong>Solem</strong></span> <span class='ocrx_word' id='word_1_433' title='bbox 1502 1272 1512 1287; x_wconf 92' lang='lat'><strong>,</strong></span> <span class='ocrx_word' id='word_1_434' title='bbox 1537 1249 1591 1289; x_wconf 89' lang='lat' dir='ltr'><strong>qui</strong></span> <span class='ocrx_word' id='word_1_435' title='bbox 1617 1250 1813 1289; x_wconf 84' lang='lat' dir='ltr'><strong>paupertatis</strong></span> <span class='ocrx_word' id='word_1_436' title='bbox 1837 1251 1869 1280; x_wconf 90' lang='lat' dir='ltr'><strong>et</strong></span> 
     </span>
     <span class='ocr_line' id='line_1_68' title="bbox 1089 1301 1869 1342; baseline 0.004 -11"><span class='ocrx_word' id='word_1_437' title='bbox 1089 1301 1279 1332; x_wconf 89' lang='lat' dir='ltr'><strong>humilitatis</strong></span> <span class='ocrx_word' id='word_1_438' title='bbox 1290 1302 1436 1342; x_wconf 81' lang='lat' dir='ltr'><strong>exempla</strong></span> <span class='ocrx_word' id='word_1_439' title='bbox 1449 1302 1479 1333; x_wconf 91' lang='lat' dir='ltr'><strong>in</strong></span> <span class='ocrx_word' id='word_1_440' title='bbox 1492 1302 1680 1334; x_wconf 84' lang='lat' dir='ltr'><strong>universum</strong></span> <span class='ocrx_word' id='word_1_441' title='bbox 1691 1303 1800 1334; x_wconf 87' lang='lat' dir='ltr'><strong>orbem</strong></span> <span class='ocrx_word' id='word_1_442' title='bbox 1816 1312 1869 1334; x_wconf 85' lang='lat' dir='ltr'><strong>ra-</strong></span> 
     </span>
     <span class='ocr_line' id='line_1_69' title="bbox 1089 1354 1869 1397; baseline 0.004 -12"><span class='ocrx_word' id='word_1_443' title='bbox 1089 1354 1157 1385; x_wconf 90' lang='lat' dir='ltr'><strong>dios</strong></span> <span class='ocrx_word' id='word_1_444' title='bbox 1173 1364 1241 1386; x_wconf 82' lang='lat' dir='ltr'><strong>suae</strong></span> <span class='ocrx_word' id='word_1_445' title='bbox 1254 1355 1334 1386; x_wconf 88' lang='lat' dir='ltr'><strong>lucis</strong></span> <span class='ocrx_word' id='word_1_446' title='bbox 1348 1356 1463 1394; x_wconf 86' lang='lat' dir='ltr'><strong>emisit,</strong></span> <span class='ocrx_word' id='word_1_447' title='bbox 1482 1355 1688 1396; x_wconf 72' lang='lat' dir='ltr'><strong>phantasticae</strong></span> <span class='ocrx_word' id='word_1_448' title='bbox 1701 1357 1869 1397; x_wconf 88' lang='lat' dir='ltr'><strong>cujusdam</strong></span> 
     </span>
     <span class='ocr_line' id='line_1_70' title="bbox 1090 1407 1867 1449; baseline 0.004 -11"><span class='ocrx_word' id='word_1_449' title='bbox 1090 1407 1309 1439; x_wconf 83' lang='lat' dir='ltr'><strong>nebulositatis</strong></span> <span class='ocrx_word' id='word_1_450' title='bbox 1337 1409 1464 1449; x_wconf 85' lang='lat' dir='ltr'><strong>objectu</strong></span> <span class='ocrx_word' id='word_1_451' title='bbox 1489 1410 1661 1440; x_wconf 84' lang='lat' dir='ltr'><strong>obscurare</strong></span> <span class='ocrx_word' id='word_1_452' title='bbox 1694 1411 1867 1442; x_wconf 87' lang='lat' dir='ltr'><strong>contendit.</strong></span> 
     </span>
     <span class='ocr_line' id='line_1_71' title="bbox 1090 1461 1869 1504; baseline 0.004 -12"><span class='ocrx_word' id='word_1_453' title='bbox 1090 1461 1210 1499; x_wconf 85' lang='lat' dir='ltr'><strong>Quaerit</strong></span> <span class='ocrx_word' id='word_1_454' title='bbox 1225 1462 1330 1493; x_wconf 72' lang='lat' dir='ltr'><strong>enirn:</strong></span> <span class='ocrx_word' id='word_1_455' title='bbox 1350 1462 1389 1493; x_wconf 88' lang='lat' dir='ltr'><strong>Ut</strong></span> <span class='ocrx_word' id='word_1_456' title='bbox 1403 1463 1479 1503; x_wconf 87' lang='lat' dir='ltr'><strong>qnid</strong></span> <span class='ocrx_word' id='word_1_457' title='bbox 1496 1463 1637 1494; x_wconf 81' lang='lat' dir='ltr'><strong>Christus</strong></span> <span class='ocrx_word' id='word_1_458' title='bbox 1661 1473 1783 1504; x_wconf 81' lang='lat' dir='ltr'><strong>pauper</strong></span> <span class='ocrx_word' id='word_1_459' title='bbox 1801 1473 1869 1496; x_wconf 86' lang='lat' dir='ltr'><strong>esse</strong></span> 
     </span>
     <span class='ocr_line' id='line_1_72' title="bbox 1090 1515 1867 1556; baseline 0.004 -10"><span class='ocrx_word' id='word_1_460' title='bbox 1090 1516 1214 1546; x_wconf 84' lang='lat' dir='ltr'><strong>voluit?</strong></span> <span class='ocrx_word' id='word_1_461' title='bbox 1232 1515 1268 1546; x_wconf 90' lang='lat' dir='ltr'><strong>Ut</strong></span> <span class='ocrx_word' id='word_1_462' title='bbox 1289 1516 1365 1556; x_wconf 89' lang='lat' dir='ltr'><strong>quid</strong></span> <span class='ocrx_word' id='word_1_463' title='bbox 1384 1525 1441 1547; x_wconf 81' lang='lat' dir='ltr'><strong>rex</strong></span> <span class='ocrx_word' id='word_1_464' title='bbox 1465 1517 1533 1547; x_wconf 86' lang='lat' dir='ltr'><strong>fieri</strong></span> <span class='ocrx_word' id='word_1_465' title='bbox 1555 1517 1734 1548; x_wconf 83' lang='lat' dir='ltr'><strong>recusavit?</strong></span> <span class='ocrx_word' id='word_1_466' title='bbox 1755 1517 1792 1548; x_wconf 91' lang='lat' dir='ltr'><strong>Et</strong></span> <span class='ocrx_word' id='word_1_467' title='bbox 1816 1527 1867 1549; x_wconf 90' lang='lat' dir='ltr'><strong>re-</strong></span> 
     </span>
     <span class='ocr_line' id='line_1_73' title="bbox 1090 1567 1867 1609; baseline 0.005 -12"><span class='ocrx_word' id='word_1_468' title='bbox 1090 1567 1234 1607; x_wconf 86' lang='lat' dir='ltr'><strong>spondet,</strong></span> <span class='ocrx_word' id='word_1_469' title='bbox 1251 1570 1286 1598; x_wconf 89' lang='lat' dir='ltr'><strong>ut</strong></span> <span class='ocrx_word' id='word_1_470' title='bbox 1301 1568 1406 1599; x_wconf 85' lang='lat' dir='ltr'><strong>verbis</strong></span> <span class='ocrx_word' id='word_1_471' title='bbox 1417 1569 1443 1609; x_wconf 84' lang='lat' dir='ltr'><strong>ej</strong></span> <span class='ocrx_word' id='word_1_472' title='bbox 1451 1578 1487 1599; x_wconf 86' lang='lat' dir='ltr'><strong>us</strong></span> <span class='ocrx_word' id='word_1_473' title='bbox 1498 1571 1646 1600; x_wconf 88' lang='lat' dir='ltr'><strong>utamur:</strong></span> <span class='ocrx_word' id='word_1_474' title='bbox 1671 1580 1685 1598; x_wconf 74' lang='grc' dir='ltr'>α</span> <span class='ocrx_word' id='word_1_475' title='bbox 1705 1568 1777 1600; x_wconf 85' lang='lat' dir='ltr'><strong>ideo</strong></span> <span class='ocrx_word' id='word_1_476' title='bbox 1789 1579 1867 1609; x_wconf 92' lang='lat' dir='ltr'><strong>pau-</strong></span> 
     </span>
     <span class='ocr_line' id='line_1_74' title="bbox 1091 1623 1869 1665; baseline 0.003 -12"><span class='ocrx_word' id='word_1_477' title='bbox 1091 1631 1146 1662; x_wconf 73' lang='lat' dir='ltr'><strong>per</strong></span> <span class='ocrx_word' id='word_1_478' title='bbox 1157 1632 1224 1653; x_wconf 86' lang='lat' dir='ltr'><strong>esse</strong></span> <span class='ocrx_word' id='word_1_479' title='bbox 1239 1623 1358 1661; x_wconf 88' lang='lat' dir='ltr'><strong>debuit,</strong></span> <span class='ocrx_word' id='word_1_480' title='bbox 1377 1626 1411 1654; x_wconf 89' lang='lat' dir='ltr'><strong>ut</strong></span> <span class='ocrx_word' id='word_1_481' title='bbox 1425 1624 1522 1654; x_wconf 85' lang='lat' dir='ltr'><strong>animi</strong></span> <span class='ocrx_word' id='word_1_482' title='bbox 1539 1626 1655 1654; x_wconf 87' lang='lat' dir='ltr'><strong>statum</strong></span> <span class='ocrx_word' id='word_1_483' title='bbox 1666 1625 1796 1662; x_wconf 88' lang='lat' dir='ltr'><strong>teneret,</strong></span> <span class='ocrx_word' id='word_1_484' title='bbox 1813 1625 1869 1665; x_wconf 88' lang='lat' dir='ltr'><strong>qui</strong></span> 
     </span>
     <span class='ocr_line' id='line_1_75' title="bbox 1090 1676 1869 1718; baseline 0.004 -12"><span class='ocrx_word' id='word_1_485' title='bbox 1090 1676 1130 1706; x_wconf 89' lang='lat' dir='ltr'><strong>ab</strong></span> <span class='ocrx_word' id='word_1_486' title='bbox 1139 1676 1288 1707; x_wconf 89' lang='lat' dir='ltr'><strong>omnibus</strong></span> <span class='ocrx_word' id='word_1_487' title='bbox 1305 1677 1421 1707; x_wconf 87' lang='lat' dir='ltr'><strong>imitari</strong></span> <span class='ocrx_word' id='word_1_488' title='bbox 1437 1677 1556 1708; x_wconf 84' lang='lat' dir='ltr'><strong>valeret</strong></span> <span class='ocrx_word' id='word_1_489' title='bbox 1570 1688 1577 1708; x_wconf 75' lang='grc' dir='ltr'>ε</span> <span class='ocrx_word' id='word_1_490' title='bbox 1595 1687 1698 1718; x_wconf 91' lang='lat' dir='ltr'><strong>neque</strong></span> <span class='ocrx_word' id='word_1_491' title='bbox 1706 1678 1869 1709; x_wconf 84' lang='lat' dir='ltr'><strong>enimom-</strong></span> 
     </span>
     <span class='ocr_line' id='line_1_76' title="bbox 1091 1730 1867 1770; baseline 0.003 -10"><span class='ocrx_word' id='word_1_492' title='bbox 1091 1739 1148 1760; x_wconf 84' lang='lat' dir='ltr'><strong>nes</strong></span> <span class='ocrx_word' id='word_1_493' title='bbox 1168 1730 1282 1760; x_wconf 84' lang='lat' dir='ltr'><strong>divites</strong></span> <span class='ocrx_word' id='word_1_494' title='bbox 1303 1739 1371 1761; x_wconf 76' lang='lat' dir='ltr'><strong>esse</strong></span> <span class='ocrx_word' id='word_1_495' title='bbox 1391 1733 1541 1770; x_wconf 90' lang='lat' dir='ltr'><strong>possunt;</strong></span> <span class='ocrx_word' id='word_1_496' title='bbox 1564 1731 1616 1761; x_wconf 86' lang='lat' dir='ltr'><strong>sed</strong></span> <span class='ocrx_word' id='word_1_497' title='bbox 1640 1731 1664 1761; x_wconf 90' lang='lat' dir='ltr'><strong>si</strong></span> <span class='ocrx_word' id='word_1_498' title='bbox 1685 1731 1867 1770; x_wconf 80' lang='lat' dir='ltr'><strong>voluerint,</strong></span> 
     </span>
     <span class='ocr_line' id='line_1_77' title="bbox 1090 1785 1869 1826; baseline 0.004 -12"><span class='ocrx_word' id='word_1_499' title='bbox 1090 1793 1202 1815; x_wconf 88' lang='lat' dir='ltr'><strong>omnes</strong></span> <span class='ocrx_word' id='word_1_500' title='bbox 1218 1794 1372 1824; x_wconf 85' lang='lat' dir='ltr'><strong>pauperes</strong></span> <span class='ocrx_word' id='word_1_501' title='bbox 1386 1786 1472 1815; x_wconf 86' lang='lat' dir='ltr'><strong>[ient.</strong></span> <span class='ocrx_word' id='word_1_502' title='bbox 1489 1796 1503 1814; x_wconf 85' lang='grc'><strong>1)</strong></span> <span class='ocrx_word' id='word_1_503' title='bbox 1530 1785 1667 1826; x_wconf 88' lang='lat' dir='ltr'><strong>Postque</strong></span> <span class='ocrx_word' id='word_1_504' title='bbox 1681 1786 1869 1826; x_wconf 88' lang='lat' dir='ltr'><strong>subjungit:</strong></span> 
     </span>
     <span class='ocr_line' id='line_1_78' title="bbox 1096 1838 1871 1879; baseline 0.005 -13"><span class='ocrx_word' id='word_1_505' title='bbox 1096 1849 1110 1866; x_wconf 74' lang='lat' dir='ltr'><strong>a</strong></span> <span class='ocrx_word' id='word_1_506' title='bbox 1125 1838 1214 1875; x_wconf 78' lang='lat' dir='ltr'><strong>Quod</strong></span> <span class='ocrx_word' id='word_1_507' title='bbox 1228 1840 1348 1874; x_wconf 80' lang='lat' dir='ltr'><strong>autem,</strong></span> <span class='ocrx_word' id='word_1_508' title='bbox 1365 1847 1404 1869; x_wconf 93' lang='lat' dir='ltr'><strong>ne</strong></span> <span class='ocrx_word' id='word_1_509' title='bbox 1419 1847 1477 1869; x_wconf 80' lang='lat' dir='ltr'><strong>rex</strong></span> <span class='ocrx_word' id='word_1_510' title='bbox 1491 1839 1597 1877; x_wconf 83' lang='lat' dir='ltr'><strong>fieret,</strong></span> <span class='ocrx_word' id='word_1_511' title='bbox 1619 1839 1632 1869; x_wconf 88' lang='lat' dir='ltr'>s</span> <span class='ocrx_word' id='word_1_512' title='bbox 1634 1849 1650 1869; x_wconf 94' lang='lat' dir='ltr'><strong>u</strong></span> <span class='ocrx_word' id='word_1_513' title='bbox 1656 1839 1714 1879; x_wconf 85' lang='lat' dir='ltr'><strong>git,</strong></span> <span class='ocrx_word' id='word_1_514' title='bbox 1732 1839 1871 1870; x_wconf 87' lang='lat' dir='ltr'><strong>munda-</strong></span> 
     </span>
     <span class='ocr_line' id='line_1_79' title="bbox 1091 1891 1871 1931; baseline 0.004 -10"><span class='ocrx_word' id='word_1_515' title='bbox 1091 1900 1149 1922; x_wconf 91' lang='lat' dir='ltr'><strong>nas</strong></span> <span class='ocrx_word' id='word_1_516' title='bbox 1165 1891 1336 1930; x_wconf 79' lang='lat' dir='ltr'><strong>dignitates</strong></span> <span class='ocrx_word' id='word_1_517' title='bbox 1350 1892 1465 1931; x_wconf 81' lang='lat' dir='ltr'><strong>sugere</strong></span> <span class='ocrx_word' id='word_1_518' title='bbox 1480 1892 1597 1923; x_wconf 90' lang='lat' dir='ltr'><strong>docuit.</strong></span> <span class='ocrx_word' id='word_1_519' title='bbox 1615 1892 1705 1923; x_wconf 77' lang='lat' dir='ltr'><strong>Alius</strong></span> <span class='ocrx_word' id='word_1_520' title='bbox 1723 1895 1771 1924; x_wconf 88' lang='lat' dir='ltr'><strong>est</strong></span> <span class='ocrx_word' id='word_1_521' title='bbox 1785 1893 1871 1924; x_wconf 90' lang='lat' dir='ltr'><strong>euim</strong></span> 
     </span>
     <span class='ocr_line' id='line_1_80' title="bbox 1092 1943 1866 1984; baseline 0 -11"><span class='ocrx_word' id='word_1_522' title='bbox 1092 1943 1196 1974; x_wconf 87' lang='lat' dir='ltr'><strong>bonor</strong></span> <span class='ocrx_word' id='word_1_523' title='bbox 1210 1944 1308 1983; x_wconf 85' lang='lat' dir='ltr'><strong>regis,</strong></span> <span class='ocrx_word' id='word_1_524' title='bbox 1325 1943 1407 1974; x_wconf 89' lang='lat' dir='ltr'><strong>alius</strong></span> <span class='ocrx_word' id='word_1_525' title='bbox 1425 1944 1558 1984; x_wconf 81' lang='lat' dir='ltr'><strong>praelati,</strong></span> <span class='ocrx_word' id='word_1_526' title='bbox 1575 1945 1643 1975; x_wconf 88' lang='lat' dir='ltr'><strong>sive</strong></span> <span class='ocrx_word' id='word_1_527' title='bbox 1658 1945 1866 1976; x_wconf 76' lang='lat' dir='ltr'><strong>sacerdotis.»</strong></span> 
     </span>
     <span class='ocr_line' id='line_1_81' title="bbox 1094 1996 1872 2038; baseline 0.004 -12"><span class='ocrx_word' id='word_1_528' title='bbox 1094 1996 1167 2027; x_wconf 76' lang='lat' dir='ltr'><strong>Ilaec</strong></span> <span class='ocrx_word' id='word_1_529' title='bbox 1183 2000 1258 2028; x_wconf 90' lang='lat' dir='ltr'><strong>sunt</strong></span> <span class='ocrx_word' id='word_1_530' title='bbox 1273 1998 1371 2028; x_wconf 84' lang='lat' dir='ltr'><strong>verba</strong></span> <span class='ocrx_word' id='word_1_531' title='bbox 1387 1998 1482 2036; x_wconf 90' lang='lat' dir='ltr'><strong>illius,</strong></span> <span class='ocrx_word' id='word_1_532' title='bbox 1500 1999 1533 2029; x_wconf 90' lang='grc'><strong>111</strong></span> <span class='ocrx_word' id='word_1_533' title='bbox 1548 1999 1665 2038; x_wconf 79' lang='lat' dir='ltr'><strong>quilius</strong></span> <span class='ocrx_word' id='word_1_534' title='bbox 1681 2001 1745 2029; x_wconf 88' lang='lat' dir='ltr'><strong>tam</strong></span> <span class='ocrx_word' id='word_1_535' title='bbox 1765 1998 1872 2030; x_wconf 82' lang='lat' dir='ltr'><strong>viliter</strong></span> 
     </span>
     <span class='ocr_line' id='line_1_82' title="bbox 1093 2052 1870 2093; baseline 0.003 -11"><span class='ocrx_word' id='word_1_536' title='bbox 1093 2054 1124 2083; x_wconf 89' lang='lat' dir='ltr'><strong>et</strong></span> <span class='ocrx_word' id='word_1_537' title='bbox 1146 2052 1269 2083; x_wconf 87' lang='lat' dir='ltr'><strong>indocte</strong></span> <span class='ocrx_word' id='word_1_538' title='bbox 1293 2053 1387 2084; x_wconf 86' lang='lat' dir='ltr'><strong>sentit</strong></span> <span class='ocrx_word' id='word_1_539' title='bbox 1408 2056 1438 2084; x_wconf 85' lang='lat' dir='ltr'><strong>et</strong></span> <span class='ocrx_word' id='word_1_540' title='bbox 1458 2053 1601 2093; x_wconf 83' lang='lat' dir='ltr'><strong>loquitur</strong></span> <span class='ocrx_word' id='word_1_541' title='bbox 1620 2054 1658 2084; x_wconf 89' lang='lat' dir='ltr'><strong>de</strong></span> <span class='ocrx_word' id='word_1_542' title='bbox 1679 2053 1741 2084; x_wconf 84' lang='lat' dir='ltr'><strong>alta</strong></span> <span class='ocrx_word' id='word_1_543' title='bbox 1756 2056 1786 2084; x_wconf 85' lang='lat' dir='ltr'><strong>et</strong></span> <span class='ocrx_word' id='word_1_544' title='bbox 1805 2056 1870 2084; x_wconf 85' lang='lat' dir='ltr'><strong>tam</strong></span> 
     </span>
     <span class='ocr_line' id='line_1_83' title="bbox 1094 2106 1872 2147; baseline 0.001 -11"><span class='ocrx_word' id='word_1_545' title='bbox 1094 2106 1194 2136; x_wconf 89' lang='lat' dir='ltr'><strong>nobili</strong></span> <span class='ocrx_word' id='word_1_546' title='bbox 1218 2107 1360 2143; x_wconf 83' lang='lat' dir='ltr'><strong>materia,</strong></span> <span class='ocrx_word' id='word_1_547' title='bbox 1377 2109 1413 2137; x_wconf 91' lang='lat' dir='ltr'><strong>ut</strong></span> <span class='ocrx_word' id='word_1_548' title='bbox 1437 2116 1495 2138; x_wconf 90' lang='lat' dir='ltr'><strong>nos</strong></span> <span class='ocrx_word' id='word_1_549' title='bbox 1519 2107 1613 2138; x_wconf 88' lang='lat' dir='ltr'><strong>etiam</strong></span> <span class='ocrx_word' id='word_1_550' title='bbox 1635 2107 1751 2147; x_wconf 88' lang='lat' dir='ltr'><strong>pudeat</strong></span> <span class='ocrx_word' id='word_1_551' title='bbox 1771 2107 1872 2147; x_wconf 87' lang='lat' dir='ltr'><strong>ipsius</strong></span> 
     </span>
     <span class='ocr_line' id='line_1_84' title="bbox 1095 2160 1873 2200; baseline 0.001 -10"><span class='ocrx_word' id='word_1_552' title='bbox 1095 2160 1230 2199; x_wconf 86' lang='lat' dir='ltr'><strong>ineptias</strong></span> <span class='ocrx_word' id='word_1_553' title='bbox 1245 2160 1411 2200; x_wconf 74' lang='lat' dir='ltr'><strong>replicare.</strong></span> <span class='ocrx_word' id='word_1_554' title='bbox 1434 2160 1512 2198; x_wconf 82' lang='lat' dir='ltr'><strong>Quis</strong></span> <span class='ocrx_word' id='word_1_555' title='bbox 1529 2161 1614 2191; x_wconf 86' lang='lat' dir='ltr'><strong>enim</strong></span> <span class='ocrx_word' id='word_1_556' title='bbox 1631 2161 1663 2191; x_wconf 89' lang='lat' dir='ltr'><strong>in</strong></span> <span class='ocrx_word' id='word_1_557' title='bbox 1680 2161 1778 2191; x_wconf 87' lang='lat' dir='ltr'><strong>sacris</strong></span> <span class='ocrx_word' id='word_1_558' title='bbox 1793 2160 1873 2192; x_wconf 87' lang='lat' dir='ltr'><strong>litte-</strong></span> 
     </span>
     <span class='ocr_line' id='line_1_85' title="bbox 1096 2214 1870 2254; baseline 0.001 -10"><span class='ocrx_word' id='word_1_559' title='bbox 1096 2214 1139 2244; x_wconf 84' lang='lat' dir='ltr'><strong>ris</strong></span> <span class='ocrx_word' id='word_1_560' title='bbox 1161 2214 1305 2245; x_wconf 87' lang='lat' dir='ltr'><strong>eruditus</strong></span> <span class='ocrx_word' id='word_1_561' title='bbox 1321 2214 1370 2244; x_wconf 89' lang='lat' dir='ltr'><strong>vel</strong></span> <span class='ocrx_word' id='word_1_562' title='bbox 1388 2214 1559 2252; x_wconf 88' lang='lat' dir='ltr'><strong>modicum,</strong></span> <span class='ocrx_word' id='word_1_563' title='bbox 1577 2214 1649 2254; x_wconf 89' lang='lat' dir='ltr'><strong>quis</strong></span> <span class='ocrx_word' id='word_1_564' title='bbox 1664 2215 1870 2254; x_wconf 86' lang='lat' dir='ltr'><strong>quantulam-</strong></span> 
     </span>
     <span class='ocr_line' id='line_1_86' title="bbox 1096 2267 1870 2308; baseline 0 -10"><span class='ocrx_word' id='word_1_565' title='bbox 1096 2277 1233 2308; x_wconf 84' lang='lat' dir='ltr'><strong>cumque</strong></span> <span class='ocrx_word' id='word_1_566' title='bbox 1249 2269 1288 2298; x_wconf 84' lang='lat' dir='ltr'><strong>ad</strong></span> <span class='ocrx_word' id='word_1_567' title='bbox 1310 2267 1471 2298; x_wconf 81' lang='lat' dir='ltr'><strong>Christum</strong></span> <span class='ocrx_word' id='word_1_568' title='bbox 1491 2268 1703 2299; x_wconf 86' lang='lat' dir='ltr'><strong>reverentiam</strong></span> <span class='ocrx_word' id='word_1_569' title='bbox 1728 2267 1849 2298; x_wconf 84' lang='lat' dir='ltr'><strong>hahens</strong></span> <span class='ocrx_word' id='word_1_570' title='bbox 1861 2291 1870 2306; x_wconf 87' lang='lat'>‚</span> 
     </span>
     <span class='ocr_line' id='line_1_87' title="bbox 1096 2321 1871 2360; baseline -0.001 -8"><span class='ocrx_word' id='word_1_571' title='bbox 1096 2322 1240 2352; x_wconf 84' lang='lat' dir='ltr'><strong>altissimi</strong></span> <span class='ocrx_word' id='word_1_572' title='bbox 1266 2321 1319 2352; x_wconf 86' lang='lat' dir='ltr'><strong>Dei</strong></span> <span class='ocrx_word' id='word_1_573' title='bbox 1342 2321 1609 2360; x_wconf 83' lang='lat' dir='ltr'><strong>benignissimam</strong></span> <span class='ocrx_word' id='word_1_574' title='bbox 1636 2321 1871 2352; x_wconf 84' lang='lat' dir='ltr'><strong>condescensio-</strong></span> 
     </span>
     <span class='ocr_line' id='line_1_88' title="bbox 1097 2374 1873 2415; baseline -0.003 -9"><span class='ocrx_word' id='word_1_575' title='bbox 1097 2385 1171 2406; x_wconf 84' lang='lat' dir='ltr'><strong>nem</strong></span> <span class='ocrx_word' id='word_1_576' title='bbox 1187 2385 1288 2415; x_wconf 88' lang='lat' dir='ltr'><strong>usque</strong></span> <span class='ocrx_word' id='word_1_577' title='bbox 1305 2376 1343 2406; x_wconf 86' lang='lat' dir='ltr'><strong>ad</strong></span> <span class='ocrx_word' id='word_1_578' title='bbox 1359 2377 1513 2406; x_wconf 81' lang='lat' dir='ltr'><strong>extremae</strong></span> <span class='ocrx_word' id='word_1_579' title='bbox 1529 2375 1722 2415; x_wconf 85' lang='lat' dir='ltr'><strong>paupertatis</strong></span> <span class='ocrx_word' id='word_1_580' title='bbox 1734 2374 1873 2415; x_wconf 86' lang='lat' dir='ltr'><strong>inopiam</strong></span> 
     </span>
     <span class='ocr_line' id='line_1_89' title="bbox 1097 2428 1874 2470; baseline -0.001 -11"><span class='ocrx_word' id='word_1_581' title='bbox 1097 2429 1140 2459; x_wconf 86' lang='lat' dir='ltr'><strong>sic</strong></span> <span class='ocrx_word' id='word_1_582' title='bbox 1155 2429 1270 2460; x_wconf 86' lang='lat' dir='ltr'><strong>audeat</strong></span> <span class='ocrx_word' id='word_1_583' title='bbox 1286 2429 1528 2469; x_wconf 81' lang='lat' dir='ltr'><strong>parvipendere,</strong></span> <span class='ocrx_word' id='word_1_584' title='bbox 1547 2432 1582 2460; x_wconf 92' lang='lat' dir='ltr'><strong>ut</strong></span> <span class='ocrx_word' id='word_1_585' title='bbox 1606 2431 1696 2470; x_wconf 82' lang='lat' dir='ltr'><strong>putet</strong></span> <span class='ocrx_word' id='word_1_586' title='bbox 1716 2437 1790 2459; x_wconf 86' lang='lat' dir='ltr'><strong>eum</strong></span> <span class='ocrx_word' id='word_1_587' title='bbox 1814 2428 1874 2458; x_wconf 89' lang='lat' dir='ltr'><strong>hoc</strong></span> 
     </span>
     <span class='ocr_line' id='line_1_90' title="bbox 1097 2483 1874 2524; baseline -0.004 -9"><span class='ocrx_word' id='word_1_588' title='bbox 1097 2485 1199 2524; x_wconf 80' lang='lat' dir='ltr'><strong>egisse</strong></span> <span class='ocrx_word' id='word_1_589' title='bbox 1213 2485 1333 2524; x_wconf 85' lang='lat' dir='ltr'><strong>absque</strong></span> <span class='ocrx_word' id='word_1_590' title='bbox 1349 2485 1472 2515; x_wconf 82' lang='lat' dir='ltr'><strong>ratione</strong></span> <span class='ocrx_word' id='word_1_591' title='bbox 1489 2487 1520 2515; x_wconf 90' lang='lat' dir='ltr'><strong>et</strong></span> <span class='ocrx_word' id='word_1_592' title='bbox 1535 2494 1628 2514; x_wconf 82' lang='lat' dir='ltr'><strong>causa</strong></span> <span class='ocrx_word' id='word_1_593' title='bbox 1650 2483 1849 2523; x_wconf 82' lang='lat' dir='ltr'><strong>permaxima</strong></span> <span class='ocrx_word' id='word_1_594' title='bbox 1859 2483 1874 2513; x_wconf 85' lang='lat'><strong>‘?</strong></span> 
     </span>
     <span class='ocr_line' id='line_1_91' title="bbox 1098 2536 1872 2578; baseline -0.003 -10"><span class='ocrx_word' id='word_1_595' title='bbox 1098 2538 1201 2575; x_wconf 79' lang='lat' dir='ltr'><strong>Quam</strong></span> <span class='ocrx_word' id='word_1_596' title='bbox 1218 2541 1323 2568; x_wconf 81' lang='lat' dir='ltr'><strong>tamen</strong></span> <span class='ocrx_word' id='word_1_597' title='bbox 1339 2538 1365 2568; x_wconf 89' lang='lat' dir='ltr'><strong>is</strong></span> <span class='ocrx_word' id='word_1_598' title='bbox 1385 2538 1578 2578; x_wconf 85' lang='lat' dir='ltr'><strong>paupertatis</strong></span> <span class='ocrx_word' id='word_1_599' title='bbox 1597 2537 1695 2568; x_wconf 83' lang='lat' dir='ltr'><strong>hostis</strong></span> <span class='ocrx_word' id='word_1_600' title='bbox 1718 2536 1795 2567; x_wconf 83' lang='lat' dir='ltr'><strong>adeo</strong></span> <span class='ocrx_word' id='word_1_601' title='bbox 1817 2536 1872 2566; x_wconf 80' lang='lat' dir='ltr'><strong>fri-</strong></span> 
     </span>
    </p>
   </div>
   <div class='ocr_carea' id='block_1_5' title="bbox 1099 2598 1878 2739">
    <p class='ocr_par' dir='ltr' id='par_1_5' title="bbox 1099 2598 1878 2739">
     <span class='ocr_line' id='line_1_92' title="bbox 1131 2598 1875 2632; baseline -0.003 -8"><span class='ocrx_word' id='word_1_602' title='bbox 1131 2601 1164 2631; x_wconf 82' lang='lat' dir='ltr'><strong>(a)</strong></span> <span class='ocrx_word' id='word_1_603' title='bbox 1184 2601 1220 2624; x_wconf 78' lang='lat' dir='ltr'><strong>lla</strong></span> <span class='ocrx_word' id='word_1_604' title='bbox 1239 2600 1306 2631; x_wconf 67' lang='lat' dir='ltr'><strong>apud</strong></span> <span class='ocrx_word' id='word_1_605' title='bbox 1323 2601 1386 2632; x_wconf 71' lang='lat' dir='ltr'><strong>Any.</strong></span> <span class='ocrx_word' id='word_1_606' title='bbox 1408 2601 1471 2624; x_wconf 78' lang='lat' dir='ltr'><strong>Caet.</strong></span> <span class='ocrx_word' id='word_1_607' title='bbox 1491 2600 1550 2624; x_wconf 74' lang='lat' dir='ltr'><strong>edit.</strong></span> <span class='ocrx_word' id='word_1_608' title='bbox 1575 2599 1691 2623; x_wconf 83' lang='lat' dir='ltr'><strong>animosi.</strong></span> <span class='ocrx_word' id='word_1_609' title='bbox 1710 2612 1741 2616; x_wconf 92' lang='lat'><strong>—-</strong></span> <span class='ocrx_word' id='word_1_610' title='bbox 1758 2598 1793 2630; x_wconf 77' lang='lat' dir='ltr'><strong>(b)</strong></span> <span class='ocrx_word' id='word_1_611' title='bbox 1812 2599 1875 2623; x_wconf 73' lang='lat' dir='ltr'><strong>Item</strong></span> 
     </span>
     <span class='ocr_line' id='line_1_93' title="bbox 1099 2635 1878 2668; baseline -0.003 -7"><span class='ocrx_word' id='word_1_612' title='bbox 1099 2644 1167 2661; x_wconf 83' lang='lat' dir='ltr'><strong>cum.</strong></span> <span class='ocrx_word' id='word_1_613' title='bbox 1188 2650 1218 2654; x_wconf 97' lang='lat'><strong>—</strong></span> <span class='ocrx_word' id='word_1_614' title='bbox 1244 2639 1272 2667; x_wconf 78' lang='lat' dir='ltr'><strong>(c)</strong></span> <span class='ocrx_word' id='word_1_615' title='bbox 1295 2637 1368 2668; x_wconf 71' lang='lat' dir='ltr'><strong>Apud</strong></span> <span class='ocrx_word' id='word_1_616' title='bbox 1391 2637 1466 2668; x_wconf 73' lang='lat' dir='ltr'><strong>Grey.</strong></span> <span class='ocrx_word' id='word_1_617' title='bbox 1489 2636 1611 2667; x_wconf 74' lang='lat' dir='ltr'><strong>ejusden).</strong></span> <span class='ocrx_word' id='word_1_618' title='bbox 1631 2649 1662 2653; x_wconf 93' lang='lat'>—</span> <span class='ocrx_word' id='word_1_619' title='bbox 1682 2635 1722 2666; x_wconf 77' lang='lat' dir='ltr'><strong>(tl)</strong></span> <span class='ocrx_word' id='word_1_620' title='bbox 1748 2635 1786 2659; x_wconf 76' lang='lat' dir='ltr'><strong>Ita</strong></span> <span class='ocrx_word' id='word_1_621' title='bbox 1810 2635 1878 2666; x_wconf 75' lang='lat' dir='ltr'><strong>apud</strong></span> 
     </span>
     <span class='ocr_line' id='line_1_94' title="bbox 1100 2671 1876 2703; baseline -0.003 -7"><span class='ocrx_word' id='word_1_622' title='bbox 1100 2673 1174 2696; x_wconf 70' lang='lat' dir='ltr'><strong>lim-n.</strong></span> <span class='ocrx_word' id='word_1_623' title='bbox 1188 2673 1249 2697; x_wconf 80' lang='lat' dir='ltr'><strong>Caet.</strong></span> <span class='ocrx_word' id='word_1_624' title='bbox 1262 2673 1322 2697; x_wconf 73' lang='lat' dir='ltr'><strong>edit.</strong></span> <span class='ocrx_word' id='word_1_625' title='bbox 1336 2672 1428 2697; x_wconf 85' lang='lat' dir='ltr'><strong>innuit.</strong></span> <span class='ocrx_word' id='word_1_626' title='bbox 1440 2685 1470 2690; x_wconf 89' lang='lat'>—</span> <span class='ocrx_word' id='word_1_627' title='bbox 1485 2674 1513 2703; x_wconf 78' lang='lat' dir='ltr'><strong>(c)</strong></span> <span class='ocrx_word' id='word_1_628' title='bbox 1528 2672 1587 2695; x_wconf 76' lang='lat' dir='ltr'><strong>Item</strong></span> <span class='ocrx_word' id='word_1_629' title='bbox 1600 2671 1694 2702; x_wconf 85' lang='lat' dir='ltr'><strong>specie.</strong></span> <span class='ocrx_word' id='word_1_630' title='bbox 1705 2684 1735 2689; x_wconf 95' lang='lat'>—</span> <span class='ocrx_word' id='word_1_631' title='bbox 1752 2671 1786 2701; x_wconf 66' lang='grc' dir='ltr'><strong>(Γ)</strong></span> <span class='ocrx_word' id='word_1_632' title='bbox 1802 2671 1876 2694; x_wconf 82' lang='lat' dir='ltr'><strong>Forte</strong></span> 
     </span>
     <span class='ocr_line' id='line_1_95' title="bbox 1101 2708 1373 2739; baseline 0.004 -8"><span class='ocrx_word' id='word_1_633' title='bbox 1101 2708 1149 2739; x_wconf 67' lang='lat' dir='ltr'><strong>leq.</strong></span> <span class='ocrx_word' id='word_1_634' title='bbox 1170 2709 1373 2733; x_wconf 77' lang='lat' dir='ltr'><strong>commendatur.</strong></span> 
     </span>
    </p>
   </div>
  </div>
 </body>
</html>
