2029 3052
638 212 688 245 DE
711 212 925 246 MIRACULIS
948 213 1074 246 IPSIUS
1096 213 1196 247 POST
1220 215 1400 248 MORTEM.

213 280 299 312 mine
322 279 448 312 Domini
468 279 667 320 superfusus,
685 280 813 321 plenam
832 281 987 322 reciperet

212 334 405 374 sospitatem.
438 333 632 374 Negligente
661 336 769 365 autem
793 334 846 365 illa
878 334 986 366 Sancti

211 389 384 429 adimplere
399 388 595 428 mandatum,
617 389 756 420 secundo
769 389 934 430 replicavit
954 390 987 422 id

211 442 328 483 ipsum.
351 442 455 474 Tertio
477 452 603 484 quoque
622 452 790 484 apparens,
817 444 985 476 mulierem

210 505 284 527 eum
299 505 398 537 puero
414 506 514 537 usque
529 497 568 529 ad
585 498 720 538 januam
735 498 809 529 dicti
824 498 884 530 loci
902 507 984 539 prae-

210 550 339 582 ambulo
368 550 486 582 ducatu
520 551 679 591 perduxit.
716 551 986 592 Supervenientes

209 605 316 635 autem
331 603 453 635 nobiles
468 604 615 644 quaedam
637 606 792 636 matronae
807 605 985 636 devotionis

208 667 302 689 causa
322 658 360 689 ad
386 658 573 699 praedictum
593 658 711 697 locum,
736 659 781 690 eis
808 668 827 690 a
851 658 985 690 muliere

207 711 338 752 praefata
348 712 518 752 diligenter
527 712 670 752 exposita
681 711 813 751 visione,
831 721 896 743 una
910 721 984 743 cum

207 764 274 805 ipsa
289 774 426 805 puerum
437 765 587 796 tratribus
597 766 846 806 praesentarunt,
857 767 887 796 et
903 766 983 797 hau-

205 819 325 850 rientes
352 828 470 859 aquam
495 819 533 850 de
558 821 653 859 puteo
664 843 673 858 ,
703 828 815 850 earum
843 819 984 851 nobilior

206 872 342 913 propriis
351 872 499 904 manibus
506 873 584 904 lavit
593 873 756 904 infantem.
767 873 879 904 Statim
889 883 981 914 puer,

205 927 355 958 omnibus
369 927 522 958 membris
536 927 573 958 ad
590 936 648 958 sna
661 928 729 958 loca
744 927 915 968 perductis,
933 937 982 959 sa—

204 990 267 1012 nus
279 982 436 1022 apparuit,
458 983 489 1012 et
503 981 692 1021 magnitudo
716 981 861 1012 miraculi
876 982 980 1013 omni-

205 1036 265 1067 bus
279 1036 522 1067 admirationem
535 1036 674 1067 induxit.

245 1089 281 1121 In
304 1090 412 1122 Castro
440 1089 541 1121 Chore
568 1089 719 1121 Ostiensis
747 1089 899 1130 dioecesis,
930 1091 982 1123 vir

203 1146 334 1186 quidam
348 1146 393 1176 sic
408 1155 481 1176 crus
496 1155 536 1176 ex
551 1147 615 1177 toto
631 1145 821 1185 perdiderat,
842 1149 877 1177 ut
891 1147 980 1178 nullo

204 1199 298 1230 modo
313 1199 463 1239 progredi
484 1199 535 1231 vel
552 1208 680 1231 movere
697 1209 729 1230 se
751 1202 865 1240 posset.
891 1200 979 1232 Posi-

203 1255 255 1284 tus
269 1253 376 1293 itaque
391 1253 424 1284 in
438 1253 588 1293 angustia
603 1253 796 1292 vehementi,
816 1256 845 1284 et
861 1254 981 1285 auxilio

202 1307 387 1348 desperatus
411 1308 565 1346 humano,
593 1307 687 1347 coepit
711 1309 802 1338 nocte
827 1307 979 1347 quadam,

203 1371 239 1392 ac
253 1362 279 1392 si
294 1363 484 1402 praesentem
500 1363 643 1392 cerneret
655 1361 688 1392 B.
707 1361 921 1400 Franciscum,
937 1365 981 1394 ta-

202 1415 266 1446 lem
291 1425 399 1446 coram
421 1424 458 1446 eo
482 1424 644 1446 assumere
672 1416 840 1446 materiam
861 1426 979 1456 quere-

202 1469 312 1500 landi:
338 1469 465 1509 Adjuva
489 1478 552 1508 me,
581 1469 613 1500 S.
639 1469 812 1508 Francisce,
838 1470 980 1502 recolens

202 1532 312 1554 meum
327 1523 504 1562 servitium,
522 1524 553 1553 et
564 1523 766 1554 devotionem
781 1523 838 1554 tibi
853 1524 978 1564 impen-

202 1586 283 1608 sam.
299 1577 380 1608 Nam
394 1577 428 1607 in
451 1577 539 1608 asino
554 1585 626 1607 meo
641 1578 670 1607 te
694 1577 830 1617 portavi,
855 1580 979 1609 sanctos

202 1632 296 1672 pedes
310 1633 393 1670 tuos,
414 1633 444 1662 et
460 1634 583 1662 sanctas
599 1640 716 1662 manus
730 1633 802 1662 tuas
817 1632 979 1664 osculatus

201 1686 257 1725 fui,
276 1695 402 1726 semper
416 1685 473 1717 tibi
489 1685 634 1724 devotus,
658 1694 784 1726 semper
802 1686 858 1717 tibi
880 1687 976 1718 bene—

201 1740 293 1771 volus
314 1740 419 1778 extiti,
446 1741 477 1770 et
502 1748 572 1770 ecce
596 1739 717 1770 morior
736 1740 853 1771 doloris
879 1741 978 1781 hujus

201 1793 371 1824 durissimo
398 1793 551 1824 cruciatu.
585 1793 640 1824 His
660 1794 804 1833 pulsatus
826 1795 975 1835 querelis,

200 1847 306 1878 statim
321 1847 413 1878 affuit
436 1847 664 1878 beneficiorum
679 1857 814 1886 memor,
831 1850 862 1879 et
877 1849 977 1880 devo-

199 1902 296 1933 tionis
313 1904 437 1941 gratus,
454 1903 484 1932 et
497 1901 647 1940 vigilanti
662 1902 732 1932 viro
747 1911 821 1932 cum
837 1912 902 1933 uno
913 1904 978 1934 fra-

199 1958 247 1987 tre
262 1957 421 1996 apparuit.
438 1956 485 1986 Ad
500 1956 701 1987 vocationem
715 1957 787 1996 ejus
806 1966 838 1988 se
853 1958 977 1989 venisse

199 2010 289 2048 dixit,
306 2012 337 2040 et
351 2009 459 2040 tulisse
472 2009 613 2040 remedia
627 2010 781 2041 sanitatis,
799 2011 919 2050 Tetigit
931 2012 977 2042 lo-

199 2072 273 2094 cum
288 2063 405 2094 doloris
421 2072 495 2094 eum
516 2063 628 2094 baculo
647 2064 793 2103 parvulo,
817 2065 873 2104 qui
886 2066 976 2104 figu-

199 2126 268 2147 ram
284 2117 361 2148 than
376 2117 410 2147 in
424 2126 456 2148 se
470 2117 619 2155 habebat,
637 2119 667 2147 et
688 2116 786 2148 fracto
801 2127 877 2148 mox
898 2128 976 2159 apo-

199 2172 350 2209 stemate,
375 2171 545 2210 perfectam
570 2171 680 2201 tribuit
707 2172 885 2203 sanitatem.
916 2173 972 2213 Et,

197 2225 282 2266 quod
297 2225 475 2256 mirabilius
484 2227 541 2264 est,
555 2234 682 2256 sacrum
690 2225 713 2256 si
718 2235 819 2265 gnum
834 2227 910 2258 thau
919 2228 976 2258 im-

196 2287 341 2319 pressum
358 2287 454 2318 super
463 2278 570 2309 locum
582 2280 683 2310 sanati
698 2280 812 2310 ulceris
826 2281 864 2311 ad
876 2282 974 2313 mira-

196 2333 259 2364 culi
269 2333 456 2363 memoriam
469 2333 645 2373 dereliquit.
658 2333 724 2364 Hoc
733 2334 825 2374 signo
835 2335 866 2366 S.
879 2335 975 2367 Fran-

196 2387 297 2417 ciscus
320 2395 394 2417 suas
421 2387 629 2425 consignabat
654 2387 794 2426 litteras,
829 2391 975 2429 quotiens

196 2440 358 2471 charitatis
373 2449 468 2470 causa
481 2439 635 2479 scriptum
655 2440 781 2480 aliquod
803 2442 971 2482 dirigebat.

236 2493 297 2525 Sed
312 2503 382 2524 ecce
402 2493 480 2524 dum
500 2502 556 2533 per
576 2493 701 2524 diversa
723 2494 876 2526 miracula
901 2498 971 2536 glo-

196 2547 273 2577 riosi
283 2546 384 2577 Patris
397 2545 420 2577 F
423 2546 553 2576 rancisci
566 2555 655 2576 mens
668 2548 859 2579 narrationis
874 2551 973 2582 varie-

196 2602 258 2630 tate
292 2599 440 2630 distracta
473 2600 629 2638 decurrit,
664 2604 865 2640 promerente
901 2603 970 2644 ipso

196 2654 298 2684 erucis
314 2653 453 2692 glorioso
467 2653 632 2693 signifero,
653 2654 684 2684 in
710 2655 840 2695 signum
860 2657 970 2689 salutis

1765 221 1825 252 363

1042 282 1121 314 thau
1135 291 1200 314 non
1215 283 1282 316 sine
1298 284 1407 316 divina
1422 284 1592 317 directione
1609 287 1766 327 pervenit,
1786 290 1822 320 ut

1042 345 1082 367 ex
1097 336 1157 368 hoc
1172 338 1331 378 possimus
1349 338 1526 376 advertere,
1544 339 1629 380 quod
1646 341 1729 372 sicut
1743 350 1824 372 crux

1043 390 1192 422 militanti
1205 394 1274 432 post
1284 391 1444 423 Christum
1456 392 1512 423 fuit
1521 393 1700 424 sublimitas
1717 395 1823 426 meriti

1041 445 1080 476 ad
1095 445 1241 484 salutem,
1264 446 1307 476 sic
1321 448 1352 477 et
1374 446 1586 486 triumphanti
1609 456 1679 477 cum
1695 447 1820 479 Christo

1040 499 1122 530 facta
1145 500 1192 530 est
1214 499 1350 531 firmitas
1377 500 1549 531 testimonii
1577 500 1616 531 ad
1650 501 1820 533 honorem.

1040 551 1106 583 Hoc
1129 553 1246 593 quippe
1267 554 1369 584 crucis
1392 553 1582 594 mysterium
1607 563 1763 594 magnum
1791 557 1822 586 et

1040 606 1172 644 mirum,
1197 606 1230 636 in
1256 615 1320 647 quo
1344 607 1535 638 charismata
1558 607 1760 647 gratiarum,
1790 611 1821 640 et

1040 659 1154 690 merita
1176 659 1331 691 virtutum
1345 683 1355 698 ,
1381 663 1411 691 et
1434 661 1576 692 thesauri
1600 662 1764 702 sapientiae
1790 665 1821 695 et

1039 713 1180 744 scientiae
1196 716 1260 745 tam
1276 714 1339 745 alta
1354 715 1567 755 profunditate
1584 716 1742 756 velantur,
1755 719 1820 750 uta

1039 768 1152 799 mundi
1163 768 1359 808 sapientibus
1369 770 1401 800 et
1415 769 1626 809 prudentibus
1635 771 1701 801 sint
1710 771 1748 811 (a)
1763 780 1819 803 oc-

1039 822 1135 861 culta,
1153 824 1217 853 tam
1233 822 1325 863 plene
1339 823 1398 854 fuit
1413 823 1526 854 Christi
1543 824 1680 864 parvulo
1698 825 1820 857 revela-

1038 878 1120 913 tum,
1144 879 1180 908 ut
1202 878 1306 909 omnis
1330 878 1397 909 vita
1420 878 1520 919 ipsius
1547 888 1612 910 non
1636 880 1697 910 nisi
1716 881 1820 912 crucis

1039 931 1177 971 vestigia
1192 934 1389 972 sequeretur,
1407 942 1472 964 non
1486 933 1547 964 nisi
1563 934 1666 964 crucis
1682 934 1820 966 dulcedi-

1038 994 1112 1016 nem
1126 988 1260 1026 saperet,
1277 995 1342 1017 non
1355 987 1419 1018 nisi
1433 988 1535 1018 crucis
1552 987 1690 1027 gloriam
1706 989 1818 1029 praedi-

1038 1041 1133 1070 caret.
1158 1039 1238 1071 Vere
1266 1050 1407 1081 namque
1432 1042 1465 1072 in
1497 1051 1564 1073 suae
1597 1043 1818 1074 conversionis

1037 1093 1193 1134 principio
1209 1093 1312 1125 dicere
1326 1104 1399 1125 cum
1410 1094 1561 1135 Apostolo
1575 1096 1677 1135 potuit
1691 1099 1698 1116 ¹
1712 1107 1719 1127 z
1736 1097 1819 1129 Mihi

1038 1150 1145 1179 aulem
1161 1147 1245 1180 absit
1265 1148 1412 1188 yloriari,
1429 1150 1499 1181 nisi
1520 1150 1556 1181 in
1576 1158 1666 1182 cruce
1687 1150 1819 1183 Domini

1037 1202 1143 1233 nostri
1161 1202 1236 1234 Jesu
1253 1202 1383 1235 Christi.
1406 1203 1474 1234 Non
1495 1203 1602 1234 minus
1625 1204 1721 1235 etiam
1742 1214 1817 1236 vere

1036 1255 1070 1286 in
1084 1256 1333 1287 conversationis
1347 1266 1521 1297 progressu
1537 1258 1653 1289 addere
1670 1258 1771 1290 valuit
1781 1261 1791 1276 ²
1807 1270 1814 1290 :

1038 1310 1232 1350 Quicumque
1266 1310 1348 1342 hanc
1376 1311 1519 1350 requiam
1540 1312 1643 1344 secuti
1667 1312 1813 1351 fuerint,

1034 1371 1105 1403 pax
1120 1372 1216 1403 super
1230 1364 1313 1403 illos7
1332 1368 1361 1396 et
1380 1365 1617 1397 misericordia.
1644 1364 1816 1397 Verissime

1036 1420 1143 1448 autem
1178 1419 1211 1448 in
1246 1419 1523 1450 consummatione
1561 1419 1664 1459 potuit
1699 1419 1816 1450 subin-

1036 1473 1118 1503 ferre
1134 1472 1143 1489 ³
1161 1483 1167 1503 ι
1191 1472 1350 1512 Stigmata
1373 1474 1507 1505 Domini
1534 1473 1609 1505 ἄθεα
1631 1474 1667 1505 in
1688 1481 1816 1514 corpore

1036 1534 1102 1558 meo
1114 1530 1218 1567 porto.
1236 1527 1294 1558 Sed
1315 1529 1347 1558 et
1368 1527 1446 1558 illud
1462 1537 1518 1558 nos
1532 1528 1674 1567 quotidie
1689 1528 1814 1559 deside-

1035 1589 1145 1611 ramus
1160 1581 1199 1611 ab
1216 1581 1283 1621 ipso
1304 1580 1413 1612 audire
1428 1583 1438 1600 ί·
1456 1592 1462 1612 :
1483 1581 1596 1613 Gratia
1613 1581 1743 1612 Domini
1757 1589 1816 1613 no—

1034 1636 1097 1667 stri
1110 1635 1185 1667 Jesu
1201 1634 1323 1668 Christi
1337 1643 1408 1667 cum
1422 1636 1544 1675 spiritu
1555 1638 1670 1674 vestro,
1686 1636 1813 1674 fratres.

1036 1690 1148 1721 Amen.

1076 1743 1217 1774 Gloriare
1232 1743 1334 1783 igitur
1341 1744 1410 1784 jam
1424 1752 1533 1774 secure
1544 1743 1576 1773 in
1592 1742 1696 1773 crucis
1710 1743 1815 1783 gloria

1035 1798 1161 1835 Christi,
1180 1798 1312 1837 signifer
1328 1798 1477 1837 gloriose,
1496 1797 1663 1837 quoniam,
1688 1806 1706 1828 a
1721 1806 1815 1828 cruce

1034 1852 1095 1882 inci
1100 1853 1199 1892 piens,
1217 1852 1393 1882 secundum
1408 1851 1511 1882 erucis
1526 1851 1672 1890 regulam
1688 1861 1814 1892 proces-

1034 1906 1112 1943 sisti,
1129 1908 1159 1936 et
1178 1906 1306 1936 tandem
1324 1905 1356 1935 in
1368 1914 1462 1935 cruce
1478 1905 1655 1945 perficiens,
1673 1915 1728 1946 per
1744 1915 1814 1937 cru-

1034 1960 1079 1991 cis
1094 1960 1325 1998 testimonium,
1342 1960 1470 1999 quantae
1484 1959 1597 1998 gloriae
1613 1958 1655 1989 sis
1671 1960 1703 1989 in
1719 1959 1810 1998 coelo,

1034 2014 1156 2044 cunctis
1178 2013 1324 2044 fidelibus
1347 2013 1530 2043 innotescis.
1559 2012 1676 2043 Secure
1696 2014 1764 2053 Jam
1782 2015 1812 2044 te

1033 2069 1221 2107 sequantur,
1234 2066 1289 2106 qui
1304 2068 1422 2097 exeunt
1432 2075 1473 2097 ex
1486 2065 1639 2106 AEgypto,
1652 2066 1738 2106 quia,
1755 2076 1812 2106 per

1033 2121 1184 2151 baculum
1203 2121 1305 2151 crucis
1324 2120 1438 2150 Christi
1456 2120 1537 2150 mari
1552 2120 1666 2158 diviso,
1689 2120 1812 2151 deserta

1032 2175 1227 2213 transibunt,
1244 2175 1276 2204 in
1294 2175 1520 2214 repromissam
1543 2173 1723 2205 viventium
1745 2176 1809 2206 ter-

1032 2238 1113 2267 ram⁷
1139 2228 1275 2260 Jordane
1301 2227 1502 2258 mortalitatis
1525 2228 1727 2267 transmisso⁷
1754 2237 1810 2268 per

1032 2283 1133 2322 ipsius
1157 2282 1259 2313 crucis
1280 2282 1458 2312 mirandam
1486 2282 1660 2321 potentiam
1688 2282 1810 2321 ingres-

1031 2336 1110 2366 suri.
1128 2335 1196 2372 Quo
1211 2344 1268 2366 nos
1283 2335 1463 2366 introducat
1484 2345 1580 2366 verus
1600 2335 1708 2375 populi
1727 2336 1809 2366 Duc-

1031 2391 1081 2420 tor
1106 2392 1137 2420 et
1164 2389 1308 2420 Salvator
1332 2389 1474 2420 Christus
1499 2389 1591 2420 Jesus
1615 2389 1806 2429 crucifixus,

1030 2452 1087 2482 per
1104 2443 1218 2473 merita
1232 2443 1315 2473 servi
1335 2443 1384 2473 sui
1406 2443 1582 2481 Francisci,
1606 2443 1645 2473 ad
1667 2443 1805 2481 landem,

1030 2499 1059 2527 et
1076 2496 1212 2535 gloriam
1227 2497 1325 2527 unius
1345 2496 1414 2534 Dei,
1440 2498 1470 2526 et
1493 2496 1579 2534 trini,
1603 2497 1659 2536 qui
1683 2497 1762 2528 vivit
1777 2499 1808 2528 et

1030 2553 1146 2589 regnat
1161 2550 1194 2580 in
1209 2550 1325 2580 saecula
1340 2549 1544 2580 saeculorum.
1561 2549 1676 2581 Anien.

1061 2635 1065 2647 ¹
1088 2631 1155 2661 Gal„
1179 2636 1215 2661 Vl,
1242 2633 1278 2655 14.
1298 2645 1327 2648 -
1349 2631 1357 2644 ²
1380 2631 1453 2660 ihid.,
1476 2633 1512 2654 10¹.
1538 2644 1559 2647 -
1589 2631 1597 2645 ³
1618 2632 1690 2661 ibid„
1717 2633 1754 2656 17.
1777 2646 1806 2651 -

1032 2673 1035 2681 ¹
1054 2667 1127 2697 ibid„
1150 2668 1184 2690 18,
1201 2681 1227 2684 —-
1248 2668 1278 2697 (a)
1300 2667 1366 2690 Erlil.
1389 2667 1465 2691 Γαΐα’.
1482 2666 1520 2691 Sit.
