2029 3052
500 241 712 276 EXPOSITIO
734 241 774 274 ΙΝ
796 240 989 274 REGULAM
1011 240 1202 273 FRATRUM
1224 241 1420 275 MINORUM.

153 310 339 342 mationem.
358 310 483 342 Dicitur
501 310 588 342 enim
607 310 713 351 primo
734 310 780 341 sic
795 318 804 341 τ
821 309 929 343 Hono-

153 365 224 396 rius
239 364 416 405 Episcopus
432 373 442 396 .·
459 364 631 406 Episcopus
655 363 767 405 utique
786 372 853 395 non
873 363 930 394 ali-

153 418 247 458 cujus
262 418 360 458 partis
379 418 496 458 solum,
515 418 569 450 sed
591 418 689 450 totius
704 417 930 450 universitatis.

155 471 189 502 ln
205 473 297 511 cujus
312 472 455 511 figuram
470 472 590 512 legitur
601 473 622 511 ¹,
640 472 725 513 quod
741 473 843 503 stante
857 470 933 503 Jesu

153 525 186 555 in
202 524 308 556 littore
323 525 431 565 maris,
449 525 561 558 Petrus
575 526 732 557 succinxit
745 534 790 564 se,
801 527 832 557 et
845 524 934 556 misit

154 587 187 610 se
202 579 235 609 in
251 588 358 617 mare3
375 579 431 610 alii
451 589 528 611 vero
553 579 699 620 discipuli
722 579 856 619 navigio
876 587 931 610 ve-

154 634 282 664 nerunt.
296 632 356 664 Per
367 642 455 664 mare
465 633 656 673 intelligitur
669 633 834 670 saeculum,
848 631 934 673 quod

155 687 294 728 suscepit
305 686 417 718 Petrus
427 697 446 718 a
459 687 592 719 Domino
600 688 859 728 gubernandum.
874 686 934 718 Per

156 741 327 780 navigium
342 743 450 773 autem
468 741 695 781 intelliguntur
717 741 817 773 variae
834 742 934 772 sortes

155 795 397 835 discipulorum,
421 795 477 835 qui
493 794 527 825 in
542 794 639 826 variis
657 794 770 826 mundi
791 794 935 835 partibus

156 849 355 890 pontificium
375 851 593 889 susceperunt.
617 848 706 880 Unde
722 850 753 880 et
769 848 843 880 duae
863 849 934 880 sue-

155 904 228 934 tunt
237 911 348 942 naveS,
370 905 499 944 propter
513 902 788 934 circumcisionem
804 903 836 933 et
849 911 935 943 prae-

155 957 282 998 putium
295 982 303 997 ,
332 958 508 989 secundum
541 957 717 998 Augustini
744 957 935 988 sententiam

156 1020 252 1052 super
266 1011 345 1042 illud
360 1012 381 1042 ².
400 1011 481 1042 Hinc
503 1011 626 1050 Petrus,
644 1021 662 1042 a
679 1011 773 1043 Petra
788 1011 901 1050 dictus,
917 1020 937 1041 a

157 1064 292 1096 Domino
300 1065 421 1106 positus
432 1067 480 1096 est
487 1065 634 1096 Ecclesiae
647 1065 895 1096 fundamentum
903 1067 913 1084 ³
926 1075 933 1096 ε

160 1118 207 1150 Tu
221 1126 252 1150 es
267 1119 393 1158 Petrus,
410 1122 440 1152 et
459 1127 555 1159 super
578 1119 659 1151 hanc
682 1121 808 1159 petram
829 1118 935 1158 (edisi-

157 1172 232 1205 cabo
247 1172 423 1205 Ecclesiam
437 1181 550 1205 meam.
567 1173 627 1204 Ubi
642 1173 793 1204 Rabanus
812 1175 822 1191 ⁴
839 1184 845 1204 :
865 1184 879 1202 α
897 1172 938 1204 Ut

157 1235 269 1258 omnes
284 1236 341 1267 per
354 1227 465 1258 orbem
480 1228 643 1259 credentes
653 1227 845 1267 intelligant,
861 1227 937 1268 quia

158 1281 354 1322 quicumque
383 1281 423 1312 ab
447 1281 569 1312 unitate
592 1281 678 1319 fidei,
709 1281 762 1313 vel
789 1281 937 1312 societate

157 1335 255 1373 illius,
269 1335 411 1376 quolibet
424 1335 520 1366 modo
538 1337 711 1375 segregant
734 1335 863 1375 seipsos,
880 1345 938 1367 nec

158 1397 178 1420 a
191 1388 331 1420 vinculis
345 1390 548 1429 peccatorum
571 1389 706 1427 absolvi,
727 1398 786 1420 nec
803 1391 938 1429 Januam

160 1448 294 1483 possunt
303 1443 399 1482 regni
414 1443 548 1474 coelestis
562 1443 693 1474 intrare.
713 1453 728 1472 ι)
745 1443 825 1474 Hinc
845 1443 938 1475 Petro

161 1496 316 1528 Dominus
324 1497 408 1528 dedit
423 1506 521 1538 super
535 1496 614 1528 alios
629 1497 796 1537 Apostolos
810 1497 939 1528 ordina-

160 1550 242 1581 riam
256 1552 454 1592 potestatem,
471 1551 578 1582 dicens
592 1554 602 1570 ⁵
618 1562 625 1582 ε
643 1552 688 1584 Et
707 1553 741 1583 tu
761 1550 938 1591 aliquando

160 1612 331 1637 conversus
353 1606 509 1646 confirma
529 1606 650 1645 fratres
671 1608 752 1638 tuos.
780 1605 816 1636 In
839 1606 939 1645 huJus

159 1659 205 1691 rei
229 1661 370 1700 figuram
398 1660 515 1691 dicitur
540 1660 572 1690 in
602 1659 683 1691 libro
711 1660 892 1700 Sapientioe
907 1663 937 1699 ⁶,

160 1714 245 1754 quod
260 1714 293 1744 in
307 1716 393 1746 veste
407 1713 545 1754 poderis,
558 1723 655 1754 quam
671 1714 809 1745 habebat
819 1714 938 1752 Aaron,

161 1771 244 1800 totus
258 1771 327 1800 erat
341 1769 426 1800 orbis
442 1770 611 1800 terrarum.
629 1767 718 1805 Quod
735 1768 761 1798 si
776 1777 862 1799 unus
873 1777 941 1798 non

161 1824 253 1860 esset,
268 1823 323 1862 qui
337 1822 369 1852 in
385 1831 496 1853 omnes
511 1831 659 1852 exercere
673 1823 778 1861 posset
787 1821 940 1861 jurisdic-

162 1876 293 1914 tionem,
319 1877 375 1907 ubi
400 1878 544 1906 maneret
567 1877 667 1906 status
692 1875 862 1906 Ecclesiae‘?
895 1875 940 1913 Si,

162 1930 306 1970 partibus
316 1930 580 1968 discordantibus,
595 1938 659 1960 non
672 1931 754 1960 esset
763 1929 820 1968 qui
836 1930 943 1968 posset

164 1994 299 2015 manum
321 1984 446 2015 mittere
470 1984 505 2014 in
524 1983 692 2021 ambabus,
712 1982 823 2013 fuisset
850 1991 943 2023 syna-

166 2047 251 2078 goga
273 2038 392 2069 felicior
416 2047 514 2078 quam
538 2037 676 2068 Ecclesia
695 2046 702 2067 ε
718 2037 794 2077 quia
814 2036 868 2067 illa
887 2037 942 2067 ha-

165 2093 260 2124 bebat
275 2102 380 2124 unum
403 2101 570 2123 summum
589 2091 784 2132 pontificem,
801 2091 857 2131 qui
872 2100 944 2121 om-

165 2157 223 2179 nes
237 2147 408 2179 discordias
426 2148 548 2187 poterat
559 2145 744 2182 terminare,
760 2146 797 2175 ut
811 2147 897 2184 patet
911 2145 944 2176 in

166 2201 412 2233 Deuteronomio
437 2201 458 2232 ⁷.
484 2200 593 2232 Tantae
622 2199 801 2231 auctoritati
827 2201 944 2231 nostrae

166 2255 416 2296 profundissima
429 2254 626 2286 humilitatus
640 2253 789 2292 sociatur,
806 2262 879 2284 cum
901 2253 945 2284 di-

167 2309 272 2340 citur:
296 2309 412 2340 Servus
435 2315 599 2340 servorum
622 2307 693 2345 Dei,
719 2315 785 2337 non
809 2307 945 2338 istorum

167 2363 219 2395 vel
234 2363 376 2400 illorum,
392 2362 446 2393 sed
457 2360 649 2401 sapientium
665 2362 695 2391 et
712 2360 942 2400 insipientium,

168 2418 313 2448 omnium
340 2419 371 2446 et
385 2415 599 2455 singulorum.
615 2413 666 2445 Sic
690 2415 783 2452 certe,
812 2414 944 2453 utlegi-

169 2473 223 2502 tur
248 2471 282 2501 in
306 2469 469 2501 Ezechiele
492 2471 502 2488 ⁸
533 2479 540 2499 :
569 2467 812 2508 Gazophylacia
836 2468 947 2508 templi

168 2525 299 2556 fuerunt
313 2526 350 2557 in
365 2522 582 2564 superioribus
597 2522 784 2554 humiliora.
807 2521 842 2553 In
863 2524 947 2554 statu

203 2607 209 2623 ¹
235 2607 316 2636 loon„
342 2612 402 2635 XXI,
429 2607 442 2629 4
467 2607 491 2629 et
515 2611 568 2635 seq.
593 2617 622 2621 —
648 2604 657 2619 2
681 2604 798 2635 August„
820 2604 845 2627 z'n
865 2604 947 2633 Jowz„

171 2644 244 2666 tract.
259 2648 339 2673 cxxii,
355 2649 381 2666 n.
397 2643 418 2666 7.
433 2655 461 2658 —
476 2641 485 2655 ³
498 2639 597 2669 Mactl1.,
613 2645 667 2670 xvr,
685 2640 721 2663 18.
735 2652 766 2656 —
781 2639 791 2655 ¹²
804 2639 902 2663 Raban.
918 2653 948 2658 —

172 2679 182 2695 ὅ
196 2679 264 2709 Luc„
289 2684 362 2709 xxm,
388 2680 427 2702 32.
445 2691 477 2695 —
500 2677 510 2693 θ
525 2677 594 2707 Scin,
619 2681 699 2705 xviii,
719 2677 758 2699 24.
780 2689 812 2693 —
834 2676 842 2690 ⁷
864 2676 949 2706 Dent„

172 2719 241 2744 xvii,
258 2715 280 2738 9.
298 2727 329 2731 -
346 2715 354 2728 ⁵
375 2713 474 2744 Ezech„
496 2719 565 2742 xm,
580 2714 604 2736 7.
624 2725 653 2730 -
671 2713 680 2725 ³
695 2711 786 2742 Eccli„
807 2717 849 2742 111,
866 2714 903 2737 Μ.
918 2726 950 2730 -

173 2750 192 2766 ¹⁰
205 2750 278 2774 Dion.
292 2751 396 2781 Areop.,
406 2749 436 2773 de
446 2749 507 2774 Coel.
522 2749 601 2778 Hieta,
618 2755 640 2771 o.
657 2753 697 2778 111,
710 2747 722 2778 Ξ
735 2750 758 2772 2.
769 2761 800 2765 —
814 2748 863 2772 ¹111
876 2748 952 2780 lina,

1705 245 1763 275 557

988 309 1077 341 enim
1091 310 1232 349 sublimi,
1249 312 1298 342 est
1313 311 1539 343 ornamentum
1555 310 1694 342 notabile
1708 311 1766 342 hu-

989 363 1106 394 militas
1123 364 1291 404 profunda,

1030 416 1183 457 Sequitur
1195 428 1202 449 z
1218 418 1350 451 Dilectis
1364 419 1458 458 filiis,
1469 418 1569 458 fratri
1580 418 1765 455 Francisco‚

989 473 1019 503 et
1034 471 1112 503 aliis
1130 471 1288 510 fratribus
1311 472 1350 505 de
1372 472 1485 506 ordine
1501 473 1642 512 fratrum
1659 472 1767 504 Mino-

988 532 1072 563 rum,
1095 524 1242 563 salutent,
1274 529 1303 559 et
1331 527 1548 567 Apostolicam
1572 526 1768 559 benedictio-

989 586 1072 610 nem.
1081 580 1091 597 ⁹
1106 579 1290 613 Benedictio
1302 581 1410 614 Patris
1422 581 1592 621 confirmat
1604 580 1644 622 (a)
1659 580 1769 613 domos

988 631 1143 671 filiorum.
1167 632 1201 663 In
1217 633 1422 665 hierarchicis
1435 634 1568 675 eloquiis
1583 634 1702 675 optime
1723 643 1770 665 so-

989 688 1044 716 nat
1065 695 1185 717 nomen
1204 686 1400 727 dilectionis,
1423 689 1520 729 quia,
1544 691 1580 720 ut
1602 688 1771 729 Dionysius

990 739 1065 770 dicit
1079 739 1111 778 ¹⁰,
1127 751 1141 769 «
1155 740 1253 772 totius
1267 741 1456 774 hierarchiae
1471 742 1555 782 sinis,
1572 743 1603 774 et
1619 751 1770 774 consum-

990 793 1100 833 matio,
1119 796 1166 825 est
1180 795 1304 827 unitiva
1317 795 1451 827 dilectio.
1469 806 1483 825 1>

1031 847 1184 888 Sequitur
1204 849 1342 880 secunda
1365 849 1521 890 particula
1536 849 1701 880 continens
1715 859 1769 881 se—

991 901 1159 941 quentium
1171 903 1467 942 confirmationem3
1483 903 1649 935 undedicit
1667 914 1674 935 ε
1691 904 1772 936 Solet

992 963 1131 988 annuere
1145 955 1237 989 Sedes
1254 957 1437 997 Apostolica
1446 958 1516 998 piis
1528 959 1622 997 votis,
1641 960 1670 991 et
1681 958 1773 991 hone-

991 1010 1051 1041 stis
1060 1011 1233 1049 petentium
1243 1011 1418 1044 desideriis
1433 1013 1575 1052 favorem
1591 1012 1773 1045 benevolum

992 1064 1170 1103 impartiri.
1188 1064 1283 1096 Pium
1290 1067 1349 1105 est,
1360 1066 1444 1106 quod
1458 1068 1505 1097 est
1515 1066 1555 1097 ad
1569 1066 1623 1097 Dei
1635 1066 1774 1106 gloriam

995 1117 1199 1158 directivum,
1211 1119 1288 1159 quia
1295 1119 1394 1160 pietas
1408 1121 1456 1151 est
1471 1120 1575 1151 cultus
1594 1120 1645 1151 Dei
1656 1121 1677 1138 ¹¹
1690 1131 1697 1151 :
1713 1121 1775 1158 Qut

990 1172 1045 1211 pie
1059 1172 1170 1205 volunt
1184 1173 1291 1205 vivere
1310 1173 1347 1205 in
1367 1173 1504 1212 Christo,
1524 1175 1774 1214 persecutionem

991 1226 1173 1264 patientur.
1188 1225 1368 1258 Honestum
1379 1228 1438 1266 est,
1450 1228 1535 1268 quod
1547 1227 1585 1258 ad
1596 1227 1776 1258 aedificatio-

993 1288 1067 1310 nem
1082 1280 1222 1320 proximi
1238 1281 1439 1312 ordinatur¹²
1457 1292 1463 1311 :
1481 1281 1569 1314 Sicut
1584 1282 1621 1313 in
1636 1281 1699 1319 dte,
1717 1281 1773 1313 ho-

993 1335 1077 1365 neste
1093 1334 1300 1366 ambulemus.
1313 1334 1389 1366 Haec
1404 1335 1553 1366 honestas
1568 1345 1587 1366 a
1597 1335 1716 1366 divinis
1730 1337 1776 1366 est

994 1387 1156 1428 praecipue
1170 1388 1385 1429 beneplacitis,
1402 1390 1433 1419 et
1448 1398 1513 1420 non
1528 1389 1700 1420 mundanis
1714 1399 1776 1420 va-

993 1441 1150 1472 nitatibus
1174 1442 1365 1481 regulanda.
1383 1442 1471 1473 Unde
1493 1442 1709 1483 Hieronymus
1723 1451 1775 1475 su-

992 1503 1051 1535 per
1061 1495 1183 1527 Isaiam
1193 1495 1214 1512 ¹³
1226 1507 1232 1526 :
1250 1508 1265 1526 a
1276 1495 1345 1527 Non
1356 1496 1486 1527 erubuit
1497 1496 1593 1527 Isaias
1605 1497 1712 1528 nudus
1725 1497 1775 1528 in-

994 1550 1115 1588 cedere,
1137 1550 1219 1581 nihil
1239 1550 1403 1581 honestius
1421 1550 1581 1590 judican5‚
1598 1559 1696 1591 quam
1711 1550 1776 1582 Do-

995 1604 1083 1635 mino
1097 1604 1241 1635 obedire.
1256 1615 1270 1632 »

1037 1658 1208 1698 Sequitur:
1239 1658 1428 1698 Eapropter,
1446 1657 1556 1690 dilecti
1579 1659 1615 1690 in
1642 1658 1777 1691 Domino

995 1712 1072 1751 filii,
1090 1713 1207 1745 vestris
1220 1713 1288 1752 piis
1303 1713 1449 1752 precibus
1465 1713 1632 1751 inclinati,
1649 1713 1777 1746 ordinis

995 1767 1097 1798 vestri
1107 1766 1261 1806 requiam,
1279 1774 1299 1797 a
1314 1766 1402 1798 bonoe
1416 1767 1577 1798 memoria>
1591 1767 1778 1799 Innocentio

996 1819 1086 1859 Papa
1107 1820 1332 1860 praedecessore
1356 1822 1463 1852 nostro
1484 1819 1706 1859 approbatam,
1724 1829 1780 1852 an-

996 1876 1142 1905 notatam
1153 1873 1379 1913 proesentibus,
1392 1874 1584 1906 auctoritate
1594 1874 1683 1906 vobis
1697 1875 1780 1914 Apo-

996 1927 1112 1959 stolica
1126 1927 1363 1966 confirmamus,
1375 1931 1404 1959 et
1413 1928 1579 1966 prcesentis
1594 1929 1713 1968 scripti
1722 1937 1780 1968 pa-

997 1982 1134 2014 trocinio
1149 1982 1394 2019 communimus,
1412 1989 1483 2021 quoe
1497 1981 1575 2014 talis
1599 1984 1682 2014 est...
1700 1982 1780 2013 Cum

997 2036 1120 2067 ratione
1134 2035 1272 2075 pietatiS,
1289 2035 1520 2074 ethonestatis,
1536 2036 1619 2066 dicat
1634 2045 1667 2067 se
1682 2035 1779 2067 Sum-

998 2099 1071 2120 mus
1082 2089 1227 2120 Pontifex
1238 2089 1321 2119 hanc
1335 2089 1484 2128 regulam
1494 2090 1710 2129 confirmasse,
1720 2091 1779 2121 im-

998 2144 1043 2184 pii
1057 2146 1142 2182 sunt,
1159 2144 1215 2184 qui
1230 2153 1249 2174 a
1264 2143 1344 2174 Sede
1357 2143 1537 2184 Apostolica
1550 2144 1778 2183 discordantes,

1001 2198 1037 2238 (b)
1055 2197 1204 2237 regulam
1220 2197 1313 2228 istam
1329 2197 1439 2228 dicunt
1453 2198 1575 2230 servari
1592 2207 1658 2229 non
1677 2208 1779 2239 posse,

999 2254 1030 2283 et
1053 2261 1109 2292 per
1131 2260 1329 2291 consequens
1353 2251 1481 2291 aliquod
1506 2252 1646 2292 impium
1673 2252 1780 2283 conti-

999 2315 1086 2336 nere.
1103 2304 1194 2336 Tales
1214 2304 1357 2336 haeretici
1372 2307 1458 2343 sunt,
1480 2307 1510 2336 et
1525 2305 1728 2343 schismatici,
1746 2307 1782 2336 ut

1000 2361 1085 2399 patet
1100 2359 1132 2389 in
1142 2358 1279 2389 Decretis
1290 2358 1321 2390 ¹³.
1342 2358 1420 2390 Item
1433 2359 1466 2389 in
1480 2358 1726 2389 Deuteronomio
1738 2359 1758 2375 ¹⁵
1771 2369 1777 2388 :

1003 2414 1150 2455 Sequeris
1173 2415 1363 2447 sententiam
1387 2422 1507 2453 eorum,
1528 2422 1585 2445 nec
1606 2413 1782 2446 declinabis

1001 2468 1046 2501 ad
1073 2469 1255 2507 dexteram,
1281 2469 1328 2501 vel
1348 2468 1392 2500 ad
1421 2469 1604 2500 sinistram.
1633 2468 1699 2507 Qui
1721 2476 1783 2499 au-

1001 2526 1064 2555 tem
1092 2523 1284 2562 superbierit
1311 2523 1420 2555 nolens
1454 2522 1580 2554 obedire
1608 2522 1784 2554 sacerdotis

1002 2601 1041 2625 111,
1058 2596 1095 2619 12.
1112 2595 1268 2624 —12R017z.,
1283 2600 1341 2625 xm,
1360 2596 1396 2618 13.
1408 2608 1439 2612 -
1457 2594 1474 2610 ¹³
1490 2594 1607 2624 Hieron„
1624 2595 1649 2617 in
1665 2595 1725 2625 Iso„
1739 2600 1800 2621 xx„

1003 2644 1032 2648 —
1055 2632 1074 2647 Η
1098 2631 1194 2655 Ηεοιέί.
1214 2633 1280 2661 part.
1307 2632 1324 2660 Ι,
1347 2630 1404 2654 dist.
1430 2636 1505 2661 xxii,
1528 2638 1550 2654 c.
1581 2634 1602 2660 1,
1627 2630 1716 2654 Omns-s
1733 2631 1785 2653 sive

1002 2667 1163 2699 patriarchii.
1186 2668 1230 2692 Est
1249 2666 1347 2691 Nicolai
1370 2668 1445 2697 Papae
1467 2673 1497 2691 11.
1513 2680 1544 2684 —
1567 2667 1587 2683 ¹⁵
1608 2667 1691 2695 Deut.,
1714 2672 1784 2697 xvu,

1006 2706 1086 2728 11-12.

1037 2749 1072 2779 (ιι)
1088 2748 1162 2780 Vulg.
1178 2749 1275 2779 firmat.
1296 2760 1320 2764 —
1339 2747 1370 2777 (b)
1389 2748 1448 2771 Coet.
1464 2747 1524 2772 edit.
1538 2749 1660 2779 proeniitt.
1675 2754 1730 2778 per.
