2029 3052
649 177 936 213 RESPONSIONIS
955 177 1131 218 QUARTAE
1151 178 1282 214 CAPUT
1302 181 1356 214 111.

186 249 276 283 modi
290 256 448 291 pauperes
461 249 598 290 possunt
609 247 843 281 rationabiliter
854 247 965 288 argui,

188 304 275 346 quod
286 302 464 336 discrimini
485 312 521 335 se
538 302 751 341 committant,
767 311 806 334 ac
816 310 875 343 per
885 301 966 341 hoc,

187 357 276 400 quod
288 356 459 390 homicidae
472 357 537 388 sint
555 356 618 395 sui,
637 355 691 394 vel
714 357 886 388 tentatores
898 355 965 388 Dei.

185 411 222 444 Si
254 411 343 444 enim
366 410 593 443 sufficientiam
611 409 720 442 victus
745 411 903 451 quantum
926 409 967 441 ad

183 474 283 498 usum
297 467 517 506 opportunum
535 466 737 506 respuerent,
751 463 867 504 utique
885 463 967 504 seip-

186 527 241 552 sos
252 521 421 558 neearent3
435 527 526 551 nunc
545 521 655 551 autem
669 518 716 550 sic
728 519 880 550 recusant
890 526 964 558 pos-

171 573 336 614 sessionis
349 573 545 613 dominium,
561 571 647 614 quod
661 571 900 604 sustentationis
913 580 967 603 ne-

183 629 330 661 eessariae
341 637 407 660 non
417 627 574 669 abjiciunt
584 636 683 659 usum
693 637 702 658 :
718 627 764 658 sic
777 635 811 658 se
820 626 967 658 commit·

182 683 257 714 tunt
269 683 389 715 divinae
403 681 626 724 providentiae,
641 683 678 714 ut
691 681 780 713 viam
793 689 862 713 non
875 689 966 722 sper-

182 738 262 768 nant
271 736 462 778 provisionis
474 736 639 775 humanae,
655 736 830 777 quominus
843 737 967 767 susten-

182 790 245 822 tari
257 789 398 829 valeant,
417 789 470 822 vel
485 789 526 821 de
541 789 593 821 his
608 798 683 830 quae
700 789 805 830 gratis
818 789 965 821 offerun—

182 845 249 883 tur,
264 843 318 875 vel
330 843 370 876 de
384 843 436 875 his
453 852 529 884 quae
542 843 768 875 mendicantur
785 843 962 882 humiliter,

182 897 237 930 vel
247 897 288 930 de
300 897 353 930 his
363 906 438 939 quae
447 907 505 939 per
512 897 699 930 laboritium
712 897 961 938 conquiruntur.

183 951 242 984 His
261 953 350 985 enim
370 952 474 984 modis
495 953 649 984 vixerunt
669 951 825 983 hactenus
846 951 963 992 hujus-

183 1006 271 1038 modi
288 1015 446 1048 pauperoe
461 1005 496 1037 in
509 1014 632 1046 magua
651 1005 858 1038 multitudine
876 1015 965 1037 sexa-

184 1060 277 1101 ginta
289 1060 402 1099 annis,
419 1063 450 1092 et
469 1059 621 1100 amplius,
641 1068 699 1098 per
713 1060 819 1100 operis
838 1059 964 1091 exhibi-

185 1113 309 1146 tionem
324 1114 405 1146 adeo
417 1113 452 1145 in
465 1114 511 1145 eis
523 1114 634 1146 divino
646 1113 778 1154 impleto
790 1113 959 1154 promisso,

181 1168 270 1209 quod
289 1168 400 1200 nullus
413 1177 542 1206 eorum,
556 1168 650 1208 cujus
663 1167 705 1198 ad
717 1176 777 1198 1105
790 1167 876 1198 fama
890 1177 964 1208 per-

182 1223 282 1262 venit,
298 1223 340 1254 oh
352 1223 511 1254 desectum
521 1222 667 1260 vestitus
683 1221 736 1253 vel
748 1222 863 1261 victus,
879 1231 965 1253 mor·

181 1276 222 1308 tis
233 1277 414 1317 perieulum
425 1276 572 1308 incurrit.
588 1275 745 1307 Abscedat
760 1276 864 1316 igitur
879 1276 962 1307 diffi-

179 1330 288 1362 dentia
305 1340 326 1362 a
338 1330 601 1371 praedicatoribus
616 1329 773 1368 ven'tatis,
795 1330 962 1370 perfectis-

181 1394 246 1426 que
257 1385 371 1416 Christi
381 1385 557 1426 discipulis,
569 1394 644 1416 cum
657 1384 704 1415 eis
718 1385 963 1424 repromittatur

179 1448 199 1470 a
207 1438 344 1471 Domino
352 1439 543 1471 sufficientia
551 1439 667 1476 vietus,
679 1438 866 1479 dicaturque
876 1438 921 1469 eis
932 1439 940 1455 ¹
950 1449 957 1469 :

181 1492 286 1525 Nolite
295 1492 429 1525 solliciti
437 1501 504 1526 esse
512 1493 631 1525 animae
643 1496 769 1530 vestroe,
781 1491 863 1532 quid
873 1500 962 1523 man-

177 1546 305 1581 ducetis
312 1558 326 1588 ,·
345 1548 614 1589 praecipiaturque
627 1547 683 1586 eis,
699 1555 739 1579 ne
753 1546 835 1586 quid
849 1546 962 1580 tollant

177 1602 216 1633 in
234 1603 309 1642 via,
330 1603 400 1635 nisi
421 1603 546 1642 virqam
561 1605 706 1639 tantum,
724 1603 761 1632 ut
775 1600 913 1632 habetur
926 1601 960 1631 in

177 1654 284 1687 Marco
298 1656 322 1687 ².
345 1655 449 1696 Super
471 1664 571 1696 quem
597 1655 705 1686 locum
731 1654 807 1686 dicit
827 1653 911 1686 Beda
925 1655 956 1685 ⁸:

181 1721 196 1739 α
209 1709 311 1741 Tanta
323 1709 416 1741 debet
435 1719 503 1741 esse
518 1708 718 1750 praedicatori
736 1708 774 1749 (a)
795 1708 911 1740 fiducia
924 1708 959 1739 in

176 1763 252 1803 Deo,
264 1766 301 1795 ut
311 1764 477 1804 praesentis
486 1763 562 1795 vitae
572 1765 722 1803 sumptus
731 1762 880 1803 quamvis
892 1771 958 1793 non

174 1817 353 1857 provideat,
369 1820 478 1849 tamen
492 1817 553 1848 sihi
568 1817 629 1848 hos
640 1826 707 1848 non
721 1816 830 1848 deesse
843 1817 957 1847 certis-

174 1872 255 1903 sime
268 1872 364 1911 sciat3
381 1881 434 1910 ne,
449 1872 527 1903 dum
541 1880 633 1902 mens
643 1872 714 1911 ejus
729 1873 902 1911 occupatur
916 1871 956 1902 ad

173 1926 382 1966 temporalia,
396 1926 507 1957 minus
519 1925 591 1956 aliis
604 1925 771 1965 provideat
785 1927 918 1956 aeterna.
935 1936 950 1954 n

173 1979 240 2011 Hoc
259 1980 397 2012 verbum
410 1980 508 2011 totius
521 1979 722 2010 confidentiae
736 1982 804 2010 tam
823 1988 954 2020 expres-

172 2044 249 2066 sum
271 2035 484 2066 calumniator
505 2036 689 2074 pervertere
709 2034 835 2072 nititur,
856 2036 893 2065 ut
910 2034 954 2065 sic

171 2088 252 2120 illud
273 2091 430 2130 exponat,
449 2089 600 2129 quamvis
622 2096 687 2120 non
709 2088 896 2128 provideat,
921 2088 954 2119 id

172 2145 235 2183 est,
256 2146 384 2185 tempus
403 2143 593 2184 providendi
613 2151 680 2174 non
702 2141 840 2174 habeat:
861 2142 953 2183 quasi

172 2206 238 2229 non
260 2198 373 2229 debeat
393 2197 433 2228 de
451 2197 641 2229 sufficientia
662 2196 767 2228 victus
786 2196 950 2228 confiden-
972 2198 978 2200 ”

171 2251 252 2282 tiam
269 2251 407 2290 hahere,
424 2252 487 2282 nisi
505 2251 633 2292 quando
653 2259 719 2281 non
741 2252 843 2290 potest
865 2251 952 2282 aliud

171 2314 281 2345 agere,
297 2305 338 2337 ad
351 2306 437 2346 quod
449 2315 514 2337 non
528 2308 653 2336 tantum
668 2305 858 2345 praedieator
869 2307 952 2338 veri-

171 2360 257 2399 tatis,
265 2360 330 2391 imo
339 2362 638 2401 quantumcumque
646 2360 850 2401 imperfectus
856 2361 953 2392 chris·

171 2413 279 2446 tianus
297 2413 500 2453 astringitur.
520 2413 654 2454 Propter
669 2414 772 2454 quod,
793 2416 831 2445 ut
849 2415 954 2446 omnis

174 2468 392 2499 calumniandi
410 2468 532 2499 occasio
546 2467 677 2499 tollatur
689 2477 707 2498 e
719 2467 824 2499 medio
835 2492 844 2507 ,
860 2468 953 2499 intel-

173 2521 357 2562 ligendum,
373 2521 461 2562 quod
473 2521 594 2562 duplex
605 2521 781 2553 diffidentia
796 2524 855 2562 est,
869 2532 955 2563 quae-

210 2621 218 2638 ¹
233 2619 301 2648 Luc„
314 2627 361 2652 311,
379 2623 416 2645 11.
426 2634 457 2639 —-
471 2620 479 2634 ²
490 2621 581 2652 Mam,
591 2626 627 2651 w,
639 2621 664 2645 8.
674 2633 704 2638 —
720 2619 730 2636 ³
743 2619 815 2651 Bed„
829 2620 853 2644 in
865 2621 955 2651 Mam,

176 2656 222 2681 lib.
238 2657 262 2681 l.
278 2664 301 2681 c.
317 2658 356 2682 24.
370 2670 402 2675 —
421 2657 433 2674 ⁴
451 2658 517 2689 Aug.
538 2669 569 2675 —
589 2657 600 2673 ⁵
617 2656 702 2686 Prota,
725 2661 755 2687 x,
770 2657 794 2681 3.
814 2669 845 2675 —
862 2657 871 2671 ⁶
887 2657 957 2687 Luc..

178 2698 227 2723 111,
239 2694 278 2717 24.

321 2747 396 2770 Tou.
418 2748 488 2771 XIV.

1741 191 1802 223 5¹3

1021 247 1097 280 dam
1112 249 1584 294 proveniensexperversitate‚
1598 255 1749 296 quaedam
1759 266 1803 290 ex

1021 302 1293 343 pusillanimitate.
1307 304 1357 337 Ex
1365 307 1574 347 perversitate
1586 310 1687 350 venit,
1702 320 1803 352 quan-

1020 355 1064 388 do
1077 357 1174 389 habet
1191 358 1464 400 incredulitatem,
1478 361 1532 394 vel
1547 362 1802 404 daeperafiooem

1020 418 1201 451 annexam,
1217 414 1328 454 utpote
1345 423 1422 446 cum
1436 415 1511 456 quis
1527 416 1567 448 de
1585 416 1650 449 Deo
1667 418 1800 458 diffidit,

1019 463 1073 495 vel
1091 465 1168 505 quia
1185 474 1252 498 non
1271 467 1372 500 credit
1391 468 1494 501 neum
1509 479 1622 503 curare
1636 471 1800 511 humana,

1019 518 1176 559 tanquam
1190 519 1347 560 infidelis,
1366 521 1801 564 velquiaexistimatsede

1019 571 1167 604 relictum
1191 581 1212 604 a
1228 573 1310 613 Deo,
1335 578 1466 617 propter
1486 580 1616 618 pecoeta
1633 587 1710 619 sua,
1727 581 1801 612 tnn-

1019 634 1120 666 quam
1131 626 1328 668 desperatus.
1343 627 1384 660 Et
1395 629 1470 662 talis
1484 631 1680 673 diffidentia,
1695 635 1728 666 et
1740 633 1804 666 sol-

1018 678 1152 712 licitudo
1170 681 1345 722 procedens
1362 692 1404 715 ex
1420 684 1508 725 ipsa,
1523 687 1677 719 omnibns
1690 688 1801 729 prohi-

1019 732 1133 773 betur-3
1149 737 1181 766 et
1204 736 1408 776 confidentia,
1429 738 1477 769 illi
1495 740 1658 781 opposita,
1680 741 1803 774 cunetis

1019 788 1216 829 praecipitur.
1240 789 1422 823 Diffidentia
1441 795 1552 825 autem
1573 803 1614 826 ex
1633 795 1801 836 pusillani-

1019 841 1131 874 mitate
1143 844 1348 884 proveniens,
1363 847 1423 885 est,
1439 855 1514 888 quae
1529 847 1626 880 habet
1639 858 1802 882 annexam

1018 896 1241 929 remissionem
1262 899 1381 931 amoris
1399 899 1519 940 divini,
1538 903 1571 933 et
1587 902 1803 935 intensionem

1018 949 1146 981 timoris
1170 951 1324 992 humani;
1348 955 1381 985 et
1404 954 1467 986 hoe
1491 957 1577 988 stare
1599 959 1704 998 potest
1726 967 1802 990 cum

1019 1003 1173 1036 charitate
1190 1005 1391 1047 imperfecta,
1414 1017 1481 1040 non
1499 1019 1575 1041 cum
1594 1012 1748 1052 persecta3
1769 1014 1803 1044 et

1018 1057 1090 1090 ideo
1103 1058 1173 1091 haec
1187 1060 1459 1100 pusillanimitatis
1478 1063 1656 1096 diffidentia
1665 1090 1674 1105 ,
1691 1068 1723 1097 et
1735 1066 1801 1098 sol·

1017 1111 1149 1144 licitudo
1171 1123 1214 1145 ex
1229 1114 1298 1155 ipsa
1318 1117 1531 1156 proveniens,
1551 1119 1749 1159 evangelicis
1771 1123 1803 1152 et

1017 1166 1165 1206 perfectis
1176 1168 1254 1199 viris
1265 1169 1441 1209 inhibetur,
1452 1173 1485 1202 et
1494 1172 1688 1204 confidentia
1697 1174 1801 1206 eidem

1018 1221 1163 1260 opposita
1177 1231 1195 1252 a
1210 1223 1411 1262 perfectionis
1427 1225 1586 1265 magistro
1598 1226 1799 1268 injungitur,

1018 1277 1178 1313 quatenus
1190 1276 1417 1316 praedicatores
1428 1279 1573 1311 veritatis
1586 1280 1734 1320 algorem
1742 1291 1802 1323 pu-

1017 1327 1243 1361 sillanimitatis
1255 1331 1453 1364 sollicitantis
1466 1343 1525 1374 pro
1537 1334 1606 1365 cibo
1620 1336 1799 1376 refugiant,

1017 1384 1049 1413 et
1062 1382 1211 1415 ardorem
1225 1384 1389 1417 charitatis
1398 1387 1588 1420 confidentis
1599 1389 1638 1421 de
1647 1389 1712 1422 Deo
1723 1400 1800 1422 cum

1016 1438 1271 1477 promptitudine
1291 1440 1332 1470 ad
1355 1441 1580 1481 perferendum
1603 1445 1800 1484 paupertatis

1015 1489 1220 1523 incommoda
1242 1496 1424 1525 constanter
1445 1499 1622 1529 assumant.
1646 1498 1696 1529 Ad
1715 1499 1800 1530 hanc

1015 1544 1148 1584 quidem
1171 1547 1408 1587 confidentiam,
1433 1549 1468 1580 in
1489 1549 1573 1581 libro
1591 1551 1635 1583 De
1656 1551 1797 1585 Eleemo-

1014 1605 1111 1638 syna,
1135 1599 1339 1640 Augustinus
1358 1602 1494 1634 invitat:
1514 1615 1530 1634 c
1552 1603 1681 1644 Metuis,
1704 1617 1720 1635 1>
1742 1606 1797 1638 in-

1015 1652 1085 1692 quit
1096 1652 1119 1691 ⁵,
1131 1665 1146 1683 a
1162 1663 1203 1685 ne
1215 1655 1448 1694 patrimonium
1462 1659 1556 1689 tuum
1567 1659 1647 1690 forte
1657 1659 1794 1699 deficiat,

1014 1706 1043 1737 si
1061 1716 1102 1738 ex
1121 1717 1159 1739 eo
1177 1710 1303 1749 operari
1325 1710 1463 1751 largiter
1483 1713 1639 1753 eoeperis?
1662 1714 1796 1752 Quando

1013 1761 1101 1792 enim
1127 1762 1246 1794 factum
1271 1768 1334 1802 est,
1359 1767 1397 1796 ut
1418 1766 1508 1805 justo
1534 1770 1663 1807 possent
1687 1768 1796 1800 deesse

1013 1815 1165 1854 subsidia,
1177 1826 1252 1848 cum
1266 1818 1424 1859 scriptum
1438 1821 1479 1851 sit
1490 1824 1518 1852 ⁵:
1535 1822 1607 1854 Non
1621 1823 1743 1856 occidet
1757 1824 1794 1864 (b)

1011 1869 1098 1901 Deus
1117 1870 1201 1908 fame
1217 1872 1362 1903 animam
1381 1872 1467 1913 ,iusti
1479 1875 1496 1905 P
1513 1874 1598 1906 Elias
1622 1876 1657 1907 in
1679 1877 1795 1908 solitu-

1011 1922 1086 1954 dine
1100 1924 1358 1957 ministrantibus
1372 1927 1477 1958 eorvis
1494 1929 1637 1969 pascitur
1645 1941 1654 1968 ;
1673 1930 1795 1962 Danieli

1010 1977 1045 2007 in
1058 1977 1147 2017 lacu,
1164 1978 1204 2010 ad
1217 1978 1348 2011 leonum
1358 1981 1514 2021 praedam,
1527 1984 1623 2023 ι1115511
1640 1985 1728 2024 regis
1741 1985 1793 2016 in-

1009 2031 1112 2070 cluso,
1142 2033 1315 2072 prandium
1343 2034 1499 2067 divinitus
1522 2040 1711 2077 apportatur
1726 2050 1733 2070 :
1763 2042 1794 2071 et

1009 2085 1163 2117 timemus
1177 2096 1218 2118 ne
1233 2088 1390 2127 operanti,
1406 2091 1437 2120 et
1447 2089 1549 2121 Deum
1559 2091 1697 2131 timenti,
1711 2093 1792 2125 desit

1007 2139 1214 2179 alimentum,
1230 2150 1306 2172 cum
1325 2142 1394 2182 ipse
1407 2143 1441 2174 in
1463 2143 1655 2185 Evangelio,
1676 2147 1718 2178 ad
1731 2157 1792 2178 ex-

1008 2194 1249 2234 probrationem
1268 2195 1413 2236 illorum,
1431 2206 1572 2238 quorum
1586 2208 1678 2231 mens
1692 2201 1792 2232 dubia

1008 2251 1070 2287 est,
1095 2251 1126 2280 et
1147 2248 1226 2280 fides
1241 2258 1357 2289 parva,
1378 2254 1588 2292 contestetur,
1614 2256 1645 2285 et
1660 2254 1742 2285 dicat
1757 2255 1787 2286 ⁶:

1009 2303 1153 2342 Aspicite
1168 2303 1315 2335 volatilia
1337 2304 1426 2343 coelz',
1447 2308 1601 2345 quoniam
1617 2316 1681 2340 non
1695 2310 1790 2341 semi-

1009 2360 1101 2394 nant,
1113 2364 1213 2396 neque
1224 2360 1358 2395 metunt,
1375 2366 1431 2390 nec
1444 2359 1504 2391 coll
1508 2361 1601 2400 iyunt
1614 2363 1649 2393 z'n
1663 2362 1787 2402 horrea,

1010 2414 1039 2442 et
1055 2411 1148 2443 Pater
1162 2414 1262 2443 cester
1273 2411 1408 2445 coelestis
1424 2416 1527 2453 pascit
1544 2415 1623 2446 Illa?
1638 2415 1791 2448 Volucres

1010 2463 1095 2495 Deus
1108 2465 1218 2504 pascit,
1230 2467 1260 2496 et
1270 2466 1389 2506 quibus
1403 2468 1514 2499 nullus
1527 2469 1647 2502 divinae
1659 2471 1708 2502 rei
1722 2481 1792 2503 sen·

1011 2527 1066 2549 sus
1083 2518 1180 2557 inest,
1197 2519 1242 2550 eis
1258 2529 1317 2551 nec
1332 2520 1439 2559 cibus,
1456 2532 1514 2553 nec
1529 2527 1623 2564 potus
1637 2525 1724 2557 deest
1731 2537 1739 2564 3
1756 2529 1794 2558 tu

1013 2572 1208 2611 Christiano,
1228 2575 1265 2604 tu
1280 2573 1335 2605 Dei
1351 2584 1444 2614 servo
1454 2600 1462 2615 ,
1486 2579 1523 2608 tu
1538 2579 1688 2618 operibus
1701 2580 1794 2617 bonis

1047 2655 1080 2685 (a)
1106 2652 1146 2678 lta
1171 2654 1239 2685 apud
1261 2655 1319 2679 13:¹11.
1347 2655 1407 2681 Coet'.
1432 2657 1493 2683 edit.
1518 2660 1740 2690 praedicatoribus.
1764 2673 1795 2681 —

1015 2690 1048 2721 ib)
1063 2690 1137 2722 vuig.
1152 2691 1261 2722 offliw-

1613 2746 1652 2775 33
