2029 3052
600 220 651 253 DE
673 217 937 253 DEDlCA'I'lONE
960 217 1172 251 ECCLESIAE.
1196 217 1330 251 SERMO
1353 216 1378 248 1.

179 291 279 321 deritis
289 291 407 327 signum
414 290 496 325 thau,
510 301 523 316 »
531 289 563 318 id
571 291 625 324 est,
635 289 754 325 signum
760 287 854 316 crucis
862 286 943 324 poeni
949 303 959 307 -

179 339 285 374 tentiae,
314 347 388 367 «nec
409 337 559 367 occidatis.
576 347 590 363 1)
606 338 665 365 Hoc
684 336 844 372 figuratum
868 334 923 362 fuit
938 334 958 370 ¹,

179 386 347 415 ubidicitur
359 395 365 414 :
378 384 548 414 «Eritvobis
557 383 703 419 sanguis,»
716 385 782 418 etc.,
796 383 827 410 id
837 383 889 417 est,
898 389 959 410 me-

179 433 275 462 moria
290 432 456 468 sanguinis,
469 431 530 460 sive
538 430 662 459 imitatio
676 430 821 467 passionis
836 428 939 458 Christi
951 449 960 463 ‚

180 482 299 518 signum
321 482 363 509 est
389 480 419 508 in
433 479 548 508 aedibus
568 478 687 513 nostris,
710 479 738 506 et
762 485 816 514 per
831 475 906 504 illud
921 475 961 503 si-

181 537 284 565 gnum,
306 527 380 556 sicut
399 527 505 555 dicitur
527 526 656 560 ibidem,
675 524 819 553 «liberati
842 523 962 551 fuerunt

181 576 220 604 ab
230 575 470 604 exterminatore.
486 584 500 600 >³
512 573 570 602 Sed
583 573 652 601 licet
666 573 723 601 11οο
737 572 856 607 signum
869 570 911 598 ita
926 569 961 597 sit

180 623 262 657 utile,
276 622 366 651 hodie
381 623 481 650 tamen
506 620 594 657 pauci
620 623 696 655 sunt,
722 619 774 656 qui
795 619 850 646 isto
875 618 962 653 signo

181 670 291 706 signari
314 669 423 704 velint;
444 669 505 697 imo
528 667 627 704 potius
647 667 727 695 istud
741 667 860 702 signum
875 665 963 693 vehe-

180 719 295 745 menter
316 716 486 744 abhorrent.
506 716 545 743 De
564 714 674 751 quibus
697 714 804 742 dicitur
828 713 859 740 in
881 711 962 740 Psal-

180 773 232 793 mo
250 766 261 782 Ξ
291 773 297 792 :
320 773 335 790 «
349 764 515 798 'timebunt‚
539 762 592 799 qui
611 763 747 791 habitant
776 761 929 796 terminos,
947 770 961 787 1)

180 811 212 839 id
228 813 270 839 est
282 811 419 839 homines
434 810 542 845 vitiosi,
559 810 610 846 qui
621 809 758 838 habitant
772 809 802 836 in
819 807 963 842 terminiS,

181 858 212 886 id
227 860 279 894 051,
294 858 324 885 10
343 857 437 886 vitiis:
462 858 554 885 virtus
569 857 649 885 enim
661 856 792 885 consistit
804 856 834 883 in
850 855 963 889 medio,

181 905 256 933 sicut
270 905 341 933 dicit
355 905 552 941 Philosophus
561 905 586 939 ³3
602 904 655 932 sed
667 904 770 933 vitium
784 903 815 931 in
828 902 965 931 extremi-

181 952 289 981 tatibus
303 952 527 988 comprobatur.
540 952 594 986 Qui
605 952 693 987 igitur
702 950 881 979 habitabunt
892 949 963 977 istos

181 999 334 1034 termInos,
348 1000 496 1027 timebunt
511 1008 527 1027 a
543 999 634 1035 signis
648 999 715 1033 tuis,
738 998 860 1026 Domine
880 999 963 1033 Jesug

182 1055 249 1084 quae
262 1047 346 1083 signa
362 1049 429 1076 sunt
444 1047 607 1082 humilitas,
625 1048 795 1083 paupertas,
817 1048 845 1074 et
859 1053 963 1082 poena-

182 1094 258 1122 litas.
279 1096 317 1122 De
341 1095 450 1130 quibus
474 1094 564 1130 signis
588 1094 696 1122 dicitur
710 1093 720 1109 ¹⁹
737 1103 743 1121 :
763 1105 776 1119 «
797 1095 856 1121 Hoc
877 1092 966 1120 vobis

183 1142 301 1177 signum
320 1151 326 1169 :
344 1142 499 1170 Invenietis
516 1141 706 1176 infantulum,
723 1152 736 1167 »
758 1149 824 1169 ecce
843 1139 966 1168 humili-

182 1191 241 1224 tas3
261 1200 274 1214 «
289 1189 396 1225 pannis
407 1189 585 1224 involutum,
597 1199 609 1215 ι)
629 1197 696 1217 ecce
711 1190 888 1225 paupertas3
909 1197 922 1214 κ
939 1189 966 1215 01

183 1236 313 1271 positum
328 1236 358 1263 in
373 1236 552 1272 praesepiQ»
570 1244 637 1264 ecce
652 1236 819 1272 poenatitas.
834 1237 885 1262 Per
896 1243 968 1271 prae-

183 1283 299 1319 sepium
310 1283 402 1318 enim,
418 1283 448 1310 in
464 1292 525 1319 qno
542 1286 584 1311 est
595 1283 680 1310 locus
696 1285 803 1317 arctus,
818 1281 966 1310 arctitudo

182 1330 372 1366 poenitentiae,
398 1332 426 1358 et
448 1330 603 1367 poenalitas
625 1330 807 1365 intelligitur.
835 1331 911 1358 Inter
932 1337 968 1356 ea

183 1385 263 1411 vere,
279 1378 359 1406 bone
381 1379 458 1413 Jesu,
480 1378 593 1413 positus
614 1386 644 1406 es
659 1379 701 1413 tu,
723 1381 751 1405 et
772 1386 845 1405 crux
860 1379 920 1411 tua,
937 1377 968 1404 in

185 1425 304 1461 signum
319 1425 373 1453 tibi
389 1435 395 1452 :
411 1426 501 1453 hodie
517 1434 534 1453 a
546 1425 644 1453 multis
657 1425 879 1459 contradicitur,
895 1424 969 1452 sicut

186 1472 257 1500 dicit
277 1472 396 1500 Simeon
414 1473 434 1500 ὅ.
460 1473 549 1507 Signa
573 1473 652 1500 enim
676 1473 799 1500 omnino
821 1472 969 1499 contraria

187 1519 352 1556 suscipiunt
367 1529 374 1548 .·
391 1520 510 1555 signum
525 1520 635 1548 scilicet
654 1520 813 1555 superbiae,
831 1519 860 1546 in
876 1527 969 1554 appa-

186 1569 253 1594 ratu
268 1567 403 1602 vestium,
421 1569 524 1595 contra
535 1567 637 1595 Christi
650 1567 846 1594 humilitatem
858 1568 885 1594 et
897 1574 970 1602 pau-

187 1616 341 1650 pertatem.
363 1616 401 1642 De
421 1615 475 1642 isto
497 1614 582 1649 signo
613 1614 719 1641 dicitur
739 1615 748 1631 θ
772 1622 779 1640 t
800 1623 812 1639 tt
828 1616 867 1641 Tu
896 1613 970 1647 scis,

188 1662 322 1697 Domine,
344 1662 428 1698 quod
452 1662 612 1689 abominor
637 1662 754 1696 signum
780 1661 936 1697 superbiae.
955 1671 968 1687 »

189 1709 312 1745 Signum
341 1711 430 1737 etiam
458 1709 618 1745 voluptatis
647 1711 674 1736 et
699 1709 836 1743 lasciviae,
869 1711 971 1736 contra

190 1757 293 1784 Christi
310 1756 526 1793 poenalitatem3
543 1756 580 1783 de
596 1764 656 1792 quo
673 1756 777 1783 dicunt
791 1756 889 1783 miseri
903 1764 971 1791 pec-

191 1805 349 1832 catores7:
376 1814 389 1830 «
404 1805 587 1832 Coronemus
612 1811 667 1831 nos
694 1803 779 1838 rosis,
810 1806 972 1839 antequam

190 1853 387 1886 marcescant3
404 1851 485 1886 vino,
508 1854 535 1878 et
548 1850 683 1887 pretiosis
698 1851 900 1886 unguentibus
919 1850 973 1877 im-

191 1899 328 1935 pleamus
345 1906 411 1932 nos,
426 1901 453 1925 et
468 1906 529 1925 non
549 1901 730 1933 pertranseat
751 1906 806 1925 nos
826 1897 882 1925 flos
898 1900 972 1925 tem—

191 1946 285 1982 poris,
300 1945 416 1972 nullum
430 1945 465 1972 sit
478 1948 607 1981 pratum,
625 1945 707 1981 quod
718 1953 779 1972 non
791 1946 974 1980 pertranseat

192 1993 310 2020 luxuria
321 1994 450 2020 nostra.»
470 1994 502 2019 Et
512 1992 658 2028 sequitur:
673 1992 808 2028 «Ubique
821 1992 973 2027 relinqua-

193 2049 260 2069 mus
282 2042 367 2076 signa
381 2040 494 2068 laetitiae.
511 2050 524 2067 ›)
548 2042 586 2068 Dc
606 2040 661 2068 isto
681 2040 770 2067 etiam
793 2040 878 2075 signo
899 2039 973 2066 dici-

192 2088 261 2115 1018
277 2097 283 2115 :
297 2097 311 2113 «
338 2087 382 2116 Ad
402 2096 490 2115 omne
511 2089 600 2123 caput
619 2087 674 2115 vice
692 2087 843 2114 aedificasti
856 2087 974 2122 signum

192 2135 407 2170 prostitutionis
420 2138 485 2163 tuae.
498 2145 511 2161 1)
529 2137 601 2163 Vere
613 2135 664 2171 qui
679 2135 740 2162 istis
754 2134 845 2169 signis
860 2137 927 2162 sunt
940 2134 975 2161 si-

195 2182 286 2216 gnati,
303 2190 364 2209 non
380 2182 519 2210 dedicant
534 2182 659 2210 domum
675 2190 759 2209 suam
778 2182 902 2213 Christo,
924 2181 975 2208 sed

193 2228 293 2264 potius
315 2228 501 2257 Antichristo.
527 2229 610 2256 Tales
625 2230 705 2256 enim
723 2230 842 2265 portant
857 2228 976 2256 charac-

195 2277 287 2303 terem
308 2276 484 2310 Antichristi,
506 2276 566 2303 sive
585 2276 685 2304 bestiae
707 2276 736 2303 in
755 2276 862 2310 fronte,
888 2275 919 2303 id
935 2277 977 2302 est

194 2322 225 2350 in
240 2323 350 2357 corde;
368 2326 395 2350 et
409 2323 439 2349 in
455 2331 556 2358 manu,
573 2323 603 2350 id
620 2325 672 2357 cst,
693 2323 723 2350 in
739 2323 923 2358 operatione,
939 2322 977 2349 si-

195 2371 244 2397 cut
259 2369 364 2397 dicitur
378 2368 397 2396 ⁹.
414 2372 436 2397 Α
451 2369 560 2397 talibus
581 2372 728 2405 quaeretur
750 2370 780 2397 in
804 2370 918 2405 judicio
935 2370 954 2386 ¹⁰
970 2378 976 2396 ε

198 2426 211 2442 <‹
230 2417 318 2452 Cujus
336 2418 379 2444 est
393 2417 503 2451 imago,
531 2419 559 2444 et
581 2417 814 2453 superscriptio?
831 2427 843 2443 »
870 2419 901 2444 Et
917 2424 977 2444 non

194 2465 334 2498 poterunt
356 2464 548 2500 respondere,
564 2464 619 2491 nisi
638 2474 644 2492 z
669 2475 683 2490 (ι
698 2465 831 2498 Caesaris,
847 2474 860 2489 11
879 2463 909 2491 id
925 2465 976 2497 est,

197 2510 321 2538 diaboli.
343 2514 375 2539 Et
389 2514 458 2539 tunc
473 2512 623 2548 praecipiet
648 2511 787 2539 Dominus
802 2521 808 2539 z
830 2511 978 2538 «Reddite

230 2596 238 2612 ¹
257 2596 350 2628 Eaeod„
369 2603 421 2628 xii,
442 2598 480 2621 13.
501 2610 532 2614 —-
555 2598 565 2613 ²
586 2597 652 2621 Psal.
671 2603 742 2628 Lx1v‚
765 2599 788 2621 9.
810 2610 840 2614 ——
861 2597 871 2612 ³
891 2596 979 2627 Aris-t,

200 2631 291 2655 Moral.
318 2633 471 2664 Nz'comaclz„
486 2633 529 2657 lib.
552 2634 586 2664 ll,
606 2641 629 2657 0.
653 2639 691 2663 Vl,
708 2635 733 2657 et
750 2632 840 2657 Mor-al.
861 2633 978 2661 Eadem„

200 2666 244 2690 lib.
270 2668 303 2696 ΙΙ,
326 2676 347 2693 r.
372 2676 394 2692 v.
419 2683 444 2686 —
464 2669 473 2685 s.
497 2670 562 2698 Lacu,
588 2676 621 2700 11,
646 2670 685 2693 12.
708 2683 733 2686 -m
757 2670 766 2685 ⁵
794 2669 867 2699 ibid„
889 2670 927 2692 34.
951 2682 976 2685 —

201 2704 209 2715 ⁰
229 2702 310 2731 Estn„
326 2710 378 2736 MV,
397 2707 432 2730 lu.
450 2719 478 2723 —
493 2706 502 2723 ⁷
520 2707 589 2737 Sap„
607 2712 646 2741 711,
665 2707 717 2729 74).
735 2719 763 2723 -
781 2705 790 2721 ⁸
805 2704 905 2734 Eseclt.,
922 2710 978 2735 xvi,

1741 220 1798 249 127

1015 295 1085 324 ergo
1098 296 1164 324 quae
1173 289 1240 316 sunt
1253 285 1384 320 Caesaris,
1396 285 1502 313 Caesari
1509 294 1518 320 3
1535 286 1563 313 et
1577 293 1644 321 quae
1655 286 1723 313 sunt
1737 285 1798 319 Dei,

1016 335 1111 362 Deo.»
1137 337 1192 363 lsto
1208 335 1296 370 igitur
1320 333 1406 369 signo
1429 339 1491 360 non
1511 331 1601 360 debet
1619 332 1730 368 signari
1745 332 1800 360 do-

1016 389 1083 410 mus
1102 383 1153 410 Dei
1174 382 1356 419 spiritualis;
1381 381 1434 409 scd
1456 381 1541 416 signo
1563 380 1670 414 crucis,
1694 380 1726 408 id
1749 382 1801 414 est,

1015 429 1205 465 poenitentiae.
1223 431 1278 458 1510
1298 429 1384 465 signo
1407 428 1539 464 signatus
1554 428 1617 456 erat
1632 426 1800 464 Apostolus,

1017 476 1069 512 qui
1085 476 1204 505 dicebat
1221 476 1237 493 '¹
1255 486 1262 505 :
1279 486 1292 503 «
1308 477 1450 512 Stigmata
1472 475 1587 504 Domini
1601 476 1669 503 Jesu
1687 474 1718 502 in
1739 481 1803 502 cor-

1017 531 1091 560 pore
1106 531 1174 551 meo
1195 525 1294 560 porto.
1322 533 1335 550 »
1353 523 1473 552 Glossa:
1494 522 1674 558 «Stigmata,
1695 521 1726 549 id
1749 523 1802 557 est,

1017 570 1103 606 signa
1112 570 1236 604 militiae,
1245 578 1311 606 quae
1322 578 1368 598 me
1378 570 1508 606 probant
1519 577 1581 597 esse
1592 569 1718 597 militem
1729 568 1754 604 ej
1760 576 1803 603 115,

1019 617 1130 645 scilicet
1145 617 1361 645 tribulationes.
1374 627 1387 643 »

1054 665 1149 693 Tertio
1172 665 1262 692 debet
1285 664 1389 700 inungi
1414 664 1481 692 oleo
1502 664 1608 692 laetitiae
1634 663 1803 701 spiritualis,

1019 712 1094 740 sicut
1109 712 1197 740 etiam
1207 712 1245 740 ad
1256 711 1383 740 litteram
1399 711 1552 747 inungitur
1563 711 1672 739 domus
1686 711 1734 739 Dei
1745 719 1806 739 ma-

1019 759 1127 788 terialis
1144 759 1211 787 oleo
1232 759 1387 787 materiali.
1406 760 1461 787 Ista
1480 758 1653 786 inunctione
1667 758 1806 786 inunctus

1019 806 1074 834 fuit
1102 807 1281 835 excellenter
1309 805 1449 834 Christus.
1475 805 1556 833 Unde
1573 805 1602 833 in
1626 805 1743 833 Psalmo
1759 806 1804 833 ¹²:

1023 863 1037 880 «
1050 853 1136 882 Unxit
1149 856 1177 881 te
1192 855 1267 882 Deus
1283 855 1358 881 Deus
1373 855 1440 881 tuus
1456 852 1523 881 oleo
1540 852 1656 880 laetitiae.
1669 864 1682 877 »
1699 854 1737 880 De
1750 852 1806 880 isto

1021 901 1088 929 oleo
1097 901 1202 929 dicitur
1212 901 1284 929 alibi
1292 901 1313 918 ¹³
1323 910 1330 928 :
1342 912 1353 925 a
1366 900 1544 928 Utexhilaret
1552 900 1660 928 faciem
1670 900 1700 927 in
1710 900 1803 928 oleo.»

1021 948 1079 977 Sed
1098 948 1315 976 advertendum
1337 949 1390 982 051,
1409 947 1493 984 quod
1513 947 1589 975 sicut
1606 947 1744 975 videmus
1768 946 1807 974 ad

1020 995 1147 1023 litteram
1161 995 1192 1022 in
1208 995 1395 1023 dedicatione
1412 995 1520 1022 domus
1532 994 1703 1029 materialis,
1722 994 1807 1030 quod

1020 1042 1122 1070 unctio
1136 1042 1257 1078 ponitur
1272 1050 1361 1078 super
1377 1050 1478 1070 cruces
1487 1051 1495 1077 3
1513 1042 1554 1069 510
1569 1041 1670 1069 unctio
1686 1041 1741 1069 ista
1764 1041 1808 1068 di-

1020 1090 1091 1118 vina
1109 1089 1224 1124 laetitiae,
1244 1089 1384 1117 videlicet
1401 1089 1578 1125 spiritualis,
1602 1088 1744 1124 ponenda
1767 1090 1809 1116 est

1022 1146 1111 1174 super
1140 1145 1257 1165 crucem
1286 1137 1474 1182 ppenitentiae.
1507 1138 1537 1164 ln
1566 1135 1808 1164 tribulationibus

1023 1186 1103 1212 enim
1123 1185 1289 1212 immittitur
1313 1184 1478 1220 specialiter
1504 1183 1606 1211 divina
1630 1183 1806 1217 consolatio,

1023 1232 1188 1260 secundum
1202 1231 1279 1259 illud
1295 1231 1398 1259 Psalmi
1411 1231 1432 1249 1'0
1446 1240 1451 1258 :
1472 1242 1484 1256 (ι
1495 1231 1664 1259 Secundum
1677 1230 1808 1258 multitu-

1023 1279 1124 1307 dinem
1140 1279 1253 1307 doloris
1269 1279 1299 1306 10
1313 1278 1403 1306 corde
1417 1286 1496 1313 meo,
1513 1278 1679 1306 consolatio
1696 1280 1745 1305 tua
1760 1277 1807 1305 110-

1023 1326 1145 1354 tificavit
1160 1327 1292 1354 animam
1314 1334 1448 1353 meam.»
1480 1327 1565 1353 istam
1583 1325 1663 1352 00110
1689 1325 1808 1352 unctio-

1024 1382 1093 1402 nem
1108 1381 1169 1402 non
1189 1375 1338 1401 merentur
1353 1372 1498 1408 accipere,
1515 1371 1566 1408 qui
1583 1380 1701 1399 crucem
1716 1371 1808 1407 poeni—

1024 1421 1121 1449 tentiae
1148 1423 1285 1448 recusant
1313 1421 1444 1456 portare.
1467 1419 1548 1447 Unde
1572 1419 1754 1453 Bernardus,
1778 1419 1808 1446 in

1025 1477 1160 1496 sermone
1177 1469 1209 1496 de
1222 1469 1384 1495 Ascenst'one
1395 1468 1416 1484 ⁴⁵
1434 1476 1440 1494 :
1456 1477 1469 1493 t(
1482 1468 1705 1503 praeoccupatos
1720 1474 1809 1494 saecu·

1025 1516 1138 1543 laribus
1154 1515 1308 1543 desideriis
1328 1514 1445 1542 animos
1465 1514 1621 1542 delectatio
1643 1515 1744 1541 sancta
1760 1513 1809 1540 de-

1026 1563 1116 1590 clinat
1133 1572 1137 1590 :
1157 1571 1210 1590 nec
1226 1561 1341 1589 misceri
1358 1562 1497 1597 poterunt
1509 1569 1578 1588 vera
1589 1561 1684 1595 vanis,
1699 1562 1809 1588 aeterna

1026 1609 1156 1644 caducis,
1179 1609 1344 1645 spiritualia
1364 1608 1581 1644 corporalibus,
1597 1615 1715 1635 summa
1729 1607 1806 1642 imis,

1026 1660 1058 1685 ut
1071 1658 1180 1694 pariter
1195 1666 1261 1693 quae
1276 1657 1306 1684 in
1322 1656 1396 1684 coelo
1412 1658 1489 1690 sunt,
1500 1655 1607 1691 sapias,
1621 1658 1649 1683 et
1664 1663 1730 1691 quae
1741 1658 1808 1682 sunt

1026 1713 1115 1741 super
1130 1706 1249 1732 terram.
1264 1714 1277 1729 »
1296 1705 1356 1732 Hoc
1371 1706 1413 1730 est
1429 1703 1511 1739 quod
1526 1703 1598 1730 dicit
1613 1702 1686 1730 alibi
1705 1712 1710 1730 z
1731 1713 1743 1727 «
1756 1704 1807 1729 De-

1025 1752 1112 1779 licata
1128 1753 1171 1779 est
1190 1751 1291 1778 divina
1307 1750 1482 1784 consolatio,
1506 1758 1568 1777 non
1590 1749 1677 1777 datur
1700 1749 1808 1777 admit-

1026 1800 1155 1828 tentibus
1170 1799 1309 1827 alienam.
1326 1808 1339 1824 n
1367 1800 1398 1826 Et
1412 1799 1519 1825 iterum
1533 1807 1538 1825 :
1559 1797 1633 1824 «Ubi
1656 1797 1809 1832 crapulam

1027 1847 1249 1875 ructantisinter
1261 1846 1370 1882 pocula
1380 1846 1502 1873 senserit
1512 1845 1651 1878 Christus,
1665 1852 1718 1871 sua
1728 1844 1810 1877 vina,

1028 1904 1094 1931 quae
1109 1903 1197 1930 super
1212 1894 1271 1921 mel
1291 1896 1319 1920 et
1338 1894 1440 1920 savum
1463 1892 1599 1920 dulciora
1614 1895 1691 1926 sunt,
1712 1892 1810 1928 propi-

1027 1950 1099 1970 nare
1114 1949 1175 1969 non
1197 1941 1359 1976 dignatur:
1387 1939 1438 1967 ubi
1459 1940 1596 1967 ciborum
1621 1939 1738 1966 curiosa
1763 1939 1809 1966 di-

1027 1989 1160 2023 versitas,
1170 1989 1223 2016 ubi
1235 1988 1333 2015 divitis
1345 1987 1536 2023 supellectilis
1543 1987 1674 2015 discolor
1685 1986 1810 2014 varietas

1029 2037 1132 2065 oculos
1148 2036 1236 2063 simul
1256 2035 1359 2072 pascit,
1386 2037 1413 2062 et
1429 2037 1571 2068 ventrem,
1589 2034 1674 2070 panis
1691 2034 1814 2061 coelestis

1027 2084 1162 2119 jejunam
1178 2083 1286 2111 deserit
1300 2084 1440 2110 mentem.
1459 2092 1472 2108 »
1490 2082 1543 2115 Qui
1562 2082 1651 2117 igitur
1667 2081 1730 2108 vult
1744 2089 1814 2109 unc-

1029 2132 1139 2158 tionem
1157 2131 1242 2158 istam
1259 2129 1402 2165 recipere,
1425 2137 1544 2156 necesse
1561 2130 1614 2162 est,
1631 2127 1713 2164 quod
1733 2127 1815 2164 prius

1029 2179 1101 2206 sciat
1117 2186 1234 2205 crucem
1243 2176 1419 2213 poenitentiae
1432 2178 1559 2211 portare.
1574 2177 1630 2203 Nec
1643 2178 1739 2202 lamen
1751 2183 1813 2202 om-

1030 2235 1093 2261 nes,
1110 2227 1161 2262 qui
1177 2234 1294 2253 crucem
1310 2226 1439 2260 portant,
1456 2224 1543 2251 istam
1558 2223 1728 2251 unctionem
1745 2231 1815 2258 pcr-

1031 2274 1153 2309 cipiunt.
1174 2272 1329 2307 Dis-tinguit
1353 2272 1433 2299 enim
1459 2270 1624 2298 Bernardus
1648 2271 1723 2297 inter
1744 2278 1814 2305 por-

1031 2323 1124 2348 tantes
1140 2328 1257 2347 crucem
1278 2318 1456 2355 poenitentiae
1472 2319 1501 2345 111
1519 2317 1652 2353 quodam
1673 2318 1814 2344 Sermone

1032 2367 1069 2394 de
1085 2367 1277 2400 Ascensione,
1296 2367 1337 2393 510
1352 2365 1453 2393 dicens
1468 2366 1488 2382 ’ὃ
1503 2374 1509 2392 ;
1532 2375 1542 2389 α
1557 2364 1715 2392 Advertere
1731 2366 1814 2399 poles

1032 2414 1063 2442 111
1079 2414 1218 2441 omnibus
1233 2414 1292 2441 fere
1309 2413 1453 2448 religiosis
1476 2411 1758 2447 congregationibus
1774 2411 1815 2438 vi-

1032 2470 1081 2489 ros
1091 2461 1219 2496 repletos
1235 2469 1295 2488 esse
1309 2460 1523 2493 consolatione,
1538 2457 1815 2494 superabundantes

1033 2508 1156 2544 gaudio,
1175 2508 1325 2543 jucundos
1344 2515 1471 2543 semper,
1488 2508 1515 2533 et
1528 2506 1648 2539 hilares,
1670 2504 1815 2532 ferventes

1035 2596 1073 2619 25.
1089 2608 1119 2612 —
1140 2595 1150 2611 ⁹
1167 2595 1252 2626 Agma,
1273 2599 1327 2624 11111,
1350 2594 1373 2616 9.
1390 2606 1418 2610 -
1435 2593 1454 2609 ¹⁰
1471 2592 1573 2621 Malta,
1589 2597 1664 2622 xxii,
1684 2593 1767 2616 20-21.
1786 2595 1816 2609 -’-

1035 2632 1052 2647 ¹¹
1070 2631 1137 2661 Gal„
1153 2637 1190 2661 vi,
1205 2632 1243 2654 17.
1258 2644 1289 2648 -
1304 2631 1324 2646 ¹²
1340 2629 1406 2653 Psal.
1425 2634 1496 2658 11111,
1510 2631 1533 2652 ὅ.
1547 2642 1578 2645 -
1590 2628 1610 2644 ¹³
1622 2628 1692 2652 Psal.
1708 2634 1763 2659 0111,
1777 2630 1814 2652 15,

1034 2680 1065 2685 —-
1084 2667 1101 2683 ¹⁴
1117 2667 1184 2690 Psal.
1203 2672 1281 2696 xciii,
1300 2667 1334 2689 ts).
1351 2677 1380 2682 —
1399 2666 1415 2681 ¹⁵
1433 2664 1566 2695 Boi-nard„
1586 2666 1611 2689 1⁴72
1627 2665 1726 2688 Ascens.
1743 2664 1814 2688 Donz.

1035 2701 1451 2733 501’111.ν,0.ὃ.-1ῡ111111.,11.
1470 2702 1492 2724 Ἴ.
