2029 3052
240 183 300 213 574

241 248 363 289 gentis,
388 248 438 281 vel
453 248 649 289 infirmitate
671 251 838 290 coqantur.
863 249 944 282 Dicit
957 260 1014 282 au-

239 304 304 334 tem
322 312 329 332 :
349 310 415 336 non
428 303 575 343 debeant,
592 312 650 344 pro
660 312 698 335 eo
708 304 795 344 quod
809 306 867 343 est,
880 304 1016 336 debeant

238 365 302 388 non
318 357 472 397 equitare.
483 357 522 389 Et
533 359 570 390 in
583 365 812 398 quamcumque
822 357 951 390 domum
961 359 1014 391 in-

239 411 408 450 traverint,
431 411 470 443 ad
483 411 719 452 procurandum
735 411 918 443 animarum
932 412 1015 443 scili-

237 465 288 496 cet
308 465 456 503 salutem,
479 466 516 496 ut
539 465 654 497 dicitur
674 465 709 496 in
732 465 901 497 Matthaeo¹
920 477 928 497 ε
945 466 1016 499 Pri-

236 527 325 550 mum
339 520 472 559 quaerite
490 527 622 560 reqnum
645 519 718 558 Dei,
738 523 796 550 etc.
814 519 853 559 (α)
870 519 1015 552 Primum

237 571 354 605 dicant
368 583 381 604 .·
395 572 468 605 Pax
481 572 557 605 huic
570 572 694 613 domui,
711 574 888 605 secundum
903 574 1016 605 doctri-

235 634 312 656 nam
323 624 449 657 Christi.
462 626 605 667 Optando
612 629 720 658 autem
733 636 854 667 pacem,
865 629 1015 668 optamus

236 687 367 709 omnem
390 679 614 711 liberationem
633 689 652 711 a
670 680 766 719 malo,
793 683 824 712 et
837 681 1014 721 promotio-

235 739 310 762 nem
324 731 358 763 in
373 731 467 764 bono.
484 733 522 764 Et
537 736 585 765 est
598 743 662 774 pax
676 734 889 774 tranquillitas
899 734 1012 766 cordis.

235 785 278 817 Et
297 786 473 818 secundum
494 790 644 820 sanctum
664 787 876 828 Evanqelium
892 787 930 820 de
944 796 1014 820 om-

234 839 331 871 nibus
345 840 438 879 cibis,
454 842 514 872 etc.
530 841 611 872 Dicit
624 843 793 872 notanter:
810 842 928 881 Liceat,
949 851 1014 873 non

234 894 455 926 necessitatem
470 894 675 935 imponendo,
696 895 750 926 sed
770 896 946 927 secundum
961 896 1011 927 in-

235 947 432 988 dulgentiam
454 949 677 989 permittendo‚
702 951 739 981 ut
762 950 841 981 sciat
855 959 888 982 se
904 952 1013 982 contra

234 1002 381 1042 regulam
394 1003 475 1034 nihil
490 1003 602 1039 facere,
621 1004 645 1034 si
662 1003 734 1044 quis
752 1004 890 1035 voluerit
909 1004 1012 1036 subli-

234 1055 320 1087 mius
343 1057 518 1088 ambulare.
547 1057 596 1089 Ad
621 1057 682 1088 hoc
705 1058 883 1089 notandum
911 1058 1009 1089 dicit:

233 1111 344 1143 Liceat
357 1110 395 1143 cle
409 1111 571 1150 omnibus,
592 1120 668 1142 nom
683 1111 878 1152 simpliciter,
895 1112 949 1143 sed
964 1120 1010 1144 se-

233 1165 376 1197 cundum
391 1169 540 1198 sanctum
555 1166 783 1206 Evianyeli'um.
800 1165 887 1197 istud
903 1164 1028 1198 autem·

233 1227 299 1250 non
311 1219 504 1258 conceditur,
529 1219 591 1250 nisi
606 1219 640 1250 in
656 1219 895 1260 praedicationis
904 1220 1010 1251 eunti—

233 1273 293 1304 bus
305 1273 493 1305 ministerio.
519 1274 578 1311 Qui
594 1283 672 1314 ergo
689 1283 746 1314 pro
761 1274 943 1306 animarum
958 1285 1008 1306 sa-

234 1326 299 1358 lute
314 1336 379 1358 non
393 1327 603 1366 circumeunt,
620 1328 653 1358 in
668 1327 727 1358 hac
741 1327 869 1359 licentia
879 1329 935 1368 jus
945 1338 1008 1360 non

232 1380 361 1412 habent.
388 1381 457 1422 Ipse
478 1381 609 1412 dicendo
636 1391 644 1412 ε
667 1381 842 1414 secundum
863 1386 1010 1415 sanctum

232 1434 456 1475 Evanqelz'um,
472 1435 633 1466 licentiam
656 1437 823 1476 temperat,
841 1439 875 1467 ut
894 1437 1010 1468 scilicet

232 1489 408 1520 secundum
433 1489 583 1528 regulam
610 1490 806 1529 evangelicae
836 1491 1009 1523 honestatis

231 1545 296 1576 fiat.
313 1544 402 1576 Unde
417 1554 490 1576 cum
504 1545 641 1576 verbum
656 1546 845 1586 praedictum
864 1546 1009 1578 trahatur

231 1599 270 1629 de
285 1599 378 1630 Lucae
394 1599 582 1639 Evangelio,
607 1600 660 1630 ubi
685 1600 802 1631 (licitur
818 1601 828 1617 ²
847 1612 853 1631 ι
871 1601 1009 1633 Mandu-

230 1655 298 1685 cate
312 1661 382 1693 quw
390 1653 714 1693 appenwiturvobz's3
732 1654 906 1685 notandum
924 1655 1008 1695 quod

232 1706 273 1736 ihi
289 1707 470 1738 immediate
486 1708 715 1747 subjungitur:
733 1708 772 1739 Ec
790 1711 897 1740 curate
914 1709 1009 1747 insir-

231 1768 310 1799 mos,
329 1762 387 1800 qui
402 1762 437 1792 in
457 1761 516 1793 illa
538 1764 633 1799 szmt3
651 1763 773 1792 certum
796 1764 841 1792 est
863 1762 941 1793 illud
957 1762 1006 1793 in-

229 1814 331 1854 telligi
357 1814 573 1854 spiritualiter,
603 1815 780 1846 secundum
799 1816 1007 1856 principalem

230 1868 423 1900 intellectum
440 1869 598 1900 vocabuli.
621 1868 689 1900 Non
709 1871 755 1900 est
771 1872 879 1901 autem
895 1871 1009 1902 modus

230 1922 363 1952 curandi
379 1923 514 1961 animas,
537 1923 772 1955 delicatioribus
794 1924 839 1954 uti
863 1925 1005 1965 cibariis,

231 1985 326 2016 quam
344 1976 388 2007 illi
403 1979 546 2015 utantur,
564 1977 595 2007 in
610 1987 748 2018 quorum
765 1979 882 2009 mensis
897 1980 1008 2010 fratros

230 2031 290 2071 ipsi
305 2033 488 2062 vescuntur.
506 2031 570 2062 Hoc
587 2032 672 2063 enim
691 2035 735 2063 est
753 2042 817 2063 non
836 2042 948 2064 curare
963 2034 1008 2064 in-

232 2085 355 2121 firmos,
372 2085 426 2116 scd
441 2094 459 2116 a
472 2086 655 2116 fortitudine
667 2086 705 2117 ad
721 2086 939 2117 infirmitatem
954 2097 1009 2119 vo-

231 2147 313 2169 care.
338 2138 470 2176 Quando
494 2148 572 2179 ergo
593 2140 781 2180 principales
796 2149 940 2180 personae
956 2141 1008 2173 ‹lo-

231 2201 304 2223 mus
323 2194 354 2223 ct
374 2192 502 2223 familiae
526 2193 683 2224 abstinent
706 2204 723 2224 a
749 2195 915 2234 carnibus,
942 2204 1007 2226 non

231 2246 301 2277 licet
312 2271 321 2286 ‚
347 2247 519 2277 secundum
537 2246 569 2277 S.
591 2247 819 2286 Evangelium,
846 2249 956 2280 fratres
975 2250 1008 2280 in

231 2310 288 2331 esu
303 2300 447 2331 carnium
470 2300 574 2331 laxius
597 2301 772 2332 ambulare.
798 2301 874 2333 Item
892 2303 946 2333 ubi
962 2306 1009 2334 est

232 2354 423 2385 ferculorum
439 2355 653 2394 superfluitas,
670 2365 735 2386 non
750 2358 795 2386 est
811 2357 1007 2396 evangelicae

232 2408 405 2438 sanctitatis
420 2408 670 2448 superfluitatem
687 2419 747 2440 usu
758 2419 827 2448 suo,
842 2410 892 2440 vel
903 2410 1008 2442 abusu

233 2461 351 2500 verius,
383 2462 576 2502 approbare3
604 2463 657 2493 sed
678 2463 794 2502 magis,
822 2464 1007 2495 necessitate

233 2517 370 2555 accepta,
388 2516 587 2547 dissimulare
602 2517 776 2557 prudenter
790 2517 875 2557 quod
896 2518 1007 2558 nequit

265 2615 270 2628 ¹
284 2614 386 2643 Matth„
402 2621 442 2645 vi,
458 2618 496 2638 33.
513 2616 619 2640 Videtur
634 2623 705 2640 orror
720 2616 796 2640 fuisse
811 2617 948 2647 editorum,
964 2617 1007 2648 qui

232 2653 307 2681 caput
329 2653 427 2675 sexium
449 2652 562 2676 Matthaei
579 2659 624 2683 pro
639 2653 747 2682 decimo,
767 2655 846 2683 11-12,
863 2654 1005 2678 citaverint,

232 2700 261 2704 —
276 2688 283 2700 ²
296 2687 364 2718 Luc„
378 2694 403 2717 x,
420 2690 442 2711 ὃ.

916 214 920 219 ,
940 182 1148 216 EXPOSITIO

1070 251 1139 283 sine
1153 250 1301 283 scandalo
1314 250 1517 292 reprehendi.
1533 250 1624 291 Item,
1640 251 1667 282 si
1680 251 1780 293 aliqui
1797 261 1848 285 re-

1070 304 1178 344 ligiosi
1200 307 1378 346 receptores
1401 305 1538 336 fratrum
1562 306 1674 336 contra
1696 305 1848 346 reg-ulam

1071 367 1163 390 suam
1184 368 1294 390 carnes
1314 359 1533 398 comederent,
1553 368 1620 390 non
1636 361 1683 391 est
1703 369 1846 401 evange-

1070 411 1141 444 licae
1159 413 1336 444 sanctitatis
1351 413 1540 454 participare
1557 422 1632 444 cum
1654 414 1846 454 praevarica-

1071 467 1140 497 tore
1154 466 1186 496 in
1201 466 1348 505 crimine,
1365 466 1417 498 vel
1431 466 1608 498 carnalitati
1625 466 1849 507 irregulariter

1071 528 1130 550 suo
1143 519 1302 551 consortio
1316 519 1522 551 conformari.

1344 629 1489 663 CAPUT
1511 629 1571 664 IV.

1159 708 1237 742 Quod
1262 709 1365 742 fratres
1383 717 1437 737 non
1455 711 1590 746 recipiant
1605 711 1758 746 pecuniam.

1111 786 1266 828 Praecipio
1290 789 1425 820 firmiter
1446 789 1599 821 fratribus
1619 790 1790 829 universis,
1813 791 1849 822 ut

1069 841 1159 873 nullo
1175 842 1269 873 modo
1280 842 1438 881 denarios,
1451 842 1504 874 vel
1513 843 1684 884 pecuniam
1697 844 1849 885 recipiant

1069 905 1125 936 per
1139 905 1183 934 se,
1201 897 1252 927 vet
1273 905 1328 936 per
1342 897 1564 937 interpositam
1584 906 1773 937 personam;
1797 899 1845 929 ta-

1068 959 1141 981 men
1156 959 1214 990 pro
1231 949 1474 980 necessitatibus
1487 949 1704 989 infirmorum,
1725 952 1758 982 et
1775 950 1848 982 aliis

1067 1003 1218 1034 fratribus
1239 1003 1419 1042 induendis,
1443 1012 1500 1044 per
1519 1003 1639 1035 amicos
1661 1003 1847 1044 spirituales

1067 1057 1202 1088 Ministri
1224 1060 1361 1097 tantum,
1387 1060 1418 1089 et
1439 1058 1589 1090 Custodes
1607 1058 1773 1090 sollicitam
1791 1068 1844 1090 cu-

1067 1122 1137 1144 ram
1153 1115 1279 1153 gerant,
1296 1113 1472 1145 secundum
1488 1113 1568 1152 loca,
1585 1116 1616 1146 et
1638 1116 1794 1155 tempora,
1815 1116 1847 1146 et

1067 1167 1200 1207 frigidas
1222 1167 1381 1207 regiones,
1406 1167 1489 1199 sicut
1508 1167 1686 1199 necessitati
1707 1168 1846 1200 viderint

1066 1221 1226 1262 expedire,
1245 1230 1282 1253 eo
1297 1230 1423 1262 semper
1446 1221 1534 1253 salvo
1553 1224 1590 1253 ut
1612 1222 1704 1262 (sicut
1722 1222 1844 1254 dictum

1066 1278 1121 1316 est)
1139 1276 1297 1314 denarios,
1313 1276 1364 1307 vel
1381 1276 1550 1316 pecuniam
1567 1285 1632 1308 non
1647 1277 1812 1318 recipiant.

1337 1371 1568 1399 EXPOSITIO.

1106 1438 1264 1478 Praecipio
1279 1437 1429 1477 firmiter.
1446 1438 1614 1479 Descriptis
1627 1438 1730 1470 tribus
1743 1439 1843 1479 portis

1065 1493 1233 1525 dominicae
1248 1494 1395 1533 civitatis,
1413 1503 1469 1534 per
1489 1503 1570 1535 quas
1582 1494 1735 1526 illucescit
1748 1494 1841 1526 clari-

1065 1551 1111 1580 tas
1125 1549 1301 1586 orientalis‚
1321 1549 1468 1590 sequitur
1487 1550 1636 1587 secunda,
1656 1550 1689 1580 in
1704 1559 1768 1590 qua
1783 1550 1842 1582 de-

1064 1603 1248 1634 scribuntur
1268 1605 1332 1634 tres
1356 1605 1456 1644 portae
1478 1603 1613 1635 munitae
1637 1606 1746 1635 contra
1760 1604 1841 1635 insi-

1065 1658 1132 1688 dias
1147 1658 1317 1698 aquilonis,
1334 1667 1471 1698 quarum
1489 1658 1591 1697 prima
1606 1657 1745 1689 excludit
1756 1658 1840 1698 peri-

1064 1711 1172 1742 culum
1179 1711 1194 1742 J
1199 1711 1270 1742 udae
1284 1720 1339 1751 pro
1350 1711 1483 1751 pecunia
1496 1710 1665 1742 Dominum
1676 1712 1840 1751 tradentis3

1064 1766 1202 1797 secunda
1218 1765 1298 1797 tollit
1318 1765 1497 1805 periculum
1520 1766 1602 1796 fictae
1623 1765 1789 1806 religionis
1808 1766 1842 1797 in

1063 1820 1128 1851 otio
1146 1819 1303 1857 viventis;
1321 1819 1413 1850 tertia
1434 1819 1538 1850 aufert
1557 1818 1735 1859 periculum
1755 1818 1841 1850 mul-

1063 1873 1208 1905 titudinis
1225 1872 1310 1911 cleri,
1327 1873 1360 1903 in
1375 1873 1439 1904 fine
1453 1873 1487 1913 (b)
1506 1881 1564 1913 pro
1579 1873 1791 1913 appropriatis
1806 1872 1840 1913 (c)

1064 1926 1289 1959 communibus
1303 1926 1533 1958 contendentis.
1552 1926 1658 1958 Prima
1671 1926 1775 1958 aufert
1786 1926 1843 1958 ho-

1063 1981 1142 2012 mini
1157 1981 1257 2012 Deum
1267 1991 1274 2020 ;
1291 1981 1429 2012 secunda
1438 1981 1541 2012 aufert
1551 1981 1674 2012 homini
1687 1981 1840 2021 seipsum,

1063 2036 1139 2076 quia
1164 2036 1285 2067 otiosus
1309 2035 1341 2066 in
1365 2035 1453 2066 nullo
1481 2037 1528 2066 est
1555 2035 1614 2065 sibi
1642 2035 1839 2074 fructuosus3

1063 2090 1156 2121 tertia
1173 2090 1277 2121 aufert
1289 2089 1410 2120 homini
1427 2088 1624 2129 proximum.
1642 2088 1749 2120 Prima
1766 2097 1842 2129 pars

1063 2143 1159 2174 habet
1183 2143 1278 2182 duas,
1303 2142 1379 2183 quia
1403 2143 1507 2182 primo
1531 2142 1669 2173 excludit
1696 2142 1841 2182 pecuniae

1063 2198 1281 2229 omnimodam
1305 2197 1540 2237 receptionem3
1566 2196 1704 2228 secundo
1732 2197 1840 2236 provi-

1063 2252 1140 2283 dens
1169 2251 1371 2283 subditorum
1399 2251 1508 2292 quieti,
1541 2250 1676 2291 imponit
1703 2250 1841 2290 praelatis

1064 2306 1147 2337 circa
1170 2306 1428 2346 procurationem
1451 2305 1706 2336 necessariorum
1727 2304 1840 2336 sollici-

1063 2359 1220 2398 tudinem,
1236 2360 1281 2390 ibi
1297 2371 1303 2391 :
1326 2360 1442 2392 Tamen
1455 2367 1513 2399 pro
1528 2359 1770 2392 necessitatibus
1785 2359 1837 2391 in-

1063 2413 1243 2452 firmorum.

1104 2466 1183 2498 Dicit
1197 2476 1276 2506 ergo
1293 2476 1350 2507 pro
1373 2467 1477 2507 primo
1493 2478 1504 2498 .·
1527 2467 1684 2507 Proecipio
1700 2467 1838 2506 firmiter

1062 2520 1219 2559 fratribus
1243 2521 1415 2553 universis.
1442 2521 1529 2552 Circa
1549 2521 1634 2561 quod
1652 2520 1835 2558 sciendum,

1063 2574 1147 2615 quod
1163 2575 1298 2614 pecunia
1310 2577 1476 2606 terrenum
1490 2584 1609 2606 nomen
1622 2576 1679 2614 est,
1692 2574 1837 2606 redolens

1096 2655 1126 2685 (n)
1141 2656 1196 2679 Dei.
1211 2656 1322 2680 Primum
1333 2656 1438 2688 qiam-ile
1448 2663 1550 2687 J'eynnm
1565 2656 1618 2687 Dei,
1631 2656 1678 2679 etc.
1690 2668 1721 2673 -
1731 2655 1767 2686 (b)
1778 2656 1835 2685 Lep.

1063 2691 1116 2715 sinc
1127 2691 1185 2716 tine.
1201 2705 1232 2711 —
1247 2693 1275 2723 (c)
1292 2693 1348 2724 [Δρ.
1364 2691 1565 2724 appropriaudis.
