2029 3052
597 215 884 249 RESPONSIONIS
907 216 1081 255 QUARTAE
1103 216 1232 249 CAPUT
1255 217 1278 249 Ι.

127 286 246 328 appetit
260 287 503 327 contemptores.
518 285 632 317 Saeculi
645 285 793 317 homines
808 284 906 316 susci-

127 340 219 380 piunt
243 349 314 380 eos,
334 340 389 381 qui
414 340 463 372 his
488 339 606 380 pollent
629 338 826 379 privilegiis;
849 347 907 369 nos

126 393 295 425 laudamus
308 402 372 430 eos.
382 393 436 434 qui
445 401 501 433 pro
510 392 672 424 Salvatore
683 392 742 423 ista
757 392 908 432 despexe-

128 448 212 485 rint,
233 449 263 479 et
284 447 404 478 mirum
427 447 462 477 in
488 446 619 478 modum
646 454 727 486 quos
753 445 907 477 hahentes

128 501 406 542 parvipendimus,
423 501 448 531 si
470 500 588 532 habere
603 500 779 538 noluerint,
796 499 909 540 praedi-

127 564 247 587 camus.
268 566 283 584 ›>
303 554 476 595 Hucusque
509 554 737 594 Hieronymus,
769 553 861 592 Quod
881 554 907 585 si

127 609 208 640 forte
223 609 322 640 hostis
337 618 515 650 pauperum
538 609 632 647 dicat,
652 617 717 639 non
731 617 764 639 se
778 607 908 639 laudare

128 663 266 694 honores
285 665 315 694 et
331 663 458 694 divitias
473 662 594 701 saeculi,
612 662 665 693 sed
681 661 907 693 ecclesiasticos

127 718 270 755 tantum3
287 716 489 756 requiremus
504 716 543 746 ab
560 725 608 754 eo,
625 715 651 746 si
666 715 773 747 credat
796 715 830 746 iu
845 715 908 746 ho-

128 780 202 803 rum
216 770 358 811 appetitu
373 779 439 800 esse
455 769 645 810 periculum,
662 778 706 800 an
721 769 907 800 indifferen-

128 825 206 856 tiam
228 824 418 865 quamdam,
444 832 484 854 au
505 823 682 854 meritum?
703 822 737 854 Si
760 824 907 863 appetere

128 877 353 909 ecclesiasticas
368 877 495 908 divitias
510 878 540 907 et
555 877 709 915 honores,
726 876 908 916 periculum

128 932 245 969 credit,
262 934 292 963 et
310 933 437 970 tamen,
460 931 538 962 dum
569 930 698 968 laudat,
723 929 909 970 appetibiles

129 986 241 1023 elficit,
257 988 313 1016 aut
334 986 496 1016 auditores
519 993 593 1015 suos
608 984 733 1024 decipit,
755 983 908 1014 1111111153.-

129 1041 196 1080 nit3
217 1040 243 1070 si
263 1049 339 1071 vero
361 1039 430 1070 haec
451 1040 599 1079 appetere
621 1038 805 1069 indifferens
824 1037 909 1069 aesti-

130 1097 207 1133 mat,
224 1103 283 1125 nec
296 1094 371 1125 istas
382 1093 542 1125 laudando
557 1093 748 1133 persuadere
763 1095 908 1131 conatur,

130 1148 215 1188 quod
230 1147 345 1187 aliquis
361 1149 499 1188 appetat,
517 1147 550 1177 iu
567 1156 687 1177 vanum
705 1146 866 1186 loquitur,
880 1148 911 1177 et

128 1203 247 1234 frustra
261 1202 402 1240 laborat;
421 1202 446 1232 si
462 1203 569 1232 autem
587 1201 764 1232 desiderare
782 1210 867 1241 opes,
880 1203 910 1232 et

129 1257 266 1287 honores
289 1255 436 1286 Ecclesiae
455 1255 658 1286 meritorium
674 1255 772 1285 credit
791 1257 822 1285 et
836 1264 909 1285 san-

130 1312 229 1346 ctum,
246 1319 320 1341 cum
335 1309 461 1340 nullum
477 1308 593 1340 vitium
609 1309 647 1338 sit
662 1308 910 1340 abominabilius

130 1364 301 1404 cupiditate
323 1365 354 1394 et
377 1362 551 1393 ambitione
577 1371 789 1402 personarum
810 1362 908 1393 eccle-

130 1418 341 1454 siasticarum,
357 1427 431 1448 cum
447 1426 502 1457 per
514 1417 584 1448 haec
599 1417 661 1447 duo
673 1417 737 1447 emi
752 1416 802 1447 vel
816 1416 910 1448 vendi

130 1471 228 1502 soleat
248 1471 386 1512 Spiritus
409 1472 549 1509 sanetus,
571 1471 606 1501 ut
620 1470 765 1501 dedomo
786 1470 840 1501 Dei
856 1471 911 1501 fiat

131 1526 282 1565 spelunca
306 1525 487 1562 latronum,
513 1533 578 1555 non
610 1525 718 1554 minus
738 1524 910 1564 impugnat

131 1579 374 1610 fundamentum
399 1578 580 1609 christianae
602 1578 788 1618 religionis,
814 1588 911 1618 quam

131 1633 326 1673 evangelicae
351 1633 556 1673 paupertatis,
583 1633 619 1663 In
640 1633 700 1664 hoc
720 1633 822 1673 igitur
837 1633 911 1664 finis

131 1689 171 1718 sit
205 1688 305 1727 hujus
328 1688 431 1718 tertiae
459 1687 674 1728 responsionis
688 1711 697 1726 ‚
724 1697 911 1728 quanquam

130 1751 195 1772 11011
220 1742 260 1772 511
278 1743 365 1781 ejus,
382 1741 433 1772 cui
449 1741 691 1781 respondemus,
708 1741 850 1782 partialis
865 1742 910 1772 iu-

131 1795 255 1826 tercisio
267 1795 351 1825 libri.
365 1795 446 1831 Quia
457 1795 542 1825 enim
557 1804 598 1825 ex
613 1804 698 1826 nunc
708 1795 748 1826 ad
761 1796 907 1827 ordinem

133 1849 331 1889 spiritualem
347 1849 604 1889 impugnandum
621 1859 653 1880 se
666 1852 838 1889 praeparat,
852 1860 911 1881 110-

132 1913 207 1934 vam
223 1903 389 1943 egreditur
406 1913 550 1943 pugnam
561 1927 568 1941 ,
585 1913 679 1935 novae
698 1905 913 1944 responsionis

132 1968 205 1989 cum
235 1958 394 1998 adjutorio
419 1958 534 1989 Christi
555 1967 758 1989 assumemus
774 1961 914 1990 armatu-

132 2021 213 2043 ram.

266 2124 582 2161 RESPONSIONIS
611 2125 804 2165 QUARTAE

355 2218 497 2252 CAPUT
522 2219 695 2252 PRIMUM

136 2290 167 2316 In
183 2297 233 2324 quo
247 2289 343 2322 religio
358 2290 507 2315 carentium
527 2289 620 2316 loculis
636 2290 669 2316 ab
685 2297 773 2317 errore
789 2290 914 2324 defendi-

173 2336 227 2366 tur,
248 2337 272 2360 et
292 2341 382 2360 verum
398 2333 445 2367 jus
466 2336 641 2369 possessionis
666 2336 849 2363 ecclesiasticae
869 2336 915 2362 cle-

173 2379 303 2405 claretur,

177 2443 330 2474 Omnium
356 2441 515 2472 malorum
540 2443 684 2474 radicalis
710 2445 803 2484 origo
824 2445 914 2485 cupi-

137 2497 229 2535 ditas,
242 2506 316 2527 cum
332 2497 484 2527 humanae
499 2497 615 2527 mentis
631 2507 736 2528 arcem
748 2499 914 2537 invaserit,

138 2553 203 2581 tam
219 2551 299 2582 dura
317 2550 485 2590 tyrannide
504 2551 631 2590 premit,
650 2557 683 2581 ut
698 2552 737 2582 ad
757 2552 916 2583 idolorum

139 2604 265 2643 redigat
288 2604 496 2642 servitutem,
522 2606 553 2634 et
569 2604 603 2634 111
622 2605 787 2636 bestialem
811 2610 917 2637 trans-

140 2660 256 2689 formet
289 2659 520 2690 crudelitatem.
558 2659 663 2699 Hujus
695 2661 917 2691 testimonium

141 2713 271 2745 evidens
292 2722 360 2744 esse
373 2714 495 2744 constat
508 2712 524 2744 J
529 2713 599 2744 udae
618 2714 788 2753 proditoris
802 2715 918 2757 nequi-

1684 220 1738 250 491

963 285 1056 325 tiam,
1081 285 1138 326 qui
1162 294 1236 316 cum
1257 285 1377 317 loculos
1398 285 1546 326 haberet,
1562 286 1601 318 de
1625 286 1743 327 quibus

963 339 1142 379 cupiditatis
1161 348 1229 371 suae
1250 340 1459 372 voracitatem
1478 340 1656 371 famelicam
1681 340 1743 371 mi-

963 392 1067 432 tigare
1094 393 1230 432 volebat,
1259 393 1391 425 modicae
1414 395 1522 425 tamen
1548 393 1607 424 sibi
1631 403 1741 434 repro-

964 447 1069 477 missae
1084 447 1228 486 pecuniae
1247 449 1335 479 tauto
1355 449 1402 479 est
1424 447 1549 479 illectus
1571 456 1691 486 amore,
1708 449 1744 479 ut

964 500 1066 531 sitiret
1093 500 1268 532 Salvatoris
1295 502 1442 533 omnium
1474 502 1685 541 sanguinem,
1714 504 1745 532 et

963 553 1135 586 Auctorem
1152 555 1227 586 vitae
1247 557 1420 587 venaretur
1444 556 1484 588 ad
1510 558 1656 587 mortem.
1680 555 1745 586 Hac

965 610 1050 648 peste
1063 608 1212 639 laborans
1232 611 1263 639 et
1286 609 1340 640 hic
1363 619 1542 650 pauperum
1567 609 1743 640 calumnia-

964 664 1024 701 tor,
1051 664 1204 703 tanquam
1234 663 1324 695 Judae
1353 663 1544 703 discipulus,
1569 664 1675 704 primo
1699 664 1745 694 eis

966 717 1052 757 pacis
1067 717 1213 748 osculum
1236 717 1357 757 tribuit,
1378 718 1524 757 ipsorum
1547 717 1745 749 simulatorie

965 771 1218 802 commendando
1234 771 1437 812 pauperiem,
1456 771 1571 802 dehinc
1587 771 1746 802 lethaliter

965 826 1113 865 percutit,
1134 825 1212 861 dum
1233 825 1346 857 loculis
1367 826 1546 857 carentium
1567 835 1746 865 pauperum

966 879 1193 919 professionem
1214 881 1348 910 conatur
1370 888 1519 919 arguere,
1540 888 1605 910 nou
1629 881 1665 910 ut
1686 880 1747 910 im-

965 934 1154 974 perfectam,
1179 943 1294 965 verum
1316 934 1412 964 etiam
1434 935 1470 964 ut
1494 942 1679 971 erroneam,
1705 933 1746 964 si-

966 987 1171 1019 mulatoriam
1187 989 1217 1019 et
1237 987 1393 1028 iniquam.
1415 987 1462 1018 Ex
1482 987 1599 1028 quibus
1613 996 1679 1018 non
1694 996 1748 1018 so-

966 1042 1034 1073 lum
1055 1041 1278 1080 praelatorum,
1303 1042 1355 1072 sed
1378 1041 1474 1072 etiam
1497 1041 1698 1079 clericorum,
1718 1043 1749 1072 et

966 1096 1193 1136 religiosorum
1220 1096 1432 1136 possessiones
1449 1096 1649 1135 habentium,
1673 1096 1748 1127 niti-

965 1153 1019 1181 tur
1037 1151 1162 1181 animos
1180 1150 1219 1181 ad
1233 1150 1375 1190 ipsorum
1392 1150 1624 1181 exterminium
1639 1151 1747 1181 conci-

966 1207 1044 1236 tare.
1063 1204 1170 1235 Primo
1186 1205 1300 1244 igitur,
1319 1204 1411 1245 quasi
1425 1205 1571 1236 osculum
1588 1205 1746 1245 praebens,

966 1259 1177 1299 quaestionem
1202 1259 1261 1289 sibi
1287 1258 1435 1299 proponit
1465 1267 1473 1289 ε
1506 1270 1520 1288 (ι
1545 1258 1605 1289 Sed
1630 1258 1715 1289 dices
1738 1268 1745 1287 .·

967 1313 1207 1344 Condemnasue
1230 1321 1295 1349 eOS,
1316 1312 1373 1352 qui
1394 1312 1515 1343 loculos
1536 1321 1602 1342 non
1617 1312 1746 1350 habent,

968 1373 1025 1395 nec
1039 1365 1206 1395 laborant?
1222 1375 1236 1392 »
1254 1363 1292 1394 Et
1308 1365 1415 1404 postea
1427 1363 1553 1394 subdit:
1567 1375 1581 1392 «
1592 1362 1663 1394 Non
1678 1372 1750 1394 con-

967 1419 1101 1458 demno,
1125 1419 1179 1449 sed
1202 1418 1316 1457 laudo,
1342 1427 1400 1449 nec
1424 1420 1531 1449 tamen
1555 1418 1750 1449 habentibus

968 1473 1114 1513 praefero,
1131 1472 1208 1513 quia
1223 1482 1287 1503 non
1304 1473 1351 1502 est
1372 1472 1548 1512 discipulus
1568 1481 1664 1512 super
1680 1481 1748 1502 ma-

967 1528 1117 1567 gistrum.
1134 1539 1148 1556 n
1166 1527 1204 1558 Et
1218 1527 1314 1567 paulo
1331 1529 1400 1567 post
1416 1538 1423 1558 ε
1441 1539 1455 1556 «
1471 1526 1537 1558 Etsi
1554 1527 1640 1557 enim
1652 1527 1749 1558 homo

968 1581 1053 1612 solus
1068 1581 1189 1621 absque
1208 1581 1320 1612 loculis
1340 1580 1438 1621 possit
1453 1581 1574 1618 vivere,
1590 1583 1698 1612 tamen
1711 1581 1750 1612 de

968 1635 1232 1675 congregatione,
1257 1635 1308 1666 cui
1324 1637 1411 1665 tanta
1433 1636 1630 1675 competunt,
1648 1635 1750 1665 credi-

970 1689 1031 1720 bile
1047 1699 1110 1720 1101]
1127 1691 1184 1720 est.
1202 1700 1217 1718 »
1238 1689 1356 1720 Dehinc
1377 1688 1484 1719 subdit
1501 1698 1507 1719 :
1528 1700 1541 1717 κ
1561 1688 1751 1728 Respublica

971 1746 1044 1775 sunt
1058 1744 1153 1775 loculi
1168 1743 1293 1774 Christi.
1303 1743 1336 1774 Si
1349 1752 1427 1782 ergo
1438 1742 1551 1774 Christi
1568 1742 1751 1773 membrum

969 1808 1013 1833 es,
1031 1808 1104 1829 cum
1122 1798 1246 1829 Christo
1264 1796 1384 1827 loculos
1399 1796 1508 1827 habes.
1531 1808 1544 1824 n
1566 1796 1642 1827 Haec
1664 1796 1750 1827 enim

970 1855 1044 1883 sunt
1069 1853 1169 1884 verba
1192 1851 1288 1888 illius,
1317 1851 1348 1880 iu
1370 1850 1505 1890 quibus,
1534 1859 1623 1881 more
1643 1850 1748 1887 Judae,

970 1908 1074 1948 primo
1088 1905 1300 1943 deosculatur,
1318 1914 1393 1935 cum
1408 1904 1519 1935 loculis
1531 1906 1672 1935 carentes
1685 1905 1752 1935 lau-

971 1962 1046 1992 dare
1067 1970 1099 1991 se
1121 1960 1247 1997 asserit;
1270 1959 1323 1989 sod
1345 1959 1450 1989 statim
1473 1959 1593 1989 vulnus
1613 1959 1749 1998 infligit,

971 2024 1044 2045 cum
1059 2014 1242 2045 immediate
1257 2013 1424 2051 subnectit,
1440 2013 1525 2053 quod
1539 2013 1598 2044 hoc
1610 2013 1752 2044 Christus

972 2068 1120 2108 exemplo
1144 2077 1208 2098 non
1233 2066 1357 2104 docuit;
1382 2075 1418 2096 ac
1446 2075 1502 2105 per
1525 2066 1595 2097 haec
1618 2066 1751 2097 demon-

971 2124 1060 2160 strat,
1076 2121 1162 2162 quod
1177 2120 1289 2151 loculis
1304 2129 1412 2150 carere
1427 2129 1492 2150 non
1507 2120 1546 2150 sit
1563 2121 1750 2160 perfectum,

972 2177 1048 2218 quia
1072 2186 1137 2207 non
1162 2178 1208 2206 est
1229 2175 1403 2214 discipulus
1427 2184 1524 2214 super
1546 2176 1750 2215 magistrum.

973 2230 1099 2260 Certum
1115 2230 1160 2258 est
1175 2229 1295 2265 autem,
1311 2227 1397 2266 quod
1418 2226 1526 2257 nullus
1544 2227 1591 2257 vir
1612 2227 1753 2267 prudens

972 2282 1177 2314 abrenuntiat
1191 2281 1314 2319 loculis,
1333 2280 1395 2311 11151
1413 2282 1446 2311 111
1461 2280 1586 2312 Christo
1602 2282 1751 2320 contigu—

973 2340 1061 2368 retur
1083 2336 1251 2376 perfectius
1272 2346 1278 2365 :
1301 2334 1407 2365 01111115
1430 2343 1509 2373 ergo
1526 2334 1607 2373 talis,
1635 2344 1752 2365 secun-

973 2393 1050 2423 dum
1064 2391 1125 2421 hoc
1145 2390 1265 2428 dogma
1284 2388 1468 2428 profanum,
1494 2390 1541 2418 est
1564 2397 1671 2418 errore
1697 2388 1751 2418 de-

973 2447 1093 2485 ceptuS.
1111 2443 1270 2482 Amplius,
1288 2443 1313 2472 si
1333 2451 1398 2473 non
1419 2444 1465 2472 est
1489 2442 1648 2478 credibile,
1667 2442 1753 2482 quod

974 2498 1183 2538 congregatio
1199 2497 1304 2536 aliqua
1320 2496 1387 2526 sine
1404 2496 1514 2526 loculis
1534 2496 1633 2534 vivat,
1658 2497 1694 2526 ut
1709 2496 1754 2526 di-

974 2553 1027 2590 cit,
1042 2554 1097 2582 aut
1112 2551 1222 2581 asserit
1236 2550 1297 2581 hoc
1314 2549 1508 2586 incredibile,
1527 2549 1602 2588 quia
1615 2549 1751 2588 difficile,

975 2608 1031 2636 aut
1045 2605 1121 2645 quia
1142 2603 1355 2644 impossibile3
1377 2603 1402 2633 si
1423 2603 1497 2642 quia
1516 2603 1654 2641 difficile,
1679 2606 1754 2634 tunc

975 2659 1044 2700 pari
1056 2659 1179 2690 ratione
1194 2667 1261 2689 non
1284 2659 1330 2688 est
1355 2656 1522 2695 credibile,
1539 2657 1624 2696 quod
1647 2657 1754 2697 aliqua

976 2713 1187 2754 congregatio
1211 2714 1319 2744 sancte
1344 2711 1431 2743 vivat
1454 2713 1485 2742 et
1507 2713 1605 2749 caste3
1631 2711 1657 2742 si
1679 2710 1754 2752 quia
