2029 3052
631 228 917 263 RESPONSIONIS
939 228 1076 261 PRIMAE
1097 228 1228 262 CAPUT
1252 227 1306 260 111.

164 303 255 343 niens
277 311 318 334 ex
332 301 490 333 arduitate
502 301 534 332 et
548 298 712 332 nobilitate
726 297 854 338 generis
868 305 941 338 ope-

165 357 220 396 ris,
240 356 323 388 sicut
336 356 424 388 omni
439 364 472 387 se
488 356 624 386 castrare
643 352 812 385 concubitu
827 376 837 391 ,
853 350 942 383 omni

166 411 392 444 abrenuntiare
401 408 599 451 possessioni,
611 410 642 440 et
649 407 780 439 omnino
789 415 822 438 se
828 406 942 437 alienae

166 467 296 506 propter
318 465 418 496 Deum
438 463 593 504 subjicere
615 461 784 494 voluntati.
810 460 850 492 Et
872 459 944 491 haec

167 519 286 560 absque
311 518 409 550 dubio
429 518 530 558 auget
548 516 718 555 meritum,
742 515 838 556 Juxta
865 513 945 545 illud

168 573 353 606 Matthaei¹:
372 573 494 606 Intrate
521 579 580 612 per
602 572 774 611 anqustam
795 570 945 610 portam,-

168 627 226 659 ubi
253 626 362 658 Glossa
384 636 392 658 :
415 638 429 657 «
452 626 535 658 Satis
560 627 737 666 angustum
763 625 811 655 est
837 622 946 655 omnia

169 681 423 722 praetermittere,
441 689 544 712 unum
558 679 663 711 solum
678 678 826 718 diligere,
843 685 946 708 unum

169 744 335 778 quaerere,
359 735 398 767 ad
417 743 522 767 unum
546 733 686 775 quotidie
704 731 848 773 pulsare,
872 740 946 772 pro-

169 798 262 830 spera
278 798 343 821 non
357 788 491 828 ambire,
507 788 642 820 adversa
659 795 724 818 non
739 786 862 817 timere.
879 796 894 815 ο
912 785 949 816 111

169 843 221 874 his
235 842 377 874 consistit
390 841 576 881 difficultas,
591 841 715 872 ratione
729 839 858 880 generis
872 848 948 879 ope-

170 897 224 929 ris.
241 896 343 938 Maj0r
360 896 556 928 difficultatis
570 895 721 935 angustia
739 893 897 935 reperitur
915 893 950 923 in

170 951 224 984 via
252 950 355 983 divini
376 950 522 989 consilii,
551 958 649 990 quam
673 948 838 989 pauciores
859 947 949 979 inve-

171 1005 276 1044 niunt,
287 1013 385 1045 quam
397 1004 430 1035 in
441 1004 494 1036 via
503 1003 604 1035 divini
614 1002 776 1044 praecepti,
788 1010 950 1043 perquam

172 1069 285 1091 omnes
300 1059 496 1099 gradiuntur
514 1058 606 1099 justi.
628 1057 717 1089 Unde
738 1056 952 1097 Hieronymus

172 1113 215 1144 ait
226 1117 237 1133 ²
253 1125 260 1145 :
279 1125 295 1143 «
314 1113 345 1144 Si
362 1113 500 1154 perfecta
519 1112 609 1153 sequi
623 1112 794 1150 desideras,
812 1111 862 1142 exi
879 1120 952 1142 cum

172 1168 337 1199 Abraham
357 1168 396 1199 de
410 1167 512 1208 patria
527 1169 558 1198 et
573 1167 611 1198 de
625 1165 817 1206 cognatione
834 1167 907 1204 tua,
921 1167 954 1197 et

173 1231 274 1263 perge
298 1231 363 1262 quo
385 1221 498 1253 nescis.
532 1220 565 1252 Si
590 1220 688 1251 habes
717 1219 929 1251 substantiam
941 1243 950 1259 ,

173 1276 276 1308 vende
301 1278 331 1307 et
358 1275 399 1306 da
432 1274 628 1316 pauperibus
653 1285 660 1305 ε
688 1274 714 1304 si
745 1283 811 1305 non
838 1273 949 1313 habes,

174 1329 291 1371 grandi
304 1338 401 1361 onere
416 1329 569 1360 liberatus
584 1337 627 1359 es.
644 1327 775 1360 Nudum
790 1327 953 1359 Christum

174 1384 283 1415 nudus
296 1391 441 1423 sequere.
460 1382 592 1421 Durum,
608 1381 731 1421 grande
755 1383 786 1412 et
805 1381 953 1421 disficilc;

176 1438 229 1469 sed
244 1447 365 1477 magna
379 1439 454 1468 sunt
464 1436 609 1477 praemia.
621 1446 636 1465 ›)
649 1435 703 1467 Est
716 1437 746 1467 et
754 1435 815 1466 alia
823 1435 957 1467 difficul-

176 1494 224 1524 tas
245 1492 377 1524 veniens
391 1500 431 1522 ex
447 1491 618 1522 vitiositate
634 1499 689 1530 per
705 1499 738 1521 se
760 1490 896 1529 agentis,
913 1489 955 1520 si-

177 1548 230 1577 cut
244 1545 405 1577 difficilius
423 1546 470 1576 est
489 1544 580 1576 diviti
602 1553 700 1576 avaro
724 1544 799 1575 dare
819 1544 954 1583 minuta,

177 1608 274 1640 quam
287 1599 379 1639 largo
391 1599 525 1638 maJ'ora,
538 1600 569 1629 et
577 1598 715 1638 superbo
727 1606 761 1629 se
774 1597 865 1629 alteri
880 1597 958 1628 sub-

177 1653 263 1692 dere,
273 1655 303 1684 et
314 1653 430 1693 guloso
436 1653 478 1693 jej
485 1661 595 1691 unare,
611 1654 642 1683 et
651 1654 776 1683 assueto
788 1652 957 1692 voluptati-

178 1709 238 1740 bus
247 1708 349 1739 carnis
360 1707 520 1739 difficilius
531 1706 703 1737 continere.
717 1705 821 1737 Ethoc
832 1715 895 1736 non
904 1715 960 1737 au-

178 1766 233 1803 get
248 1762 418 1799 meritum,
434 1761 487 1792 sed
504 1760 676 1791 miseriam.
697 1759 785 1791 Unde
801 1759 958 1801 Hierony-

179 1825 254 1847 mus
276 1815 319 1847 ad
332 1815 540 1847 Eustochium
551 1815 561 1831 ³
576 1824 585 1843 :
606 1825 619 1843 «
636 1814 733 1844 Soror
747 1815 803 1844 tua
822 1813 959 1852 Blesilla,

181 1872 273 1902 aetate
289 1871 403 1910 maior,
421 1869 475 1900 sed
490 1869 654 1909 proposito
669 1868 787 1906 minor,
797 1870 868 1908 post
878 1877 962 1899 acce-

181 1923 431 1965 ptummaritum
445 1923 579 1963 septimo
596 1931 706 1953 mense
722 1922 853 1953 viduata
869 1923 925 1952 est.
939 1921 962 1953 Ο

182 1978 306 2009 infoelix
326 1977 470 2008 humana
486 1976 623 2008 conditio
636 2001 644 2013 ,
664 1978 695 2007 et
715 1976 815 2007 futuri
835 1975 960 2006 nescia!

182 2032 262 2064 Nam
276 2034 308 2063 et
327 2031 523 2071 virginitatis
538 2039 702 2069 coronam,
725 2032 756 2061 et
775 2030 964 2070 nuptiarum

183 2086 320 2127 perdidit
333 2086 541 2125 voluptatem.
557 2086 591 2114 Et
606 2093 769 2125 quanqam
786 2083 964 2114 secundum

184 2140 345 2180 pudicitiae
367 2139 506 2178 gradum
520 2140 644 2176 teneat,
660 2147 740 2180 quas
755 2139 862 2169 tamen
878 2137 965 2168 illam

186 2202 242 2233 per
252 2195 414 2224 momenta
426 2193 556 2233 singula
571 2192 729 2224 sustinere
740 2193 880 2223 aestimas
891 2201 965 2223 cru-

187 2256 248 2285 ces,
262 2248 456 2286 spectantem
471 2246 612 2287 quotidie
629 2246 663 2276 in
681 2255 790 2277 sorore
801 2245 885 2286 quod
898 2245 967 2285 ipsa

186 2301 343 2341 perdidit,
369 2302 400 2330 et
423 2309 496 2331 cum
525 2300 685 2331 difficilius
709 2302 840 2340 experta
863 2301 968 2330 careat

187 2355 362 2395 voluptate,
373 2354 531 2385 minorem
541 2354 743 2385 continentiae
755 2354 873 2385 habere
884 2363 967 2384 mer-

189 2409 298 2440 cedem
309 2409 324 2438 ?
339 2419 354 2437 D
375 2407 430 2439 Est
443 2409 473 2438 et
488 2408 581 2438 tertia
596 2407 764 2438 difficultas
779 2417 818 2438 ex
835 2408 969 2438 circum-

191 2462 315 2493 stantiis
337 2462 534 2492 extrinsecus
560 2461 694 2492 annexis
716 2462 848 2492 trahens
868 2461 967 2500 origi-

191 2526 278 2555 nem,
288 2516 369 2547 sicut
381 2517 412 2546 et
425 2514 585 2546 difficilius
595 2517 642 2546 est
653 2515 821 2553 abstinere,
831 2524 904 2546 cum
919 2524 971 2555 ap-

192 2572 356 2609 ponuntur
369 2569 501 2600 delicata
511 2569 641 2608 cibaria,
653 2569 813 2600 difficilius
823 2571 870 2600 est
886 2569 971 2600 bona

192 2624 379 2664 temporalia
403 2625 622 2662 contemnere,
640 2623 768 2663 quando
792 2623 971 2654 offeruntur

227 2706 235 2721 ¹
248 2704 349 2735 Matth„
368 2710 413 2735 vu,
431 2705 468 2728 13.
484 2717 513 2722 -
528 2704 538 2720 ²
549 2703 665 2734 Hieron„
681 2703 715 2727 (1ιί
728 2704 830 2734 Rustic„
845 2704 919 2735 epist.
937 2710 971 2734 ιν,

196 2741 220 2764 in
236 2741 294 2764 tine.
307 2753 336 2758 -
352 2740 422 2770 ³121„
436 2740 469 2764 ad
483 2740 612 2770 Eusloclz„
624 2740 695 2771 epist.
713 2745 789 2769 xxm,
803 2740 850 2764 col.
868 2747 901 2764 m.
919 2741 971 2764 170⁴.

1720 228 1778 258 427

999 306 1120 338 magna
1146 298 1178 329 et
1201 295 1356 338 pulchra,
1382 293 1543 326 difficilius
1563 293 1728 326 continere
1746 293 1781 325 in

999 351 1157 383 consortio
1171 350 1389 383 foeminarum.
1407 348 1446 381 Et
1457 348 1527 380 haec
1540 348 1712 380 difficultas
1725 357 1782 390 per

1000 405 1145 437 accidens
1166 406 1197 436 et
1211 404 1366 436 indirecte
1381 404 1481 443 auget
1495 402 1668 443 aliquando
1684 402 1781 434 meri-

1001 462 1082 499 tum,
1099 468 1172 490 cum
1186 458 1290 489 virtus
1301 458 1383 489 inter
1392 457 1464 489 haec
1474 456 1571 488 illaesa
1581 455 1759 496 triumphat
1773 466 1780 494 ;

1002 513 1056 545 sed
1078 512 1194 545 directe
1218 514 1249 543 et
1272 520 1329 553 per
1351 520 1383 543 se
1403 513 1451 543 est
1471 510 1577 551 magis
1592 510 1644 542 via
1657 509 1697 541 ad
1713 509 1784 540 rui-

1002 576 1099 606 nam,
1124 569 1155 598 et
1179 566 1249 598 ideo
1271 565 1438 606 fugienda.
1466 564 1565 604 Unde,
1584 572 1682 604 super
1705 563 1784 594 illud

1003 621 1145 653 Matthaei
1159 622 1187 652 ¹·:
1203 620 1299 652 Dives
1314 619 1452 659 difficile
1463 618 1643 652 intrabitin
1650 625 1785 658 reanum

1003 673 1161 712 coelorum,
1178 672 1253 704 dicit
1269 671 1417 703 Rabanus
1431 681 1438 701 z
1459 681 1473 700 11
1487 670 1558 702 Νο11
1570 670 1614 701 ait
1633 669 1786 710 impossi-

1003 727 1086 766 bile,
1104 728 1159 758 sed
1184 725 1328 765 difficile,
1351 725 1412 756 hoc
1435 725 1484 756 est
1509 723 1644 756 maximi
1664 723 1787 755 laboris

1005 789 1094 819 esse,
1125 779 1278 821 pecunias
1307 779 1482 818 habentes,
1513 780 1544 809 et
1572 778 1607 809 in
1640 777 1787 818 pecuniis

1006 834 1219 872 confidentes,
1245 833 1350 864 exutis
1374 831 1585 873 philargyriae
1620 831 1786 862 retinacu-

1007 889 1044 920 lis
1067 889 1176 920 aulam
1195 888 1291 928 regni
1321 887 1456 919 coelestis
1477 887 1607 918 intrare.
1624 897 1638 915 »
1657 885 1721 917 Nec
1741 887 1788 917 ta-

1008 952 1082 974 men
1112 952 1154 974 ex
1181 943 1242 974 hoc
1268 942 1380 974 inferri
1407 943 1530 982 potest,
1558 940 1644 981 quod
1672 940 1789 972 divites

1008 998 1070 1029 sint
1100 996 1295 1037 pauperibus
1324 996 1542 1037 perfectiores,
1567 1004 1643 1026 cum
1677 994 1790 1026 Domi-

1008 1060 1071 1083 nus
1098 1050 1289 1082 adolescenti
1317 1050 1408 1082 diviti
1441 1049 1612 1081 consilium
1649 1048 1787 1087 dederit,

1010 1107 1047 1137 ut
1073 1114 1195 1145 pauper
1223 1105 1338 1143 fieret,
1366 1104 1393 1134 si
1408 1103 1503 1135 vellet
1527 1112 1593 1134 esse
1617 1103 1787 1143 perfectus.

1010 1159 1145 1200 Expedit
1168 1159 1272 1199 igitur
1295 1159 1334 1190 ad
1356 1158 1584 1199 perfectionem
1608 1157 1736 1190 virtutis
1761 1159 1792 1189 et

1012 1214 1127 1252 meriti,
1143 1213 1361 1245 difficultatem
1376 1212 1565 1252 hujusmodi
1586 1221 1651 1243 non
1671 1212 1794 1253 ample-

1011 1268 1063 1306 cti,
1080 1268 1133 1298 sed
1147 1268 1272 1307 fugere.
1290 1267 1379 1298 Unde
1393 1266 1610 1306 Augustinus,
1627 1268 1670 1298 De
1681 1267 1795 1307 sinqu-

1011 1322 1139 1355 larz'tale
1159 1321 1347 1354 clericorum
1369 1321 1378 1338 ⁵
1397 1331 1407 1351 .-
1434 1331 1448 1350 «
1471 1321 1609 1352 Lubrica
1632 1330 1704 1361 spes
1731 1322 1791 1360 est,

1012 1386 1085 1418 quae
1106 1376 1189 1407 inter
1215 1376 1355 1407 fomenta
1382 1376 1585 1416 peccatorum
1616 1383 1649 1406 se
1675 1375 1794 1407 salvari

1013 1432 1133 1472 sperat,
1159 1430 1279 1461 incerta
1297 1430 1430 1462 victoria
1453 1429 1536 1460 iuter
1559 1429 1688 1460 hostilia
1704 1438 1797 1460 arma

1013 1494 1179 1526 pugnare,
1206 1486 1237 1515 et
1258 1483 1463 1524 impossibilis
1487 1483 1632 1514 liberatio
1654 1484 1796 1514 flammis

1014 1541 1217 1580 circumdari,
1235 1550 1294 1572 nec
1308 1540 1431 1571 ardere.
1446 1551 1461 1569 1)
1481 1539 1556 1571 Haec
1570 1540 1795 1579 Augustinus:

1015 1597 1066 1628 cui
1091 1598 1121 1627 et
1146 1597 1300 1627 consonat
1322 1595 1539 1635 Hieronymus
1552 1595 1562 1611 ⁶
1577 1596 1688 1626 contra
1706 1594 1799 1634 Vigi-

1014 1651 1153 1682 lantium
1171 1675 1179 1690 ,
1217 1650 1273 1690 qui
1309 1651 1427 1681 statum
1466 1649 1672 1680 saecularium
1705 1649 1800 1680 statui

1014 1705 1180 1745 religionis
1205 1705 1356 1745 praeferre
1392 1703 1579 1734 conabatur.
1619 1714 1633 1732 «
1649 1702 1722 1742 Cur,
1748 1703 1799 1734 in—

1015 1759 1106 1800 quies
1124 1758 1177 1799 (α),
1198 1758 1308 1799 pergis
1332 1758 1371 1789 ad
1393 1758 1565 1788 eremum?
1585 1756 1745 1796 Videlicet,
1765 1759 1801 1788 ut

1006 1812 1047 1845 ‘te
1058 1822 1124 1844 non
1138 1812 1277 1850 videam,
1294 1813 1325 1842 te
1341 1821 1406 1842 11011
1421 1811 1562 1850 audlam,
1578 1813 1614 1842 ut
1626 1813 1683 1842 tuo
1694 1812 1801 1842 furore

1018 1876 1083 1898 non
1098 1875 1249 1904 movear,
1267 1869 1301 1896 ut
1317 1868 1371 1896 tua
1386 1865 1468 1896 bella
1484 1874 1549 1895 non
1565 1865 1678 1905 patiar,
1695 1875 1736 1896 ne
1751 1874 1803 1896 me

1019 1920 1123 1961 capiat
1148 1920 1260 1951 oculus
1275 1919 1449 1950 meretricis
1461 1943 1468 1957 ,
1484 1928 1526 1949 ne
1545 1928 1595 1950 me
1616 1920 1719 1950 forma
1734 1919 1803 1959 pul-

1020 1975 1180 2005 cherrima
1203 1974 1243 2004 ad
1258 1973 1382 2004 illicitos
1406 1973 1500 2004 ducat
1523 1972 1703 2014 amplexus.
1726 1973 1802 2005 Res-

1020 2028 1173 2069 pondebis
1190 2037 1197 2059 :
1215 2027 1281 2059 Hoc
1294 2036 1359 2058 non
1374 2028 1420 2058 est
1433 2036 1591 2067 pugnare,
1609 2028 1664 2058 sed
1679 2028 1802 2068 fugere.

1021 2080 1076 2112 Sta
1094 2081 1128 2111 in
1155 2080 1232 2118 acie,
1250 2079 1443 2111 adversariis
1464 2081 1607 2110 armatus
1622 2080 1752 2118 obsiste,
1770 2082 1806 2111 ut

1022 2144 1097 2166 cum
1119 2135 1250 2173 vicer1s,
1275 2134 1447 2165 coroneris,
1472 2133 1586 2165 Fateor
1609 2134 1806 2166 imbecillita-

1022 2190 1086 2219 tem
1112 2197 1233 2226 meam,
1258 2187 1332 2218 nolo
1356 2196 1411 2227 spe
1429 2196 1575 2227 pugnare
1592 2187 1746 2227 victoriae,
1766 2197 1806 2220 ne

1023 2242 1154 2282 perdam
1169 2241 1341 2281 aliquando
1357 2241 1534 2272 victoriam.
1550 2241 1584 2273 Si
1598 2243 1722 2282 fugero,
1736 2243 1805 2283 gla-

1024 2295 1112 2326 dium
1137 2295 1296 2334 devitavi3
1326 2295 1352 2325 si
1374 2297 1509 2334 stetero,
1534 2298 1591 2327 aut
1612 2296 1806 2327 vincendum

1025 2352 1071 2380 est
1099 2350 1191 2387 mihi,
1214 2351 1270 2380 aut
1296 2349 1484 2380 cadendum.
1511 2349 1591 2386 Quid
1614 2359 1740 2381 necesse
1761 2352 1808 2381 est

1026 2405 1111 2434 certa
1142 2403 1318 2442 dimittere,
1344 2406 1374 2434 et
1402 2404 1521 2434 incerta
1550 2404 1690 2435 sectari?
1714 2404 1808 2436 Nulla

1026 2457 1180 2488 securitas
1204 2459 1251 2488 est
1274 2457 1378 2489 vicino
1403 2459 1549 2497 serpente
1574 2458 1725 2489 dormire.
1743 2458 1807 2490 Po-

1026 2513 1086 2542 test
1102 2512 1221 2542 fierint
1240 2520 1291 2542 me
1305 2521 1371 2542 non
1387 2511 1541 2550 mordeat,
1566 2513 1597 2542 et
1620 2513 1728 2543 tamen
1747 2521 1808 2552 po-

1025 2567 1085 2597 test
1107 2566 1177 2597 fieri
1199 2568 1235 2597 ut
1261 2566 1431 2606 aliquando
1455 2575 1505 2596 me
1537 2566 1691 2597 mordeat.
1719 2566 1808 2604 Quod

1028 2664 1057 2668 —
1071 2651 1081 2667 4
1096 2651 1198 2680 Mami„
1216 2657 1270 2681 111,
1286 2652 1325 2675 23.
1341 2663 1371 2668 ν-
1384 2651 1393 2667 5
1412 2652 1487 2682 Aug„
1502 2650 1532 2674 cle
1546 2651 1696 2682 singularia
1715 2651 1807 2676 (Πενία.

1027 2700 1057 2704 -
1074 2688 1082 2701 “⁵
1099 2687 1215 2719 Hieron,
1229 2689 1292 2711 cont.
1315 2686 1446 2717 wyslam„
1466 2687 1539 2717 epist.
1556 2693 1617 2716 Lm,
1634 2687 1684 2711 col.
1702 2695 1736 2712 111.
1753 2690 1808 2712 166.

1061 2739 1093 2766 [(1)
1109 2737 1147 2760 Ila
1162 2737 1229 2768 apud
1243 2737 1360 2764 11101·012.,·
1375 2738 1428 2760 αεὶ.
1445 2736 1505 2761 edil.
1524 2738 1615 2761 Bouav.
1633 2736 1722 2767 iuquit.

1835 2038 1925 2059 Occasio

1833 2069 1916 2096 peccati

1820 2101 1926 2128 fugienda
