2029 3052
627 197 784 232 CONTRA
806 197 1043 231 MAGISTRUM
1065 198 1243 231 GUILELM
1248 198 1315 231 ΗΜ.
1722 200 1782 230 409

165 268 328 309 Qualiter,
351 269 427 310 quia
445 267 580 301 fideliter
601 267 641 300 ad
654 266 857 309 proximum,
886 266 940 298 de-

165 325 239 356 vote
253 323 292 355 ad
308 323 420 363 Deum,
440 325 471 355 et
485 322 624 354 modeste
637 321 677 353 ad
693 330 726 353 se
741 321 837 362 ipsos.
854 320 943 353 Unde

168 377 303 410 Sanctus
325 377 506 417 intelligens
526 385 583 417 per
610 374 768 416 Spiritum
796 376 942 407 sanctum

168 440 261 464 suam
285 431 495 470 vocationem,
517 430 550 462 in
571 439 637 471 qua
659 431 748 462 erant
771 429 843 460 laici
869 438 943 460 cum

170 484 300 524 clericis,
318 493 376 516 nec
389 484 575 516 mandatum
589 483 674 516 dedit
692 483 731 515 de
752 483 946 515 manualiter

170 537 343 578 operando,
365 547 424 569 neo
451 539 557 569 tamen
584 537 716 569 omnino
744 536 881 576 reticuit,
909 538 946 568 ut

171 591 254 631 laici,
274 593 305 624 et
325 593 461 633 quinon
475 593 551 624 sunt
569 591 609 623 ad
626 591 803 633 spiritualia
817 582 922 623 idonei
935 616 944 631 ,

171 654 230 678 nec
244 645 327 678 eirca
341 646 517 678 necessaria
530 646 664 678 fratrum
680 645 805 686 intenti,
822 655 880 677 nec
894 646 946 677 atl-

999 266 1064 298 huc
1091 268 1166 298 suut
1199 267 1239 298 ad
1275 265 1552 307 contemplationis
1584 265 1781 298 indefessum

1001 321 1103 353 otium
1119 321 1244 361 elevati,
1261 330 1378 362 panem
1396 329 1461 353 non
1484 320 1687 352 comederent
1699 321 1780 352 otio-

1001 376 1039 407 si.
1056 375 1134 408 Cum
1149 376 1235 408 enim
1252 376 1404 408 omnibus
1420 375 1461 407 sit
1483 375 1625 407 cavenda
1640 375 1783 407 otiositas

999 430 1155 470 tanquam
1179 430 1302 461 sentina
1323 430 1470 462 omnium
1490 429 1656 468 vitiorum,
1680 428 1782 470 potis-

1002 483 1082 514 sime
1090 483 1142 514 his
1152 483 1292 515 cavenda
1306 485 1363 523 est,
1379 483 1435 524 qui
1447 492 1480 515 se
1490 482 1672 524 perfectioni
1689 491 1784 514 evan-

1003 538 1115 579 gelicae
1136 538 1368 570 astrinxerunt.
1394 538 1446 570 Sic
1469 547 1548 578 ergo
1572 539 1667 578 patet,
1697 537 1783 578 quod

1003 601 1069 624 non
1083 601 1195 624 omnes
1209 592 1307 624 validi
1331 601 1498 633 paupereS‚
1515 592 1611 623 etiam
1636 599 1701 622 non
1725 599 1782 622 cu-

1003 646 1075 686 rati,
1093 646 1133 678 ad
1146 655 1243 687 opera
1256 646 1419 677 manualia
1433 647 1508 677 sunt
1520 644 1650 677 astricti.
