2029 3052
207 240 267 272 234

204 307 370 337 inauditam
383 307 462 337 hanc
477 307 687 337 salutationem
703 316 712 335 ι
727 307 796 342 Ave,
811 306 915 335 Marta.
930 306 992 335 Hoc

204 361 328 390 nomen,
351 355 456 391 Maria,
474 363 537 384 non
551 362 571 384 a
584 353 732 390 Gabriele,
749 353 804 382 sed
822 361 841 382 a
854 351 992 383 fidelium

205 401 366 431 devotione
381 403 411 431 et
421 401 546 439 Spiritus
556 401 652 430 sancti
661 400 855 438 inspiratione
863 399 992 437 interpo-

205 449 294 488 situm
318 450 370 478 est.
393 449 500 478 Ultima
520 455 644 486 quoque
665 446 810 484 clausula,
827 447 990 477 videlicet:

205 497 242 524 Et
257 497 408 525 benedictus
429 497 537 531 tructus
557 496 663 524 ventris
677 496 730 531 tui,
745 502 808 524 non
823 502 842 524 a
855 494 992 525 Gabriele

205 543 351 572 salutante
371 543 462 578 edita,
482 542 537 572 sed
562 542 602 572 ab
627 541 778 572 Elisabeth
794 541 992 580 prophetante

207 589 307 619 addita
322 591 374 618 est.
391 590 529 618 Dicamus
549 597 622 626 ergo
638 589 760 626 singuli,
774 588 911 618 dicamus
925 589 992 618 uni-

206 636 284 666 versi
301 645 309 664 :
325 637 399 672 Ave,
414 637 518 672 Maria,
543 639 597 665 etc.
622 638 645 666 0
666 644 737 666 vere
754 635 884 673 gratiosa
898 637 927 665 et
939 643 992 664 ve-

206 683 361 719 nei-abilis,
377 691 396 712 o
411 691 481 712 vere
496 683 628 720 gloriosa
643 685 671 712 et
684 682 872 712 admirabilis
884 682 993 712 saluta-

206 730 266 759 tio!
283 731 316 760 Ut
331 730 372 759 ait
386 731 465 760 Beda
481 730 488 748 ¹
501 739 508 759 τ
524 741 537 757 «
553 731 669 766 Quanto
683 731 822 760 humanae
836 731 993 759 consuetu-

207 777 270 806 dini
297 777 444 814 inaudita,
468 779 551 807 tanto
574 777 670 807 Μαι-ιω
695 777 831 814 dignitati
858 779 901 806 est
923 784 994 806 con-

207 832 291 861 grua.
308 835 322 852 n
340 826 372 854 ln
390 825 447 854 hac
467 825 640 854 dulcissima
657 824 835 854 salutatione
858 824 992 862 quinque

208 872 388 901 dulcissimae
411 872 562 902 sententiae
599 872 786 908 ordinantur,
819 872 851 900 in
881 872 993 909 quibus

207 919 343 957 quinque
375 919 554 948 dulcissimae
597 919 888 954 commendationes,
930 919 992 948 sive

208 966 317 995 laudes
337 966 464 1002 Virginis
478 966 674 995 insinuantur.
689 968 712 995 Ο
725 974 796 995 vere
814 965 910 994 dulcis
923 965 993 994 insi-

209 1013 312 1042 nuatio
325 1015 331 1042 !
347 1013 515 1042 insinuatur
529 1021 660 1050 namque
670 1013 701 1041 in
712 1013 758 1041 his
770 1020 862 1050 quam
875 1013 994 1050 purissi-

208 1069 268 1096 ma,
290 1069 382 1098 quam
401 1061 584 1098 plenissima,
606 1068 698 1097 quam
722 1060 878 1095 tutissima,
900 1068 993 1097 quam

209 1108 396 1145 dignissima,
412 1116 504 1145 quam
518 1108 675 1137 utilissima
687 1108 773 1136 suerit
787 1108 875 1144 Virgo
891 1109 921 1136 B.
936 1109 994 1136 Ma-

208 1156 253 1184 ria
269 1165 276 1184 :
291 1155 462 1193 purissima,
479 1155 614 1192 inquam,
630 1157 752 1192 propter
774 1155 870 1192 culpoe
890 1163 994 1184 caren-

209 1202 299 1238 tiam;
325 1202 499 1239 plenissima
523 1204 644 1238 propter
666 1201 767 1237 gratioe
787 1202 971 1231 affluentiam
984 1212 992 1238 ;

210 1249 362 1282 tutissima,
379 1251 501 1286 propter
517 1249 651 1278 divinam
663 1250 866 1286 praesentiam3
884 1249 994 1286 dignis-

209 1297 294 1332 sima,
310 1299 432 1333 propter
443 1304 578 1333 personae
593 1304 652 1325 sute
667 1296 881 1332 reverentiam3
897 1296 992 1325 utilis-

209 1345 295 1379 sima,
319 1346 441 1380 propter
459 1343 552 1380 prolis
571 1352 631 1371 suae
651 1343 867 1372 excellentiam.
895 1345 994 1378 Quam

209 1391 369 1428 purissima
383 1393 505 1427 propter
516 1391 612 1427 culpae
627 1391 788 1419 carentiam
796 1390 883 1420 suerit
894 1391 993 1426 Maria,

209 1438 286 1467 bene
301 1437 478 1473 insinuatur,
499 1445 567 1466 cum
583 1438 690 1466 dicitur
706 1448 712 1466 :
730 1439 796 1466 Ave.
812 1440 897 1467 Recte
911 1446 995 1466 nam-

211 1493 269 1522 que
288 1485 314 1513 ei
339 1485 446 1513 dicitur
471 1494 477 1513 :
499 1485 567 1519 Ave,
590 1493 657 1522 quae
680 1485 719 1513 ab
739 1485 820 1513 omni
841 1494 880 1513 2*oe
899 1485 994 1522 culpoe

211 1532 428 1561 immunissima
446 1532 509 1560 suit.
531 1532 576 1560 Sic
601 1532 703 1568 utique
731 1535 849 1561 Matrem
870 1533 917 1561 liei
942 1534 995 1561 de-

211 1580 280 1615 cuit,
305 1580 444 1608 Auselmo
475 1582 555 1614 teste,
581 1580 632 1616 qui
657 1580 697 1608 ait
713 1581 722 1596 ¹
746 1589 751 1607 :
776 1591 789 1606 a
813 1581 936 1609 Ducebat
964 1584 996 1609 ut

210 1626 340 1655 hominis
373 1626 452 1654 illius
478 1627 634 1662 conceptio
664 1627 700 1654 de
722 1629 814 1655 matre
836 1628 995 1664 purissima

212 1675 304 1708 tieret,
320 1675 356 1709 (a)
370 1676 401 1701 ut
417 1682 451 1702 ea
465 1674 600 1709 puritate,
618 1682 677 1710 qua
693 1675 790 1709 major
800 1675 856 1702 sul)
871 1676 929 1703 Deo
944 1683 995 1703 ne-

211 1721 276 1757 quit
294 1721 431 1756 intelligi,
446 1721 535 1756 Virgo
550 1721 601 1748 illa
616 1721 733 1756 niteret,
757 1722 803 1749 cui
827 1723 900 1749 Deus
914 1724 997 1750 l‘ater

212 1768 334 1796 unicum
350 1768 454 1796 Filium
468 1769 514 1803 (b),
524 1776 613 1804 quem
630 1768 666 1796 de
679 1768 768 1796 corde
780 1776 834 1796 suo
849 1769 995 1805 sequalem

212 1815 268 1843 sibi
282 1815 383 1850 genuit
398 1816 441 1851 (c),
457 1815 497 1843 ita
516 1815 588 1843 dare
604 1815 794 1852 disponebat,
816 1819 847 1845 ut
863 1817 901 1853 (d)
923 1820 997 1845 esset

213 1870 290 1890 unus
301 1864 390 1898 atque
401 1862 482 1890 idem
493 1862 525 1898 (e)
541 1862 588 1890 Dei
604 1864 631 1890 et
646 1863 775 1890 hominis
790 1863 878 1891 filius.
895 1875 907 1889 ι)
926 1866 996 1892 ltem

213 1917 304 1945 quam
325 1909 499 1945 plenissima
522 1917 575 1945 per
597 1910 697 1945 gratiae
712 1910 895 1938 affluentiam
912 1911 997 1939 fuerit

213 1956 311 1990 Maria,
338 1956 413 1984 bene
442 1956 617 1991 insinuatur,
645 1965 713 1985 cum
743 1957 850 1985 dicitur
871 1967 877 1985 :
900 1959 997 1986 Gratia

212 2005 302 2039 plena.
321 2005 351 2031 Et
365 2011 434 2030 vere
450 2004 549 2039 plena,
567 2007 593 2031 et
612 2004 678 2040 plus
694 2012 785 2040 quam
804 2005 904 2041 plena,
924 2006 997 2034 sicut

213 2053 332 2078 testatur
351 2050 504 2078 Anselmus
530 2050 721 2079 devotissime
748 2052 879 2080 clamans
903 2056 929 2080 et
954 2053 997 2080 di-

212 2106 298 2125 cens:
315 2109 327 2123 u
338 2099 359 2126 Ο
370 2097 490 2125 soemina
502 2098 591 2133 plena
607 2101 634 2126 et
649 2099 828 2135 superplena
843 2100 946 2135 gratia,
960 2100 996 2128 de

213 2145 296 2179 eujus
311 2144 504 2180 plenitudinis
525 2145 708 2173 exundantia
731 2154 875 2182 respersa,
893 2147 933 2173 sic
954 2155 997 2174 rc-

213 2190 327 2219 viviscit
342 2191 439 2219 omnis
454 2194 603 2220 creatura!
622 2204 632 2218 υ
652 2194 720 2220 ltem
739 2201 830 2229 quam
854 2193 998 2221 tutissima

212 2245 266 2274 per
285 2238 418 2266 divinam
429 2239 615 2274 praesentiam
630 2240 715 2267 suerit
730 2240 827 2275 Maria,
840 2240 915 2268 bene
933 2241 998 2268 insi-

213 2287 331 2319 nuatur,
346 2293 414 2312 cum
429 2285 535 2313 dieitur
548 2295 553 2313 :
569 2288 698 2314 Dominus
711 2290 806 2315 tecum.
821 2288 930 2321 Merito,
945 2289 997 2316 Do-

214 2332 296 2360 mino
313 2334 466 2367 praesente,
484 2333 608 2361 Domino
624 2341 723 2361 seeum
741 2334 891 2368 existente,
909 2334 997 2362 Maria

213 2379 378 2416 specialiter
399 2380 542 2408 tutissima
563 2384 622 2415 est3
645 2382 715 2417 quia
739 2382 879 2409 Dominus
905 2383 998 2416 Pater,

216 2427 356 2455 Dominus
378 2427 477 2461 Filius,
505 2427 646 2455 Dominus
673 2429 796 2463 Spiritus
822 2431 938 2457 sanctus
958 2429 999 2456 sic

215 2481 315 2501 secum
335 2476 388 2509 est,
410 2473 493 2510 quod
513 2474 577 2510 ipsa
599 2474 625 2501 ei
643 2475 809 2510 specialiter
831 2475 999 2504 familiaris-

215 2521 291 2548 sima
307 2523 359 2555 est,
367 2521 441 2548 sicut
451 2522 531 2557 patet
541 2528 594 2557 per
604 2521 725 2549 beatum
742 2522 935 2557 llernardum,
949 2523 1000 2559 qui

216 2568 257 2596 sie
270 2568 378 2596 dieit³z
400 2579 412 2593 α
427 2570 484 2596 Nec
500 2570 613 2596 tautum
629 2569 771 2596 Dominus
789 2569 876 2597 Filius
893 2573 999 2605 terum,

252 2645 256 2657 ¹
274 2642 346 2672 Beni„
369 2643 440 2666 hom.
456 2642 484 2665 (Ie
500 2643 612 2666 Annunl.
630 2644 660 2666 Β.
678 2643 742 2667 Mar.
759 2657 788 2661 -
806 2645 815 2660 ²
831 2645 953 2673 Aust-lun,
972 2644 1001 2667 tle

219 2679 322 2708 Concep.
341 2678 410 2709 Γύῃ.
424 2680 446 2701 12!
459 2685 523 2709 pecc.
535 2680 614 2710 orig„
630 2686 652 2703 c.
670 2684 744 2703 xvni.
756 2692 785 2697 —
801 2685 808 2693 Δ
824 2681 909 2711 Rern„
921 2686 998 2711 super

219 2715 309 2739 Missus
327 2716 363 2739 est
378 2714 448 2739 hom.
467 2720 511 2745 ιιι,
529 2721 554 2738 n.
573 2716 594 2739 4.

643 237 856 272 SPECULUM
876 237 1022 271 amrin
1043 227 1184 272 mam
1204 239 1391 274 vinculus.

1047 312 1140 345 quem
1154 296 1243 338 eme
1256 309 1309 338 tua
1321 309 1438 346 indum
1463 309 1518 339 sed
1534 302 1570 339 et*
1579 298 1725 346 noinffifi
1740 309 1829 350 spiri-

1047 355 1096 384 tus
1108 356 1239 391 sanctus,
1252 355 1292 385 de
1305 364 1367 394 quo
1381 356 1526 394 concipis,
1545 357 1575 386 et
1589 344 1830 390 nomiduffrmt

1048 401 1100 439 qui
1115 402 1227 439 genuit,
1242 411 1334 441 quem
1347 404 1512 442 concipis.»
1527 405 1600 433 Item
1613 411 1708 441 quam
1719 390 1844 442 dign&
1859 428 1862 430 .
1887 432 1889 434 .

1047 448 1124 478 sima
1143 451 1268 487 propter
1288 457 1424 487 personia
1448 459 1509 480 snae
1527 450 1726 480 reverentiam
1743 444 1834 482 fuerit

1050 495 1148 532 Maria,
1161 495 1238 525 bene
1251 496 1430 533 insinuatur,
1448 494 1519 527 cnm
1534 497 1643 527 dicitur
1657 507 1666 527 ε
1683 498 1831 528 Benedicta

1048 545 1080 570 tu
1093 543 1125 570 in
1137 543 1309 572 mulieribus.
1320 544 1518 582 Nequaquam
1527 544 1610 574 enim
1622 553 1752 582 persona
1767 545 1831 582 ejus

1048 590 1149 625 posset
1166 596 1228 618 non
1245 597 1308 619 esse
1326 590 1514 627 dignissima,
1527 599 1596 628 quas
1612 585 1831 622 tanta'benedi-

1047 635 1145 665 ctione
1163 638 1207 665 est
1219 637 1478 667 reverendissima.
1493 637 1577 667 Unde
1588 638 1697 668 iterum
1711 640 1832 676 stupens

1049 685 1078 711 et
1095 682 1266 712 exclamans
1283 684 1355 713 dicit
1370 685 1525 714 Anselmus
1540 694 1547 714 :
1565 694 1581 712 a
1595 686 1618 714 0
1633 685 1721 722 Virgo
1741 685 1832 716 bene·

1049 729 1128 759 dicta
1146 732 1174 759 et
1194 731 1452 768 superbenedicta,
1472 739 1527 769 per
1545 733 1630 769 cujus
1647 732 1832 762 benedictio-

1049 785 1118 806 nem
1138 777 1325 807 benedicitur
1340 778 1440 808 omnis
1458 780 1594 808 creatura
1614 787 1676 808 non
1693 779 1794 809 solum
1813 787 1832 810 a

1048 824 1196 857 Creatore,
1211 823 1265 853 sed
1279 826 1399 854 Creator
1410 833 1429 854 a
1442 826 1600 855 creatura!
1621 835 1635 852 n
1652 827 1724 855 Item
1738 833 1831 863 quam

1049 870 1203 900 utilissima
1229 879 1282 908 per
1308 872 1403 909 prolis
1425 881 1486 901 sune
1513 873 1721 902 excellentiam
1744 872 1833 902 fuerit

1048 919 1148 953 Maria,
1164 918 1240 947 bene
1255 918 1433 955 insinuatur,
1448 927 1518 948 cum
1532 919 1658 949 dicitur:
1674 921 1710 948 Bt
1721 919 1831 948 benedi-

1048 968 1091 994 tus
1107 967 1214 1000 rmctus
1233 967 1338 994 ventris
1361 967 1414 994 tui.
1435 965 1481 995 Ad
1503 966 1683 996 salvandum
1699 974 1832 1004 namque

1049 1013 1197 1042 mundum
1210 1020 1265 1050 per
1277 1013 1336 1042 hoc
1350 1013 1507 1042 utilissima
1521 1013 1586 1048 fuit,
1596 1013 1681 1050 quod
1690 1014 1756 1050 ipsa
1770 1013 1833 1043 fru-

1049 1062 1128 1089 ctum
1143 1061 1246 1090 salutis
1260 1061 1541 1090 excellentissimum
1553 1063 1581 1090 et
1594 1061 1834 1098 potentissimum

1049 1107 1160 1143 genuit.
1176 1107 1246 1136 ldeo
1261 1108 1342 1137 idem
1357 1108 1482 1137 devotus
1497 1107 1652 1137 anselmus
1667 1108 1708 1137 ait
1723 1117 1730 1137 :
1751 1118 1764 1135 α
1780 1110 1834 1138 Per

1049 1154 1272 1183 foecunditatem
1283 1157 1376 1190 tuam,
1388 1155 1522 1190 Domina,
1538 1155 1713 1184 immundus
1727 1163 1834 1193 pecca-

1050 1204 1096 1230 tor
1109 1203 1152 1230 est
1163 1201 1350 1238 justificatus,
1373 1201 1532 1230 damnatus
1551 1201 1692 1237 salvatus,
1714 1204 1742 1231 et
1764 1202 1834 1232 exul

1049 1248 1199 1277 reductus
1217 1250 1316 1277 Partus
1332 1248 1412 1277 enim
1431 1251 1510 1284 tuus,
1531 1249 1666 1284 Domina,
1685 1248 1834 1278 mundum

1050 1296 1201 1332 captivum
1211 1295 1347 1331 redemit,
1361 1304 1474 1331 aegrum
1486 1295 1612 1330 sanavit,
1626 1298 1777 1325 mortuum
1787 1304 1835 1325 su-

1049 1343 1172 1371 seitnvit.
1183 1353 1197 1369 »
1211 1342 1331 1378 Videtis,
1338 1342 1513 1377 charissimi,
1522 1350 1595 1379 ergo
1606 1342 1762 1379 quomodo
1776 1344 1834 1372 Ma-

1049 1390 1104 1424 ria,
1119 1392 1241 1426 propter
1255 1390 1350 1426 culpoe
1371 1390 1533 1418 carentiam
1555 1391 1584 1418 et
1605 1389 1834 1426 immunitatem,

1050 1437 1156 1465 merito
1177 1444 1230 1473 per
1254 1437 1312 1464 Are
1331 1436 1475 1464 salutatur
1487 1445 1495 1471 ;
1515 1438 1638 1473 propter
1668 1435 1768 1472 gratim
1792 1435 1837 1465 as-

1051 1484 1203 1512 tluentiam
1218 1485 1244 1512 et
1260 1483 1497 1518 immensitatem,
1516 1483 1622 1512 merito
1643 1484 1741 1512 Gratia
1753 1484 1836 1519 plena

1050 1534 1318 1562 commemoratur:
1341 1533 1462 1567 propter
1491 1530 1625 1558 divinam
1650 1530 1837 1567 praesentiam

1050 1582 1077 1607 et
1093 1578 1334 1612 familiaritatem,
1350 1578 1457 1605 merito
1471 1579 1605 1605 Dominus
1616 1580 1698 1606 tecum
1709 1577 1837 1606 insinua-

1052 1629 1115 1657 tur;
1132 1628 1253 1661 propter
1267 1633 1401 1661 personae
1418 1632 1477 1652 suae
1493 1623 1690 1652 reverentiam
1702 1624 1837 1661 etdigni-

1052 1675 1155 1707 tatem,
1180 1673 1284 1700 merito
1307 1672 1454 1699 Benedicta
1479 1674 1507 1698 tu
1533 1673 1561 1698 in
1585 1672 1743 1699 mulieribus
1762 1679 1837 1699 nun-

1053 1720 1152 1754 tiatur:
1169 1721 1291 1756 propter
1309 1719 1402 1755 prolis
1419 1727 1479 1746 sune
1498 1718 1704 1746 excellentiam
1718 1720 1746 1746 et
1760 1718 1838 1746 utili-

1053 1769 1151 1801 tatem,
1169 1766 1274 1794 merito
1299 1766 1458 1794 Benedictus
1478 1767 1585 1799 fructus
1598 1767 1700 1794 ueneris
1716 1767 1757 1793 tui
1771 1773 1838 1802 pro-

1052 1814 1206 1842 clamatur.
1223 1815 1260 1841 De
1275 1813 1320 1841 liis
1338 1815 1437 1841 autem
1461 1812 1585 1848 singulis
1606 1811 1771 1841 secundum
1789 1819 1838 1840 or-

1052 1861 1153 1889 dinem
1166 1861 1332 1889 videamus.

1347 1959 1487 1989 LECTlo
1512 1960 1547 1988 ll.

1053 2034 1130 2068 Quod
1147 2035 1175 2060 n.
1193 2034 1276 2067 Vin-90
1295 2033 1385 2060 Μανία
1403 2032 1485 2059 libera
1503 2033 1560 2064 suit
1575 2039 1593 2058 a
1607 2031 1717 2066 triplici
1730 2039 1769 2058 voe
1780 2032 1839 2058 cut-

1089 2085 1131 2112 poe
1151 2076 1271 2103 actualis
1284 2084 1293 2106 ,’
1317 2083 1333 2102 α
1355 2075 1464 2109 triplici
1482 2082 1521 2100 1·oe
1540 2075 1656 2101 miseri'oe
1674 2074 1838 2108 oriyi'nalis;

1091 2123 1115 2146 c!
1132 2128 1148 2146 α
1165 2119 1271 2153 triplici
1289 2126 1325 2143 scr
1338 2124 1422 2152 poenoe
1437 2116 1603 2151 yehcnuatis.

1092 2193 1159 2225 Ave,
1177 2193 1280 2225 Maria,
1297 2192 1388 2225 qratia
1401 2191 1494 2225 plena,
1511 2191 1565 2217 etc.
1585 2189 1714 2217 Verbum
1726 2189 1841 2218 bonum

1055 2243 1081 2268 et
1097 2248 1186 2268 suave
1213 2245 1409 2275 personemus
1424 2236 1499 2264 illud
1515 2244 1577 2271 avc,
1594 2244 1655 2272 quo
1672 2236 1785 2264 initiata
1800 2238 1842 2264 est

1055 2289 1156 2316 nostra
1181 2285 1348 2321 redemptio
1370 2284 1408 2312 ab
1430 2285 1538 2311 mtcrno
1557 2291 1610 2310 vae.
1637 2285 1841 2319 l'ersonemus,

1056 2336 1192 2371 inquam,
1209 2331 1316 2368 singuli
1327 2341 1334 2366 ;
1349 2337 1544 2367 personemus
1565 2329 1755 2358 devotissime
1779 2330 1842 2358 uni-

1056 2381 1143 2415 versi,
1175 2380 1306 2408 dicentes
1330 2387 1335 2405 :
1366 2378 1432 2409 Are.
1461 2377 1565 2411 Maria,
1593 2384 1652 2410 αιέ,
1675 2378 1701 2404 et
1726 2384 1784 2411 ave,
1813 2379 1841 2405 et

1057 2429 1162 2456 iterum
1181 2435 1240 2461 ave,
1257 2427 1284 2454 et
1299 2425 1406 2452 millies
1428 2432 1485 2451 αυε.
1508 2425 1589 2458 Ecce,
1610 2422 1785 2457 charissimi,
1803 2423 1841 2450 si-

1057 2477 1106 2503 cut
1123 2473 1327 2510 supradictum
1346 2474 1398 2506 est,
1419 2470 1608 2499 sanctissimae
1622 2469 1731 2504 Virgini
1746 2469 1841 2498 Merite

1058 2524 1182 2558 propter
1198 2518 1404 2549 omnimodam
1421 2517 1516 2553 culpae
1530 2516 1690 2545 carentiam
1700 2518 1726 2544 et
1736 2516 1842 2545 immu-

1092 2608 1126 2638 (α)
1145 2606 1210 2632 Arm.
1236 2607 1332 2636 Nempe
1347 2605 1442 2628 decens
1458 2605 1520 2628 erat.
1536 2615 1566 2620 —
1581 2603 1616 2634 (b)
1632 2603 1697 2627 ΑιΙιΙ.
1713 2609 1797 2628 snum.
1810 2615 1841 2621 —

1059 2644 1090 2674 (ν)
1112 2643 1182 2667 Edit.
1200 2643 1285 2673 illique
1299 2641 1412 2672 genitum
1422 2658 1429 2670 ,
1445 2641 1568 2670 tanquam
1582 2638 1694 2669 seipsum
1710 2638 1839 2669 diligebat.

1061 2693 1088 2697 -
1113 2678 1155 2710 td)
1180 2677 1244 2703 Add.
1269 2676 1426 2701 naturaliter.
1448 2688 1474 2692 -
1500 2674 1532 2704 (e)
1554 2674 1612 2705 Ley.
1634 2681 1699 2699 uuus
1722 2674 1840 2706 idemque

1061 2715 1214 2740 communis.
