2029 3052
80 276 116 298 ent
129 276 188 296 tere-

79 305 180 329 bintlms.

205 204 264 235 246

202 269 372 300 humectata
384 269 440 299 fuit
447 277 503 308 per
511 271 637 307 gratiam
651 272 712 300 tota
724 270 786 300 vita
798 270 905 306 Marioe,
916 278 985 308 quae

204 316 235 346 in
247 316 374 346 humore
394 317 495 354 gratias
516 317 609 346 crevit
630 317 670 346 ab
689 318 773 346 utero
793 317 896 347 matris
912 325 982 347 suoe.

206 363 284 399 Quid
297 363 419 398 mirum,
432 363 457 392 si
471 363 562 393 Maria
572 364 604 392 in
612 363 739 393 humore
748 364 851 400 gratiae
861 366 984 400 crescat,

206 418 275 439 cum
289 410 352 439 sine
371 410 498 439 humore
513 410 614 446 gratim
628 418 717 440 omne
731 419 834 445 semen
848 413 985 440 arescat?

205 457 289 486 Unde
303 457 341 486 de
356 457 468 486 semine
483 457 590 486 dieitur
604 457 634 486 in
646 459 719 487 Luca
733 457 743 474 ¹
759 468 768 487 ε
782 459 888 487 Natum
897 460 985 494 aruit,

206 507 273 540 quia
286 512 341 532 mm
359 504 470 532 habebat
485 504 630 533 humorem.
652 505 736 534 Remi
754 504 844 541 hujus
858 505 986 542 arboris,

206 553 279 579 rami
292 551 402 579 honoris
410 553 436 579 et
443 552 553 586 qratia,
567 552 637 580 sunt
645 551 776 586 virtutes,
796 553 825 580 et
836 551 986 589 exempla,

207 599 237 627 et
250 597 397 626 beneficia
412 598 506 626 Beatoe
518 597 626 626 Mariae.
642 598 722 627 Multi
737 598 817 627 enim
831 599 907 627 rami
919 601 988 628 sunt

207 645 307 674 multae
321 645 386 681 ejus
399 644 500 680 gratioe
511 644 627 680 merita,
641 645 736 674 multa
745 645 810 682 ejus
825 645 946 674 virtutes
960 647 989 674 et

209 691 354 728 exempla,
370 691 470 720 multae
489 691 552 728 ejus
566 691 777 721 misericordiae
789 694 817 721 et
830 692 987 721 beneficia.

208 739 240 767 ln
249 738 295 767 his
309 738 400 767 ramis
409 738 536 767 libenter
546 738 691 774 habitant,
703 739 734 767 in
748 739 794 767 his
804 739 930 768 libenter
941 739 989 775 Ju-

209 784 305 814 bilant
318 784 449 814 coelestes
459 785 592 819 aviculoe,
605 785 637 814 id
649 787 692 814 cst
705 785 811 815 animm
825 787 943 821 sanctae,
958 788 991 815 ut

210 832 248 860 de
263 832 335 869 ipsis
357 832 447 861 etiam
467 832 526 861 dici
552 832 647 869 possit
668 831 744 861 illud
769 833 914 861 Danielis*
931 842 937 861 :
958 834 990 861 ln

210 881 296 908 ramis
309 879 366 915 ejus
387 879 615 908 conversabantur
630 880 749 907 volucres
767 880 836 908 coelt'.
852 880 874 908 Ο
897 888 990 917 quam

210 925 279 961 late,
294 933 386 962 quam
403 925 461 954 alte
483 925 574 954 arbor
597 925 649 954 illa
668 934 778 962 magna
801 927 888 956 beata
902 927 990 963 Virgo

211 972 302 1002 Maria
314 980 415 1001 ramos
429 980 500 1001 suos
521 972 666 1001 extendit!
691 981 783 1009 quam
799 973 856 1002 late
877 974 916 1002 ad
936 973 990 1002 ho-

211 1019 317 1054 mines,
333 1027 424 1056 quam
442 1019 531 1056 longe
555 1019 594 1048 ad
609 1020 743 1056 anchOS,
765 1028 857 1057 quam
879 1021 937 1050 alto
951 1021 991 1049 ad

213 1068 319 1095 Deum!
333 1066 492 1100 Quomodo
507 1068 606 1095 autem
619 1067 658 1095 ad
673 1067 728 1096 hos
743 1075 848 1096 omnes
861 1068 993 1096 extendit

212 1121 312 1142 ramos
335 1113 496 1149 gratiarum
520 1114 548 1141 et
565 1113 838 1142 misericordiarum
858 1122 991 1150 suarum,

214 1159 379 1189 Bernardus
393 1160 525 1197 exponit,
549 1160 652 1189 dicens
665 1161 676 1177 ³
703 1170 729 1188 :u
747 1161 837 1189 Maria
852 1161 992 1189 omnibus

213 1207 311 1235 sinum
326 1206 536 1235 misericordiae
554 1207 679 1243 aperuit,
696 1209 727 1235 ut
748 1208 786 1235 de
809 1207 993 1244 plenitudine

213 1254 277 1289 ejus
291 1253 436 1290 accipiant
447 1253 584 1289 universi,
597 1254 731 1290 captivus
744 1254 993 1291 redemptionem,

213 1309 291 1336 wger
305 1300 499 1335 curationem,
516 1301 602 1329 tristis
623 1301 869 1335 consolationem,
891 1309 994 1337 pecca-

215 1351 260 1376 tor
279 1348 408 1382 veniam,
428 1349 522 1384 justus
545 1348 682 1384 gratiam,
705 1348 829 1384 angelus
853 1348 994 1384 laetitiam,

215 1395 345 1431 denique
372 1398 432 1423 tota
457 1395 578 1423 Trinitas
605 1394 731 1430 gloriam
742 1417 749 1429 ,
777 1395 840 1423 Filii
867 1403 995 1431 persona

215 1442 312 1470 carnis
325 1442 463 1470 humance
471 1441 676 1470 substantiam.
687 1452 699 1468 ι)
714 1443 834 1470 Fructus
848 1442 936 1477 hujus
948 1450 995 1470 ar-

215 1488 297 1517 boris
309 1491 352 1517 est
365 1488 414 1516 ille
429 1489 466 1517 de
483 1497 544 1525 quo
558 1488 664 1516 dicitur
676 1488 684 1504 ⁵
699 1497 704 1516 ;
720 1489 881 1516 fleitedictus
892 1490 996 1522 fructus

216 1537 318 1564 ventris
346 1538 397 1563 tui.
422 1536 474 1563 Iste
496 1535 607 1563 fructus
628 1535 739 1563 rubeus
759 1535 811 1563 suit
835 1536 997 1571 sanguine,

216 1583 346 1620 pallidus
363 1584 462 1610 autem
478 1585 582 1610 morte.
604 1582 684 1610 l'nde
699 1590 809 1618 sponsa
831 1583 890 1617 Dei,
910 1582 941 1610 id
956 1586 998 1610 est

218 1630 318 1658 anima
335 1632 446 1664 sancta,
467 1630 507 1657 ait
529 1629 604 1657 illud
629 1630 736 1656 Cantici
751 1630 760 1645 ⁵
778 1638 784 1656 :
802 1630 920 1656 iulet-tus
935 1638 998 1657 can-

218 1677 301 1704 didus
325 1679 349 1704 ct
376 1677 560 1707 rubicundum
582 1676 644 1711 Jam
660 1675 748 1703 etiam
765 1678 859 1711 po'cst
875 1676 972 1703 dics-re
990 1686 997 1702 :

221 1734 235 1749 a
258 1723 383 1751 Dilectus
405 1731 487 1750 nicus
509 1722 639 1758 pallidus
654 1724 681 1750 et
702 1722 896 1750 rubicundus.
915 1734 927 1748 n
946 1725 998 1751 lste

219 1778 341 1807 quoque
355 1770 465 1797 fructus
480 1769 574 1797 odore
587 1769 737 1804 jucundus
753 1771 795 1796 est
809 1769 924 1797 devotis
938 1771 999 1798 ani-

219 1817 336 1845 mabus
367 1816 452 1850 Quod
480 1816 556 1844 bene
584 1818 713 1844 senserat
741 1816 844 1844 beatus
872 1818 1000 1845 loannes

220 1863 383 1900 apostolus,
399 1863 450 1899 qui
477 1863 602 1891 Domino
619 1862 692 1890 dixit
709 1872 715 1889 ε
733 1863 812 1891 Odor
827 1866 892 1891 tuus
908 1864 936 1891 in
952 1873 999 1892 me

221 1910 474 1946 concupiscentias
499 1909 633 1937 excitavit
655 1912 788 1937 oeternas.
809 1910 830 1934 0
851 1911 961 1945 anima,
982 1920 999 1939 0

221 1958 332 1992 anima,
351 1957 560 1985 misericorditu
577 1957 702 1985 odorem
715 1957 800 1991 liujus
815 1958 923 1985 tructus
939 1966 999 1986 nou

220 2006 309 2034 sentis
318 2007 331 2033 ‘2
342 2007 363 2034 Ο
374 2005 397 2032 si
409 2005 540 2039 sentires,
557 2013 655 2033 nonne
667 2007 733 2040 post
746 2005 842 2040 ipsum
857 2014 999 2042 curri-res,

221 2053 294 2080 sicut
310 2052 416 2080 dicitur
439 2052 468 2079 in
493 2052 632 2078 Panticisss
649 2060 654 2077 ε
681 2053 820 2079 Curi-cutus
841 2054 869 2079 in
895 2053 999 2080 odorem

221 2105 417 2136 unquentorum
438 2104 568 2128 tuorum?
586 2101 717 2128 Notabile
734 2104 831 2128 autom
847 2105 897 2136 cst,
919 2102 1001 2137 quod

222 2149 349 2176 fructum
362 2149 449 2183 liujus
463 2148 618 2175 terebinthi
634 2156 694 2175 non
711 2148 870 2182 musculus,
883 2149 934 2176 scd
951 2150 1002 2175 sw-

224 2196 305 2223 mina
337 2196 424 2230 liujus
446 2195 561 2222 arboris
582 2194 714 2231 proferri¹
747 2195 830 2223 solet.
857 2197 901 2224 Sic
927 2199 1002 2224 certe

225 2243 350 2270 fructum
386 2242 450 2269 vitm
483 2244 582 2269 vaum
615 2241 760 2269 Christum
794 2250 854 2269 nou
887 2251 1002 2270 mascu-

224 2289 285 2324 lus,
308 2288 360 2315 sed
375 2288 511 2321 immina,
532 2296 593 2316 non
613 2289 667 2322 vir,
690 2288 741 2316 scd
765 2288 848 2323 virgo
871 2290 1001 2324 protulit.

227 2337 347 2372 l’ropter
371 2335 453 2371 quod
476 2335 551 2362 benc
575 2336 753 2370 Augustinus
777 2337 816 2363 ait
840 2346 845 2363 :
873 2348 884 2361 t(
909 2337 1004 2364 Electa

225 2385 267 2410 cst
291 2382 374 2417 virgo
397 2384 499 2416 mater,
519 2389 585 2417 quir
606 2382 666 2409 sine
685 2383 923 2418 concupiscentia
943 2391 1003 2410 car-

226 2429 270 2456 nis
299 2429 467 2464 conciperet
494 2436 630 2463 carnem,
656 2431 682 2456 ct
711 2429 772 2457 sine
800 2430 863 2458 viro
889 2433 1004 2465 parcrct

226 2485 331 2504 virum.
349 2487 361 2501 »ι

260 2563 266 2579 ¹
284 2563 349 2592 Lunx,
366 2568 425 2591 xiii,
442 2565 464 2585 ti.
483 2574 512 2578 —
533 2562 539 2575 ³
556 2561 630 2589 Duri,
653 2567 686 2590 ιν,
708 2564 731 2584 ἑ».
749 2575 776 2578 -
798 2567 804 2574 -’
828 2562 961 2593 uui-nard„
976 2562 1005 2586 tle

229 2599 256 2622 R.
278 2599 353 2626 nima,
373 2605 402 2620 vx
422 2597 533 2628 ‹istoc-ul..
545 2605 566 2620 ν.
587 2602 632 2627 ΧΗ,
648 2604 713 2620 scrin
728 2616 733 2623 ,
749 2597 843 2621 mimi-1
866 2599 1004 2628 Assumpl„

229 2641 253 2657 u.
268 2634 344 2658 ‘ik-⁸
360 2634 427 2663 Luc„
444 2635 549 2663 1‚42.—-
566 2634 575 2650 ὓ
590 2633 674 2663 Cant„
691 2639 714 2661 v,
726 2635 797 2656 lu.—
814 2634 824 2648 ⁴¹
842 2636 926 2662 smus,
943 2640 960 2664 i,
981 2636 1003 2656 3.

228 2683 257 2686 *-
272 2670 280 2685 7
303 2670 384 2699 Prota,
403 2675 441 2699 M,
460 2670 496 2693 Ιϋ.
513 2681 541 2686 -
557 2668 567 2685 ⁸
583 2668 669 2697 Eccli'.,
688 2674 735 2698 an,
753 2669 789 2691 Π,
806 2682 832 2685 -
851 2672 858 2683 ²·
878 2670 1001 2700 Borii.,11›

639 203 851 237 SPECULUM
872 202 1018 238 BEATAE
1040 204 1181 240 MARIAE
1201 205 1389 240 VlRGlNlS.

1073 274 1184 309 Quarto
1198 274 1433 310 consideremus,
1452 273 1628 311 chanami,
1647 276 1748 313 gratita
1760 279 1819 308 Ma·
1848 283 1922 306 sut·

1037 320 1089 350 τίω
1101 321 1268 350 utilitatem.
1285 321 1324 349 ne
1339 320 1397 349 hac
1411 320 1519 350 dicitur
1531 321 1565 349 ⁷:
1580 321 1682 351 uniter
1697 326 1820 359 mmm
1849 315 1927 352 Μ.-

1038 369 1157 398 inveniet
1179 370 1305 405 qloriam.
1327 370 1401 398 Eece
1425 369 1535 398 utilitas
1559 369 1660 406 gratiae
1685 371 1820 406 gratiosa
1841 348 1933 400 affinis-⁸21⁸-

1834 414 1872 430 m
1891 408 1944 436 cibi,

1835 440 1859 461 et
1867 439 1942 462 nobi..

1039 415 1150 452 Marioe3
1166 417 1210 445 est
1222 416 1354 445 inventio
1369 416 1470 452 gloriae
1488 418 1648 454 perpetum.
1665 417 1822 449 Utilissimn

1040 465 1117 492 certe
1128 463 1282 500 iuitgratia
1292 463 1388 493 Marioe
1399 466 1428 493 et
1437 464 1495 493 sibi
1505 466 1534 492 et
1542 463 1641 493 nobis.
1654 464 1821 501 Utilissima‚

1039 509 1177 547 inquam,
1191 509 1246 539 fuit
1259 510 1354 546 gratia
1362 510 1459 540 Μαι-ἰαὶ
1472 510 1530 539 sibi
1547 511 1615 548 ipsi.
1630 512 1727 541 Gratia
1741 512 1822 542 enim

1041 556 1227 591 deliciosam,
1243 557 1338 593 gratia
1358 557 1583 593 miraculosam,
1597 558 1693 595 gratia
1710 559 1822 596 glorio-

1041 611 1107 632 sam
1115 603 1183 632 fecit
1196 603 1317 632 Mariam
1330 613 1337 632 ε
1353 603 1528 633 deliciosam
1543 604 1575 633 in
1595 605 1708 640 animo,
1731 606 1823 635 mira-

1042 650 1176 679 culosam
1190 649 1221 678 in
1236 650 1319 685 Filio,
1331 650 1494 687 gloriosam
1508 650 1540 679 in
1557 659 1660 688 regno.
1678 652 1821 682 Deliciosa

1043 699 1120 726 certe
1134 697 1189 726 fuit
1202 697 1292 726 Maria
1305 697 1336 725 in
1350 699 1448 726 mente
1467 697 1623 735 spirituali,
1644 698 1825 729 miraculosa

1043 744 1073 772 in
1090 744 1176 781 prole
1191 743 1338 780 virginali,
1355 744 1487 781 gloriosa
1502 745 1533 773 in
1552 745 1722 774 diademate
1738 748 1824 775 aeter-

1043 790 1114 819 nali.
1127 790 1225 820 Gratia
1238 799 1309 827 ergo
1324 793 1456 820 mentem
1469 794 1498 820 et
1518 791 1651 821 animam
1665 793 1761 822 Marioe
1783 793 1824 822 ie—

1044 838 1083 865 cit
1104 837 1278 866 deliciosam
1303 837 1416 866 deliciis
1439 838 1658 875 spiritualibus,
1682 841 1826 877 tanquam

1044 885 1094 914 Dei
1109 885 1168 914 vivi
1183 885 1366 922 spiritualem
1383 885 1567 922 paradisum,
1580 886 1665 922 juxta
1678 885 1754 915 illud
1775 888 1826 916 Ec-

1045 934 1192 961 clesiastici
1207 933 1218 950 ⁸
1236 942 1242 960 :
1264 932 1363 961 Gratia
1385 934 1457 961 sicut
1480 933 1630 968 paradisus
1654 935 1686 961 t'n
1706 934 1828 962 benedic-

1046 980 1174 1008 tionibus.
1191 982 1263 1008 vere
1278 979 1435 1016 paradisus
1457 979 1506 1008 Dei
1530 979 1584 1008 suit
1597 980 1628 1008 in
1643 980 1827 1010 benedictio-

1046 1026 1134 1055 nibus
1147 1026 1358 1062 multiplicium
1373 1025 1549 1054 deliciarum
1563 1026 1771 1062 spiritualium.
1787 1028 1826 1056 De

1048 1072 1158 1109 quibus
1180 1072 1269 1100 etiam
1293 1072 1398 1101 beatus
1420 1072 1586 1100 Bernardus
1601 1073 1641 1101 ait
1658 1074 1669 1091 ⁹
1690 1083 1697 1102 :
1716 1074 1829 1108 «Quid-

1047 1119 1075 1147 ni
1093 1119 1131 1154 (a)
1149 1118 1270 1147 delicias
1285 1119 1412 1148 dixerim
1427 1119 1518 1148 decus
1545 1120 1737 1156 virginitati&
1761 1129 1830 1150 cum

1048 1173 1170 1194 munere
1185 1166 1392 1201 imcuuditatis‚
1409 1166 1523 1202 insigne
1537 1166 1721 1202 humilitatis,
1737 1167 1830 1196 distil-

1047 1213 1157 1241 lantem
1173 1213 1321 1241 charitatis
1342 1213 1455 1248 favum,
1477 1213 1687 1242 misericordiae
1702 1214 1828 1250 viscera,

1049 1259 1265 1296 plenitudinem
1286 1260 1398 1295 gratiae,
1416 1260 1643 1296 praerogativam
1655 1261 1757 1296 gloriae
1771 1261 1830 1289 sin-

1049 1307 1204 1342 gular1551»
1227 1308 1297 1334 item
1324 1306 1418 1342 gratia
1440 1307 1560 1335 Mariam
1583 1307 1650 1335 iecit
1671 1307 1831 1336 miraculo-

1050 1361 1113 1382 sam
1139 1353 1168 1381 in
1190 1353 1290 1390 prole,
1314 1353 1495 1382 miraculoso
1519 1356 1663 1390 conceptu
1684 1355 1713 1382 et
1733 1356 1831 1390 partu,

1051 1400 1125 1428 dum
1141 1399 1317 1427 miraculose
1334 1399 1418 1435 virgo
1434 1399 1560 1436 peperit,
1574 1401 1602 1427 et
1624 1399 1832 1428 miraculosius

1052 1447 1143 1474 Deum
1159 1446 1306 1482 concepit,
1318 1447 1409 1473 Deum
1418 1446 1540 1482 peperit.
1557 1446 1636 1475 Unde
1650 1446 1687 1474 de
1699 1447 1756 1475 hac
1768 1447 1833 1482 ejus

1052 1493 1146 1529 gratia
1167 1492 1243 1521 bene
1265 1492 1373 1520 dicitur
1393 1492 1413 1509 ¹⁰
1434 1501 1440 1520 :
1459 1494 1594 1520 Inuenisti
1619 1494 1739 1528 qratiam
1758 1495 1833 1530 apud

1054 1542 1148 1573 Deum,
1165 1551 1177 1565 »
1195 1542 1249 1567 etc.
1265 1540 1301 1567 De
1322 1539 1379 1567 hoc
1403 1538 1524 1567 nomine
1545 1539 1650 1568 beatus
1666 1540 1833 1569 Bernardus

1053 1587 1092 1614 ad
1104 1585 1368 1622 ›iariamloquens‚
1383 1585 1455 1613 dixit
1467 1585 1486 1602 ¹¹
1501 1595 1507 1613 z
1522 1597 1534 1610 α
1549 1586 1835 1623 Intellige,prudens

1054 1634 1159 1669 virgo,
1185 1635 1329 1669 quantum
1355 1640 1388 1660 cx
1413 1632 1535 1660 nomine
1557 1633 1693 1669 promissi
1716 1634 1785 1669 filii,
1808 1636 1835 1662 et

1055 1688 1145 1716 quam
1154 1679 1313 1716 specialem
1321 1679 1446 1714 gratiam
1454 1679 1602 1707 inveneris
1612 1680 1693 1716 apud
1705 1682 1794 1709 Deum
1801 1703 1813 1714 .,
1820 1691 1833 1706 ι)

1056 1729 1125 1754 ltcm
1152 1726 1246 1761 gratia
1272 1725 1390 1753 Mariam
1420 1725 1486 1753 fecit
1508 1726 1687 1761 gloriosam,
1715 1730 1836 1764 propter

1055 1773 1138 1809 quod
1155 1773 1230 1801 bene
1248 1780 1338 1808 supra
1357 1772 1468 1800 dictum
1484 1775 1527 1800 est
1538 1773 1548 1789 “¹
1566 1782 1572 1800 :
1596 1774 1698 1801 Mulier
1715 1776 1837 1809 gratiosa

1057 1821 1173 1847 incertior
1195 1820 1318 1854 olor-iam.
1339 1820 1360 1845 0
1384 1827 1452 1846 vere
1476 1819 1544 1846 felix
1567 1819 1714 1848 inventrix
1736 1821 1836 1856 Maria,

1056 1876 1123 1903 quae
1134 1869 1193 1894 tam
1210 1873 1320 1901 magua
1335 1865 1363 1892 in
1373 1865 1499 1900 mundo,
1514 1868 1572 1893 tam
1584 1873 1694 1901 magna
1705 1866 1734 1894 in
1745 1867 1835 1895 coelo!

1057 1914 1141 1941 Nulla
1157 1920 1231 1949 pura
1246 1914 1379 1940 creatura
1396 1913 1506 1940 tantam
1521 1912 1645 1947 gratiam
1661 1913 1691 1940 in
1706 1913 1836 1949 mundo;

1057 1960 1140 1988 nulla
1156 1962 1265 1988 tantam
1278 1958 1405 1994 gloriam
1424 1958 1454 1986 in
1475 1958 1550 1986 cwlo
1565 1959 1686 1987 invenit.
1709 1961 1740 1988 Et
1760 1962 1837 1992 certe

1059 2010 1117 2035 tam
1139 2006 1274 2041 gratiam,
1291 2014 1382 2041 quam
1405 2005 1543 2040 gloriam,
1564 2005 1674 2033 invenit
1688 2006 1769 2042 apud
1784 2008 1838 2035 Do-

1057 2054 1185 2087 minum,
1197 2053 1278 2088 quia,
1289 2052 1362 2079 sicut
1377 2051 1406 2078 in
1418 2052 1533 2079 Psalmo
1549 2051 1656 2080 dicitur
1666 2052 1685 2068 ¹²
1698 2062 1704 2080 :
1716 2053 1839 2081 Gratiam

1058 2105 1082 2129 et
1098 2102 1213 2134 alon-iam
1230 2100 1306 2126 dabir
1326 2100 1463 2126 Dominus.
1488 2099 1542 2126 Sed
1559 2101 1646 2133 certe,
1663 2099 1837 2135 charissimi,

1058 2147 1151 2183 gratia
1167 2146 1261 2174 Maria)
1273 2153 1333 2173 non
1352 2145 1450 2172 solum
1464 2145 1617 2173 utilissima
1632 2146 1684 2173 suit
1699 2146 1754 2174 sibi
1770 2146 1837 2183 ipsi,

1059 2194 1111 2222 scd
1126 2194 1214 2222 etiam
1230 2191 1327 2224 nobis,
1348 2191 1409 2219 imo
1424 2191 1473 2219 toti
1489 2191 1622 2220 humano
1640 2193 1751 2228 generi.
1769 2195 1838 2222 Gra—

1060 2242 1098 2269 tia
1113 2243 1191 2268 enim
1205 2239 1298 2267 Mariae
1311 2238 1422 2273 colligit
1435 2238 1541 2273 malos,
1552 2239 1719 2275 impinguat
1730 2240 1837 2275 bonos,

1060 2288 1165 2315 liberat
1184 2286 1348 2314 universos,
1372 2284 1487 2319 Colligit
1511 2293 1528 2312 a
1553 2285 1651 2322 culpa,
1673 2286 1837 2323 impinguat

1061 2334 1164 2370 gratia,
1180 2333 1287 2360 liberat
1300 2340 1317 2358 a
1331 2334 1423 2359 morte
1438 2333 1555 2359 iuterna.
1575 2332 1642 2360 Dico
1656 2341 1738 2368 crgo,
1753 2333 1835 2370 quod

1060 2381 1154 2417 gratia
1170 2380 1263 2408 Mai-itu
1279 2378 1391 2414 colligit
1407 2378 1445 2405 ad
1461 2378 1707 2413 misericordiam,
1724 2379 1836 2415 colligit

1060 2429 1099 2457 nd
1117 2427 1274 2455 Ecclesiam
1291 2425 1394 2453 malos.
1413 2426 1471 2452 lloc
1493 2424 1567 2453 bene
1583 2426 1730 2461 signatum
1749 2429 1791 2454 est
1807 2426 1836 2454 in

1061 2475 1166 2512 gratia,
1183 2481 1274 2509 quam
1290 2473 1319 2500 in
1333 2471 1510 2506 colligendis
1521 2471 1609 2507 spicis
1624 2479 1641 2499 a
1656 2473 1836 2501 messoribus

1061 2522 1207 2551 derelictis
1236 2520 1311 2548 Ruth
1346 2519 1517 2553 invenerat,
1547 2519 1668 2555 quando
1697 2520 1771 2548 dixit
1798 2521 1837 2549 ad

1062 2600 1186 2629 Ascurum.
1208 2597 1234 2620 B.
1253 2596 1327 2621 Mur..
1345 2600 1420 2617 serm.
1439 2599 1472 2622 iv,
1490 2600 1515 2616 u.
1534 2595 1553 2616 1.
1570 2606 1599 2610 -
1617 2593 1635 2609 '⁰
1650 2594 1716 2623 Luc„
1735 2601 1750 2623 ι,
1762 2596 1837 2619 30,-

1062 2638 1078 2653 ¹¹
1098 2637 1183 2663 uni-n„
1198 2639 1275 2662 super
1292 2631 1380 2653 mik-sm
1397 2631 1446 2658 ext,
1462 2628 1531 2652 liom.
1550 2634 1622 2658 iii,11.
1642 2631 1719 2653 10‚-
1738 2631 1756 2646 ις
1771 2630 1836 2654 pm(—

1063 2677 1172 2700 Lxxxiu,
1192 2673 1226 2693 12.
1243 2682 1272 2686 —
1288 2670 1319 2695 (ιι)
1337 2664 1465 2690 cirtedu.
1482 2664 1546 2692 Quid
1562 2664 1617 2689 uisi.
