2029 3052
273 202 334 233 2⁰6

272 269 355 297 mina
374 277 383 297 =
403 277 474 298 cnm
490 277 559 299 rore
579 270 726 299 mellifluo
739 270 834 300 extitit
852 269 1053 300 dulcoratum.

307 317 361 344 Per
371 318 453 345 tuam
464 317 648 346 sanctitatem
659 319 781 354 peecata
790 325 860 346 mea
871 319 1051 354 purgentur:

270 369 325 398 per
349 365 433 392 tuam
456 363 653 400 integritatem
684 364 758 393 mihi
790 364 1054 401 incorruptibilitas

270 409 467 439 condonetur.

304 457 359 484 Per
372 459 457 486 tuam
477 457 677 493 virginitatem
697 457 799 486 anima
819 466 887 487 mea
899 466 918 487 a
937 459 1052 488 ctu-isto

270 502 430 532 adamatur
444 513 452 532 :
466 506 495 533 et
507 505 566 533 sibi
581 505 692 534 amoris
706 506 827 534 vinculo
840 507 979 536 sociatur.

305 551 359 578 Per
372 552 454 579 tuam
467 551 691 581 foeeunditatem
704 560 761 588 ego
777 553 912 590 captivus
925 562 993 582 sum
1005 562 1053 582 re-

269 596 408 633 demptus
420 606 428 625 :
440 605 495 634 per
508 600 593 627 tuum
599 601 720 636 partum
730 599 897 636 virgineum
908 601 946 629 de
955 603 1051 630 morte

267 646 411 680 perpetua
425 652 493 673 sum
506 648 634 682 ereptus.

303 691 358 718 Per
370 692 452 719 tuam
465 691 583 728 prolem
597 691 803 728 dignissimam
825 693 960 730 perditus
983 701 1051 723 sum

266 737 417 765 restitutus
432 746 440 765 :
453 740 482 766 et
493 738 532 767 de
547 739 637 768 exilio
651 740 777 768 miseriae
790 740 821 768 in
834 740 962 777 patriam
975 741 1050 770 bea·

267 783 402 812 titudinis
416 793 483 813 sum
497 786 647 815 reductus.
663 787 762 816 Gloria
775 787 864 822 Patri,
878 790 933 816 etc.

563 868 692 896 Psmus
710 869 756 895 ⁴5.

302 926 439 962 Domina,
453 926 603 963 refugium
617 930 752 956 nostrum
763 930 795 957 tu
807 937 838 957 es
851 929 882 957 in
896 930 977 958 omni
994 938 1047 959 ne-

265 972 396 1001 cessitate
411 976 512 1002 nostra
534 983 541 1001 :
564 977 592 1002 et
610 974 705 1003 virtus
722 976 871 1012 potentior
892 979 1048 1006 conterens

265 1018 431 1047 inimicum.

300 1066 452 1094 Beneficiis
472 1068 530 1095 tuis
549 1067 656 1104 plenus
670 1071 712 1097 est
731 1069 864 1098 mundus
882 1080 889 1096 :
907 1074 1047 1107 superant

265 1112 404 1148 eoelestia,
420 1116 575 1150 penetrant
589 1118 617 1143 et
631 1115 758 1144 inferna.

297 1159 480 1189 Plenitudine
495 1161 597 1197 gratiae
611 1164 678 1197 tuae,
694 1170 762 1198 quae
772 1163 804 1191 in
814 1162 930 1192 inferno
945 1167 1045 1193 erant:

265 1214 296 1234 se
310 1206 445 1235 laetantur
458 1207 594 1236 liberata.

298 1253 423 1282 Obtentu
444 1253 643 1283 foecunditatis
659 1258 714 1284 tute
728 1256 880 1292 virgineae,
904 1266 971 1294 quie
993 1266 1045 1286 su-

261 1307 316 1336 pra
330 1300 478 1329 mundum
493 1304 560 1330 sunt
577 1311 583 1330 :
599 1310 630 1330 se
646 1303 778 1338 gaudem
791 1306 964 1333 restaurata.

298 1348 351 1375 Per
377 1347 541 1382 gloriosum
569 1351 625 1378 tuoe
654 1350 828 1386 virginitatis
856 1352 1045 1380 sanctissimae

260 1396 380 1430 partum
397 1404 404 1422 :
420 1394 558 1424 homines
573 1396 750 1432 angelorum
762 1397 837 1426 fiunt
852 1399 924 1427 socii
937 1401 966 1427 et
976 1406 1045 1427 con-

261 1440 350 1469 cives.
366 1441 464 1470 Gloria
479 1443 567 1478 Patri,
583 1447 637 1471 etc.

558 1524 683 1552 PSAUES
702 1525 746 1552 46.

295 1583 404 1610 omnes
419 1585 529 1617 gentes,
546 1583 678 1619 plaudite
694 1585 833 1613 manibus
851 1595 857 1613 :
874 1587 990 1622 psallite
1013 1588 1043 1616 in

255 1627 354 1663 Jubilo
370 1629 478 1664 virgini
494 1629 640 1665 gloriosae.

294 1676 439 1708 Quoniam
452 1676 517 1712 ipsa
532 1679 573 1704 est
594 1681 680 1713 porta
704 1678 781 1713 vitre,
802 1680 894 1714 janua
916 1681 1041 1710 salutis:

257 1725 284 1750 et
299 1722 347 1750 via
360 1725 466 1751 nostrae
480 1723 738 1753 reconciliationis.

294 1769 364 1805 Spes
379 1770 594 1805 poenitentium,
614 1771 748 1800 solamen
766 1772 931 1809 lugentium
954 1783 960 1802 ε
983 1783 1041 1811 pax

256 1815 346 1844 beata
360 1817 510 1848 cordium,
526 1820 614 1854 atque
629 1818 721 1846 satus.

293 1863 426 1891 Miserere
442 1864 513 1897 mei,
535 1865 676 1900 Domina,
699 1866 838 1895 miserere
860 1868 917 1896 mei
938 1878 944 1896 :
971 1870 1042 1905 quia

257 1912 288 1937 tu
304 1917 334 1937 es
350 1909 402 1938 lux
419 1913 446 1938 et
462 1919 528 1947 spes
543 1912 677 1940 omnium
693 1913 907 1942 confidentium
923 1916 953 1943 in
966 1918 1004 1944 te.

291 1959 342 1984 Per
366 1960 446 1985 tuam
471 1958 633 1987 salutarem
658 1959 878 1989 foecunditatem
899 1962 1015 1998 placeat
1032 1973 1038 1990 :

256 2007 287 2031 ut
304 2007 495 2039 peccatorum
511 2006 598 2033 venia
612 2006 683 2034 mihi
698 2008 887 2036 concedatur.

292 2050 391 2078 Gloria
404 2052 493 2086 Patri,
509 2055 562 2080 etc.

553 2136 681 2163 PSALnts
702 2137 745 2162 47.

294 2195 398 2229 Magna
425 2204 465 2229 es,
488 2196 622 2229 Domina,
650 2198 677 2223 et
707 2195 867 2224 laudabilis
892 2197 979 2226 valde
1009 2199 1038 2226 in

256 2241 371 2268 civitate
391 2241 439 2268 Dei
460 2241 526 2269 coeli
547 2251 552 2268 z
576 2242 605 2269 in
626 2243 764 2271 universa
785 2244 911 2272 Ecclesia
931 2245 1038 2274 eleeto-

256 2295 324 2314 rum
339 2288 411 2322 ejus.

290 2335 461 2367 Ascendisti,
476 2335 689 2364 alternantibus
703 2337 882 2373 hymnidicis
897 2339 1038 2375 angelicis

254 2382 351 2410 choris
377 2391 383 2409 :
407 2382 593 2417 archangelis
615 2384 795 2419 constipata:
819 2385 894 2413 rosis
918 2389 945 2414 et
969 2386 1038 2414 liliis

256 2432 407 2457 coronata.
654 2468 657 2470 -

288 2477 434 2505 occurrite
450 2477 504 2512 illi,
527 2479 683 2505 potestates
705 2482 731 2505 et
756 2479 936 2516 l‘rineipatus
957 2491 962 2507 2
981 2482 1036 2510 ob-

253 2523 330 2551 viate
347 2524 385 2558 ei,
400 2525 524 2552 Virtutes
539 2528 566 2552 et
582 2525 811 2554 Dominationes.

287 2570 456 2604 Cherubim,
480 2574 507 2599 et
527 2571 645 2606 Thmui,
671 2576 697 2600 et
721 2573 886 2609 Seraphim,
912 2575 1035 2604 exaltate

252 2624 318 2645 eam
333 2626 339 2644 :
354 2621 381 2645 et
396 2618 561 2646 constituite
576 2626 642 2647 eam
655 2626 672 2647 a
687 2619 796 2647 dextris
813 2621 918 2656 sponsi
932 2631 1035 2651 aman-

252 2664 353 2692 tissimi
371 2664 432 2692 Filii
449 2666 520 2699 ejus.

609 201 865 236 PSALTERum
888 202 1016 236 mstis
1035 202 1181 237 BEATAE
1203 205 1344 239 MARtAE
1363 204 1552 240 vinantis.

1143 274 1167 302 0
1184 281 1277 311 qnam
1297 273 1366 303 laeto
1389 274 1506 311 animo,
1527 283 1622 312 qnam
1636 281 1747 307 sereno
1764 279 1885 314 aspectu

1106 321 1259 358 suscepisti
1272 329 1351 356 eam,
1372 322 1550 358 angelorum
1567 323 1597 351 et
1608 321 1767 352 hominnm
1784 325 1860 353 neus
1874 333 1883 352 ε

1107 367 1136 394 et
1149 365 1257 395 dedisti
1270 366 1299 395 ei
1312 366 1513 403 principatum
1531 366 1622 404 supei·
1644 375 1766 396 omnem
1782 367 1885 398 louinn

1106 412 1320 442 dominationis
1333 414 1407 442 tuae!
1421 413 1522 442 Gloria
1534 414 1623 450 Patri,
1638 416 1694 443 etc.

1398 497 1589 524 Psnuusffl.

1141 553 1246 582 Audite
1266 553 1340 590 hmo,
1362 563 1467 584 omnes
1488 558 1591 592 gentes
1609 565 1617 584 :
1643 557 1768 586 auribus
1785 557 1884 594 perci-

1105 600 1176 636 pite,
1190 601 1243 637 qui
1256 601 1374 637 ingredi
1387 602 1493 638 cupitis
1504 610 1631 638 regnum
1645 604 1706 632 Dei.

1138 646 1290 683 Virginem
1303 648 1424 677 uariam
1440 648 1586 678 honorate
1608 659 1616 678 :
1631 652 1660 678 et
1673 650 1828 679 invenietis
1840 651 1884 679 vi-

1105 696 1165 722 tam
1180 696 1209 722 et
1219 694 1346 723 salutem
1359 698 1546 732 pei-pemani.

1140 742 1286 778 pauperes
1299 749 1401 771 servos
1415 744 1494 778 tuos,
1508 743 1633 772 Domina
1648 753 1656 772 :
1677 743 1756 773 felici
1771 745 1883 774 contoe—

1103 787 1258 817 deratione
1269 789 1417 826 conjungo
1431 790 1554 819 Christo.

1138 835 1271 864 anriem
1292 837 1489 873 parvulorum
1503 839 1623 866 tuorum
1637 847 1645 866 :
1660 838 1758 868 fluctu
1772 839 1883 868 ventris

1102 881 1145 910 tui
1155 882 1254 916 refice,
1270 884 1298 911 et
1312 885 1450 912 sustenta.

1138 929 1312 958 Remansisti
1327 930 1409 959 enim
1421 931 1594 968 incorrupta
1611 935 1679 969 post
1697 934 1817 969 partum
1830 941 1838 960 :
1854 934 1883 961 et

1101 976 1245 1006 inviolata
1258 979 1326 1013 post
1340 977 1458 1006 Filium.
1470 978 1570 1007 Gloria
1581 979 1668 1014 Patri,
1683 981 1737 1008 etc.

1395 1060 1523 1088 Psusus
1539 1061 1585 1089 49.

1137 1119 1212 1147 Deus
1222 1119 1348 1148 deorum
1362 1119 1458 1149 itariae
1471 1119 1590 1148 locutus
1604 1122 1647 1148 est
1664 1129 1671 1148 z
1690 1127 1744 1157 per
1758 1120 1881 1149 Gabrie—

1099 1165 1160 1194 lem
1174 1166 1311 1194 nuntium
1321 1174 1421 1201 suum,
1433 1165 1535 1195 dicens
1549 1175 1556 1194 :

1136 1215 1196 1241 Ave
1210 1213 1305 1248 gratia
1317 1213 1418 1249 plena,
1433 1214 1575 1242 Dominus
1588 1216 1686 1242 tecum
1701 1223 1708 1242 :
1724 1222 1778 1250 per
1792 1216 1820 1242 te
1834 1221 1881 1243 sa—

1100 1259 1146 1287 lus
1161 1260 1265 1287 mundi
1280 1263 1444 1297 reparatur.

1134 1307 1268 1343 Speciem
1286 1310 1314 1335 et
1338 1307 1477 1336 decorem
1499 1310 1584 1336 tuum
1605 1307 1768 1337 :Altissimi
1791 1307 1881 1336 Filius

1100 1354 1290 1390 concupiscit.

1137 1401 1257 1430 Adorna
1271 1401 1435 1430 thalamum
1449 1404 1549 1438 tuum,
1563 1402 1626 1432 filia
1640 1403 1675 1439 (a)
1691 1402 1763 1432 Sion
1779 1411 1788 1431 ε
1802 1411 1880 1440 prae·

1100 1456 1205 1484 parare
1221 1449 1252 1476 in
1268 1456 1424 1477 occursum
1441 1449 1491 1477 Dei
1505 1450 1557 1478 tui.

1133 1497 1186 1523 Per
1206 1496 1346 1532 Spiritum
1367 1497 1447 1524 enim
1469 1497 1607 1525 Sanctum
1631 1498 1780 1534 concipies
1802 1507 1809 1525 ε
1829 1498 1881 1534 qui

1100 1544 1184 1570 tuum
1210 1544 1329 1579 partum
1350 1543 1437 1572 saciet
1458 1543 1628 1580 virgineum
1653 1547 1681 1572 et
1701 1543 1878 1580 Jucundum.

1135 1589 1233 1618 Gloria
1248 1590 1333 1626 Patri,
1344 1592 1398 1618 etc.

1395 1673 1519 1700 Psuntus
1539 1674 1582 1701 50.

1130 1731 1263 1760 Miserere
1277 1732 1347 1767 mei,
1365 1733 1488 1761 Domina
1503 1742 1510 1760 :
1527 1741 1593 1769 quae
1607 1734 1702 1761 mater
1715 1732 1880 1762 misericor-

1099 1778 1154 1806 diae
1169 1780 1360 1816 nuncuparis.

1133 1827 1165 1853 Et
1190 1826 1355 1854 secundum
1379 1827 1493 1855 viscera
1519 1826 1791 1855 misericordiarum
1814 1829 1878 1855 tua-

1097 1880 1164 1900 rum
1189 1882 1196 1900 :
1225 1873 1340 1901 munda
1368 1881 1415 1901 me
1443 1873 1482 1902 ab
1507 1873 1647 1902 omnibus
1674 1873 1879 1910 iniquitatibus

1097 1920 1182 1948 meis.

1132 1968 1254 1996 Effunde
1276 1969 1400 2004 gratiam
1422 1972 1502 1996 tuam
1523 1977 1612 2005 super
1628 1977 1675 1997 me
1691 1978 1697 1996 :
1715 1970 1743 1997 et
1760 1969 1878 1997 solitam

1096 2015 1285 2044 clementiam
1300 2019 1381 2044 tuam
1396 2023 1433 2043 ne
1448 2015 1605 2044 subtrahas
1620 2023 1638 2043 a
1652 2023 1709 2044 me.

1132 2062 1278 2096 Quoniam
1293 2065 1415 2098 peccata
1429 2070 1497 2090 mea
1511 2062 1677 2090 confitebor
1691 2062 1744 2090 tibi
1758 2072 1765 2090 z
1782 2064 1810 2091 et
1824 2070 1877 2091 co·

1096 2118 1160 2137 ram
1175 2112 1202 2137 te
1218 2117 1265 2137 me
1281 2117 1389 2137 accuso
1408 2109 1445 2137 de
1461 2109 1622 2137 sceleribus
1636 2109 1720 2138 meis.

1131 2156 1247 2184 Fructui
1264 2156 1373 2184 ventris
1388 2156 1428 2184 tui
1446 2164 1494 2184 me
1507 2156 1666 2185 reconcilia
1682 2166 1689 2184 z
1711 2159 1739 2185 et
1753 2157 1878 2194 pacifica

1096 2212 1143 2231 me
1157 2203 1193 2238 ei,
1210 2204 1261 2239 qui
1278 2211 1325 2231 me
1341 2204 1459 2231 creavit.
1476 2203 1574 2232 Gloria
1586 2204 1672 2239 Patri,
1689 2206 1744 2232 etc.

1390 2286 1514 2313 Psiints
1534 2287 1563 2312 :it
1574 2306 1580 2312 .

1130 2346 1205 2380 Quid
1220 2345 1358 2382 gloriaris
1369 2346 1399 2373 in
1414 2346 1545 2374 malitia:
1564 2353 1582 2374 o
1597 2346 1727 2382 maligne
1741 2353 1870 2382 serpens,

1093 2397 1120 2421 et
1135 2393 1226 2422 draco
1239 2393 1412 2421 infernalis?

1130 2440 1272 2468 submitte
1285 2443 1372 2477 caput
1387 2443 1470 2468 tuum
1489 2440 1605 2468 mulieri
1626 2451 1632 2465 :
1657 2440 1741 2475 eujus
1762 2440 1873 2468 fortitu-

1094 2487 1162 2515 dine
1174 2487 1357 2523 demergeris
1370 2488 1400 2514 in
1415 2486 1607 2523 profundum.

1130 2535 1251 2562 Contere
1275 2543 1360 2568 eum,
1385 2534 1525 2568 Domina,
1551 2532 1627 2569 pede
1656 2533 1770 2561 virtutis
1793 2536 1848 2562 tuae
1863 2544 1870 2563 1

1095 2589 1215 2617 exurge,
1230 2584 1257 2609 et
1273 2581 1383 2617 dissipa
1397 2580 1541 2609 malitiam
1556 2581 1628 2615 ejus.

1138 2684 1151 2699 ¹1
1179 2678 1238 2700 t'zrt.
1256 2676 1318 2699 edit.
1335 2676 1401 2699 deest
1416 2676 1472 2699 tilia.
