2029 3052
240 373 682 431 PSALTERIUM
726 372 944 429 MINUS
989 373 1049 429 B.
1095 373 1337 429 MARIAE
1381 360 1720 428 VIRGINIS'¹

846 661 1118 699 ARGUMENTUM

726 744 781 780 (Em
803 744 866 772 edit.
895 745 1041 778 Vaticana,
1069 753 1115 772 an.
1141 743 1236 779 1596.)

216 826 423 871 opusculum
450 825 511 859 hoc
538 825 741 859 Psalterizcm
770 825 883 859 minus
906 827 944 859 B.
975 826 1096 861 Mariae
1132 825 1276 871 Vz'rqz'm's
1305 828 1528 870 praenotatur,
1545 825 1625 870 quia
1652 824 1793 870 quilibet

171 885 404 931 quaternarius
419 884 627 930 rhythmicus
641 884 770 930 aliquid
785 885 932 918 continet
943 884 984 918 ad
995 885 1215 918 imitationem
1231 884 1441 917 Psalmorum
1453 883 1588 917 Davidis
1603 884 1638 916 in
1649 883 1765 917 ordine
1783 897 1790 916 ε

172 944 218 977 ita
233 947 270 977 ut
293 944 421 989 primus
447 943 688 989 quaeternarius
705 955 863 977 versuum
888 943 1017 989 aliquid
1034 943 1133 988 primi
1150 942 1276 976 Psalmi
1301 942 1458 985 redoleat,
1480 943 1645 976 secundus
1665 942 1792 988 aliquid

173 1002 322 1045 secundi,
353 1006 385 1036 et
408 1003 453 1036 sic
477 1003 518 1036 de
541 1002 694 1047 singulis.
724 1002 892 1036 Dividitur
920 1001 1129 1047 Opusculum
1162 1001 1198 1034 in
1223 1001 1480 1046 quinquagenas
1506 1004 1586 1044 tres,
1607 1001 1705 1046 juxta
1731 1013 1795 1034 nu-

174 1073 304 1095 merum
327 1061 537 1096 Psalmorum
558 1067 692 1095 centum
716 1061 962 1106 quinquaginta
977 1087 985 1103 ‚
1008 1065 1041 1094 et
1064 1060 1102 1093 B.
1130 1060 1307 1104 Virginem
1331 1059 1428 1093 initio
1456 1059 1637 1104 cujuslibet
1661 1063 1794 1104 quatera

177 1121 264 1154 narii
280 1120 397 1155 devote
423 1132 481 1166 per
511 1121 580 1154 Ave
607 1120 729 1154 salutat
749 1121 781 1154 S.
798 1120 1047 1162 Bonaventura‚
1074 1118 1258 1164 itidemque
1286 1118 1433 1163 ejusdem
1451 1118 1489 1151 Β.
1515 1118 1666 1162 Virginis
1680 1117 1796 1152 laudes

174 1179 337 1222 decantat,
363 1190 490 1213 necnon
516 1182 644 1224 partem
668 1183 814 1213 recenset
842 1178 1102 1221 beneficiorum,
1128 1188 1204 1222 quae
1228 1188 1287 1222 per
1312 1177 1410 1210 talem
1437 1176 1662 1210 mediatricem
1689 1176 1724 1209 in
1740 1187 1797 1220 ge-

174 1249 238 1271 nus
260 1238 448 1271 humanum
481 1238 624 1271 contulit
649 1238 859 1283 omnipotens
889 1241 921 1270 et
953 1236 1139 1270 misericors
1168 1236 1268 1280 Deus,
1299 1239 1337 1268 ut
1365 1235 1425 1268 hac
1454 1235 1663 1268 salutationis
1690 1235 1796 1269 forma

174 1296 310 1330 affectus
334 1296 530 1331 devotorum
546 1296 757 1330 sanctissimae
776 1296 887 1330 Mariae
901 1295 1053 1340 Virginis
1070 1295 1176 1339 magis
1193 1306 1229 1328 ac
1244 1294 1349 1339 magis
1365 1305 1443 1338 erga
1458 1294 1563 1339 ipsam
1578 1294 1751 1328 excitetur.

373 1541 478 1570 PRIMA
507 1540 758 1574 QUINQUAGENA,
1142 1527 1203 1553 Tua
1216 1525 1314 1554 forma
1329 1525 1519 1560 convertisti,

1142 1572 1221 1601 Votis
1234 1572 1310 1601 iram
1325 1572 1483 1601 extinxisti.

336 1624 413 1657 Ave,
429 1622 518 1658 Virgo
538 1623 605 1650 vitae
619 1622 753 1658 lignum,
1177 1623 1257 1655 Ave,
1274 1620 1373 1655 Virgo,
1390 1628 1482 1656 quam
1495 1619 1647 1654 Salvator,

303 1671 374 1703 Quae
390 1669 516 1705 perenni
531 1669 621 1697 laude
637 1669 761 1705 dignum
772 1691 780 1704 ,
1144 1669 1258 1695 Renum
1275 1667 1354 1695 testis
1370 1669 1397 1695 et
1412 1669 1572 1702 scrutator,

302 1716 391 1744 Salvo
405 1718 477 1744 voto
493 1717 577 1752 quod
588 1717 708 1752 vovisti,
1143 1715 1236 1748 Quem
1250 1722 1313 1742 non
1328 1714 1402 1742 fallit
1414 1722 1475 1742 nox
1491 1714 1615 1748 erroris,

304 1764 412 1792 Mundo
428 1764 557 1792 fructum
573 1764 703 1792 attulisti.
1144 1761 1257 1789 Laudat
1271 1761 1349 1789 intus
1364 1763 1452 1797 atque
1468 1761 1550 1789 foris.

318 1811 414 1846 ‘Ave,
431 1811 478 1838 oui
493 1811 555 1839 sine
570 1811 629 1839 fine
1046 1831 1057 1842 .
1180 1812 1255 1845 Ave,
1272 1809 1360 1844 Virgo
1375 1809 1466 1845 plena
1481 1809 1570 1836 bonis
1580 1829 1587 1841 ,

304 1859 398 1893 Reges
416 1860 511 1886 astant
523 1861 551 1886 et
565 1859 674 1894 reginae
687 1879 695 1892 ,
1144 1857 1311 1885 Gratiarum
1327 1856 1410 1884 dives
1426 1856 1530 1890 donis,

303 1907 344 1933 Tu
361 1905 472 1941 Regina
487 1905 665 1933 saeculorum
678 1927 685 1937 ‚
1144 1904 1224 1939 Opus
1239 1903 1288 1931 Dei
1305 1903 1467 1938 digitorum
1480 1924 1489 1937 ,

305 1953 418 1988 Regum
434 1952 572 1988 Princeps
588 1954 616 1980 et
630 1960 804 1988 regnorum.
1143 1950 1259 1979 Grande
1274 1950 1362 1977 nimis
1378 1952 1405 1978 et
1418 1950 1573 1978 decorum.

340 2002 418 2034 Ave,
434 1999 527 2028 David
542 2007 665 2035 germen
677 2000 806 2035 justum,
1179 2000 1253 2032 Ave,
1270 1997 1357 2033 Virgo
1370 1999 1438 2033 post
1453 1999 1480 2025 et
1496 1999 1580 2031 ante,

306 2048 338 2074 Ut
351 2046 472 2075 vitalem
488 2047 537 2074 Dei
556 2049 675 2082 gustum
1143 2046 1198 2073 Pro
1213 2053 1261 2072 me
1274 2053 1392 2080 semper
1403 2046 1429 2072 te
1446 2046 1614 2080 pugnante,

304 2095 468 2122 Mereamur
483 2095 629 2131 experiri,
1143 2093 1240 2120 Vertat
1254 2092 1346 2120 hostis
1360 2091 1432 2119 mihi
1445 2091 1584 2126 dorsum,

306 2142 360 2169 Fac
376 2142 413 2169 de
428 2144 530 2170 monte
544 2150 599 2170 nos
611 2142 719 2170 audiri.
1144 2141 1176 2167 Et
1191 2147 1352 2167 conversus
1367 2141 1422 2167 stet
1435 2140 1607 2166 retrorsum.

341 2191 415 2224 Ave,
430 2189 516 2224 Virgo
529 2191 588 2218 Deo
602 2189 704 2225 digna,
1180 2190 1253 2221 Ave,
1270 2188 1356 2214 Porta
1372 2185 1513 2214 libertatis
1523 2207 1531 2220 ,

308 2236 398 2264 Serva
413 2244 531 2271 serVOS,
547 2238 575 2265 et
586 2236 731 2271 consigna
1144 2234 1219 2262 Aula
1235 2242 1359 2262 summae
1375 2233 1538 2268 Trinitatis,

308 2283 382 2310 Luce
398 2284 455 2311 tuae
468 2282 571 2318 faciei,
1146 2283 1178 2309 Et
1192 2281 1326 2309 solemne
1341 2281 1391 2309 Dei
1406 2281 1574 2317 Templum,

310 2331 341 2357 Et
352 2329 512 2366 splendore
524 2330 623 2358 vultus
636 2330 695 2358 Dei.
1146 2328 1230 2357 Salus
1244 2328 1326 2356 orbis
1341 2330 1369 2356 et
1384 2328 1567 2364 exemplum.

343 2379 403 2405 Ave
413 2398 422 2412 ‚
440 2379 528 2406 Mater
542 2378 612 2406 novi
627 2378 735 2413 moris,
1182 2378 1253 2410 Ave,
1265 2375 1365 2411 Virgo,
1380 2375 1446 2403 Flos
1461 2375 1582 2410 regalis,

308 2426 365 2452 Nec
381 2427 528 2461 conceptu
543 2425 762 2461 Redemptoris,
1147 2423 1301 2451 Mulierum
1315 2423 1400 2450 nulla
1414 2422 1491 2458 taliS,

310 2473 409 2508 Neque
423 2473 490 2500 ortu
506 2471 667 2505 deflorata,
1147 2471 1243 2498 Verba
1258 2471 1342 2506 cujus
1357 2473 1424 2498 sunt
1441 2471 1610 2505 argentum,

310 2520 396 2547 Scuto
414 2519 463 2547 Dei
479 2519 668 2548 obumbrata.
1148 2518 1259 2553 Lingua
1272 2517 1369 2546 laudis
1385 2517 1623 2544 instrumentum.

347 2569 423 2601 Ave,
440 2567 543 2603 Virgo,
559 2575 626 2603 quie
643 2567 775 2594 furorem
1182 2568 1253 2599 Ave,
1269 2565 1367 2599 Virgo,
1379 2564 1425 2591 eui
1439 2563 1564 2599 plaudo,

311 2614 478 2642 Conditoris
498 2614 528 2642 in
547 2622 682 2643 amorem
1147 2612 1209 2639 Tibi
1224 2614 1322 2645 canto,
1337 2613 1363 2639 te
1380 2610 1521 2639 collaudo

219 2676 223 2689 ¹
241 2676 282 2706 Cf.
298 2677 362 2702 Edit.
379 2678 511 2708 Argentiu.
530 2685 570 2703 an.
589 2679 656 2703 1495,
674 2679 740 2709 puri.
753 2678 786 2708 ¹¹3
804 2677 864 2701 edit.
883 2677 964 2701 Vatic.
1023 2679 1084 2701 tom.
1103 2677 1135 2706 ii;
1152 2676 1212 2700 vdit.
1228 2676 1308 2706 Lugd.
1322 2682 1365 2699 au.
1380 2676 1452 2705 ΜΠ,
1472 2677 1536 2698 tom.
1559 2674 1576 2704 l,
1595 2680 1654 2703 pag.
1668 2673 1727 2701 4993
1745 2672 1804 2696 edil.

187 2718 228 2735 211¹.
253 2713 328 2743 1590,
350 2716 411 2738 tom,
433 2716 480 2745 Vl,
500 2722 557 2746 pag.
583 2716 639 2742 4972
663 2715 723 2738 vdit.
741 2715 805 2739 Veii,
827 2721 867 2737 aii.
890 2715 965 2740 1611.
1026 2714 1100 2743 Veii„
1117 2720 1157 2736 aii.
1175 2713 1246 2742 ΗΜ,
1265 2715 1327 2735 loni,
1345 2712 1411 2739 ΧΙΙΙ,
1431 2718 1488 2741 pas-1.
1506 2712 1559 2734 302.
