2029 3052
587 245 628 285 lN
647 244 839 278 REGULAM
860 244 1053 277 FRATRUM
1074 245 1270 278 MIRORUM.

125 313 260 346 tinentia
277 314 316 346 ad
339 313 463 346 clavem
479 313 618 345 scientiae
639 315 671 345 et
692 313 902 353 discretionis,

126 368 171 400 ihi
188 379 196 400 ι
211 369 366 402 Minister
379 376 453 402 vero
468 367 650 410 diligenter.

165 422 246 454 Dicit
258 431 339 462 ergo
357 433 364 454 :
392 422 429 455 Si
451 423 509 464 qui
526 422 684 455 voluerint
699 421 782 454 lianc
803 421 904 454 vitam

126 477 280 517 accipere.
301 475 457 518 Loquitur
481 476 705 516 conditionate,
731 475 903 508 Dominum

125 531 288 573 sequendo
304 531 462 563 dicentem
476 533 484 549 ¹
504 543 511 564 ε
535 532 572 565 Sz'
589 532 640 564 vz‘s
652 532 810 572 perfectus
828 538 903 568 esse,

125 585 218 625 vade,
235 588 265 619 et
279 585 381 618 vende
396 586 506 618 omnia
520 594 592 626 ‹121oe
605 586 709 625 habes,
729 588 759 618 et
769 585 814 617 cta
826 593 906 626 pau-

121 640 262 680 peribus,
281 642 341 671 etc.
357 639 532 680 Religionis
546 640 632 672 enim
647 640 746 680 hujus
760 639 903 680 proposi-

124 695 207 734 tum,
230 696 266 726 ut
285 694 413 726 nullum
434 696 598 726 terrenum
623 694 784 735 expectari
807 693 907 734 possit

125 747 393 787 emolumentum,
410 747 490 779 nulli
509 748 695 780 necessitate
715 747 904 788 imponitur,

124 811 183 834 nec
205 812 299 834 carne
321 805 352 834 et
371 802 534 842 sanguine
558 802 765 842 suggeritur5
789 802 844 834 sed
867 802 907 833 ab

124 855 179 887 illo
193 855 379 897 inspiratur,
390 856 428 887 de
439 865 502 896 quo
508 856 583 888 dicit
591 857 602 873 ²
611 867 617 887 z
625 857 697 889 Non
702 858 804 897 potest
815 856 906 888 homo

124 910 266 950 accipere
282 909 472 950 quidquam,
488 910 558 943 nisi
574 910 689 944 datum
705 911 806 950 faerit
821 910 852 942 ez·
867 909 906 942 de

124 963 209 996 coelo.

167 1017 208 1050 Et
223 1018 367 1050 venerint
389 1017 433 1049 ad
452 1017 570 1058 fratres
591 1020 729 1051 nostros.
754 1018 823 1050 Non
847 1017 908 1049 hoc

126 1071 251 1110 dieitur,
275 1071 367 1112 quasi
386 1081 451 1104 non
474 1072 567 1103 liceat
587 1073 741 1104 fratribus
764 1081 830 1103 nou
852 1081 908 1103 ve-

126 1125 250 1157 nientes
269 1126 548 1158 exhortationibus
571 1126 760 1167 praevenire,
779 1134 854 1157 cum
876 1127 909 1156 et

126 1180 194 1220 ipse
210 1179 378 1219 Dominus,
396 1180 505 1221 plures
520 1181 559 1212 ad
574 1180 800 1221 discipulatum
824 1180 907 1211 reci-

126 1234 234 1275 piens,
259 1226 368 1275 plures
394 1235 499 1267 vocali
523 1235 690 1267 vocatione
713 1235 910 1276 praevenisse

126 1288 268 1328 legatur,
292 1291 328 1320 ut
348 1289 526 1328 Andream,
553 1289 700 1329 Petrum,
721 1291 752 1321 et
772 1289 906 1328 similes3

127 1342 259 1383 quidam
276 1343 381 1384 ipsum
396 1345 635 1383 praevenerunt,
652 1352 685 1374 se
700 1345 769 1383 ejus
783 1351 909 1374 consor-

127 1396 171 1428 tio
186 1397 361 1436 offerendo,
378 1406 518 1438 quorum
538 1399 569 1428 et
583 1406 669 1428 unus
680 1397 829 1437 repulsus
850 1399 907 1436 est,

127 1451 209 1483 sicut
223 1453 309 1492 patet
323 1451 357 1482 in
378 1451 530 1484 Mattltoeo
546 1453 568 1482 ³.
589 1450 793 1483 Venientium
809 1451 910 1491 igitur

127 1505 168 1537 ad
190 1506 323 1545 fratres,
351 1506 482 1546 quidam
506 1508 580 1537 sunt
606 1515 625 1536 a
649 1505 800 1537 fratribus
824 1515 908 1546 prae-

128 1559 229 1599 venti,
245 1560 378 1600 quidam
389 1569 465 1592 vero
475 1560 561 1600 ipsos
574 1569 632 1591 sua
643 1560 811 1592 devotione
826 1569 909 1600 prae-

128 1614 273 1645 veniunt.
288 1613 327 1645 Et
338 1614 377 1645 de
396 1614 547 1645 omnibus
568 1614 620 1645 hic
633 1613 751 1645 dicitur
768 1625 775 1646 ε
800 1614 840 1646 Et
855 1622 908 1647 ve-

127 1669 246 1701 nerint.

167 1723 302 1768 Mittant
317 1730 368 1754 eos
387 1721 432 1755 ad
445 1729 519 1755 suos
534 1721 704 1754 ministros
721 1722 911 1754 Provincvla-

128 1777 183 1816 les,
203 1777 331 1817 quibus,
348 1780 377 1809 et
395 1784 459 1809 non
480 1776 571 1815 aliis,
594 1775 774 1815 recipiendi
792 1776 910 1815 fratres

128 1832 263 1863 licentia
277 1830 482 1863 concedatur.
506 1830 584 1861 Ecce
599 1829 698 1861 clavis
713 1830 911 1860 auctoritatis

129 1884 286 1916 ministris
296 1886 421 1915 tantum
431 1885 625 1915 reservatur.
635 1882 699 1913 Ista
709 1885 816 1914 autem
827 1893 911 1914 com-

130 1938 250 1977 missio,
272 1947 330 1969 seu
343 1938 513 1976 ordinatio,
534 1937 630 1968 habet
648 1936 809 1976 praecipue
831 1936 911 1968 duas

128 1993 268 2024 rationes
286 2003 292 2024 :
310 1992 430 2032 prima,
453 1993 490 2022 ut
512 1992 733 2031 receptorum,
757 1992 813 2021 aut
828 1991 908 2021 reci-

128 2047 338 2088 piendorum,
369 2045 546 2077 constantia
574 2044 743 2085 probetur3
771 2044 911 2076 secunda

128 2103 185 2140 est,
200 2100 278 2141 quia
292 2100 330 2131 de
343 2099 482 2130 ministri
496 2098 667 2139 prudentia
678 2097 816 2138 amplius
832 2107 910 2138 pree-

129 2155 278 2194 sumitur,
296 2154 381 2195 quod
400 2155 467 2184 arte
483 2153 560 2184 sciat
579 2152 747 2193 piscatoria
761 2152 862 2183 bonos
876 2152 909 2182 in

129 2219 206 2242 vasa
220 2218 279 2240 sua
293 2208 423 2248 eligere,
441 2207 533 2238 malis
547 2216 625 2239 vero
639 2216 705 2238 non
719 2207 841 2238 idoneis
860 2207 910 2237 fo-

129 2273 182 2295 ras
205 2263 321 2294 missis.
346 2263 467 2294 Nomen
485 2263 593 2294 autem
611 2261 749 2293 ministri
772 2261 910 2292 sumitur

130 2327 170 2349 ex
185 2317 352 2355 Matthoeo,
376 2315 431 2347 ubi
451 2315 567 2346 dicitur
589 2315 599 2331 t
623 2324 631 2346 :
657 2316 718 2351 Qut
738 2314 842 2355 major
864 2318 911 2348 est

130 2375 282 2409 vestrum,
297 2371 359 2403 erit
374 2370 521 2402 minister
536 2372 648 2402 vester.
665 2370 703 2400 Et
718 2370 794 2410 quia
808 2370 908 2410 pluri·

131 2435 260 2457 morum
282 2425 321 2457 ad
336 2424 481 2455 ordinem
496 2425 694 2455 venientium
716 2426 763 2455 est
784 2425 910 2456 devotio

132 2480 311 2517 manifesta,
328 2478 489 2510 sufficiens
504 2480 552 2508 est
565 2478 605 2508 ad
619 2478 833 2518 receptionem
850 2487 909 2509 sae-

132 2534 291 2565 cularium
313 2532 461 2564 discretio
480 2532 515 2563 in
531 2532 742 2564 conventibus
761 2532 909 2571 fratrum⁷

132 2587 274 2618 maxime
284 2587 318 2618 in
327 2587 397 2618 loeo
407 2585 609 2626 generalium
618 2586 811 2617 studiorum.
824 2586 911 2618 idem

165 2686 173 2702 ¹
188 2685 294 2716 Matth„
309 2692 367 2717 mx,
383 2687 423 2710 21.
443 2700 469 2703 —
491 2686 499 2699 ²
517 2686 601 2714 Joan„
621 2691 666 2716 11¹,
685 2686 723 2709 27.
739 2699 769 2703 —
784 2685 792 2699 ³
810 2685 912 2715 Matth„

135 2727 196 2752 viil,
212 2723 251 2745 20.
267 2735 297 2739 —
312 2721 322 2738 ¹⁴
338 2722 411 2753 ibid„
427 2728 475 2753 xx,
494 2723 533 2746 26.
549 2735 579 2739 —-
595 2722 603 2736 ⁵
618 2722 674 2746 Non
693 2722 796 2753 quidem
813 2722 839 2745 in
856 2722 911 2752 ipso

137 2764 246 2788 canone,
255 2758 300 2782 sed
309 2757 377 2783 inter
387 2758 567 2783 annotationes
576 2758 669 2782 canoni
679 2758 796 2789 innexas,
804 2759 912 2788 Decret„

1679 248 1738 278 563

958 312 1112 345 Dominus
1137 313 1223 354 Papa
1246 322 1311 345 non
1336 312 1486 345 relaxans
1508 312 1591 345 hanc
1614 313 1738 354 regulae

958 369 1094 407 partem,
1111 367 1165 398 sed
1175 367 1214 399 ad
1226 369 1365 399 mentem
1381 368 1452 408 ejus
1461 367 1673 408 dispensando
1687 378 1737 399 as-

960 420 1091 461 piciens,
1107 421 1277 460 ordinavit,
1295 422 1382 463 quod
1394 422 1428 453 in
1438 422 1556 453 talibus
1570 422 1656 462 locis,
1673 423 1739 454 dis-

959 475 1054 506 eretis
1070 475 1221 506 fratribus
1235 475 1424 517 receptionis
1442 476 1613 508 auctoritas
1632 486 1741 508 conce-

959 529 1063 568 datur,
1081 529 1183 560 sciens
1203 530 1288 570 quod
1303 530 1379 561 (licit
1391 530 1457 569 lex,
1475 530 1508 562 ss'.
1525 531 1572 563 De
1592 531 1738 572 Lessibus,

959 582 1035 623 quia
1054 594 1068 612 «
1087 583 1168 614 scire
1190 583 1289 624 legeS‚
1310 593 1375 616 non
1398 586 1446 616 est
1465 585 1602 616 verbum
1627 595 1741 617 carum

960 639 1078 676 tenere,
1096 637 1150 668 sed
1165 637 1233 669 vim
1248 639 1279 668 et
1294 640 1492 678 potestatem,
1508 650 1522 668 ›)
1542 639 1580 670 Et
1599 639 1671 671 dist.
1687 641 1739 678 61,

960 700 1029 731 cap.
1052 691 1245 730 statuimus,
1270 691 1388 723 dicitur
1407 696 1417 712 ¹⁵
1442 704 1448 724 :
1474 704 1489 723 α
1515 693 1741 726 Ecclesiasticae

961 744 1192 785 prohibitiones
1214 746 1359 786 proprias
1380 746 1500 778 habent
1522 757 1642 788 causaS‚
1667 749 1740 790 qui-

961 798 1021 829 bus
1035 799 1241 839 cessantibus,
1256 803 1380 832 cessant
1394 803 1425 832 et
1437 801 1527 842 ipsae.
1543 813 1557 831 »
1576 792 1613 834 Et
1626 812 1647 842 1,
1663 812 1695 843 q.
1709 806 1740 841 1,

961 852 1077 885 dicitur
1092 854 1103 871 ⁰
1125 865 1132 885 :
1154 865 1168 883 «
1194 854 1283 892 Quod
1306 865 1363 896 pro
1384 856 1568 888 necessitate
1591 857 1743 898 temporis

961 908 1117 939 statutum
1141 910 1199 946 est,
1225 911 1366 941 cessante
1389 911 1593 949 necessitate,
1619 920 1743 943 cessare

961 961 1064 992 debet.
1088 972 1102 990 n
1131 962 1193 993 Sed
1215 972 1273 1002 pro
1294 963 1384 996 clave
1407 964 1608 996 discretionis
1631 965 1707 997 dicit
1734 977 1741 998 z

962 1015 1112 1048 Minister
1126 1024 1199 1049 vero
1218 1016 1390 1057 ailtqenter
1409 1027 1460 1051 eos
1482 1020 1686 1053 examinabit
1704 1020 1744 1053 de

963 1070 1028 1109 fide
1045 1071 1213 1111 catholica,
1230 1072 1306 1105 etde
1321 1073 1550 1107 ecclesiasticis
1564 1082 1746 1108 sacramen-

963 1125 1017 1156 tis.
1034 1125 1101 1156 Hoo
1116 1135 1173 1166 pro
1194 1126 1256 1157 illis
1276 1127 1393 1158 dicitur
1415 1129 1569 1168 partibus,
1588 1129 1645 1160 ubi
1667 1139 1743 1161 con-

964 1179 1061 1219 tingIt
1078 1180 1201 1221 aliquos
1224 1180 1391 1213 haereticos
1410 1183 1561 1215 inveniri.
1579 1184 1628 1216 Ad
1648 1185 1746 1216 fidem

964 1234 1153 1266 catholicam
1173 1236 1335 1276 pertinent
1358 1237 1476 1276 omnia,
1499 1247 1572 1278 quae
1595 1239 1657 1280 ipsi
1671 1240 1747 1271 fidei

965 1288 1197 1329 obsequuntur.
1230 1289 1334 1330 Unde,
1367 1291 1444 1332 quia
1472 1292 1585 1324 fratres
1608 1294 1648 1325 ad
1672 1295 1747 1326 fidei

966 1342 1143 1374 doctrinam
1159 1353 1199 1375 ex
1213 1344 1390 1376 intentione
1405 1346 1531 1386 regulae
1545 1350 1620 1379 sunt
1630 1349 1745 1387 vocati,

966 1399 1003 1428 ut
1026 1398 1192 1438 sequentia
1219 1399 1437 1439 manifestant,
1465 1403 1621 1433 statutum
1645 1405 1693 1434 est
1713 1403 1748 1434 in

965 1451 1090 1491 ordine,
1108 1461 1148 1483 ne
1163 1452 1278 1493 aliquis
1289 1454 1461 1494 recipiatur
1475 1455 1515 1486 ad
1529 1456 1675 1487 ordinem
1692 1465 1748 1497 pro

965 1505 1092 1543 clerico,
1104 1506 1165 1537 nisi
1178 1506 1251 1538 fidei
1261 1507 1414 1539 doctrinae
1430 1509 1544 1541 habeat
1554 1510 1748 1542 conveniens

965 1559 1223 1600 fundamentum,
1241 1561 1293 1593 vel
1315 1561 1440 1602 saltem,
1463 1573 1522 1603 pro
1545 1564 1748 1597 fundamenti

966 1613 1111 1653 penuria,
1127 1614 1347 1646 aedificationis
1365 1616 1535 1649 multitudo
1559 1627 1746 1660 recompen-

967 1668 1026 1706 set,
1041 1669 1078 1698 ut
1093 1668 1179 1708 quod
1199 1669 1233 1699 in
1255 1669 1372 1701 talibus
1392 1670 1507 1710 lingua
1530 1682 1596 1704 non
1618 1674 1745 1714 sufficit,

966 1720 1032 1752 vita
1047 1721 1172 1760 clamet,
1189 1725 1220 1754 et
1240 1723 1285 1754 sic
1299 1723 1338 1754 de
1358 1724 1537 1757 minoribus
1552 1727 1747 1759 examinatio

967 1775 1002 1805 in
1023 1776 1199 1816 maioribus
1222 1776 1417 1817 implicatur,
1443 1779 1524 1811 sicut
1546 1781 1614 1821 ipse
1637 1782 1746 1813 Domi-

966 1838 1038 1865 nus,
1057 1830 1457 1863 inhibendoidololatriam
1476 1833 1599 1866 inhibet
1617 1844 1747 1868 omnem

966 1883 1241 1923 superstitionem3
1257 1884 1431 1917 inhibendo
1446 1887 1608 1928 haeresim,
1624 1890 1748 1923 inhibet

966 1937 1071 1968 omnis
1088 1938 1204 1969 erroris
1219 1939 1406 1978 perniciem;
1420 1940 1594 1975 inhibendo
1608 1944 1746 1977 homici-

966 1991 1067 2030 dium,
1083 1991 1207 2023 inhibet
1222 2001 1352 2024 omnem
1367 2003 1513 2034 personae
1529 1997 1683 2038 injustam
1696 2000 1748 2032 lae-

966 2045 1089 2077 sionem
1099 2056 1107 2084 3
1124 2046 1299 2078 inhibendo
1310 2048 1492 2088 moechiam,
1509 2051 1634 2084 inhibet
1647 2054 1748 2086 forni-

966 2100 1140 2138 cationem3
1160 2101 1373 2141 praecipiendo
1391 2103 1546 2136 honorem
1561 2111 1744 2149 parentum,

966 2163 1096 2186 omnem
1122 2152 1288 2186 hominem
1307 2166 1365 2196 pro
1394 2159 1514 2197 gradus
1536 2161 1585 2192 sui
1617 2164 1744 2204 merito,

966 2218 1041 2239 cum
1066 2209 1259 2248 innotuerit,
1282 2211 1427 2252 praecipit
1451 2213 1619 2256 honorari7
1643 2219 1681 2248 ut
1701 2219 1747 2249 sie

967 2263 1093 2294 minora
1121 2263 1155 2294 in
1181 2264 1358 2304 majoribus
1388 2269 1665 2302 commendentur.
1695 2271 1746 2303 Sic

967 2317 1063 2348 etiam
1082 2317 1115 2348 in
1137 2319 1299 2358 praesenti,
1321 2319 1486 2353 minorum
1501 2325 1696 2357 examinatio
1712 2326 1746 2357 in

967 2371 1143 2411 maj0ribus
1160 2372 1354 2412 implicatur.

1008 2426 1090 2458 Etsi
1103 2425 1167 2458 liceo
1181 2427 1291 2459 omnia
1306 2428 1447 2468 credant,
1465 2434 1493 2462 et
1507 2432 1609 2465 velint
1619 2441 1654 2464 ea
1669 2434 1747 2473 fide—

967 2478 1041 2510 liter
1063 2479 1221 2518 confiteri.
1242 2479 1301 2510 Hic
1316 2482 1384 2520 agit
1401 2481 1438 2512 de
1459 2483 1691 2522 pertinentibus
1707 2487 1747 2518 ad

967 2532 1226 2572 recipiendorum
1240 2534 1458 2574 idoneitatem,
1475 2545 1548 2576 quae
1564 2537 1597 2568 in
1620 2538 1747 2572 duobus

968 2586 1111 2617 consistit
1129 2588 1256 2628 :prima
1277 2589 1317 2619 ad
1341 2590 1455 2627 Deum,
1478 2599 1536 2630 pro
1558 2602 1623 2632 qua
1646 2594 1745 2626 dicit:

968 2640 1011 2673 Et
1027 2642 1058 2673 st*
1077 2641 1142 2673 hoec
1160 2644 1270 2675 omnia
1292 2643 1436 2683 credant,
1453 2645 1564 2686 utique
1589 2648 1694 2688 corde,
1720 2652 1749 2682 et

969 2725 1033 2754 part,
1050 2724 1068 2754 1,
1080 2723 1136 2749 dist.
1152 2730 1203 2755 nsi,
1218 2732 1239 2748 e.
1258 2731 1312 2749 vni.
1326 2738 1355 2742 —
1371 2725 1380 2740 ⁰
1392 2726 1497 2756 Deme,
1514 2730 1578 2758 part.
1598 2730 1628 2761 Η,
1645 2738 1713 2755 caus.
1729 2738 1747 2763 1,

970 2766 992 2782 c.
1008 2760 1048 2789 41,
1066 2759 1135 2789 Quod
1147 2767 1194 2791 pro
1210 2762 1361 2785 necessitate.
