2029 3052
573 256 623 289 DE
645 254 858 288 MIRACULlS
880 254 1006 287 IPSIUS
1028 254 1127 287 POST
1148 254 1327 288 MORTEM.

141 336 254 360 norem
276 327 360 359 beati
386 325 545 358 Francisci
567 325 718 357 fabricato
742 323 860 356 ibidem
883 323 917 354 iu

142 381 331 413 memoriam
347 380 452 412 Sancti
468 379 656 421 dependent.
674 378 770 410 Plura
788 386 918 419 quoque

142 435 205 466 illic
218 437 249 466 et
271 435 306 466 in
323 434 402 467 locis
420 433 536 466 vicinis
556 434 679 474 patrata
704 431 868 470 miracula,
887 432 918 462 et

143 488 295 520 Sanctum
320 488 353 519 in
375 487 462 519 coelis
493 487 664 518 ostendunt
687 485 860 524 eximium,
887 486 918 516 et

142 542 257 573 festum
275 541 375 582 ipsius
395 541 428 572 in
452 541 545 573 terris
576 539 800 572 venerabiliter
821 548 916 571 exco-

142 594 286 627 lendum.

183 648 219 680 ln
234 649 360 681 civitate
381 657 508 689 quoque
528 647 768 685 cenomanensi,
792 647 870 679 dum
885 646 919 677 in

143 702 341 734 solemnitate
356 702 455 734 sancti
466 702 624 733 Francisci
640 701 755 733 mulier
770 701 918 742 quaedam

142 765 259 789 manus
272 756 312 788 ad
326 756 432 788 colum
454 755 649 793 extenderet,
676 757 707 786 et
728 755 838 795 digitis
861 764 917 796 ap-

142 810 353 851 prehenderet
369 809 490 847 fusum,
515 809 791 849 obrigescentibus
814 808 917 839 mani-

142 864 212 902 buS,
227 864 393 904 coeperunt
409 862 500 903 digiti
519 863 648 903 magnis
663 862 830 894 ardoribus
845 871 918 894 cru-

142 917 229 949 ciari.
256 917 377 957 Igitur,
404 926 498 957 poena
519 917 668 954 docente,
696 916 803 948 Sancti
828 925 917 948 reco-

141 980 299 1011 gnoscens
312 971 475 1010 virtutem,
492 971 586 1002 corde
601 972 792 1011 compuncta
803 979 918 1002 cucur-

141 1026 185 1056 rit
208 1024 249 1056 ad
268 1025 391 1056 fratres.
427 1024 581 1064 Cumque,
601 1033 657 1064 pro
680 1024 782 1055 salute
805 1024 916 1064 ipsius,

142 1078 248 1110 devoti
268 1078 326 1109 filii
345 1078 446 1109 sancti
466 1078 567 1109 Patris
588 1078 790 1109 clementiam
813 1087 918 1118 preca-

141 1133 264 1170 rentur,
281 1131 449 1163 incolumis
464 1131 575 1163 effecta
588 1133 634 1163 est
655 1132 774 1171 statim,
792 1141 851 1163 nec
866 1132 920 1163 ali-

141 1186 219 1226 quid
233 1185 371 1217 laesionis
389 1186 544 1217 remansit
566 1186 600 1216 in
621 1186 780 1225 manibus,
804 1186 863 1217 nisi
880 1186 919 1218 ad

141 1239 213 1270 facti
235 1239 424 1270 memoriam
440 1239 546 1270 solum
568 1240 744 1279 vestigium
769 1241 918 1272 combus-

141 1294 235 1324 turae.
252 1292 355 1324 Simili
376 1293 472 1324 etiam
491 1293 584 1324 modo
603 1294 636 1324 in
654 1293 825 1334 Campania
848 1304 917 1325 ma-

136 1347 201 1387 j0ri
216 1346 332 1378 mulier
344 1347 504 1387 quaedam,
516 1348 547 1378 et
561 1347 594 1377 in
606 1347 683 1379 villa
697 1347 788 1379 Oletti
803 1348 921 1379 mulier

141 1400 250 1438 altera,
266 1402 297 1431 et
317 1400 350 1431 in
368 1400 476 1431 Castro
502 1400 579 1432 Pilei
603 1401 706 1438 tertia,
732 1402 811 1433 dum
835 1402 920 1433 beati

143 1455 246 1486 Patris
259 1455 376 1487 festum
392 1456 551 1487 celebrare
566 1458 819 1492 contemnerent,
836 1465 919 1496 prae-

145 1509 319 1540 varicantes
331 1509 472 1550 primum
485 1509 674 1540 mirabiliter
689 1512 763 1541 sunt
778 1510 917 1550 punitae;

143 1562 197 1593 sed
208 1563 411 1603 postmodum
426 1563 627 1603 poenitenteS,
640 1572 697 1603 per
711 1563 809 1594 sancti
825 1563 922 1594 Fran-

143 1616 216 1647 cisci
232 1617 346 1647 merita
360 1617 539 1648 mirabilius
554 1617 709 1648 liberatae.

183 1669 271 1700 Miles
300 1670 430 1710 quidam
458 1670 497 1701 de
527 1670 636 1710 Burgo
649 1695 656 1706 ,
692 1671 726 1701 in
759 1671 923 1711 provincia

144 1723 267 1761 Massae,
285 1723 367 1754 beati
379 1723 536 1755 Francisci
546 1725 695 1764 operIbus
709 1726 740 1755 et
755 1725 923 1756 miraculo-

144 1786 217 1808 rum
232 1777 335 1816 signis
356 1777 632 1818 impudentissime
655 1778 852 1809 detrahebat.
870 1778 921 1809 ln-

143 1831 262 1861 ferebat
274 1832 375 1862 multa
387 1832 557 1872 opprobria
572 1832 751 1872 peregrinis
764 1833 802 1863 ad
817 1833 919 1873 ipsius

146 1886 334 1917 memoriam
350 1886 563 1925 venientibus,
580 1889 611 1917 et
621 1888 730 1918 contra
739 1887 851 1918 fratres
863 1897 921 1928 pu-

146 1939 228 1970 bliea
250 1939 412 1978 garriebat
434 1940 567 1970 insania.
592 1940 670 1971 Cum
692 1943 797 1971 autem
826 1941 923 1972 semel

146 1993 245 2024 sancti
259 1993 313 2024 Dei
330 1993 466 2033 gloriam
486 1993 710 2033 impugnaret,
735 1995 854 2025 addidit
869 2004 922 2025 su-

145 2055 202 2086 per
217 2049 342 2087 peccata
366 2054 424 2078 sua
443 2047 676 2087 blasphemiam
693 2048 921 2078 detestandam.

147 2100 180 2131 Si
193 2109 306 2132 verum
328 2102 386 2139 est,
409 2101 524 2141 inquit,
551 2101 634 2141 quod
658 2101 845 2132 Franciscus
865 2101 924 2133 iste

147 2154 189 2184 sit
199 2156 335 2191 sanctus,
350 2154 457 2194 gladio
465 2155 554 2185 cadat
567 2155 660 2186 hodie
672 2164 788 2196 corpus
797 2165 905 2187 meum
914 2168 921 2194 3

147 2207 264 2238 sivero
281 2210 409 2239 sanctus
421 2218 485 2239 non
507 2211 564 2247 est,
587 2209 721 2240 evadam
742 2210 918 2241 incolumis.

147 2261 217 2292 Non
231 2261 353 2292 distulit
368 2262 414 2292 ira
430 2262 483 2293 Dei
499 2263 696 2302 condIgnum
712 2263 829 2294 inferre
847 2274 922 2304 sup-

147 2314 290 2354 plicium,
306 2323 379 2345 cum
391 2316 459 2354 ιῙειη]
472 2315 553 2346 facta
566 2316 677 2346 fuisset
692 2317 792 2347 oratio
808 2317 841 2347 in
856 2327 924 2357 pec-

148 2370 265 2398 catum.
283 2368 370 2398 Mora
390 2368 475 2398 enim
497 2369 620 2400 modica
641 2370 820 2410 interJecta,
847 2371 925 2402 dum

148 2421 355 2461 blasphemus
379 2422 486 2462 nepoti
509 2432 566 2453 suo
594 2423 724 2454 inferret
755 2425 922 2465 injuriam,

149 2475 268 2515 accepit
296 2475 347 2506 ille
377 2475 539 2514 gladium,
565 2479 594 2507 et
617 2478 722 2517 patrui
747 2478 925 2509 visceribus

150 2529 340 2560 cruentavit.
362 2529 480 2560 Eodem
499 2530 549 2561 dle
565 2533 709 2562 mortuus
722 2534 769 2562 est
792 2533 923 2563 scelera-

150 2584 220 2620 tus,
248 2583 363 2613 inferni
388 2583 601 2624 mancipium,
627 2587 657 2614 et
679 2585 760 2615 tilius
780 2587 926 2617 tenebra-

150 2643 236 2673 rum,
252 2638 289 2666 ut
303 2637 408 2667 caeteri
423 2637 578 2668 discerent
603 2638 748 2670 miranda
767 2639 925 2670 Francisci

151 2697 248 2727 opera
264 2698 329 2719 non
342 2690 619 2730 blasphematoriis
634 2692 741 2723 verbis
761 2693 924 2733 impetere,

152 2742 205 2772 sed
219 2742 339 2773 devotis
353 2743 499 2774 laudibus
515 2744 683 2776 honorare.

1694 257 1747 287 361

1012 323 1115 355 Judex
1129 323 1271 364 quidam,
1287 322 1418 355 nomine
1432 322 1623 362 Alexander,
1640 322 1716 354 dum
1732 333 1752 355 a

973 377 1009 409 B.
1025 377 1184 409 Francisci
1198 377 1377 416 devotione,
1397 385 1478 417 quos
1499 377 1632 416 poterat,
1649 384 1750 407 vene-

972 432 1047 462 nata
1057 431 1172 470 lingua
1184 431 1371 470 retraheret,
1385 430 1493 462 divino
1506 430 1624 470 judicio
1638 429 1751 470 lingua

973 485 1129 526 privatuS,
1143 494 1201 525 per
1222 494 1279 516 sex
1291 494 1392 516 annos
1411 484 1584 516 obmutuit.
1599 483 1660 521 Qui
1675 493 1750 514 cum

972 540 1007 570 in
1021 548 1059 570 eo
1074 539 1159 579 quod
1172 541 1368 579 peccaverat,
1385 539 1599 579 torqueretur,
1616 537 1680 568 alta
1690 546 1752 578 poe-

973 593 1119 624 nitudine
1133 594 1311 630 revocatus,
1329 592 1455 623 dolebat
1473 601 1507 623 se
1524 592 1635 622 contra
1651 590 1751 622 sancti

975 646 1131 678 miracula
1144 645 1327 677 oblatrasse.
1344 645 1452 685 ltaque
1466 654 1532 676 non
1546 644 1684 685 perstitit
1694 643 1753 674 mi-

973 700 1140 732 sericordis
1152 699 1330 739 indignatio
1343 698 1460 736 Sancti,
1474 698 1527 729 sed
1544 698 1752 738 poenitentem

974 764 1011 786 ac
1037 764 1070 786 se
1093 753 1258 785 humiliter
1283 753 1486 785 invocantem
1499 777 1506 790 ,
1534 752 1680 783 restituta
1708 751 1753 783 lo-

974 809 1080 849 quela,
1094 808 1214 848 recepit
1230 807 1270 839 ad
1284 807 1433 847 gratiam.
1449 806 1498 838 Ex
1512 808 1589 837 tunc
1604 806 1752 845 linguam

974 862 1195 902 blasphemam
1225 860 1421 892 consecravit
1453 859 1602 891 laudibus
1635 859 1751 897 sancti,

974 917 1175 949 devotionem
1198 916 1293 948 simul
1318 918 1350 947 et
1373 916 1572 956 disciplinam
1597 914 1752 955 recipiens

972 981 1029 1013 per
1042 971 1222 1011 flagellum.

1029 1071 1066 1098 De
1090 1070 1250 1106 quibusdam
1276 1070 1341 1097 aliis
1367 1069 1508 1097 miraculis
1533 1068 1700 1097 diversorum

1299 1122 1432 1149 qenerzcm.

1015 1188 1050 1217 In
1061 1186 1168 1217 Castro
1183 1185 1315 1224 Galiani,
1332 1185 1497 1217 Valvensis
1513 1185 1667 1224 dioecesiS,
1681 1195 1754 1216 mu-

973 1240 1033 1271 lier
1046 1240 1196 1280 quaedam
1211 1241 1278 1270 erat
1296 1239 1425 1270 nomine
1441 1239 1551 1277 Maria,
1569 1248 1641 1279 quae
1663 1239 1754 1270 Chri-

975 1296 1022 1325 sto
1046 1294 1122 1325 Jesu
1143 1296 1174 1324 et
1200 1293 1236 1324 B.
1263 1293 1430 1324 Francisco
1461 1292 1617 1324 famulatu
1640 1293 1755 1324 devoto

975 1348 1129 1388 subiecta,
1149 1356 1213 1378 una
1227 1347 1353 1378 dierum
1374 1346 1486 1377 aesttvo
1503 1348 1645 1386 tempore
1665 1346 1752 1385 exiit,

976 1404 1012 1433 ut
1029 1401 1176 1432 manibus
1189 1400 1390 1440 conquireret
1404 1399 1539 1440 propriis
1557 1399 1755 1430 ncessarium

976 1456 1109 1488 victum.
1127 1455 1206 1486 Cum
1223 1455 1322 1494 igitur
1336 1455 1480 1485 fervente
1500 1453 1637 1484 nimium
1661 1455 1754 1492 aestu,

977 1511 1044 1541 sitis
1061 1510 1195 1541 deficere
1217 1509 1361 1549 coepisset
1380 1508 1560 1546 ardoribus,
1582 1507 1670 1538 omni
1691 1507 1758 1547 pri-

980 1566 1052 1595 vata
1066 1556 1220 1594 beneficio
1236 1563 1355 1604 poculi,
1370 1571 1428 1602 pro
1442 1571 1479 1593 eo
1501 1562 1587 1602 quod
1601 1562 1634 1592 in
1649 1564 1757 1592 monte

977 1617 1068 1648 arido
1081 1617 1147 1648 sola
1167 1619 1258 1655 esset,
1282 1617 1373 1657 quasi
1397 1616 1555 1647 exanimis
1575 1615 1668 1646 humi
1689 1625 1759 1655 pro-

978 1673 1085 1711 strata,
1103 1673 1274 1712 patronum
1291 1680 1386 1701 suum
1403 1670 1436 1702 S.
1452 1670 1658 1701 Franciscum
1670 1670 1760 1701 invo-

978 1727 1068 1757 cabat
1083 1726 1134 1766 pio
1151 1726 1265 1757 mentis
1282 1725 1409 1756 affectu.
1428 1724 1510 1755 Dum
1526 1726 1634 1755 autem
1649 1732 1757 1763 perse-

978 1783 1105 1813 veraret
1115 1780 1230 1811 mulier
1245 1780 1278 1810 in
1293 1780 1466 1810 affectuosa
1479 1781 1511 1810 et
1524 1778 1641 1809 humili
1652 1787 1757 1818 prece,

978 1835 1097 1871 labore,
1114 1834 1164 1864 siti
1179 1836 1209 1864 et
1224 1835 1305 1864 aestu
1321 1833 1453 1871 fatigata
1468 1831 1757 1872 quamplurimum,

980 1887 1147 1928 paululum
1160 1886 1364 1918 obdormivit.
1382 1886 1420 1916 Et
1434 1895 1505 1916 ecce
1521 1885 1553 1916 S.
1572 1884 1759 1915 Franciscus

980 1941 1163 1980 adveniens,
1185 1942 1215 1972 et
1236 1950 1306 1971 eam
1324 1949 1442 1971 vocans
1457 1949 1496 1970 ex
1512 1939 1641 1970 nomine
1659 1949 1666 1969 z
1685 1938 1759 1969 Sur-

982 2006 1034 2036 ge,
1051 1996 1166 2036 inquit,
1189 1998 1219 2026 et
1238 1995 1312 2026 bibe
1327 2004 1461 2035 aquam,
1478 2003 1551 2034 quae
1566 1994 1677 2024 divino
1692 2002 1760 2024 mu-

981 2059 1057 2081 nere
1079 2049 1136 2080 tibi
1157 2059 1192 2080 ac
1212 2049 1358 2089 pluribus
1382 2048 1562 2079 exhibetur.
1588 2047 1636 2077 Ad
1661 2047 1760 2086 huJus

982 2104 1068 2135 vocis
1082 2103 1228 2133 auditum
1243 2102 1383 2133 surrexit
1399 2101 1515 2132 mulier
1527 2111 1545 2131 a
1555 2109 1679 2138 somno,
1694 2109 1760 2131 non

982 2157 1144 2188 modicum
1167 2156 1356 2194 confortata,
1383 2158 1413 2186 et
1441 2154 1598 2195 accipiens
1620 2154 1758 2191 silicem,

981 2220 1055 2251 quae
1067 2211 1164 2250 juxta
1179 2220 1210 2240 se
1225 2212 1303 2248 erat,
1322 2209 1473 2239 radicitus
1494 2207 1611 2239 evulsit
1625 2217 1644 2238 a
1662 2210 1757 2245 terra,

981 2265 1198 2304 effodiensque
1219 2264 1310 2303 ligno
1331 2262 1467 2303 parvulo
1492 2263 1758 2302 circumquaque,

983 2319 1146 2350 viventem
1167 2318 1284 2357 reperit
1307 2325 1436 2356 aquam,
1462 2325 1535 2356 quae
1559 2325 1633 2346 cum
1656 2315 1760 2355 primo

982 2372 1144 2403 videretur
1166 2371 1299 2411 parvula
1322 2371 1417 2408 stilla,
1439 2370 1544 2401 subito
1560 2370 1670 2400 divina
1694 2369 1759 2399 vir-

983 2427 1049 2456 tute
1065 2425 1164 2456 crevit
1179 2425 1213 2455 in
1236 2425 1365 2455 fontem.
1394 2423 1477 2454 Bibit
1500 2423 1607 2463 itaque
1630 2422 1758 2458 mulier,

982 2482 1012 2510 et
1026 2480 1137 2510 satiata
1152 2479 1260 2510 oculos
1274 2479 1363 2517 lavit,
1381 2488 1461 2519 quos
1471 2488 1545 2509 cum
1558 2478 1656 2516 longa
1670 2477 1760 2517 prius

981 2533 1112 2563 haberet
1135 2533 1329 2572 {egritudine
1357 2532 1585 2568 obumbratos,
1611 2540 1695 2561 nova
1720 2539 1773 2575 exv

982 2589 1058 2617 tunc
1072 2587 1168 2617 sensit
1181 2587 1251 2617 luce
1275 2586 1429 2626 perfusos
1455 2584 1630 2616 Festinavit
1652 2584 1692 2614 ad
1707 2584 1761 2615 do-

983 2649 1074 2670 mum
1097 2640 1230 2678 mulier,
1255 2641 1323 2670 tam
1349 2638 1542 2678 stupendum
1567 2637 1760 2668 miraculum

983 2693 1022 2724 ad
1038 2693 1176 2732 gloriam
1194 2692 1225 2724 S.
1243 2692 1400 2723 Francisci
1418 2691 1607 2721 denuntians
1632 2691 1761 2722 univer-

984 2747 1035 2777 sis.
1063 2746 1295 2777 Concurrerunt
1319 2745 1461 2785 undique
1487 2745 1578 2775 multi
1600 2745 1637 2775 ad
1664 2744 1759 2775 mira-
