2029 3052
233 209 292 240 578

230 276 279 306 set
289 274 319 305 ei
340 273 430 306 Jsssns
452 273 461 290 ¹
488 283 496 304 ι
519 273 597 306 Eme
621 279 691 313 τινα
714 272 806 305 nobis
825 273 1007 305 necessaria

230 330 307 361 sunt
323 328 378 368 (α).
393 327 481 359 Circa
494 326 573 358 illud
587 326 683 358 etiam
698 327 840 366 tempus,
860 325 927 358 imo
939 326 1009 366 ipsa

232 391 366 422 vespera
375 390 441 422 qua
453 381 556 414 voluit
563 380 801 420 comprehendi,
814 380 1009 421 dispensavit

232 444 307 467 cum
315 434 487 476 Apostolis,
503 436 540 465 ut
549 436 678 475 possent
687 434 805 466 habere
814 433 936 466 loculos
943 434 1008 465 sin-

232 489 303 529 guli
314 489 449 520 durante
461 488 550 519 rabie
557 487 787 528 persecutionis
801 489 930 520 mortuo
940 486 1008 519 Sal-

231 543 354 575 vatore.
369 542 458 574 Unde
468 542 512 573 ait
526 541 702 574 Salvator’:
715 541 850 579 Quando
865 542 942 574 misi
953 549 1006 574 vos

233 597 305 629 sine
326 595 462 634 sacculo,
480 597 554 635 etc„
578 595 739 636 numquid
755 595 887 636 aliquid
899 595 1007 635 defuit

231 650 342 683 vobis?
355 651 415 682 etc.
428 649 581 682 Sednunc
594 650 652 691 qui
661 649 934 688 habetsacculum,
945 651 1005 680 etc.

231 704 278 736 Ibi
294 704 402 736 Glossa
416 703 510 736 Bedae
523 704 597 736 dicit
612 713 620 736 :
639 716 653 734 t(
666 704 737 736 Non
751 704 862 735 eadem
875 703 1007 736 vivendi

230 758 346 798 regula
358 758 596 798 persecutionis,
612 767 677 799 qua
691 758 776 798 pacis
791 760 945 798 tempore,
961 757 1009 789 di-

229 811 367 852 scipulos
383 811 542 843 informat.
568 811 671 843 Missis
685 812 771 843 enim
789 811 953 852 discipulis
967 811 1006 842 ad

229 865 481 906 praedicandum,
498 867 647 907 praecepit
661 866 706 897 eis
716 875 756 898 ne
772 866 849 906 quid
858 866 1008 897 tollerent

229 919 264 950 in
279 920 343 958 via,
358 920 522 959 ordinanS,
537 922 573 951 ut
587 920 643 960 qui
658 919 877 960 Evangelium
893 919 1008 960 praedi—

229 975 290 1012 cat,
322 973 361 1004 de
386 972 565 1013 Evangelio
593 974 692 1005 vivat.
732 973 872 1004 Instante
899 975 1006 1004 autem

230 1027 346 1058 mortis
359 1027 503 1065 articulo,
524 1029 556 1058 et
579 1029 645 1058 tota
662 1027 716 1058 illa
735 1028 834 1067 gente
849 1029 1007 1067 pastorem

230 1081 324 1112 simul
350 1083 381 1112 et
411 1090 547 1121 gregem
577 1083 797 1122 persequente,
827 1089 1007 1120 congruam

228 1136 412 1175 temporum
426 1135 577 1174 regulam
592 1135 742 1172 decrevit,
760 1134 956 1175 permittens,
972 1136 1009 1165 ut

228 1188 339 1220 tollant
353 1189 451 1220 victui
468 1188 656 1227 necessaria,
672 1188 773 1219 donec
788 1188 891 1228 sopita
899 1181 1009 1228 'perse-

229 1244 376 1274 cutorum
390 1242 524 1281 insania,
545 1245 673 1282 tempus
692 1242 933 1282 evangelizandi
957 1252 1008 1273 re-

228 1296 310 1329 deat.
326 1307 341 1326 »
354 1296 430 1328 Haec
447 1296 567 1328 Glossa.
590 1296 696 1336 Igitur
708 1296 850 1336 Apostoli
867 1296 955 1326 missi
968 1297 1007 1327 ad

228 1350 467 1391 praedicandum
495 1350 606 1381 loculis
635 1352 809 1381 caruerunt
826 1359 835 1389 ;
865 1353 1008 1390 tempore

227 1413 304 1436 vero
318 1404 550 1445 persecutionis
563 1406 593 1434 et
608 1403 774 1444 passionis,
796 1403 1008 1443 dispensative

226 1458 347 1490 loculos
362 1467 419 1499 pro
430 1458 542 1498 seipsis
553 1458 747 1489 habuerunt.
764 1468 778 1486 n
804 1457 911 1488 Tertio
927 1458 1009 1488 bona

229 1512 444 1544 multitudinis
460 1512 500 1542 ad
525 1513 653 1551 tempus
675 1511 951 1551 dispensaverunt,
978 1513 1009 1542 et

229 1565 316 1597 illam
331 1565 600 1606 dispensationem
622 1569 773 1605 tanquam
788 1565 1008 1605 impeditivam

229 1620 319 1652 verbi
335 1619 389 1650 Dei
403 1619 608 1657 dimittentes,
624 1619 663 1650 ad
680 1619 866 1659 primariam
888 1619 1009 1650 reversi

228 1674 407 1705 nuditatem
418 1673 530 1704 loculis
542 1674 727 1711 caruerunt,
746 1675 888 1713 utsupra
902 1673 1008 1705 visum

229 1730 287 1759 est.
311 1727 469 1758 Praeterea
495 1726 567 1757 licet
594 1726 726 1757 Domino
748 1726 867 1757 volenti
892 1727 1008 1766 portati

229 1782 347 1813 fuerint
368 1781 464 1812 loculi
479 1790 498 1812 a
515 1780 597 1812 Juda
618 1781 789 1821 proditore,
812 1790 878 1812 non
902 1783 1010 1812 tamen

229 1836 357 1868 videtur
372 1836 405 1867 in
420 1836 465 1867 eis
487 1835 608 1875 aliquid
620 1835 704 1875 juris
723 1835 908 1875 possessorii
931 1845 1009 1867 ven-

231 1890 361 1922 dicasse.
379 1889 468 1920 Unde
481 1889 547 1929 ipse
556 1889 710 1920 Dominus
720 1888 795 1920 dicit
806 1889 838 1919 in
847 1889 863 1921 J
866 1899 969 1921 oanne
980 1890 989 1907 ³
1001 1898 1008 1921 :

236 1944 333 1977 Venit
350 1944 500 1983 princeps
521 1942 638 1974 mimda*
656 1941 775 1981 liujus,
792 1945 851 1973 etc.
876 1943 983 1974 (1105511
1003 1954 1010 1974 :

238 2010 251 2027 «
265 1997 373 2029 Noluit
388 1997 542 2028 Dominus
557 1996 675 2027 habere
688 1996 772 2036 quod
782 1997 941 2036 perderet;
960 2006 1012 2028 ve-

232 2052 279 2083 nit
293 2060 426 2092 pauper,
443 2060 482 2081 ne
498 2051 616 2081 habere
631 2050 776 2081 diabolus
797 2051 882 2090 quod
903 2052 1010 2082 auser-

233 2108 293 2137 ret.
309 2117 322 2134 »
352 2104 535 2145 Respondeo
556 2113 635 2143 ergo
648 2104 787 2135 breviter
798 2104 837 2134 ad
849 2104 1011 2144 objectum

233 2160 272 2191 de
287 2159 408 2197 loculis,
430 2158 515 2199 quod
538 2158 681 2189 Christus
700 2158 872 2198 aliquando
897 2159 1012 2190 habuit

233 2213 353 2245 loculos
369 2222 426 2253 pro
436 2212 516 2250 aliis,
534 2214 568 2242 nt
583 2212 622 2242 ad
638 2212 698 2242 1100
712 2212 897 2243 informaret
910 2212 1013 2244 Eccle-

232 2269 288 2298 siae
310 2266 469 2307 praelatos.
488 2265 566 2296 Item
582 2265 694 2296 habuit
711 2265 830 2296 loculos
843 2275 902 2306 pro
919 2266 1011 2296 intir-

230 2322 291 2352 mis
307 2320 518 2357 consolandis,
535 2320 591 2359 qui
608 2320 726 2350 hahent
742 2319 863 2351 loculos
878 2329 936 2360 pro
953 2321 1012 2351 sei—

230 2375 306 2415 psis.
318 2374 407 2406 Siciu
416 2382 529 2405 corum
540 2373 689 2403 solatium
696 2374 790 2413 sugit,
804 2383 878 2404 cum
889 2383 1013 2414 111111110-

230 2432 319 2460 retur
333 2427 534 2468 lapidandus,
552 2436 592 2457 ne
608 2427 775 2466 desperent
795 2428 819 2457 si
836 2428 1011 2467 aliquando

230 2483 356 2522 fugiant
372 2483 608 2522 persequentes.
628 2480 679 2510 Sic
694 2480 726 2510 in
742 2482 928 2521 exemplum
942 2484 1011 2512 101·-

230 2538 312 2568 110111
334 2546 368 2567 50
390 2538 500 2576 sponte
525 2534 640 2565 obtulit
659 2533 691 2563 in
716 2535 872 2573 passione,
896 2539 925 2566 et
949 2545 1009 2576 pro

230 2591 306 2631 ipsis
320 2591 353 2621 in
372 2590 557 2630 paupertate
583 2588 811 2626 informandis,
836 2589 938 2619 caruit
960 2590 1010 2620 lo-

264 2673 269 2688 ¹
287 2672 367 2700 loma,
383 2677 439 2699 ¹un,
455 2672 492 2694 25).
508 2683 537 2687 —
552 2670 562 2685 ²
577 2670 643 2697 Luc.v
661 2674 725 2700 xxm,
741 2671 780 2692 35.
794 2683 823 2686 -
836 2670 940 2698 ²¹J011s1.,
962 2676 1009 2701 χιν,

231 2709 269 2731 30.
284 2719 315 2725 -
330 2708 336 2721 ⁴
354 2708 449 2731 Dect-et.
466 2708 530 2736 part.
549 2706 579 2735 ll,
595 2712 663 2729 cans.
681 2711 729 2735 xri,
745 2712 768 2729 e.
789 2707 822 2728 lli.

933 203 1143 239 EXPOSITIO

1065 272 1158 312 culis,
1173 275 1263 315 quasi
1278 284 1337 308 nec
1350 283 1477 317 semper
1490 275 1616 309 habitos
1627 277 1755 309 tenebat
1767 285 1840 318 pos-

1065 329 1199 361 sessorie
1208 331 1396 370 reconditos,
1408 331 1508 371 utqui
1518 331 1639 363 habent
1646 340 1706 372 pro
1716 331 1841 372 seipsis,

1065 382 1097 412 et
1106 390 1172 413 non
1183 384 1290 423 gratia
1299 385 1543 426 dispensationis
1553 384 1686 425 loculos,
1698 385 1800 416 sciant
1808 394 1843 416 se

1064 433 1100 465 in
1113 435 1174 467 hac
1186 440 1276 477 parte
1288 438 1489 478 perfectionis
1503 438 1627 479 apicem
1640 447 1706 470 non
1719 440 1840 470 tenere.

1107 488 1235 522 Etcum
1259 491 1375 523 dicitur
1397 503 1406 524 ε
1424 492 1554 532 Sufficit
1577 492 1748 533 discipulo,
1771 501 1844 523 res-

1063 543 1269 582 pondendum
1285 547 1343 584 est,
1359 546 1446 586 quod
1467 546 1619 586 Magister
1632 555 1720 578 unus
1733 546 1839 579 diver-

1063 604 1114 626 sos
1128 596 1218 628 docet
1231 598 1415 639 discipulos,
1432 599 1573 640 singulis
1593 600 1627 631 in
1650 600 1718 632 suis
1732 599 1841 639 gradi-

1063 648 1125 680 bus
1151 651 1424 692 condescendens,
1453 653 1535 685 sicut
1559 653 1731 694 Apostolus
1759 653 1844 684 inter

1063 703 1218 742 perfectos
1243 705 1436 746 loquebatur
1459 707 1669 748 sapientiam,
1693 706 1742 738 lac
1764 706 1844 738 dans

1063 757 1208 796 parvulis
1223 759 1263 790 ad
1283 768 1400 792 escam.
1415 760 1485 792 Non
1498 761 1591 792 debet
1607 753 1763 801 discipulo
1776 759 1844 790 suf-

1062 811 1158 843 ficere
1173 812 1261 844 lactis
1273 814 1380 854 capaci
1403 814 1438 845 in
1462 815 1543 846 lacte
1567 823 1694 855 semper
1720 813 1841 852 sistere,

1063 865 1157 896 etiam
1168 866 1194 896 si
1209 867 1258 898 lac
1267 867 1355 899 bibat
1365 867 1518 908 Magister
1531 869 1561 899 ei
1572 867 1825 900 condescendens
1832 877 1841 905 ;

1063 919 1118 950 sed
1133 921 1240 960 magis
1255 921 1295 952 ad
1319 921 1381 953 hoc
1395 922 1535 960 tendere,
1552 924 1591 954 ut
1604 921 1695 953 solidi
1718 921 1781 952 cibi
1803 920 1844 951 sit

1063 982 1175 1013 capax.
1205 973 1269 1013 lta,
1294 974 1328 1005 in
1348 975 1520 1015 proposito,
1545 983 1612 1006 11011
1634 974 1726 1006 debet
1747 973 1844 1005 disci-

1064 1027 1141 1066 pulo
1157 1028 1312 1066 sufficere,
1334 1030 1370 1059 ut
1383 1029 1423 1059 sit
1437 1029 1518 1060 sicut
1541 1027 1695 1068 Magister
1708 1028 1778 1068 ejus
1791 1027 1842 1058 in-

1064 1081 1166 1112 firmis
1182 1082 1449 1122 condescendens,
1466 1082 1539 1121 nisi,
1557 1083 1593 1113 111
1612 1084 1659 1113 051
1682 1081 1843 1122 possible,

1065 1135 1226 1174 gradatim
1242 1136 1275 1166 in
1293 1135 1370 1167 artis
1392 1136 1497 1176 apices
1519 1145 1553 1167 se
1569 1135 1730 1167 extendat.
1755 1134 1845 1166 Unde

1064 1188 1143 1219 illud
1160 1189 1295 1220 verbum
1311 1199 1319 1221 :
1347 1189 1477 1229 Sufficit
1494 1189 1667 1230 discipulo,
1683 1197 1742 1229 pro
1762 1188 1843 1220 sola-

1064 1243 1108 1274 tio
1133 1243 1347 1275 tribulationis
1371 1244 1492 1276 dictum
1516 1246 1563 1275 est
1591 1243 1785 1284 specialiter,
1809 1243 1846 1273 ut

1064 1297 1183 1328 scilicet
1215 1298 1362 1338 exemplo
1380 1298 1524 1338 Magistri
1546 1298 1580 1329 in
1600 1297 1844 1329 tribulationum

1065 1352 1252 1383 sufferentia
1267 1353 1404 1384 viriliter
1419 1354 1612 1393 perseveret.

1105 1405 1156 1436 Ad
1172 1406 1350 1438 secundum
1363 1407 1546 1445 dicendum,
1569 1405 1655 1447 quod
1675 1405 1729 1436 illa
1742 1404 1844 1436 Mani-
1860 1400 1864 1404 “

1065 1458 1233 1490 chaeorum
1253 1460 1417 1492 calumnia
1430 1460 1583 1501 processit
1597 1468 1639 1491 ex
1662 1458 1846 1499 insipientia

1065 1514 1245 1545 manifesta.
1271 1514 1426 1546 Przedicta
1450 1515 1538 1546 enim
1562 1513 1757 1555 paupertatis
1780 1513 1845 1544 dis·

1065 1568 1169 1599 trictio
1183 1568 1323 1599 nonfuit
1343 1569 1491 1609 imposita
1506 1567 1677 1609 Apostolis,
1704 1569 1740 1598 ut
1760 1575 1846 1607 prae-

1065 1620 1150 1661 latis,
1167 1631 1241 1653 cum
1269 1623 1413 1654 nondum
1429 1622 1483 1654 illo
1499 1625 1641 1663 tempore
1655 1620 1777 1662 praelati
1793 1629 1846 1651 es-

1065 1680 1145 1716 sent,
1163 1687 1222 1709 1100
1235 1678 1331 1709 eliam
1354 1679 1541 1716 sacerdotes,
1566 1677 1620 1708 sed
1643 1678 1769 1708 lantum
1785 1684 1844 1706 au-

1064 1730 1197 1761 thentici
1223 1731 1447 1770 praedicatores
1472 1731 1559 1762 missi
1584 1730 1641 1761 toti
1669 1729 1790 1761 mundo
1812 1729 1845 1759 in

1065 1784 1242 1815 sanctitatis
1255 1784 1453 1824 exemplum,
1466 1788 1502 1815 ut
1516 1783 1664 1824 superius
1678 1785 1726 1814 est
1739 1786 1844 1814 osten-

1065 1846 1149 1868 sum.
1169 1837 1255 1869 Unde
1270 1838 1322 1868 illa
1337 1837 1533 1878 paupertatis
1555 1836 1716 1868 districtio
1741 1836 1846 1868 nullos

1065 1890 1146 1930 ligat
1161 1891 1250 1930 alios,
1268 1891 1331 1922 nisi
1354 1891 1436 1929 illos,
1453 1891 1510 1931 qui
1536 1890 1574 1922 ad
1599 1891 1659 1921 hoc
1678 1891 1789 1930 sponte
1812 1898 1846 1921 se

1066 1945 1212 1985 obligant
1227 1948 1357 1985 propter
1368 1944 1542 1976 Christum.
1563 1943 1633 1975 Non
1648 1944 1752 1975 solum
1766 1952 1846 1984 ergo

1066 2002 1137 2039 post
1165 1999 1310 2030 silvestri
1337 2002 1492 2039 tempora,
1510 1999 1574 2029 imo
1601 1998 1707 2029 statim
1729 1998 1762 2028 10
1785 1997 1844 2028 Εο-

1066 2052 1171 2083 clesiae
1187 2052 1352 2092 principio,
1378 2052 1439 2092 ipsi
1464 2051 1609 2092 discipuli
1626 2050 1844 2082 (ΗΜ-1511111511-

1068 2109 1202 2137 tuerunt
1217 2107 1367 2146 praelatos
1383 2106 1416 2136 in
1430 2114 1563 2137 suarum
1578 2114 1729 2136 curarum
1744 2108 1847 2137 custo-

1068 2160 1129 2190 diis
1145 2160 1334 2198 residentes,
1352 2160 1471 2200 quibus
1486 2169 1653 2200 nunquam
1672 2160 1732 2191 fuit
1747 2160 1846 2190 inter-

1067 2214 1191 2245 dictum
1202 2214 1320 2245 habere
1330 2215 1413 2245 bona
1423 2213 1570 2245 Ecclesiae
1583 2214 1645 2245 sibi
1659 2214 1846 2253 necessaria,

1068 2268 1101 2298 in
1117 2278 1150 2299 50
1165 2271 1196 2300 01
1212 2269 1279 2300 suis
1294 2269 1431 2300 subditis
1456 2269 1652 2309 pauperibus
1673 2269 1846 2309 eroganda.

1069 2322 1248 2354 Succedunt
1262 2332 1342 2363 ergo
1373 2323 1517 2363 Episcopi
1533 2323 1700 2363 Apostolis,
1722 2323 1754 2353 in
1778 2322 1848 2353 cul-

1069 2377 1154 2407 mine
1169 2377 1366 2408 auctoritatis
1382 2376 1541 2416 Ecclesiee,
1560 2377 1594 2407 in
1609 2377 1803 2416 obligatione
1817 2377 1848 2407 et

1067 2429 1173 2461 debito
1198 2431 1338 2468 virtutis,
1364 2432 1395 2461 et
1417 2430 1607 2469 sanctitatis,
1637 2431 1690 2461 sed
1716 2439 1780 2461 non
1809 2429 1842 2459 in

1068 2483 1171 2514 forma
1186 2484 1272 2514 illius
1286 2484 1439 2514 districtre
1454 2484 1641 2524 disciplinae,
1657 2486 1688 2515 et
1705 2492 1845 2523 pauper-

1069 2537 1142 2567 tatis
1169 2537 1274 2568 debito
1304 2538 1495 2578 supradicto.
1526 2537 1592 2569 Hoc
1617 2537 1755 2577 reperies
1782 2546 1843 2568 no-

1066 2592 1137 2621 tum
1150 2591 1187 2630 (b)
1205 2591 1237 2622 in
1254 2591 1401 2630 Decretis,
1415 2594 1461 2630 1-2,
1478 2594 1588 2631 qnaest.
1607 2600 1629 2629 1,
1650 2590 1799 2623 Videntes
1818 2590 1839 2629 ⁶,

1066 2708 1075 2729 t
1099 2672 1134 2702 (a)
1154 2672 1227 2703 Vulg.
1246 2679 1273 2695 ea
1291 2679 1345 2703 quae
1359 2678 1420 2703 opus
1436 2673 1492 2695 sunl
1506 2670 1584 2697 nobis.
1603 2683 1633 2689 —
1648 2670 1682 2702 (b)
1698 2671 1773 2696 Forte
1790 2671 1839 2702 ley-

1077 2709 1157 2732 otum.
