2029 3052
630 208 912 242 RESPONSIONIS
935 210 1091 245 TERTlAE
1113 214 1242 246 CAPUT
1266 215 1289 247 l.

157 277 223 310 tate
238 276 381 310 radicati
394 278 424 310 et
436 276 583 318 fundati,
604 277 810 309 fundamento
826 277 931 318 ipsam

156 339 343 372 comparans
355 333 387 363 et
399 331 508 363 radici.
526 331 564 363 Ut
579 331 682 372 igitur
695 331 766 362 haec
779 331 843 363 duo
854 332 932 371 Jun-

157 386 278 424 gantur
291 384 326 416 in
339 393 454 423 uuum,
471 385 652 417 christiana}
671 384 836 425 religionis
856 385 930 416 fun-

155 438 342 470 damentum
356 440 388 470 et
402 439 494 471 radix
514 441 562 471 est
579 439 672 477 fides,
690 447 764 480 quae
785 447 842 480 per
859 439 932 470 cha-

155 492 281 524 ritatem
290 494 451 533 operatur,
461 493 543 524 sicut
552 494 584 524 et
595 492 713 531 Glossa,
722 501 819 533 super
829 492 908 524 illud
921 503 928 524 :

155 545 415 579 Fundamentum
436 546 542 585 aliud,
563 548 637 585 etc„
656 546 732 577 dicit
745 547 774 577 ¹:
798 557 812 576 ιι
827 545 929 584 Fides,

155 607 229 640 quae
254 609 311 640 per
338 599 540 632 dilectionem
566 601 735 641 operatur,
767 600 801 631 in
820 599 932 631 funda-

156 655 265 685 mento
286 653 398 694 posita,
421 653 582 685 neminem
603 653 708 694 perire
729 653 895 694 permittit.
912 664 927 682 n

156 706 239 738 Huic
253 708 361 739 autem
375 706 595 745 fundamento,
610 707 677 739 sive
689 707 798 746 radici,
814 707 932 739 directe

156 760 342 792 adversatur
357 760 523 801 cupiditas,
536 760 575 792 de
585 769 651 801 qua
661 760 812 792 scribitur
826 760 871 792 ad
880 761 932 793 Ti-

156 814 313 847 motheum
323 815 334 831 ²
348 813 486 846 :Radix
497 815 639 846 omnium
654 813 810 846 malorum
824 816 869 846 est
881 821 932 846 cu-

151 867 289 908 piditas,
303 875 400 908 quam
409 867 545 908 quidam
554 870 732 908 appetentes
741 871 933 900 erraverunt

154 930 175 954 a
182 922 259 961 fide.
273 921 321 953 Ex
331 922 392 953 hac
401 931 517 962 nempe
525 921 641 961 radice,
651 931 724 953 cum
731 931 859 953 annexa
869 922 931 952 sibi

154 976 316 1016 superbia,
338 975 489 1007 universa
509 975 594 1006 mala
613 975 674 1006 sibi
696 975 869 1015 originem,
887 976 931 1007 fo-

156 1031 300 1061 mentum
310 1030 341 1060 et
350 1029 583 1060 incrementum
593 1029 786 1069 suscipiunt3
800 1031 930 1069 propter

154 1083 239 1123 quod
254 1083 390 1115 civitatis
405 1082 607 1123 Babylonicae
622 1082 868 1114 fundamentum
890 1083 929 1113 ab

153 1136 340 1176 Augustino
354 1145 422 1167 esse
437 1136 635 1177 perhibetur.
653 1136 806 1167 Omnium
821 1136 929 1176 itaque

153 1190 314 1221 bonorum
328 1190 433 1229 origo,
449 1191 481 1220 et
494 1198 587 1221 novae
601 1189 737 1221 civitatis
752 1189 929 1221 Jerusalem

152 1243 398 1275 fundamentum
423 1245 454 1274 et
477 1243 626 1274 fundator
653 1243 795 1274 Christus
817 1243 926 1282 Jesus,

153 1297 209 1337 qui
223 1297 258 1328 in
271 1297 333 1328 hoc
347 1297 495 1337 apparuit
512 1297 533 1335 ³,
555 1298 589 1328 ut
606 1296 721 1327 diaboli
742 1296 929 1329 dissolveret

152 1359 260 1390 opera,
276 1350 376 1390 huJus
397 1350 577 1391 cupiditatis
595 1350 777 1390 oppositum
800 1359 928 1382 summo

152 1403 262 1435 debuit
271 1403 388 1435 affectu
399 1404 576 1444 complecti,
588 1404 735 1444 exemplo
749 1404 926 1443 ostendere,

152 1458 183 1488 et
196 1457 296 1489 verbo
315 1457 496 1497 praedicare.
518 1457 556 1488 Et
574 1457 727 1497 quoniam
748 1457 928 1498 cupiditatis

152 1511 268 1542 vitium
295 1512 326 1542 et
349 1511 540 1542 inordinatio
564 1511 726 1542 radicatur
756 1511 789 1542 in
813 1512 929 1543 affectu

152 1565 278 1603 mentis,
297 1564 420 1595 occasio
435 1574 513 1596 vero
535 1566 567 1596 et
588 1565 766 1596 fomentum
789 1565 929 1597 sumitur

151 1627 170 1649 a
191 1618 288 1649 rebus
310 1613 409 1649 extra
422 1618 584 1658 possessis,
618 1618 689 1649 ideo
710 1628 837 1650 necesse
864 1622 926 1658 est,

152 1672 238 1713 quod
253 1672 388 1712 perfecta
408 1671 523 1702 radicis
541 1671 639 1711 hujus
661 1672 785 1704 avulsio
803 1675 930 1704 utrum-

151 1735 214 1766 que
226 1725 383 1766 respiciat,
406 1727 443 1756 ut
463 1725 606 1756 avaritiae
626 1726 815 1766 rubiginosa
838 1727 929 1758 affec-

151 1779 211 1818 tio,
235 1781 266 1810 et
289 1779 475 1809 substantiae
498 1780 631 1810 terrenae
653 1779 838 1812 illecebrosa
860 1791 929 1821 pos-

153 1832 263 1871 sessio,
276 1834 343 1862 tam
362 1832 579 1872 spritualiter,
602 1842 701 1872 qnam
725 1836 929 1874 corporaliter

153 1886 351 1917 abdicentur.
384 1885 470 1916 Unde
495 1895 592 1926 super
619 1886 697 1917 illud
725 1887 866 1920 Matthaei
886 1892 897 1909 ¹·
919 1901 926 1922 τ

153 1940 249 1972 Dixit
265 1939 376 1971 Simon
390 1939 500 1971 Petrus
516 1939 560 1971 ad
573 1940 680 1972 Jesum
692 1950 702 1972 :
714 1942 795 1974 Ecce
810 1950 868 1975 uos
882 1951 929 1975 re-

152 1992 308 2033 liquimus
332 1993 454 2032 omnz'a,
478 1993 555 2024 dicit
577 1993 757 2026 Bernardus
779 1996 789 2012 ⁵
814 2007 821 2026 z
843 2008 857 2025 α
873 1996 930 2037 Op-

153 2047 241 2085 time,
258 2049 289 2077 et
311 2056 378 2078 non
403 2047 442 2078 ad
464 2046 678 2087 insipientiam
702 2048 770 2080 tibi.
794 2049 875 2080 Nam
899 2053 930 2082 et

154 2100 296 2132 mundus
309 2100 422 2132 transit
435 2102 466 2132 et
480 2101 735 2141 concupiscentia
750 2104 830 2143 eJ'us,
845 2106 875 2134 et
883 2113 930 2135 re-

153 2153 299 2194 linquere
317 2154 387 2185 haec
408 2154 515 2194 magis
537 2155 680 2195 expedit,
704 2165 801 2196 quam
824 2157 863 2188 ab
885 2158 930 2189 eis

153 2207 341 2247 derelinqui.
358 2207 396 2238 Et
413 2208 482 2239 haec
497 2208 724 2248 fugiendarum
743 2210 930 2242 divitiarum

153 2269 248 2291 causa
262 2261 423 2301 praecipua
442 2263 499 2300 est,
521 2262 606 2302 quod
623 2265 677 2293 aut
691 2263 758 2301 vix,
775 2266 832 2294 aut
849 2274 931 2296 nun-

153 2323 270 2354 quam,
294 2314 362 2345 sine
386 2324 494 2346 amore
521 2315 647 2347 valeant
669 2317 834 2356 possideri.
858 2329 873 2347 n
897 2318 930 2350 Si

153 2368 256 2408 igitur
271 2369 402 2407 gemina
417 2368 486 2399 haec
500 2369 668 2408 abdicatio,
685 2371 798 2402 mundi
815 2371 932 2403 scilicet

154 2422 186 2452 et
201 2421 466 2461 concupiscentiae
481 2422 564 2462 ejuS‚
585 2432 658 2462 quae
682 2424 777 2454 etiam
799 2434 932 2465 pauper-

154 2476 202 2505 tas
224 2475 355 2515 spiritus
367 2474 495 2514 dicitur,
518 2475 587 2515 ipsa
610 2478 656 2506 est
676 2485 741 2516 qua
760 2477 852 2509 radix
866 2487 932 2509 om-

154 2528 247 2559 nium
267 2528 427 2559 malorum
451 2528 586 2568 perfecte
604 2531 799 2569 amputatur,
821 2534 852 2562 et
874 2531 932 2563 Ba-

189 2625 304 2656 ¹Gloss.,
324 2633 356 2651 ex
377 2627 438 2651 Bed.
458 2626 484 2650 in
499 2627 567 2651 bunc
583 2627 632 2651 loc.
645 2640 672 2644 —-
691 2628 699 2642 ²
720 2629 728 2652 1
749 2629 821 2659 Tim„
837 2635 874 2660 v1,
894 2633 931 2655 10.

157 2661 167 2678 ³
189 2661 198 2685 1
219 2662 299 2692 Joan„
322 2668 366 2692 111,
390 2664 413 2687 8.
435 2677 462 2680 —
486 2663 494 2677 ⁴
516 2663 620 2693 Mattlz„
644 2669 704 2694 xix,
729 2665 768 2688 27.
791 2678 820 2682 —
843 2666 852 2682 ⁵
877 2667 930 2691 imo

159 2697 283 2729 Gaufrid.,
299 2699 334 2722 De
347 2698 434 2730 colloq.
450 2700 545 2724 Simon.
556 2707 610 2724 cum
624 2700 688 2726 lesu,
708 2707 733 2725 n.
750 2702 777 2730 2,
794 2701 859 2725 inter
873 2710 931 2734 spu-

1707 223 1766 253 455

987 280 1114 321 bylonis
1128 282 1374 315 fundamentum
1387 284 1553 323 evertitur,
1565 287 1651 318 recta
1664 290 1766 328 potest

987 334 1110 366 ratione
1124 336 1280 376 concludi,
1303 337 1388 378 quod
1408 338 1608 378 perfectionis
1623 349 1764 382 evange-

987 386 1074 426 licae,
1101 397 1158 429 per
1182 399 1281 430 quam
1303 390 1426 422 Christo
1444 393 1708 434 configuramur,
1735 397 1767 426 et

987 441 1254 482 complantamur,
1276 445 1307 475 et
1328 444 1547 477 habitaculum
1572 448 1646 487 eJus
1669 448 1766 480 effici-

988 502 1084 533 mur,
1111 495 1181 535 ipsa
1207 499 1377 538 paupertas
1409 499 1560 539 spiritus,
1589 502 1766 533 secundum

987 548 1161 587 quamdam
1189 549 1371 590 analogiam
1398 553 1430 583 et
1463 553 1692 586 cohaerentiam
1725 556 1766 587 ad

988 601 1153 641 praedicta,
1177 603 1269 635 radix
1287 606 1334 635 est
1355 607 1386 636 et
1405 606 1659 640 fundamentum.
1687 609 1765 641 Pro-

987 656 1058 695 pter
1072 655 1158 696 quod
1173 658 1204 687 et
1219 656 1364 689 Christus
1382 667 1456 690 cum
1474 660 1514 690 ad
1537 661 1764 701 perfectionem

987 709 1158 749 discipulos
1189 709 1376 742 informaret
1401 712 1436 742 in
1458 715 1583 752 monte,
1610 717 1765 756 tanquam

987 771 1082 794 novae
1101 763 1277 795 Jerusalem
1299 764 1518 797 descendentis
1531 767 1570 799 de
1589 769 1668 800 coelo
1690 770 1766 801 fun-

987 816 1156 856 damenta,
1180 818 1381 858 perfectionis
1401 819 1547 851 videlicet
1567 824 1766 863 evangelicae

986 869 1111 909 limina,
1129 871 1162 902 in
1177 872 1341 903 montibus
1360 873 1489 912 sanctis,
1506 876 1668 908 montibus
1683 878 1765 909 scili-

987 926 1035 954 cet
1059 924 1239 964 apostolicis
1265 926 1442 965 collocans,
1466 928 1549 959 inter
1571 932 1762 963 caeterarum

986 977 1144 1008 virtutum
1158 978 1298 1017 gloriosa
1313 981 1482 1020 praeconia,
1505 992 1524 1013 a
1544 987 1662 1015 sanctae
1685 994 1763 1025 pau-

986 1031 1117 1071 pertatis
1131 1032 1320 1064 excellentia
1334 1034 1433 1065 sumit
1447 1035 1586 1075 initium,
1603 1037 1711 1069 dicens
1725 1039 1736 1056 ⁶
1753 1050 1762 1070 ι

987 1085 1079 1117 Beati
1100 1093 1257 1125 pauperes
1281 1088 1415 1127 spiritu,
1443 1091 1597 1128 quoniam
1620 1091 1764 1130 ipsorum

986 1141 1032 1170 est
1058 1146 1192 1179 reanum
1220 1140 1379 1172 coetorum.
1415 1141 1535 1174 Dehinc
1557 1144 1700 1176 tribuens
1724 1146 1764 1177 de

985 1193 1184 1232 perfectionis
1199 1194 1411 1233 aggressione
1421 1196 1602 1234 consilium,
1619 1198 1762 1238 primum

984 1246 1025 1277 ad
1045 1246 1127 1277 hanc
1151 1256 1210 1278 suo
1233 1248 1347 1278 invitat
1371 1249 1530 1290 exemplo,
1552 1251 1657 1282 dicens
1672 1252 1682 1268 ⁷
1699 1263 1706 1283 ε
1727 1253 1764 1285 Si

984 1300 1035 1331 vis
1046 1300 1206 1339 perfectus
1221 1309 1298 1337 esse,
1316 1301 1408 1340 vade,
1422 1305 1450 1334 et
1462 1303 1561 1336 vende
1570 1307 1679 1338 omnia
1690 1315 1763 1346 quoe

983 1353 1088 1393 habes,
1104 1357 1134 1387 et
1149 1354 1192 1386 da
1204 1355 1412 1395 pauperibus,
1425 1358 1454 1388 et
1468 1358 1554 1395 veni,
1568 1366 1694 1398 sequere
1702 1369 1759 1393 me.

984 1406 1085 1445 Quem
1112 1408 1219 1439 locum
1247 1410 1386 1439 tractans
1411 1409 1626 1451 Hieronymus
1648 1414 1691 1444 ait
1714 1414 1725 1431 ⁸
1750 1424 1758 1444 ι

989 1473 1002 1490 α
1012 1461 1184 1502 Apostolici
1196 1462 1315 1502 fastigii
1327 1464 1385 1497 est,
1396 1463 1607 1505 perfectaeque
1618 1466 1758 1506 virtutis,

983 1515 1092 1546 omnia
1107 1515 1244 1546 vendere
1259 1517 1289 1546 et
1303 1516 1498 1556 pauperibus
1517 1518 1717 1559 distribuere,
1729 1523 1761 1552 et

983 1569 1027 1599 sic
1041 1569 1145 1600 levem
1161 1571 1257 1610 atque
1275 1570 1461 1610 expeditum
1481 1581 1555 1602 cum
1576 1573 1698 1605 Christo
1720 1575 1761 1606 ad

984 1622 1122 1653 coelestia
1135 1623 1314 1655 subvolare.
1328 1635 1342 1653 ))
1361 1624 1441 1656 Cum
1452 1627 1560 1657 autem
1571 1627 1653 1658 circa
1665 1628 1761 1660 bono-

983 1685 1056 1707 rum
1072 1677 1296 1717 temporalium
1317 1679 1549 1718 possessionem
1571 1680 1634 1712 duo
1656 1682 1762 1713 consi-

983 1730 1093 1762 derare
1102 1731 1277 1770 contingat,
1287 1732 1466 1763 dominium
1476 1733 1602 1773 scilicet,
1612 1736 1643 1765 et
1650 1744 1758 1775 usum,

983 1783 1086 1824 sitque
1110 1794 1189 1815 usus
1207 1786 1385 1816 necessario
1411 1795 1559 1818 annexus
1580 1788 1655 1819 vitae
1675 1798 1759 1829 prae-

983 1838 1075 1875 senti,
1093 1839 1287 1878 evangelicae
1309 1840 1505 1879 paupertatis
1520 1842 1566 1871 est
1585 1843 1760 1881 possessio-

983 1900 1039 1921 nes
1056 1893 1195 1922 terrenas
1207 1894 1366 1934 quantum
1385 1893 1425 1924 ad
1447 1893 1625 1926 dominium
1645 1898 1677 1927 et
1692 1906 1762 1936 pro-

983 1945 1151 1985 prietatem
1167 1946 1398 1986 derelinquere,
1414 1956 1510 1978 usum
1525 1957 1602 1980 vero
1617 1958 1681 1980 non
1696 1959 1762 1981 om-

984 2001 1060 2030 nino
1078 1999 1219 2039 rejicere,
1241 2000 1295 2030 sed
1314 2002 1446 2039 arctare,
1468 2002 1563 2041 juxta
1582 2002 1660 2034 illud
1675 2005 1763 2044 quod

985 2052 1060 2083 dicit
1075 2053 1246 2093 Apostolus
1256 2056 1267 2072 ⁹
1284 2064 1290 2084 :
1305 2054 1462 2087 Habentes
1476 2055 1631 2088 alimenta
1646 2061 1677 2090 et
1688 2059 1762 2098 qui-

986 2107 1042 2138 bus
1058 2109 1211 2147 teqamur,
1228 2107 1280 2139 his
1296 2110 1437 2140 contenti
1451 2110 1564 2141 simus.
1583 2112 1629 2141 Ex
1645 2111 1697 2142 his
1707 2122 1762 2153 po-

986 2163 1047 2192 test
1075 2161 1182 2201 colligi
1210 2162 1407 2202 paupertatis
1434 2164 1629 2203 evangelicae
1662 2167 1761 2205 ratio,

987 2214 1115 2252 scilicet,
1142 2215 1227 2254 quod
1251 2216 1321 2255 ipsa
1342 2216 1382 2246 sit
1407 2216 1511 2247 virtus
1536 2219 1763 2258 temporalium

985 2268 1163 2300 abdicativa
1177 2269 1348 2308 honorum,
1371 2279 1433 2310 qua
1452 2270 1525 2310 quis
1539 2271 1585 2302 nil
1596 2273 1763 2312 proprium

987 2323 1109 2354 hahens
1123 2326 1319 2356 sustentatur
1333 2325 1371 2356 de
1391 2334 1457 2356 non
1472 2335 1540 2357 suo.
1559 2326 1597 2358 Et
1611 2329 1763 2367 quoniam

988 2377 1154 2416 dupliciter
1189 2377 1346 2418 contingit
1384 2388 1495 2410 rerum
1534 2381 1761 2420 temporalium

990 2431 1137 2462 abdicare
1162 2431 1359 2471 dominium,
1389 2432 1555 2472 dupliciter
1584 2435 1680 2466 etiam
1707 2445 1762 2467 su-

989 2484 1120 2515 stentari
1137 2485 1174 2516 de
1188 2494 1253 2516 non
1272 2495 1341 2524 sno,
1361 2485 1429 2517 ideo
1454 2488 1647 2527 paupertatis
1666 2498 1763 2521 evan-

988 2538 1098 2578 gelicae
1126 2539 1243 2578 duplex
1265 2541 1311 2570 est
1337 2539 1468 2578 modus,
1492 2540 1675 2582 duplexque
1696 2553 1765 2583 per-

987 2637 1023 2660 fia
1041 2638 1126 2664 Rern„
1145 2637 1217 2668 Oper.
1238 2640 1300 2662 toni.
1324 2638 1360 2667 ll,
1377 2638 1442 2676 odiu
1460 2639 1530 2662 isso.
1545 2652 1571 2656 —
1596 2641 1604 2654 ⁸⁵
1620 2641 1720 2671 Matth„
1740 2648 1764 2678 v,

987 2676 1008 2696 J¹
1026 2685 1055 2690 --
1073 2673 1083 2689 7
1101 2673 1174 2702 ibid„
1198 2680 1250 2703 Xix,
1275 2675 1312 2697 21.
1331 2687 1360 2690 —
1385 2674 1393 2687 Β
1414 2674 1532 2704 Hieron„
1549 2675 1583 2698 ad
1600 2676 1764 2708 Demetriad„

990 2708 1034 2731 nbi
1050 2715 1117 2739 sup„
1134 2709 1182 2732 col.
1197 2716 1231 2733 ni.
1249 2710 1286 2734 TJJ.
1303 2722 1333 2726 —
1348 2710 1357 2725 θ
1373 2710 1380 2732 l
1398 2709 1470 2739 Tim„
1485 2715 1518 2740 vi,
1534 2712 1556 2734 8.
