2029 3052
856 181 987 214 CAPUT
1010 182 1048 214 ll.

144 253 264 293 Deum,
295 252 445 294 apparuit
472 252 501 284 ei
530 251 673 284 Christus
705 249 792 282 Jasus
817 250 921 283 veluti

143 307 231 339 cruci
245 307 402 339 confixus.
422 306 471 339 Ad
485 307 579 347 cuius
593 306 796 346 conspectum
817 304 920 345 lique-

143 361 225 393 facta
242 363 290 393 est
308 361 417 393 anima
435 362 520 402 ejus,
539 362 571 392 et
592 359 748 391 memoria
765 358 923 400 passionis

145 415 260 447 Christi
285 415 459 448 visceribus
484 414 589 446 cordis
620 413 722 454 ipsius
747 412 825 444 adeo
858 411 922 443 im-

144 478 254 511 pressa
268 468 463 509 medullitus,
477 469 513 500 ut
527 468 567 500 ab
577 467 630 499 illa
644 467 734 506 hora,
749 475 825 498 eum
836 466 925 497 Chri-

144 523 185 555 sti
200 522 365 554 crucifixio
386 522 510 554 veniret
527 522 560 553 in
577 523 726 560 mentem,
744 520 801 552 vix
819 521 925 560 posset

144 586 163 608 a
177 576 329 618 lacrymis
343 578 374 608 et
388 576 565 616 gemitibus
584 575 727 607 exterius
742 574 922 612 continere;

145 631 226 662 sicut
251 631 319 671 ipse
341 630 545 671 postmodum
572 629 771 660 familiariter
796 627 923 666 retulit,

145 695 220 717 cum
233 685 504 726 appropinquaret
515 684 555 715 ad
569 684 679 715 finem.
698 682 857 714 intellexit
869 692 927 723 per

145 740 207 772 hoc
224 748 341 780 nempe
361 739 412 771 vir
433 738 488 770 Dei
511 738 591 769 illud
614 737 842 777 evangechm
867 736 926 767 sibi

145 794 207 826 dici
221 795 229 811 ¹
249 805 257 825 ι
278 805 294 823 ε(
312 793 344 825 Si
359 793 409 825 vis
423 792 534 825 venire
556 793 626 832 post
647 801 710 830 me,
736 791 864 831 abnega
878 793 925 822 te-

145 847 330 887 metipsum,
344 848 376 878 et
389 846 463 878 tolle
480 855 609 877 crucem
622 847 724 884 tuam,
745 846 777 876 et
792 854 927 886 sequere
961 835 968 847 ¹

145 910 209 933 me.
229 911 243 930 i)
264 900 372 932 Induit
388 909 430 931 ex
449 902 526 931 tunc
546 900 696 941 spiritum
716 899 927 940 paupertatis,

146 955 337 987 humilitatis
351 963 494 993 sensum,
511 955 542 985 et
556 954 707 985 affectum
726 953 849 985 intimae
862 953 928 993 pie-

146 1010 230 1042 tatis.
247 1009 329 1041 Nam
344 1018 417 1040 cum
431 1008 519 1049 prius
529 1009 730 1049 leprosorum
746 1017 812 1039 non
824 1007 929 1039 solum

147 1063 356 1101 consortium,
377 1071 494 1094 verum
508 1063 604 1093 etiam
620 1062 837 1102 longinquum
853 1071 928 1092 con-

147 1117 268 1148 tuitum
292 1117 500 1149 vehementer
523 1116 688 1154 horreret3
709 1117 778 1156 J'am
801 1117 930 1156 propter

149 1171 311 1202 Christum
339 1170 549 1209 crucifixum,
581 1170 635 1210 qui
662 1171 757 1210 juxta
792 1170 930 1201 verbum

149 1225 369 1266 propheticum
393 1225 419 1262 2,
448 1224 695 1264 contemptibilis
722 1226 758 1255 ut
786 1223 932 1264 leprosus

149 1280 308 1320 apparuit,
325 1280 362 1310 ut
377 1279 585 1318 semetipsum
601 1278 733 1318 plenum
748 1280 932 1309 contemne-

150 1336 208 1372 ret,
225 1332 416 1364 humilitatis
431 1334 461 1363 et
480 1332 692 1363 humanitatis
710 1332 866 1372 obsequia
884 1332 930 1363 le-

150 1388 252 1429 prosis
267 1387 410 1418 benefica
429 1386 544 1426 pietate
565 1386 746 1426 praestabat.
774 1385 933 1417 Visitabat

151 1442 239 1473 enim
253 1441 437 1480 frequenter
451 1440 563 1471 domos
578 1439 734 1480 ipsorum,
758 1439 932 1471 liberaliter

152 1496 197 1527 eis
225 1495 443 1535 eleemosynas
470 1494 642 1533 erogabat,
669 1495 700 1524 et
727 1503 802 1525 cum
831 1494 933 1525 multo

153 1548 381 1589 compassionis
405 1544 520 1579 affectu
538 1557 654 1579 manus
675 1557 788 1579 eorum
807 1548 932 1579 oscula-

153 1604 261 1640 batur,
278 1605 309 1634 et
323 1611 390 1633 ora.
408 1601 608 1642 Pauperibus
630 1601 727 1633 etiam
750 1602 934 1633 mendican-

153 1658 239 1689 tibus
253 1666 319 1688 non
333 1656 437 1687 solum
454 1665 522 1694 sua,
541 1664 656 1687 verum
676 1655 774 1686 etiam
795 1656 936 1695 seipsum

155 1711 304 1752 cupiebat
329 1710 525 1751 impendere,
548 1709 721 1749 aliquando
745 1709 937 1740 vestimenta

155 1775 288 1804 exuens,
306 1765 478 1806 aliquando
494 1765 650 1803 dissuens,
667 1764 841 1804 aliquando
855 1765 937 1795 scin-

156 1821 233 1852 dens
248 1820 288 1851 ad
306 1818 510 1859 largiendum
526 1819 584 1856 εἰς,
604 1827 677 1848 cum
695 1827 765 1858 prae
787 1818 937 1849 manibus

157 1875 218 1905 alia
233 1882 298 1904 non
320 1872 463 1903 haberet.
490 1872 713 1903 Sacerdotibus
736 1872 833 1903 etiam
856 1882 937 1912 pau-

157 1927 287 1968 peribus
301 1927 485 1957 reverenter
500 1925 711 1957 subveniebat
727 1928 758 1957 et
773 1927 834 1966 pie,
853 1936 936 1966 prze-

158 1982 250 2021 cipue
273 1981 306 2011 in
328 1980 524 2011 ornamentis
546 1979 665 2018 altaris,
690 1989 754 2020 quo
779 1982 810 2011 et
834 1980 940 2011 cultus

159 2035 258 2068 divini
275 2035 431 2075 particeps
452 2034 553 2073 fieret,
579 2036 609 2064 et
636 2033 798 2065 cultorum
820 2034 938 2075 inopiae

161 2090 381 2130 supplementa
391 2087 559 2128 praeberet.
573 2087 653 2118 Cum
666 2090 775 2118 autem
790 2089 941 2128 religiosa

162 2143 328 2175 devotione
362 2144 439 2173 tunc
469 2141 620 2181 temporis
652 2141 765 2172 limina
797 2142 941 2174 visitaret

162 2197 302 2238 Apostoli
326 2195 420 2234 Petri,
437 2196 604 2234 conspecta
631 2195 836 2227 multitudine
860 2206 940 2236 pau-

163 2261 277 2294 perum
301 2252 374 2281 aute
395 2250 477 2280 fores
500 2249 651 2287 ecclesiae,
676 2250 792 2290 partim
816 2251 941 2290 pietatis

163 2308 277 2339 ductus
292 2303 469 2340 dulcedine,
492 2303 609 2342 partim
629 2305 823 2343 paupertatis
847 2306 940 2337 allec-

164 2364 216 2392 tus
231 2367 350 2396 amore,
363 2357 420 2388 uni
435 2366 475 2387 ex
490 2356 535 2386 eis
550 2357 658 2396 magis
670 2359 779 2397 egenti
796 2360 942 2399 proprias

163 2415 301 2453 largitus
316 2414 363 2442 est
383 2412 496 2449 vestes,
519 2412 549 2440 et
563 2411 764 2442 semicinctiis
782 2415 943 2445 contectus

164 2469 261 2506 illius,
278 2467 363 2498 diem
379 2465 471 2495 illum
490 2463 524 2493 in
540 2463 645 2494 medio
666 2474 845 2504 pauperum
869 2477 942 2498 cum

167 2521 295 2553 insolita
309 2519 438 2560 spiritus
450 2517 652 2557 jucunditate
672 2519 840 2558 transegit,
863 2524 898 2552 ut
913 2525 944 2553 et

167 2575 352 2607 saecularem
370 2571 508 2612 gloriam
523 2573 696 2610 sperneret,
713 2574 744 2602 et
763 2573 801 2604 ad
824 2576 942 2614 perfec-

167 2630 287 2660 tionem
299 2625 517 2665 evangelicam
531 2624 692 2663 gradatim
705 2629 943 2661 conscendendo

202 2693 209 2709 ¹
225 2690 325 2719 illaleh„
341 2695 395 2720 xvr.
409 2689 447 2713 24.
463 2700 492 2704 —
505 2688 515 2703 2
530 2687 590 2715 isa„
607 2692 661 2716 Lm,
677 2689 697 2713 4,

1701 180 1758 210 297

976 250 1169 291 perveniret.
1188 248 1423 281 Mortificationi
1438 247 1544 278 carnis
1567 246 1761 286 invigilabat

977 303 1139 343 attentius,
1163 304 1201 335 ut
1216 302 1332 334 Christi
1347 310 1488 340 crucem,
1505 309 1605 341 quam
1626 299 1761 331 interius

977 357 1097 389 ferebat
1111 357 1146 388 in
1160 357 1265 395 corde,
1282 355 1424 388 exterius
1434 355 1531 386 etiam
1540 354 1760 385 circumferret

979 412 1014 443 in
1033 421 1176 451 corpore.
1202 411 1329 451 Agebat
1350 412 1459 442 autem
1483 409 1554 440 haec
1577 408 1687 440 omnia
1710 407 1762 439 vir

979 465 1034 496 Dei
1044 465 1215 496 Fanciscus
1233 465 1378 496 nondum
1395 464 1519 502 habitu,
1531 463 1584 496 vel
1598 462 1762 501 convictu,

980 520 1196 560 sequestratus
1210 528 1230 550 a
1245 519 1377 550 mundo.

1240 631 1420 666 CAPUT
1453 631 1504 664 ΙΙ.

1019 720 1057 747 De
1073 720 1196 755 perfecta
1215 719 1384 746 conversione
1403 716 1460 752 effus
1480 716 1516 744 ad
1536 717 1631 751 Deum,
1653 718 1678 743 et
1699 715 1731 743 de

1139 764 1312 799 reparatione
1328 763 1412 790 trium
1428 763 1607 790 ecclesiarum.

1025 844 1185 883 Quoniam
1209 845 1318 875 autem
1342 851 1454 875 servus
1478 841 1634 874 Altissimi
1664 841 1770 872 docto-

984 909 1053 931 rem
1076 908 1143 930 non
1166 899 1304 930 habebat
1333 898 1474 938 aliquem
1499 897 1532 927 in
1561 894 1767 936 hujusmodi,

984 954 1045 985 nisi
1060 953 1234 990 Christum,
1253 952 1373 983 addidit
1387 951 1490 982 adhuc
1506 951 1608 991 ipsius
1624 950 1768 981 clemen-

985 1008 1028 1039 tia
1044 1016 1120 1039 eum
1134 1007 1168 1037 in
1190 1006 1305 1046 gratiae
1327 1006 1457 1037 visitare
1481 1005 1660 1036 dulcedine.
1687 1003 1771 1034 Dum

986 1061 1071 1093 enim
1088 1060 1137 1092 die
1160 1060 1300 1101 quadam
1322 1067 1474 1099 egressus
1488 1058 1527 1090 ad
1549 1057 1771 1089 meditandum

986 1117 1019 1147 in
1034 1125 1116 1156 agro
1131 1115 1352 1147 deambularet
1366 1116 1463 1154 Juxta
1477 1113 1644 1145 ecclesiam
1665 1112 1772 1144 Sancti

987 1170 1143 1208 Damiaui‚
1160 1178 1234 1209 quae
1251 1169 1292 1209 (a)
1314 1168 1499 1199 minabatur
1515 1176 1581 1207 prae
1598 1166 1698 1197 nimia
1713 1175 1772 1197 ve-

987 1225 1104 1255 tustate
1116 1223 1258 1261 ruinam,
1275 1225 1305 1254 et
1323 1223 1356 1252 in
1371 1231 1442 1253 eam
1457 1221 1638 1260 instigante
1654 1229 1686 1251 se
1702 1219 1775 1260 Spi-

988 1278 1054 1309 ritu
1083 1287 1178 1308 causa
1203 1277 1356 1308 orationis
1392 1276 1538 1306 intrasset
1552 1299 1559 1312 ,
1597 1275 1775 1315 prostratus

989 1336 1062 1364 ante
1075 1332 1254 1372 imaginem
1269 1330 1435 1368 Crucifixi,
1451 1338 1517 1360 non
1529 1329 1652 1360 modica
1667 1328 1727 1360 fuit
1740 1329 1775 1358 in

989 1387 1110 1419 orando
1127 1386 1257 1426 spiritus
1275 1384 1492 1416 consolatione
1512 1383 1664 1424 repletus.
1681 1382 1778 1413 Cum—

990 1451 1053 1482 que
1068 1440 1255 1481 lacrymosis
1270 1439 1371 1470 oculis
1387 1438 1565 1469 intenderet
1589 1437 1621 1467 in
1639 1436 1778 1468 domini—

991 1505 1062 1527 cam
1079 1504 1219 1533 crucem,
1236 1502 1350 1525 vocem
1365 1493 1404 1524 de
1429 1492 1498 1532 ipsa
1512 1500 1606 1522 cruce
1621 1481 1778 1530 dilapsam

991 1550 1031 1581 ad
1057 1558 1132 1580 eum
1154 1547 1314 1588 corporeis
1338 1546 1463 1578 audivit
1482 1545 1631 1583 auribus,
1659 1546 1706 1575 ter
1729 1543 1777 1574 di-

992 1606 1118 1635 centem
1133 1615 1139 1634 :
1157 1603 1333 1641 Francisce,
1350 1601 1442 1639 vade,
1459 1603 1490 1632 et
1517 1608 1632 1640 repara
1645 1599 1779 1630 domum

993 1668 1110 1697 meam,
1128 1667 1212 1698 quae,
1229 1659 1265 1689 ut
1280 1657 1395 1694 cernis,
1412 1657 1478 1686 tota
1496 1653 1683 1685 destruitur.
1699 1651 1778 1683 Tre-

994 1713 1147 1744 mefactus
1168 1711 1367 1749 Franciscus,
1390 1719 1465 1740 cum
1489 1709 1571 1739 esset
1592 1708 1626 1737 in
1649 1705 1781 1737 ecclesia

993 1767 1090 1804 solus,
1107 1768 1212 1806 stupet
1222 1765 1261 1796 ad
1273 1767 1338 1796 tam
1351 1763 1506 1795 mirandae
1522 1761 1607 1794 vocis
1620 1760 1779 1798 auditum,

994 1822 1152 1861 cordeque
1167 1819 1346 1860 percipiens
1361 1817 1460 1849 divini
1476 1817 1629 1848 virtutem
1647 1813 1778 1853 eloquii,

996 1875 1112 1906 mentis
1127 1874 1285 1905 alienatur
1308 1880 1452 1903 excessu.
1471 1870 1507 1901 In
1521 1878 1555 1900 se
1575 1868 1704 1899 tandem
1730 1875 1780 1897 re-

995 1937 1122 1966 versuS,
1137 1928 1175 1958 ad
1200 1926 1413 1958 obediendum
1435 1934 1468 1955 se
1488 1925 1590 1964 parat,
1618 1924 1648 1952 et
1675 1922 1782 1952 totum

996 1993 1029 2014 se
1045 1982 1204 2021 recolligit
1226 1981 1265 2012 ad
1286 1979 1517 2021 perficiendum
1536 1977 1728 2007 mandatum
1745 1975 1783 2006 de

998 2037 1153 2068 materiali
1170 2035 1300 2066 ecclesia
1311 2033 1489 2074 reparanda
1509 2031 1599 2062 :licet
1618 2029 1782 2070 principa-

997 2092 1056 2123 lior
1065 2090 1197 2121 intentio
1208 2089 1298 2121 verbi
1307 2088 1346 2118 ad
1354 2097 1424 2119 eam
1436 2087 1583 2122 ferretur,
1592 2093 1687 2124 quam
1696 2082 1783 2114 Chri-

998 2149 1065 2177 stus
1080 2154 1137 2176 suo
1152 2144 1310 2183 sanguiue
1325 2141 1508 2182 acquisivit,
1528 2139 1611 2170 sicut
1624 2146 1699 2168 eum
1718 2136 1784 2176 Spi-

998 2201 1079 2231 ritus
1090 2201 1218 2229 sauctus
1230 2196 1367 2234 edocuit,
1379 2197 1410 2226 et
1426 2195 1491 2235 ipse
1502 2191 1708 2233 postmodum
1724 2191 1784 2221 sra-

998 2254 1100 2285 tribus
1107 2252 1272 2284 revelavit.
1281 2249 1430 2281 Surrexit
1437 2247 1570 2289 proinde
1578 2247 1671 2285 signo
1679 2244 1783 2275 crucis

999 2318 1033 2339 se
1048 2307 1210 2343 muniens,
1227 2307 1258 2336 et
1277 2302 1449 2343 assumptis
1465 2301 1579 2342 pannis
1600 2299 1780 2335 venalibus,

999 2363 1037 2393 ad
1053 2362 1228 2397 civilatem,
1246 2367 1320 2399 quae
1337 2357 1532 2396 Fulgineum
1549 2354 1674 2391 dicitur,
1692 2352 1781 2382 festi-

1000 2425 1061 2446 nus
1076 2414 1218 2451 accessit3
1232 2413 1339 2452 ibique
1355 2410 1490 2442 venditis
1501 2417 1573 2449 quae
1588 2407 1781 2448 portaverat,

1001 2478 1135 2510 equum,
1152 2467 1204 2498 cui
1220 2469 1295 2497 tuuc
1310 2465 1488 2502 insederat,
1512 2463 1587 2493 felix
1612 2461 1781 2497 mercator,

1001 2524 1164 2562 assumpto
1181 2521 1293 2562 pretio,
1311 2518 1493 2559 dereliquit.
1514 2516 1712 2554 Rediensque
1728 2513 1784 2543 As-

1002 2578 1125 2613 sisium,
1142 2575 1316 2613 ecclesiam,
1332 2574 1369 2604 de
1380 2573 1472 2611 cujus
1487 2569 1686 2610 reparatione
1696 2577 1785 2598 man·
1829 2562 1831 2564 ’

1002 2632 1112 2663 datum
1129 2630 1302 2669 acceperat,
1322 2627 1505 2658 reverenter
1521 2622 1667 2660 intravit;
1685 2624 1715 2652 et
1730 2621 1782 2651 in-

1039 2695 1072 2726 (u)
1090 2694 1151 2718 Caet.
1168 2692 1228 2716 nm.
1246 2691 1298 2723 qui.
