2029 3052
598 196 883 230 RESPONSIONIS
905 198 1063 231 TER'l'lAE
1085 199 1214 233 CAPUT
1236 201 1260 233 l.

122 265 231 298 nentia
243 267 274 298 et
285 265 461 298 evacuatio.
479 264 615 298 Facilius
630 268 677 298 est
690 265 777 297 enim
791 265 898 298 homi-

121 329 196 351 nem
219 320 409 352 existentem
438 319 570 357 volare,
595 329 692 361 quam
722 320 900 360 adJectione

121 373 233 414 pluris,
249 374 412 416 quiescere
423 373 524 405 facere
538 373 767 405 desiderium.»
790 374 825 405 1⁴:t
838 375 901 405 Au-

123 428 289 468 gustinus,
301 428 335 459 in
352 427 432 459 libro
448 427 612 460 LXXXIII
628 428 847 465 Quaestionum
864 428 872 445 ¹
891 439 897 459 :

126 481 325 513 «eharitatis
340 491 503 514 venenum
524 484 571 513 est
589 491 660 522 spes
682 481 899 522 adipiscendo-

122 544 195 566 rum
210 535 470 575 temporalium.»
490 535 523 567 Si
539 544 618 576 ergo
635 535 781 567 Christus
796 535 903 567 multi-

122 588 324 629 plicationem
344 588 571 629 temporalium
594 598 650 630 per
674 589 806 620 modum
830 598 902 630 pos-

121 641 267 673 sessionis
288 642 452 683 discipulis
473 643 539 674 suis
562 643 771 683 promitteret,
794 644 902 675 chari-

122 698 187 728 tem
203 697 236 727 in
249 697 294 728 eis
309 697 480 738 perimeret
499 698 605 738 potius
627 707 725 738 quam
744 700 900 738 augeret,

123 750 199 781 dum
230 751 437 790 possessionis
469 753 604 782 terrenae
638 751 903 792 centuplicatione

123 804 296 844 promissa,
323 803 549 844 temporalium
575 804 735 835 bonorum
767 806 902 837 affluen-

123 857 200 889 tiam
223 857 412 898 sperandam
433 857 570 896 doceret,
587 858 692 898 potius
706 868 803 899 quam
818 869 904 899 sper-

123 911 272 943 nendam.
285 910 375 949 Quod
389 912 528 952 impium
543 914 590 943 est
603 913 722 943 sentire
737 913 775 944 de
788 913 903 944 Christi

124 966 278 997 doctrina.
295 965 406 997 Modus
419 966 515 997 etiam
530 966 711 1006 apostolieae
727 967 804 999 vitae
820 976 904 1008 prae-

124 1021 353 1052 determinatus
368 1030 431 1051 non
446 1020 646 1059 adversatur,
663 1021 718 1053 sed
737 1023 902 1053 consonat.

125 1075 278 1113 Quamvis
302 1075 388 1105 enim
415 1074 543 1113 legatur
570 1074 602 1105 in
618 1074 752 1107 Actibus
772 1076 793 1114 ²,
819 1075 905 1116 quod

124 1128 331 1161 multitudini
351 1128 552 1160 credentium
575 1132 666 1160 erant
687 1129 797 1161 omnia
818 1137 905 1161 com-

124 1184 249 1221 munia,
275 1185 306 1214 et
329 1183 415 1223 quod
440 1183 646 1215 venditarum
670 1192 778 1215 rerum
799 1185 906 1223 pretia

122 1237 321 1278 ponebantur
341 1236 385 1268 ad
405 1237 502 1277 pedes
529 1237 762 1276 Apostolorum,
785 1246 904 1277 nequa-

124 1300 222 1331 quam
237 1293 282 1321 est
295 1290 554 1330 intelligendum,
575 1291 662 1331 quod
677 1291 821 1330 Apostoli
838 1300 907 1330 pro-

125 1345 232 1385 prium
241 1344 361 1385 aliquid
368 1344 417 1375 vel
428 1353 600 1375 commune
608 1345 816 1384 possiderent,
829 1345 906 1385 quia

125 1398 338 1429 communitas
359 1397 414 1428 illa
427 1406 492 1428 non
509 1397 646 1428 refertur
661 1398 701 1428 ad
725 1397 903 1437 Apostolos,

125 1453 179 1484 sed
193 1453 233 1484 ad
246 1453 387 1491 turbam,
402 1453 483 1484 sicut
497 1452 607 1483 Glossa
617 1453 735 1484 ibidem
747 1454 901 1484 insinuat:

132 1506 321 1546 «Discernit,
335 1518 348 1535 υ
364 1506 480 1547 inquit,
496 1507 664 1537 «ordinem
680 1506 863 1546 Doctorum,
876 1509 907 1538 et

127 1561 322 1592 auditorum.
339 1560 420 1591 Nam
436 1560 607 1591 multitudo
623 1560 819 1591 credentium
833 1584 841 1599 ,
859 1569 906 1591 re-

127 1615 188 1646 bus
207 1615 332 1655 spretis,
356 1614 469 1655 copula
490 1614 652 1645 charitatis
676 1615 815 1646 invicem
833 1616 907 1655 jun-

127 1668 456 1708 gebantur.Apostoli
474 1677 568 1706 vero,
590 1668 710 1699 virtute
733 1668 905 1708 fulgentes,

127 1722 282 1762 mysteria
296 1720 412 1752 Christi
434 1722 653 1762 pandebant.»
683 1722 758 1753 Haec
776 1721 904 1754 Glossa:

127 1784 201 1815 quae
216 1784 272 1816 per
285 1775 392 1815 ipsum
407 1778 532 1806 textum
548 1775 696 1814 declarat,
722 1777 807 1816 quod
826 1777 908 1807 sicut

127 1829 180 1860 illa
201 1838 312 1860 rerum
333 1830 545 1860 communitas
568 1833 636 1860 erat
657 1830 839 1868 turbarum,
863 1831 907 1861 sic

127 1884 159 1913 et
187 1883 358 1922 signorum
384 1883 519 1914 virtutes
549 1885 641 1914 erant
667 1883 905 1923 Apostolorum.

128 1936 192 1968 Nec
205 1937 281 1968 huic
295 1939 458 1977 repugnat
471 1937 556 1977 quod
571 1937 727 1977 sequitur,
744 1940 815 1968 ante
827 1938 908 1978 ipso-

127 2000 201 2021 rum
217 1991 311 2030 pedes
327 1991 429 2030 pretia
450 1990 547 2021 tuisse
562 1990 675 2030 posita,
692 1990 779 2030 quia,
806 1993 840 2021 ut
861 1991 907 2022 di-

127 2045 169 2075 cit
182 2044 396 2085 Hieronymus
412 2047 422 2063 ³
437 2044 482 2076 ad
495 2044 736 2081 Demetriadem,
754 2055 769 2073 «
779 2044 840 2075 hoc
857 2045 908 2075 [ie-

127 2099 181 2130 bat
199 2101 234 2130 ut
249 2099 398 2130 docerent
411 2099 562 2139 pecunias
578 2109 645 2130 esse
661 2099 837 2136 calcandas,
853 2099 905 2130 vel

128 2155 211 2183 certe
221 2155 257 2183 ut
269 2162 301 2184 se
311 2162 347 2183 ac
355 2162 413 2183 sua
425 2153 605 2192 apostolicae
616 2152 812 2192 dispositioni
822 2161 908 2183 com-

129 2206 301 2245 mitterent,
317 2207 399 2237 sicut
413 2207 502 2237 docet
515 2206 705 2238 Ambrosius
720 2216 817 2247 super
837 2207 905 2246 epi-

127 2260 242 2292 stolam
257 2261 429 2291 secundam
440 2261 479 2291 ad
494 2260 684 2299 Corinthios,
701 2261 756 2292 ubi
770 2261 809 2292 de
824 2261 907 2301 Apo—

127 2315 214 2345 stolis
229 2315 337 2345 dicw:
356 2314 543 2351 «Quantum
553 2314 593 2345 ad
603 2318 795 2355 praesentem
807 2315 907 2346 vitam

128 2369 273 2408 pertinet,
290 2377 446 2408 pauperes
462 2368 652 2400 videbantur
665 2379 673 2408 3
689 2369 743 2400 sed
759 2368 907 2409 spiritua-

127 2423 172 2453 les
189 2423 317 2454 divitias
336 2422 537 2453 credentibus
556 2422 788 2462 largiebantur,
810 2423 907 2462 egeni

133 2477 164 2507 in
179 2476 283 2514 terris,
300 2476 335 2506 in
350 2475 428 2506 coelo
444 2475 576 2514 divites,
594 2479 630 2506 ut
644 2476 726 2507 nibil
742 2476 904 2514 habentes,

129 2530 238 2561 omnia
252 2531 360 2561 autem
381 2529 585 2569 possidentes.
610 2529 676 2561 Hoc
695 2531 782 2561 enim
797 2531 859 2562 fuit
874 2531 908 2562 in

162 2631 258 2661 ²Aug.,
274 2630 318 2653 lib.
336 2629 463 2653 LXXXIII
478 2629 580 2660 Quem,
598 2637 622 2660 q.
637 2635 699 2660 xxi,
715 2632 753 2654 Gt.
769 2643 800 2647 —
819 2630 827 2646 ²
841 2630 907 2661 Act„

132 2673 165 2697 lv,
181 2668 225 2697 32,
240 2668 278 2690 34.
294 2679 324 2683 —
345 2665 355 2682 ³
374 2665 490 2696 Hieron,
510 2665 543 2688 ael
561 2666 725 2693 Demetrzml„
748 2666 821 2697 epist.
848 2672 905 2696 vm,

130 2702 177 2727 coi.
201 2709 235 2726 m.
257 2703 295 2726 73.
315 2715 341 2718 —
368 2702 379 2718 ⁴
401 2702 453 2725 imo
476 2701 673 2733 ambrosiaster,
687 2702 714 2726 in
734 2703 753 2726 ll
778 2703 847 2732 Com,
869 2708 905 2726 vr.

1677 209 1736 239 467

958 268 1118 308 Apostolis
1134 269 1326 310 gloriosum,
1341 272 1378 302 ut
1397 271 1465 303 sine
1484 272 1694 305 sollicitudine
1707 278 1738 306 et

958 322 1088 354 nomine
1111 324 1306 364 possidendi,
1341 335 1406 358 non
1429 326 1533 358 solum
1556 336 1593 359 ea
1608 337 1681 369 quae
1704 329 1737 359 in

959 377 1208 416 possessionibus
1232 381 1344 418 erant,
1373 380 1428 411 sed
1455 389 1566 412 eorum
1591 381 1738 413 dominos

958 430 1187 470 possiderent.»
1199 432 1273 463 IIaec
1281 433 1470 465 Ambrosius
1479 434 1500 465 ¹⁰.
1518 434 1554 465 In
1569 436 1684 476 quibus
1695 437 1740 466 in-

959 483 1077 522 sinuat,
1095 485 1181 525 quod
1206 486 1363 526 Apostolis
1379 488 1412 518 in
1433 496 1491 519 sua
1511 491 1653 528 egestate
1674 499 1740 521 ma-

959 539 1121 579 nentibus,
1148 549 1262 572 eorum
1281 542 1489 583 dispositioni,
1513 544 1618 585 quoad
1640 554 1691 576 res
1709 547 1741 577 et

959 598 1121 631 personaS‚
1152 593 1315 632 primitiva
1346 595 1397 626 illa
1427 595 1565 628 Ecclesia
1589 597 1738 636 suberat;

959 642 1042 673 hanc
1058 645 1167 675 tamen
1183 653 1294 677 rerum
1308 646 1545 688 dispositionem
1558 648 1741 680 maluerunt

960 697 1160 729 committere
1175 698 1256 738 aliis,
1270 699 1350 731 sicut
1362 700 1396 731 in
1406 702 1538 734 Actibus
1548 711 1741 743 consequen-

960 754 1007 781 ter
1024 750 1144 791 legitur
1155 755 1165 771 ¹³
1179 762 1186 783 ε
1202 753 1275 787 Non
1290 757 1336 786 est
1350 763 1477 795 (equum
1491 763 1549 788 nos
1561 757 1741 797 relinquere

960 804 1090 837 verbum
1104 806 1173 845 Dei,
1186 810 1215 839 ei
1226 808 1413 841 ministrare
1425 811 1555 842 mensis.
1574 810 1664 848 Quod
1675 812 1742 851 qui-

960 859 1033 889 dem
1045 859 1214 900 dixerunt,
1232 864 1268 892 ut
1282 862 1519 896 distractionem
1539 865 1742 896 ministrandi

961 913 1157 953 refugerent,
1175 924 1240 946 non
1260 917 1336 956 quia
1358 926 1414 957 per
1430 917 1508 949 illud
1529 918 1742 950 ministerium

961 965 1081 1006 aliquid
1105 968 1312 1008 possiderent.
1343 970 1428 1002 Unde
1447 974 1478 1003 et
1498 971 1611 1004 Petrus
1632 973 1666 1004 in
1689 983 1742 1005 ea-

962 1020 1035 1050 dem
1051 1020 1142 1059 urbe,
1160 1022 1215 1052 ubi
1229 1022 1299 1054 haec
1312 1024 1443 1064 fiebant,
1461 1025 1594 1066 pauperi
1611 1026 1745 1058 eleemo-

962 1082 1078 1113 synam
1095 1083 1115 1105 a
1136 1084 1169 1106 se
1195 1077 1315 1116 petenti
1338 1078 1501 1119 respondit
1516 1082 1526 1099 ⁶
1544 1090 1550 1111 :
1569 1080 1695 1112 Aurum
1715 1085 1746 1114 et

962 1131 1129 1167 arpentum
1139 1137 1204 1161 non
1219 1133 1266 1162 est
1276 1131 1368 1163 mihi.
1387 1131 1446 1163 Ubi
1461 1132 1585 1165 Glossa:
1599 1146 1612 1163 a
1623 1134 1744 1166 Memor

961 1180 1048 1211 illins
1061 1183 1211 1222 praecepti
1224 1194 1230 1214 :
1243 1183 1348 1216 Nolite
1361 1186 1528 1225 possidere
1544 1196 1672 1227 auram,
1689 1197 1744 1221 ne-

963 1242 1021 1273 que
1036 1238 1215 1274 arqentnm,
1233 1238 1405 1276 pecuniam
1420 1248 1494 1279 quae
1505 1240 1544 1271 ad
1557 1242 1651 1280 pedes
1665 1242 1746 1282 Apo-

962 1287 1117 1319 stolorum
1140 1291 1328 1330 ponebatur,
1352 1301 1417 1323 non
1436 1293 1496 1324 sibi
1513 1295 1744 1335 recondebant,

962 1342 1015 1372 sed
1031 1343 1068 1373 ad
1084 1353 1161 1374 usus
1177 1353 1370 1384 pauperum,
1394 1347 1450 1387 qui
1472 1357 1531 1378 sua
1553 1349 1745 1388 patrimonia

962 1395 1201 1436 reliquerunt.»
1218 1398 1306 1429 Hanc
1316 1399 1410 1430 etiam
1422 1400 1558 1432 sormam
1573 1406 1744 1443 pauperta-

962 1449 1002 1479 tis
1018 1452 1048 1480 et
1059 1450 1199 1482 Joannes
1214 1451 1419 1492 Evangelista
1438 1455 1578 1487 servavit
1591 1465 1664 1487 cum
1677 1457 1745 1488 dis-

963 1502 1076 1543 cipulis
1091 1506 1167 1543 suis,
1186 1505 1270 1536 inter
1284 1516 1365 1546 quos
1380 1507 1516 1548 duobus,
1536 1509 1590 1549 qui
1609 1520 1744 1550 magnas

963 1557 1159 1597 reliquerant
1174 1568 1260 1599 opes,
1283 1569 1348 1600 prae
1363 1561 1464 1592 nimia
1479 1566 1620 1602 egestate
1640 1567 1743 1596 tenta-

963 1611 1023 1650 tis,
1050 1611 1131 1642 sicut
1154 1613 1306 1645 scribitur
1330 1614 1361 1645 in
1389 1616 1459 1655 ejus
1480 1615 1647 1657 Legenda,
1674 1619 1742 1651 ait:

968 1664 1158 1706 «Numquid
1174 1676 1238 1697 non
1254 1667 1338 1699 valet
1354 1678 1470 1700 manus
1484 1670 1621 1710 Domini,
1646 1675 1681 1704 ut
1696 1673 1743 1704 sa-

963 1720 1024 1750 ciat
1039 1729 1148 1751 servos
1169 1730 1244 1752 suos
1269 1722 1389 1754 divitiis
1412 1724 1604 1757 affluentes?
1626 1726 1689 1758 Sed
1711 1728 1745 1759 in

962 1773 1024 1804 hoc
1039 1776 1200 1805 certamen
1215 1777 1324 1807 statuit
1339 1777 1530 1816 animarum,
1548 1782 1584 1810 ut
1598 1781 1697 1812 sciant
1711 1791 1745 1814 se

963 1831 1099 1859 aeternas
1122 1828 1288 1860 habituros
1302 1831 1438 1870 divitias,
1453 1834 1509 1872 qui
1524 1843 1582 1873 pro
1597 1835 1667 1874 ejus
1683 1845 1745 1867 no-

964 1882 1049 1912 mine
1069 1883 1259 1922 temporales
1280 1893 1355 1924 opes
1379 1885 1497 1917 habere
1523 1888 1708 1920 noluerunt.
1725 1901 1739 1918 »

962 1936 1115 1967 Eamdem
1145 1938 1340 1977 paupertatis
1373 1939 1602 1972 districtionem
1637 1942 1743 1975 Thad-

962 1990 1051 2021 daeus
1076 1992 1217 2022 servavit
1240 1991 1422 2032 Apostolus,
1439 1994 1521 2025 sicut
1543 1996 1693 2028 scribitur
1709 1998 1744 2029 in

962 2044 1066 2084 primo
1085 2044 1167 2075 libro
1190 2045 1426 2079 Ecclesiasticoe
1448 2047 1594 2081 historice
1609 2050 1632 2089 ⁷,
1657 2052 1744 2091 quod

961 2107 1036 2129 cum
1052 2101 1121 2138 post
1136 2098 1251 2130 Christi
1264 2101 1483 2132 ascensionem
1498 2103 1669 2143 Abagarus
1685 2115 1744 2136 rex

961 2156 1091 2183 sanatus
1111 2162 1130 2183 a
1146 2154 1276 2193 praefato
1293 2154 1456 2195 Apostolo,
1482 2158 1671 2198 praeciperet
1694 2160 1744 2190 ei—

962 2207 1033 2238 dem
1049 2207 1117 2238 dari
1140 2217 1258 2238 aurum
1273 2211 1302 2238 et
1319 2212 1507 2248 argentum,
1532 2211 1585 2242 ille
1609 2221 1673 2244 non
1689 2223 1742 2244 ac-

961 2261 1054 2300 cepit,
1070 2261 1178 2292 dicens
1196 2272 1202 2293 :
1224 2260 1286 2292 «Si
1310 2267 1419 2293 nostra
1439 2263 1641 2305 reliquimus,
1665 2276 1745 2307 quo-

963 2316 1056 2346 modo
1084 2316 1276 2355 accipiemus
1301 2317 1427 2348 aliena?
1443 2329 1458 2346 n
1491 2318 1553 2350 Sed
1581 2321 1743 2360 apostolus

963 2370 1083 2401 Paulus
1091 2370 1129 2401 de
1139 2379 1172 2400 se
1180 2370 1316 2401 simulet
1325 2372 1448 2402 caeteris
1463 2374 1625 2413 apostolis,
1641 2375 1685 2405 ait
1698 2375 1743 2406 ad

964 2423 1145 2456 Corinthios
1159 2426 1169 2442 ³
1185 2433 1196 2454 .·
1217 2423 1319 2464 Usque
1335 2425 1372 2456 in
1393 2425 1475 2457 hanc
1500 2427 1609 2459 horam
1626 2432 1654 2460 et
1669 2437 1741 2460 eszi-

962 2479 1065 2509 rimus
1087 2481 1115 2509 ec
1137 2478 1286 2516 sitimus,
1311 2482 1340 2510 et
1361 2479 1506 2519 colaphis
1530 2481 1696 2521 caedimur,
1715 2486 1744 2515 ec

962 2531 1129 2563 instabiles
1150 2540 1272 2563 sumus.
1294 2532 1354 2563 Ubi
1380 2534 1489 2565 Glossa
1512 2545 1518 2565 :

962 2587 1044 2617 hanc
1065 2586 1186 2625 horam,
1212 2586 1245 2617 id
1264 2589 1312 2617 est
1335 2588 1496 2619 continue.
1513 2599 1528 2617 ι)
1556 2589 1595 2620 Et
1609 2590 1685 2621 alibi
1700 2591 1744 2623 ad

965 2680 990 2683 -
1014 2666 1023 2682 5
1042 2667 1108 2696 Act„
1129 2672 1168 2696 η,
1189 2668 1212 2691 2.
1231 2680 1261 2684 —
1277 2668 1286 2684 ⁶
1301 2668 1365 2698 Act„
1384 2674 1430 2698 111,
1447 2670 1471 2692 6.
1486 2682 1517 2686 —-
1533 2669 1540 2684 ⁷
1556 2670 1660 2702 Euseb„
1676 2672 1742 2696 Hist.

963 2703 1067 2733 Eoi-les„
1082 2703 1125 2727 lib.
1142 2704 1160 2733 l,
1178 2711 1200 2727 c.
1217 2710 1274 2727 xm.
1292 2717 1318 2720 —
1341 2705 1348 2717 ⁸
1363 2705 1370 2727 1
1387 2704 1455 2735 Com,
1475 2711 1508 2736 iv,
1527 2707 1563 2731 11.

1546 2535 1679 2576 «Usque
1707 2538 1744 2569 in
1790 2564 1792 2566 .
