2029 3052
625 177 665 210 lN
688 177 879 210 REGULAM
902 177 1093 210 FRATRUM
1116 178 1314 212 MINORUM.

161 246 264 286 nium,
280 245 398 277 scilicet
413 245 570 285 moeroris,
585 246 616 277 et
631 245 753 286 gaudii.
771 245 938 286 Jejunium

163 300 310 333 moeroris
329 301 393 340 est,
419 309 483 341 quo
507 300 594 331 carni
624 299 779 340 placentia
803 300 938 337 cibaria,

162 354 268 386 studio
278 353 484 394 poenitentiae,
495 354 583 385 carni
598 354 839 386 abscinduntur.
856 354 901 395 Jej
908 364 939 385 u-

163 407 255 440 nium
269 417 346 440 vero
362 408 473 448 gaudii
488 410 544 446 est,
561 417 634 440 cum
649 408 756 449 ipsum
776 417 830 440 cor
844 407 940 439 tantis

163 464 211 492 est
224 461 395 493 inunctum
411 461 631 502 spiritualibus
645 462 776 501 deliciis,
797 464 832 494 ut
847 470 941 502 poena

164 515 205 546 sit
219 524 332 546 vacare
348 515 482 554 mensis3
499 517 530 547 et
544 518 591 547 est
606 525 662 557 per
677 525 875 556 consequens
891 515 942 547 de-

163 569 306 601 lectabile
329 570 491 610 JeJunare,
519 579 593 601 cum
614 571 792 611 jejunatur,
816 578 881 601 non
905 570 942 600 ut

165 632 280 664 corpus
295 623 470 663 affligatur,
491 623 545 655 sed
565 633 605 655 ne
621 624 748 656 devotio
766 624 940 655 interrum-

164 679 277 718 patur,
309 687 372 718 qua
405 678 534 718 spiritus
570 679 743 709 recreatur.
777 676 942 717 chunium

165 730 266 771 Moysi
280 731 440 771 significat
456 740 624 763 moerorem
640 740 698 772 pro
712 730 867 761 deletione
880 729 944 760 cul-

166 793 227 824 pae.
243 784 407 825 JeJunium
430 784 507 816 Eliae
532 785 693 825 significat
713 793 884 816 moerorem
902 783 941 823 (a)

165 847 224 878 pro
242 838 403 870 amotione
424 838 529 869 omnis
551 838 702 869 miseriae.
732 837 876 869 Primum
900 836 941 867 si-

165 893 245 930 gnat
263 892 429 932 Jejunium
450 892 708 933 quadragesimae
734 891 867 929 hiemis;
895 899 943 921 se-

166 945 308 976 cundum
320 946 427 986 signat
440 946 689 987 quadragesima
701 946 794 977 veris.
812 944 868 976 Vel
881 953 946 975 mc-

165 998 243 1038 lius,
267 999 372 1040 prima
395 1000 643 1040 quadragesima
659 1000 795 1031 refertur
817 998 854 1029 ad
875 1007 945 1038 pec-

166 1055 235 1085 cata
249 1054 410 1094 praeterita
426 1053 600 1094 expianda3
617 1053 767 1091 secunda,
782 1052 821 1083 ad
837 1053 945 1083 futura

165 1107 369 1139 imminentia
393 1107 617 1148 praecavenda.
639 1106 805 1147 Jejunium
837 1108 944 1137 autem

166 1161 281 1192 Christi
296 1161 457 1201 significat.
475 1162 520 1201 Jej
527 1161 639 1192 unium
663 1161 784 1201 gaudii,
801 1170 864 1201 quo
879 1168 946 1191 non

165 1217 291 1247 tantum
304 1225 323 1246 a
339 1215 417 1246 cibis
438 1215 628 1253 carnalibuS,
646 1215 699 1246 sed
719 1215 759 1245 ab
778 1214 866 1246 omni
881 1215 944 1245 ter-

165 1279 244 1301 rena
267 1269 474 1301 delectatione
503 1269 728 1300 delectabiliter
754 1268 943 1299 abstinetur.

166 1323 286 1355 Idcirco
301 1324 414 1354 beatus
428 1323 614 1354 Franciscus
636 1323 715 1354 duas
737 1322 944 1363 quadragesi-

160 1387 235 1409 ·mas
263 1378 476 1418 praecipiendo
505 1377 676 1417 imposuit;
710 1377 837 1408 tertiam
867 1386 946 1408 vero

168 1440 241 1463 cum
255 1431 476 1462 benedictione
490 1431 543 1462 Dei
557 1431 668 1469 suasit,
686 1431 787 1461 sciens
801 1439 872 1461 eam
888 1430 946 1461 do-

168 1485 296 1516 votione
311 1485 387 1524 sola,
406 1495 470 1516 non
483 1485 590 1526 aliqua
603 1485 763 1516 coactione
779 1484 946 1525 adimpleri

167 1539 293 1570 debere.

208 1593 290 1624 Dicit
303 1603 381 1633 ergo
405 1605 411 1624 :
437 1594 476 1626 Et
491 1593 639 1633 jejunent
662 1601 683 1624 a
703 1593 782 1632 festo
804 1593 947 1624 omnium

167 1648 373 1686 Sanctorum,
391 1655 491 1688 usque
507 1647 550 1679 ad
567 1647 780 1679 Nativitatem
803 1647 945 1678 Domini.

167 1702 319 1734 Sanctam
345 1709 418 1733 vero
450 1700 761 1741 Quadraqesimam,
795 1702 853 1731 ete.
884 1699 948 1731 Sed

168 1756 268 1787 aliam
283 1763 394 1795 nsque,
411 1757 469 1786 etc.
486 1754 566 1786 Nota
585 1754 671 1794 quod
691 1754 743 1784 hic
758 1754 897 1785 secundo
912 1754 948 1784 fit

169 1809 289 1839 mentio
303 1809 341 1839 de
362 1808 590 1846 benedictione,
614 1807 666 1838 hic
688 1808 722 1838 in
741 1807 840 1846 victu,
857 1816 949 1847 supe—

169 1863 236 1894 rius
251 1863 285 1893 in
299 1862 428 1895 vestitu.
448 1862 533 1894 Aliis
549 1866 655 1894 antem
676 1863 868 1902 temporibus
883 1870 948 1894 non

170 1920 338 1949 teneantur
350 1918 418 1949 nisi
428 1920 522 1949 seoeta
538 1917 622 1955 feria
635 1915 681 1955 fei
685 1924 796 1954 unare,
811 1916 886 1956 quia
896 1915 949 1946 illa

170 1971 219 2002 die
237 1971 339 2002 voluit
356 1971 510 2002 Dominus
524 1970 681 2010 crucifigi.
712 1970 859 2010 Tempore
875 1978 949 2002 vero

169 2026 352 2064 manifestce
362 2026 570 2063 necessitatis,
588 2024 706 2055 scilicet
721 2027 849 2064 propter
864 2024 950 2054 infir-

171 2079 313 2110 mitatem
337 2089 487 2119 gravem,
509 2078 561 2110 vel
582 2080 712 2119 propter
736 2078 890 2109 virtutem
916 2078 950 2108 in

172 2133 280 2164 labore
295 2133 470 2164 inevitabili
491 2133 569 2164 adeo
585 2132 795 2171 deficientem,
821 2132 950 2172 quando

173 2187 290 2218 scilicet
303 2187 392 2218 labor
407 2187 595 2218 incumbens
609 2187 647 2217 de
662 2187 848 2218 necessitate
860 2187 952 2217 aliter

173 2241 280 2280 perfici
293 2250 359 2271 non
381 2243 493 2281 potest,
512 2249 577 2272 non
593 2243 760 2273 teneantur
777 2241 892 2279 fratres
903 2240 952 2280 je-

168 2294 266 2333 J'zmio
281 2295 451 2334 corporali.
476 2295 524 2325 Ad
540 2295 650 2334 gaudii
665 2295 768 2334 igitur
788 2295 950 2334 jejunium

174 2347 285 2379 volens
300 2348 541 2388 omnitempore
552 2349 666 2379 fratres
678 2348 847 2388 suspirare,
858 2350 954 2388 juxta

176 2401 397 2440 evangelicam
413 2402 561 2441 regulam
575 2403 682 2433 minus
694 2402 731 2433 de
740 2402 866 2442 jejunio
880 2411 955 2433 mce-

176 2456 257 2487 roris
272 2456 450 2496 imponens,
470 2457 509 2487 ad
524 2457 635 2496 gaudii
654 2456 779 2497 jeiunia
802 2457 955 2488 informat

177 2509 211 2539 in
235 2510 458 2549 sequentibus,
480 2512 517 2541 ut
543 2510 672 2550 patebit.
700 2510 833 2542 Consztlo
855 2518 954 2543 vero:

178 2562 231 2593 hic
246 2563 354 2603 agitur
369 2564 408 2595 de
420 2564 642 2596 ordinantibus
659 2565 698 2595 ad
713 2565 956 2596 aedificationem

181 2617 421 2656 proximorum;
445 2626 503 2658 per
518 2618 686 2658 mundam,
707 2619 824 2650 scilicet
840 2619 954 2657 aforis,

212 2679 220 2695 ¹
236 2680 317 2711 Prov.,
334 2686 380 2712 ΧΠ,
398 2683 434 2705 11.
449 2695 478 2700 -
494 2682 502 2696 ⁷
516 2683 535 2705 ll
553 2682 649 2712 Maeli„
666 2688 707 2713 xv,
726 2685 762 2706 11.

1715 185 1774 214 573

997 248 1063 278 tam
1081 247 1293 287 ambulando,
1316 257 1415 288 quam
1436 248 1470 280 in
1491 249 1603 281 alienis
1626 249 1775 283 domibus

997 300 1200 341 quiescendo.
1217 301 1303 333 Circa
1320 302 1473 343 primum,
1486 303 1636 335 informat
1650 304 1776 336 itinera-

997 353 1118 385 tionem
1138 355 1176 386 ad
1197 355 1365 387 vitandum
1391 356 1530 394 malum;
1555 357 1693 389 secundo
1715 366 1775 389 ex-

998 407 1097 439 cludit
1112 409 1342 449 esluitationem
1356 434 1364 449 ,
1388 409 1432 441 ibi
1449 421 1456 441 :
1479 410 1522 443 Et
1540 418 1606 443 non
1629 410 1772 444 debeant.

999 459 1034 491 In
1058 461 1162 501 prima
1186 464 1275 502 parte
1299 463 1451 495 informat
1477 463 1713 496 itinerationem
1736 464 1776 496 ad

999 514 1167 546 vitandum
1183 516 1320 555 malum;
1344 517 1448 556 tertio,
1468 517 1508 548 ad
1529 517 1702 549 tenendum
1723 518 1778 550 ho-

997 577 1089 606 num,
1107 568 1150 599 ibi
1168 580 1174 600 ε
1190 569 1259 602 Sed
1277 571 1344 603 sint
1359 571 1461 604 mites.
1480 570 1540 603 Pro
1554 571 1658 612 primo
1676 571 1751 603 dicit
1766 583 1774 602 ε

1002 622 1136 655 Consule
1159 631 1244 662 verb,
1268 624 1307 655 ad
1331 624 1573 656 instructionem
1597 624 1775 664 rationalis3

999 685 1120 716 moneo,
1135 677 1176 709 ad
1190 677 1389 709 allectionem
1405 678 1670 720 concupiscibilis.
1689 678 1780 711 Unde

999 730 1131 771 Sapiens
1142 731 1149 748 ¹
1162 741 1170 762 :
1186 731 1247 769 Qui
1258 733 1370 764 suavis
1377 735 1432 771 est,
1443 733 1529 765 vivit
1541 733 1577 764 in
1589 732 1780 766 moderatio-

1001 785 1097 817 nibus
1123 784 1174 825 (b),
1191 786 1227 817 in
1239 786 1309 818 suis
1325 786 1556 818 monitionibus
1572 787 1607 827 (c)
1624 786 1780 827 relinquit

1000 837 1238 870 contumeliam.
1257 839 1301 870 Et
1317 838 1477 877 exhortor,
1495 838 1535 869 ad
1556 839 1781 870 excitationem

1001 890 1178 922 irascibilis.
1197 891 1243 922 lta
1264 891 1337 922 fecit
1350 891 1367 923 J
1371 892 1450 923 udas
1465 891 1678 932 Machabaeus,
1694 893 1752 934 qui
1767 893 1782 932 Γ

1001 945 1145 984 sinentes
1162 946 1301 978 armavit
1316 953 1381 978 non
1395 945 1510 986 clypei,
1528 950 1585 979 aut
1600 946 1701 979 hastoe
1715 955 1783 978 mu-

1001 999 1142 1036 nitione,
1170 999 1227 1031 sed
1251 999 1448 1031 sermonibus
1469 1001 1601 1040 optimis
1626 1003 1654 1032 et
1676 1000 1782 1034 horta-

1001 1047 1129 1085 mentis.
1163 1052 1201 1086 Uc
1231 1053 1362 1093 quando
1387 1053 1512 1086 vadunt
1530 1062 1589 1094 per
1611 1054 1780 1094 mundum,

1002 1107 1149 1147 exemplo
1173 1106 1299 1145 Christi,
1323 1110 1354 1139 et
1377 1108 1609 1148 discipulorum
1635 1117 1781 1147 suorum,

1001 1168 1067 1192 non
1083 1161 1220 1201 lumeni,
1245 1161 1339 1192 alicui
1359 1162 1523 1193 inferendo
1542 1162 1781 1194 contumeliam.

1003 1215 1109 1255 Neque
1123 1216 1331 1252 contendant,
1350 1216 1458 1247 verbis
1475 1217 1679 1256 pertinaciter
1694 1217 1783 1248 affir-

1004 1269 1120 1300 mando
1138 1270 1327 1300 sententiam
1344 1279 1453 1308 suam,
1475 1270 1526 1301 vel
1543 1270 1736 1311 judicialiter
1750 1271 1785 1301 li-

1003 1323 1146 1362 tigando.
1162 1324 1228 1357 Nec
1243 1324 1325 1356 alios
1331 1324 1495 1364 judicent,
1510 1325 1608 1356 dubia
1619 1325 1736 1356 scilicet
1749 1324 1785 1356 in

1003 1378 1146 1417 pejorem
1163 1379 1286 1417 partem
1300 1378 1551 1418 interpretando,
1568 1380 1605 1409 ut
1619 1378 1662 1409 sic
1675 1387 1782 1409 serve-

1003 1433 1057 1462 tur
1071 1431 1252 1463 innocentia
1268 1432 1418 1471 exterior,
1439 1434 1469 1463 et
1487 1432 1630 1463 interior.
1649 1431 1711 1463 Sed
1727 1441 1785 1472 pro

1004 1485 1087 1516 bono
1111 1486 1259 1524 tenendo,
1285 1486 1391 1517 subdit
1412 1495 1419 1517 ε
1447 1486 1513 1518 Sect
1533 1487 1600 1518 sint
1622 1487 1726 1525 mites,
1750 1486 1785 1517 in

1004 1539 1142 1570 cedendo
1168 1539 1450 1579 improbitatibus3
1474 1539 1627 1580 pacifici,
1651 1540 1785 1570 minori-

1003 1593 1075 1624 tatis
1091 1602 1157 1624 suee
1172 1593 1316 1624 ordinem
1330 1593 1486 1625 servando
1498 1605 1505 1632 3
1520 1597 1551 1624 et
1566 1593 1712 1632 modesti,
1730 1603 1787 1634 per

1003 1646 1202 1686 disciplinam
1218 1656 1386 1686 sensuum,
1403 1649 1433 1678 et
1448 1648 1633 1687 verborum,
1651 1649 1681 1678 et
1706 1657 1786 1688 ope-

1004 1710 1096 1738 rum3
1119 1701 1281 1732 mansueti
1295 1701 1450 1738 moribus,
1466 1710 1531 1732 non
1548 1701 1718 1741 impetuosi
1732 1712 1740 1739 ;
1759 1703 1788 1734 et

1005 1754 1153 1793 humiles,
1167 1754 1294 1785 nullum
1305 1754 1462 1785 bonorem
1474 1754 1662 1795 appetendo,
1677 1758 1707 1786 et
1721 1764 1789 1786 om-

1004 1818 1078 1839 nem
1093 1809 1231 1848 gloriam
1247 1810 1424 1840 humanam
1446 1809 1612 1848 fugiendo.
1638 1808 1702 1840 Nec
1724 1809 1787 1840 hoc

1005 1862 1132 1901 sufficit,
1150 1863 1210 1893 nisi
1233 1863 1459 1893 diffinitionem
1484 1863 1676 1894 humilitatis
1699 1864 1732 1894 in
1755 1872 1788 1894 se

1004 1915 1151 1946 studeant
1166 1916 1351 1956 adimplere,
1366 1925 1441 1956 quee
1452 1916 1523 1947 talis
1535 1917 1582 1947 est
1595 1927 1600 1946 :
1618 1915 1788 1947 Humilitas

1005 1972 1050 2000 est
1075 1970 1196 2008 virtus,
1223 1979 1287 2010 qua
1310 1970 1408 2001 homo
1432 1980 1509 2002 vera
1531 1970 1715 2010 cognitione
1737 1970 1789 2001 sui

1005 2023 1139 2063 sibiipsi
1155 2024 1320 2062 vilescens,
1338 2025 1458 2064 appetit
1474 2024 1602 2055 tractari
1620 2027 1657 2055 ut
1680 2024 1789 2064 hujus-

1007 2077 1104 2116 modi,
1121 2079 1152 2108 et
1166 2087 1230 2108 non
1242 2077 1387 2108 sublimis
1398 2078 1588 2117 gubernari.
1605 2079 1643 2108 Et
1653 2087 1711 2118 pro
1721 2087 1789 2118 spe-

1006 2131 1075 2162 ciali
1091 2132 1257 2172 disciplina
1272 2132 1357 2163 addit
1381 2143 1387 2163 :
1412 2133 1549 2164 Honeste
1575 2132 1722 2164 omnibus
1746 2132 1790 2164 lo-

1007 2188 1147 2225 quentes,
1164 2186 1249 2217 sieut
1268 2185 1365 2224 decet,
1387 2194 1517 2217 omnem
1542 2186 1660 2217 scilicet
1682 2185 1790 2216 homi-

1007 2248 1081 2270 nem
1097 2249 1155 2279 pro
1177 2239 1227 2270 sui
1250 2241 1350 2270 status
1370 2240 1475 2279 gradu
1497 2240 1684 2271 reverendo.
1714 2239 1790 2270 Haec

1008 2294 1054 2324 est
1069 2293 1251 2324 informatio
1263 2293 1488 2325 itinerationis

1050 2346 1111 2377 Sed
1126 2357 1184 2386 pro
1211 2347 1385 2378 seclusione
1408 2347 1623 2388 equitationis,
1652 2347 1758 2379 subdit
1780 2358 1786 2379 ε

1009 2403 1050 2434 Et
1064 2410 1128 2434 non
1144 2402 1276 2435 debeant
1288 2404 1439 2443 equitare.
1457 2403 1495 2433 Et
1509 2412 1565 2443 per
1577 2411 1786 2443 consequens,

1010 2466 1068 2487 nec
1090 2457 1214 2496 bigare,
1241 2460 1297 2488 aut
1320 2458 1533 2497 quadrigare,
1559 2466 1632 2497 quae
1658 2457 1790 2497 maioris

1011 2512 1086 2541 sunt
1101 2513 1266 2551 sumptus3
1295 2512 1364 2543 nisi
1387 2511 1563 2550 manifesta
1583 2511 1788 2548 necessitate,

1011 2564 1127 2604 prolixi
1141 2564 1192 2597 vel
1207 2565 1349 2604 impediti
1364 2564 1498 2602 itineris,
1514 2564 1566 2596 vel
1588 2563 1709 2603 negotii
1733 2572 1788 2594 ur-

1046 2647 1079 2678 (a)
1095 2646 1152 2677 Ley.
1168 2646 1298 2678 gaudium.
1313 2660 1344 2664 -—
1359 2646 1390 2676 (b)
1407 2646 1481 2677 Vulg.
1502 2646 1526 2669 ιἰι
1543 2646 1594 2670 vini
1610 2645 1788 2669 demorationi-

1015 2682 1067 2706 bus.
1087 2696 1113 2700 —
1130 2683 1159 2714 (c)
1178 2684 1239 2706 ltem
1254 2682 1445 2706 munitionibus.
