2029 3052
605 182 889 218 RESPONSIONtS
913 183 1086 222 QUARTAE
1110 184 1242 218 CAPUT
1266 185 1291 217 1.

134 253 283 286 dentibus
302 253 402 285 oculis
425 253 628 294 requirebam
653 254 798 284 sanctum
823 251 915 283 illum

134 311 303 340 canentem
315 308 461 346 chorum,
483 307 610 340 laudem
630 309 661 339 et
681 307 818 347 gloriam
833 306 914 338 oti'e-

133 363 278 394 rentium
293 362 370 401 Deo,
394 362 452 403 qui
470 362 503 393 in
526 362 598 402 lege
614 361 738 392 Domini
755 361 912 392 meditati--

134 419 188 449 tur
202 417 253 448 die
266 426 303 448 ac
316 418 419 460 nocte,
439 416 494 456 qui
508 416 546 447 ad
562 415 746 456 exemplum
771 416 803 446 et
826 423 913 446 com-

134 471 308 502 motionem
322 470 361 510 (a)
377 469 518 501 melioris
533 470 607 501 vitae
620 469 770 501 omnibus
786 468 913 506 vivunt,

133 523 217 564 legis
233 523 285 554 Dei
304 526 399 564 atque
416 523 583 564 Evangelii
595 524 710 555 Christi
726 523 809 554 taciti
829 531 914 563 prae-

134 577 301 608 dicatores.
334 577 370 608 In
394 578 512 618 quibus
538 579 604 619 ipse
635 586 763 618 quoque
784 577 915 608 habitus

133 631 262 671 praefert
283 631 411 663 virtutis
441 632 599 672 insignia,
621 632 783 663 hirsutum
805 633 914 672 caput,

133 684 263 716 incultis
279 687 310 716 et
321 685 528 717 horrentibus
537 686 647 724 comis,
671 685 765 726 pedes
779 685 870 723 nudi,
884 687 915 716 et

134 739 285 779 apostolis
316 739 451 778 similes,
479 739 660 770 indumenti
680 739 803 777 vilitaS,
825 748 915 770 arro-

136 793 279 832 gantiam
292 793 401 824 saeculi
419 793 667 833 superbiamque
684 793 912 833 condemnans,

135 853 214 875 zona
222 845 289 885 ipso
298 854 355 876 suo
363 845 511 885 neglectu
520 845 699 885 pretiosior,
711 854 827 885 parum
839 845 915 885 quid

135 899 287 930 cohibens
294 899 473 930 necessitati
483 899 532 940 (b).
542 909 556 928 »
569 898 613 930 Ne
622 899 722 939 igitur
730 899 857 930 nuditas
866 908 916 939 pe-

134 952 225 990 dum,
241 961 314 992 quae
330 952 368 983 de
383 962 416 983 se
431 953 583 984 afssictiva
597 956 628 983 et
642 952 840 993 despicabilis
855 955 913 990 est,

135 1007 290 1045 tanquam
305 1006 427 1037 inutilis
442 1008 473 1037 et
489 1016 633 1046 erronea,
651 1007 842 1038 detestabilis
857 1006 916 1037 ha-

135 1059 201 1091 bita
215 1059 345 1091 tollatur
366 1061 405 1092 de
422 1061 544 1100 medi0;
570 1061 687 1092 idcirco
711 1061 744 1091 in
769 1061 914 1092 medium

135 1113 194 1144 has
223 1113 354 1145 Patrum
382 1115 585 1147 auctoritates
609 1115 820 1154 adduximus,
849 1124 914 1146 non

136 1167 213 1208 quia
237 1168 448 1200 calceamenta
480 1170 679 1210 reprobanda
709 1179 912 1208 censeamus,

135 1230 195 1253 nec
218 1222 294 1263 quia
317 1223 470 1254 calceatos
493 1224 532 1255 de
560 1224 798 1264 imperfectione
822 1226 915 1255 note-

136 1285 220 1316 muS‚
240 1286 313 1308 cum
328 1280 359 1308 et
375 1279 586 1309 calceatorum
603 1281 633 1309 et
652 1279 915 1309 discalceatorum

136 1329 275 1369 habitus,
293 1333 323 1362 et
335 1331 456 1363 loculos
472 1332 659 1363 habentium
675 1334 706 1363 et
719 1341 783 1363 non
798 1332 916 1363 haben-

137 1383 218 1414 tium
236 1386 457 1424 prosessioneS,
473 1386 782 1417 considerationibus
798 1389 828 1417 et
843 1395 916 1417 cau-

137 1437 179 1468 sis
195 1438 327 1470 diversis
343 1439 476 1471 Domino
498 1440 652 1480 placeant,
676 1443 706 1471 et
728 1439 916 1470 multiformi

138 1493 277 1531 quadam
295 1493 446 1524 varietate
469 1502 619 1534 sponsam
640 1493 752 1524 Christi
776 1494 916 1524 circum-

137 1545 255 1586 datam,
270 1547 429 1586 decoram,
452 1549 623 1588 perfectam
645 1550 676 1579 et
695 1548 916 1579 admirabilem

137 1601 280 1632 reddant.

178 1654 309 1687 Frustra
323 1657 425 1696 igitur
440 1657 479 1688 ad
493 1655 721 1688 contumeliam
733 1656 778 1687 nil
794 1655 915 1687 haben-

137 1709 219 1740 tium
241 1720 431 1751 pauperum,
458 1721 538 1752 quos
562 1721 659 1751 supra
684 1711 722 1742 de
741 1711 857 1741 haeresi
881 1719 917 1741 ac

138 1763 343 1796 simulatione
356 1768 533 1803 notaverat,
550 1767 692 1796 sanctam
708 1767 844 1795 matrem
858 1764 916 1795 Ec-

138 1818 267 1849 clesiam
282 1819 375 1850 vanis
390 1822 420 1850 et
440 1819 525 1850 falsis
545 1819 737 1859 quibusdam
754 1819 915 1856 laudibus,

138 1873 228 1912 quasi
243 1873 407 1904 mendacio
423 1882 480 1904 suo
496 1873 655 1912 indigeat,
680 1882 698 1903 a
721 1873 798 1903 vitio
814 1872 917 1902 simu—

137 1923 264 1955 lationis
283 1927 426 1964 excusat,
451 1935 525 1956 cum
546 1925 778 1964 subsequenter
798 1933 916 1955 annec-

137 1978 175 2009 tit
198 1990 204 2010 :
230 1990 244 2008 a
271 1979 387 2010 Sancta
409 1989 487 2011 vero
513 1982 614 2010 mater
639 1979 790 2017 Ecclesia,
819 1988 917 2019 supra

138 2034 280 2064 montem
295 2034 411 2074 posita,
436 2034 505 2064 haec
518 2043 552 2064 se
574 2042 640 2064 non
661 2033 779 2063 habere
794 2041 859 2063 non
874 2033 917 2062 si-

139 2088 251 2127 mulat,
273 2097 338 2119 non
362 2089 438 2129 quia
462 2089 579 2120 harum
601 2097 711 2118 rerum
736 2087 915 2118 dominium

139 2142 309 2181 habeatur;
326 2143 379 2173 sed
396 2152 452 2183 pro
475 2143 575 2183 capite
591 2151 649 2172 suo
663 2141 824 2180 legatione
840 2141 914 2171 fun-

140 2205 232 2236 genS,
249 2205 301 2227 eas
314 2197 496 2227 fidelissime
511 2196 680 2236 dispensat.
695 2206 709 2224 »
729 2195 804 2225 Haec
819 2195 917 2226 verba

139 2250 250 2290 ipsius,
267 2250 299 2280 in
315 2250 432 2290 quibus
448 2250 511 2281 duo
527 2249 685 2280 contraria
700 2248 797 2279 simul
813 2248 916 2288 impli-

139 2306 199 2343 cat,
225 2314 299 2335 cum
319 2304 404 2342 dicit,
429 2304 514 2345 quod
542 2304 679 2335 Ecclesia
698 2304 767 2334 hfec
793 2312 825 2334 se
850 2313 916 2334 non

138 2358 256 2389 habere
270 2368 336 2389 non
354 2358 495 2394 simulat,
515 2360 545 2388 et
564 2360 673 2397 postea
697 2357 813 2396 subdit,
832 2358 916 2397 quod

137 2421 342 2453 nequaquam
367 2412 485 2442 harum
515 2412 693 2442 dominium
723 2411 849 2442 habeat.
883 2411 916 2442 Si

138 2466 224 2497 enim
241 2466 377 2497 ostendit
393 2465 528 2496 Ecclesia
542 2474 574 2495 se
590 2465 706 2496 habere
729 2467 759 2495 et
780 2465 850 2495 sine
872 2465 914 2495 si-

138 2520 325 2557 mulatione,
343 2519 499 2550 veraciter
515 2518 614 2557 igitur
627 2518 733 2556 habet,
751 2518 826 2558 quia
843 2528 914 2558 pos-

139 2574 219 2605 sidet
228 2575 314 2614 jure,
330 2584 366 2606 ac
387 2584 444 2615 per
459 2575 520 2605 hoc
534 2583 645 2605 rerum
660 2574 839 2605 dominium
855 2574 916 2604 sibi

139 2629 293 2659 veraciter
307 2629 465 2659 vendicat.
483 2627 625 2664 Qualiter
636 2627 737 2666 igitur
747 2627 834 2666 dicit,
850 2636 915 2660 ηοη

139 2684 217 2723 quia
233 2690 339 2713 rerum
354 2682 535 2714 dominiwn
550 2681 672 2719 habeat,
690 2682 744 2713 sert
765 2682 844 2721 quia
859 2682 913 2713 cli*

1696 187 1756 218 495

972 254 1126 293 sponsat?
1148 253 1219 285 Non
1243 253 1330 285 enim
1355 252 1491 284 dicimur
1516 252 1673 284 veraciter
1696 253 1756 284 ha-

973 308 1059 348 bere,
1076 318 1150 350 quae
1166 309 1388 350 dispensamus
1400 310 1555 350 tanquam
1571 309 1686 349 aliena,
1701 310 1756 340 sed

975 372 1048 403 quae
1063 363 1262 404 possidemus
1279 366 1433 405 tanquam
1449 365 1559 395 nostro
1575 364 1649 403 jure
1664 373 1755 394 man-

974 416 1086 456 cipata.
1105 416 1204 448 Porro
1219 418 1243 448 si
1261 417 1399 448 Ecclesia
1414 417 1552 448 ostenuit
1566 426 1617 448 res
1633 419 1756 457 tempo-

973 470 1055 501 rales
1072 470 1200 510 habere,
1224 473 1254 502 ct
1271 474 1379 503 tamen
1394 481 1458 502 non
1474 472 1580 510 habet,
1598 472 1758 502 contraria

973 523 1156 556 Manicliaeis
1173 525 1377 556 simulatione
1397 525 1530 564 laborat,
1553 525 1631 556 dum
1647 525 1690 556 illi
1713 525 1755 556 si-

973 578 1098 609 mulant
1122 588 1155 609 se
1179 588 1245 610 non
1267 579 1386 610 habere
1412 579 1496 620 quod
1523 578 1659 617 habent;
1686 579 1757 610 haec

973 633 1080 663 autem
1096 631 1225 663 simulat
1239 632 1359 663 habere
1375 632 1407 663 in
1423 633 1538 673 spccie,
1560 641 1633 673 quae
1648 634 1757 663 tamen

972 694 1038 716 non
1052 686 1146 717 habet
1163 686 1196 717 in
1211 686 1354 717 veritate.
1371 686 1401 717 Si
1418 689 1525 717 autem
1542 686 1678 718 Ecclesia
1691 695 1757 717 non

972 748 1005 770 se
1019 739 1139 771 habere
1153 740 1276 776 asserit,
1296 749 1361 771 non
1380 741 1556 771 secundum
1573 741 1754 778 veritatem,

974 795 1009 824 ut
1023 793 1108 832 dicit,
1126 794 1247 834 aliquid
1265 794 1377 833 habet,
1401 804 1466 825 non
1490 795 1608 826 habere
1630 796 1757 834 tempo-

972 847 1051 877 ralia
1077 847 1179 886 bona,
1206 857 1242 878 ac
1263 857 1318 888 per
1344 848 1405 879 hoc
1426 858 1483 880 nec
1508 849 1604 880 etiam
1623 848 1756 884 loculos,

972 902 1090 931 sanctae
1115 902 1208 931 matri
1233 901 1381 932 Ecclesiae
1406 902 1560 932 veraciter
1594 903 1756 942 competit.

973 953 1012 985 Ut
1026 955 1102 994 quid
1122 955 1224 995 igitur
1245 965 1309 986 non
1334 956 1488 987 habentes
1513 957 1643 994 loculos,
1670 959 1701 988 ct
1725 967 1758 988 se

972 1017 1038 1038 non
1065 1008 1183 1040 habere
1211 1010 1407 1049 profitentes,
1435 1012 1471 1040 ut
1499 1010 1700 1042 simulatores
1728 1013 1759 1042 et

973 1060 1140 1093 haereticos
1155 1063 1346 1094 criminatur
1359 1065 1390 1094 et
1406 1064 1558 1094 damnat?
1577 1064 1608 1094 Si
1620 1073 1707 1101 vero,
1722 1066 1759 1095 ut

972 1116 1123 1155 diximus,
1143 1120 1173 1148 et
1187 1127 1262 1149 vere
1280 1118 1387 1154 habet,
1406 1122 1436 1150 et
1460 1119 1615 1150 veraciter
1638 1119 1757 1150 habere

973 1179 1006 1201 se
1021 1171 1143 1207 asserit,
1162 1171 1239 1202 falso
1254 1172 1355 1211 igitur
1367 1173 1526 1204 bonorum
1543 1173 1689 1204 Ecclesia·¹
1704 1173 1758 1204 do-

973 1224 1112 1255 minium
1128 1225 1168 1255 ab
1184 1225 1323 1256 Ecclesia
1342 1226 1433 1265 tollIt,
1458 1229 1489 1257 ct
1510 1227 1638 1258 sibimet
1661 1227 1757 1258 etiam

973 1278 1169 1308 contradicIt.
1198 1279 1366 1319 Amplius,
1390 1280 1416 1309 si
1444 1289 1554 1310 rerum
1578 1280 1757 1311 dominium

973 1339 1038 1361 11011
1053 1332 1204 1372 competit
1220 1335 1339 1363 sanctae
1355 1332 1513 1371 Ecclesiae⁷
1533 1335 1567 1364 ut
1582 1333 1667 1372 dicit,
1685 1334 1759 1374 qui-

973 1394 1112 1426 cumque
1128 1386 1172 1417 rei
1190 1386 1327 1426 alicujus
1342 1387 1524 1417 dominium
1545 1387 1675 1425 habent,
1700 1398 1757 1419 ex-

974 1439 1053 1470 clusi
1066 1442 1139 1470 sunt
1152 1441 1191 1470 ab
1208 1441 1416 1472 ecclesiastica
1432 1442 1563 1480 unitate,
1581 1443 1666 1482 quod
1685 1444 1757 1474 abs-

974 1503 1037 1534 que
1053 1494 1150 1525 dubio
1167 1497 1287 1535 spectat
1302 1496 1339 1526 ad
1356 1496 1553 1535 impietatem
1565 1490 1758 1528 Manichaeo-

973 1557 1046 1579 rum
1063 1572 1070 1585 ‚
1095 1548 1178 1579 sicut
1201 1549 1367 1580 evidenter
1395 1551 1479 1589 patet
1504 1559 1559 1590 per
1584 1550 1757 1590 allegatam

975 1602 1125 1642 superius
1160 1603 1383 1633 auctoritatem
1431 1603 1605 1643 Augustini
1643 1611 1756 1637 contra

973 1656 1141 1689 Faustum.
1171 1656 1254 1687 Dum
1280 1657 1382 1695 igitur
1414 1656 1528 1687 Christi
1563 1659 1756 1698 pauperibus

974 1710 1227 1741 Manichaeorum
1239 1710 1435 1750 impietatem
1447 1710 1611 1751 impingit,
1626 1712 1658 1743 in
1670 1722 1754 1752 eam,

972 1773 1071 1803 quam
1086 1764 1172 1802 facit,
1188 1764 1313 1794 foveam
1330 1764 1448 1802 incidit,
1473 1767 1503 1795 et
1520 1765 1553 1795 111
1575 1765 1681 1796 lacum
1698 1766 1752 1796 dc-

974 1818 1150 1856 mergitur,
1173 1826 1269 1857 quem
1295 1817 1414 1847 effodit.
1445 1817 1534 1854 Quod
1566 1818 1592 1848 si
1616 1819 1698 1850 dicat
1722 1829 1755 1851 se

972 1879 1037 1900 non
1055 1871 1235 1909 intelligere
1255 1871 1292 1901 de
1315 1871 1489 1901 universali
1515 1871 1669 1910 Ecclesia,
1699 1874 1753 1905 sed

972 1924 1155 1964 particulari
1175 1948 1182 1961 ,
1222 1927 1328 1964 utpote
1364 1925 1503 1956 Ecclesia
1537 1926 1726 1958 clericorum
1742 1951 1751 1966 ,

972 1978 1078 2008 adhuc
1093 1978 1170 2009 false
1186 1980 1217 2009 et
1230 1978 1328 2018 impie
1349 1980 1454 2017 sentit,
1473 1979 1549 2010 dum
1565 1990 1676 2011 omnes
1692 1981 1752 2012 cle-

972 2032 1221 2063 ricoshabentes
1243 2033 1422 2073 proprium,
1449 2033 1488 2064 ab
1510 2034 1658 2066 Ecclesiae
1678 2035 1753 2066 uni-

972 2087 1034 2116 tate
1049 2086 1191 2116 secludit.
1215 2085 1425 2126 Nequaquam
1452 2087 1556 2126 igitur
1575 2089 1672 2119 asseri
1696 2099 1753 2129 po-

972 2142 1032 2171 test
1045 2140 1216 2171 Ecclesiam
1226 2141 1414 2181 temporalia
1427 2142 1614 2182 hujusmodi
1625 2144 1753 2175 univer-

972 2195 1080 2226 saliter
1104 2205 1168 2225 non
1200 2195 1336 2234 habere,
1362 2204 1420 2226 nec
1441 2197 1511 2236 ejus
1535 2198 1750 2237 contrarium,

972 2249 1091 2279 scilicet
1114 2249 1338 2279 universaliter
1359 2249 1475 2280 habere
1488 2275 1495 2288 ,
1513 2260 1585 2281 cum
1609 2252 1750 2291 quidam,

972 2303 1059 2334 salva
1076 2303 1209 2334 veritate
1225 2303 1393 2342 Evangelii
1407 2306 1437 2334 et
1458 2306 1543 2335 statu
1558 2305 1681 2344 salutis,
1700 2316 1753 2337 vc-

972 2358 1087 2388 raciter
1102 2357 1260 2394 habeant,
1274 2358 1356 2388 sicut
1370 2358 1508 2398 propria,
1527 2359 1658 2398 quidam
1672 2359 1752 2390 sicut

972 2412 1167 2449 communia,
1184 2411 1313 2451 quidam
1331 2411 1427 2442 etiam
1446 2413 1589 2452 utrisque
1610 2415 1749 2452 careant,

972 2465 1147 2496 secundum
1174 2465 1349 2505 quamdam
1379 2466 1577 2505 perfectionis
1611 2476 1750 2506 evange-

971 2520 1041 2550 lieae
1062 2520 1197 2550 sormam
1221 2520 1372 2560 superius
1393 2522 1461 2559 Jam
1478 2530 1673 2560 expressam.
1696 2520 1752 2552 Ve-

972 2583 1046 2605 rum
1061 2574 1191 2613 quidem
1208 2576 1265 2613 est,
1285 2574 1368 2614 quod
1384 2574 1513 2604 decimae
1527 2575 1556 2604 et
1575 2574 1751 2606 oblationes
1789 2570 1792 2572 v

972 2628 1106 2659 Domino
1120 2628 1287 2667 debentur,
1302 2629 1333 2658 et
1345 2629 1419 2667 jure
1433 2627 1542 2659 divino
1557 2628 1751 2668 deputantur

1006 2691 1038 2723 (a)
1052 2692 1108 2723 Leq.
1125 2691 1366 2716 commonitionem.
1376 2704 1407 2709 —-
1419 2690 1452 2723 (b)
1473 2691 1533 2715 Item
1549 2691 1673 2716 tunicam.
