2060 3052
559 212 607 244 DE
629 211 686 243 SS.
711 210 940 243 APOSTOLIS.
964 211 1098 244 SERMO
1120 211 1202 244 VlIl.
1651 217 1685 245 21

73 281 127 316 ret,
142 279 259 308 nullum
274 280 397 310 omnino
413 280 550 309 dolorem
565 279 694 314 sentiret,
710 278 783 315 quia
798 278 852 307 do-

74 327 168 356 lorem
195 335 341 364 magnum
364 328 462 364 major
484 326 640 356 delectatio
666 326 849 355 absorberet.

74 375 146 402 Nam
170 374 255 403 multi
282 374 369 404 etiam
390 374 421 402 in
441 374 498 403 hac
514 373 574 402 vita
598 373 718 402 fuerunt
741 372 850 406 Sancti,

74 421 138 457 qui,
160 423 281 459 propter
300 421 528 450 delectationem
553 421 632 449 illius
656 421 851 449 incommuta-

73 467 142 496 bilis
159 468 242 503 boni,
257 468 297 497 ita
313 476 331 496 a
351 469 487 497 sensibus
507 468 648 497 omnibus
669 467 788 496 fuerunt
802 467 853 496 ab·

73 515 182 550 stracti,
203 515 286 552 quod
306 515 381 544 nihil
401 516 527 544 exterius
546 524 602 552 pro
627 517 761 552 tempore
787 523 852 543 sen-

74 562 194 598 tiebant,
212 562 300 591 etiam
324 564 391 591 actu
412 562 518 599 puniti.
544 564 576 591 Et
595 563 668 600 quid
692 563 812 598 mirum,
828 563 852 590 si

73 609 114 638 sic
128 611 233 646 potens
251 611 293 638 est
307 609 463 638 delectatio
479 610 597 645 divina,
623 618 691 638 cum
711 610 782 638 etin
797 610 853 638 hac

73 656 133 685 vita
147 657 296 685 medicina
311 665 412 686 amara
428 657 470 685 sic
487 665 563 693 saepe
580 657 782 685 abscondatur
796 657 852 685 sub

73 703 181 732 mellea
196 704 329 738 materIa,
346 706 377 732 ut
399 706 501 739 gustus
522 712 584 732 non
607 704 751 740 percipiat
769 705 853 732 eam?

72 751 228 787 Secundo,
256 752 409 780 beatitudo
432 760 494 780 non
522 752 654 780 consistit
681 754 794 780 tantum
822 752 853 780 in

72 798 215 834 videndo,
231 799 284 827 sed
301 799 389 827 etiam
410 799 441 827 in
459 799 611 827 audiendo
626 807 777 827 summum
793 800 851 827 Ma-

72 845 205 882 gistrum.
218 845 347 874 Multum
358 845 506 874 demulcet
520 846 656 874 auditum
676 847 778 874 cantus
792 845 852 874 avi-

73 892 225 928 cularum,
250 893 378 921 multum
406 893 536 921 melodia
558 893 733 928 hominum,
758 892 853 929 pluri-

72 947 156 967 mum
178 939 337 968 harmonia
361 940 626 968 instrumentorum
652 939 851 969 musicalium.

73 989 149 1023 Ergo
172 987 244 1024 quid
260 987 346 1015 faciet
360 987 491 1016 melodia
505 989 656 1016 tantorum
670 990 852 1023 sanctorum,

73 1034 204 1062 melodia
215 1034 479 1062 innumerabilium
490 1035 678 1071 angelorum,
690 1037 718 1063 et
733 1034 854 1071 insuper

73 1081 205 1110 melodia
226 1082 409 1110 aeternalium
435 1084 651 1118 personarum?
674 1084 744 1110 ltem
767 1082 791 1109 si
813 1082 854 1110 sic

73 1129 170 1164 potest
183 1128 323 1156 delectari
338 1129 465 1158 Platonis
480 1129 605 1164 musica,
618 1129 641 1157 si
657 1129 697 1157 sic
712 1129 854 1166 eloquen-

73 1174 111 1203 tia
126 1175 343 1211 Demosthenis3
363 1176 387 1204 si
408 1177 449 1204 sic
471 1177 619 1205 rhetorica
641 1176 804 1211 CiceroniS,
830 1177 853 1204 si

73 1222 114 1250 sic
133 1222 277 1258 sapientia
298 1223 483 1259 Salomonis,
510 1232 576 1259 quae
600 1231 618 1251 a
642 1224 752 1251 finibus
772 1225 854 1251 terrae

73 1269 209 1297 homines
228 1270 265 1298 ad
278 1278 308 1298 se
324 1270 412 1298 traxit
418 1279 426 1305 3
444 1270 518 1306 quid
532 1270 587 1298 erit
602 1270 706 1298 audire
720 1270 854 1298 divinam

73 1316 259 1352 sapientiam,
276 1326 342 1353 quae
362 1317 539 1354 sapientiam
564 1317 705 1345 omnibus
729 1318 789 1345 istis
804 1317 855 1345 de-

74 1363 140 1391 dit?
169 1363 249 1392 Unde
274 1365 350 1392 etin
377 1364 474 1400 figura
499 1365 617 1393 dicebat
638 1365 741 1400 regina
766 1365 854 1399 Saba,

74 1418 140 1446 quae
154 1412 274 1439 venerat
289 1419 306 1439 a
326 1411 437 1440 finibus
452 1413 536 1439 terras
551 1411 654 1439 audire
676 1412 854 1448 sapientiam

74 1457 262 1485 Salomonis¹
278 1467 284 1486 ε
299 1467 312 1484 ι(
328 1459 404 1486 Beati
419 1458 484 1492 viri,
500 1460 528 1486 et
543 1458 622 1486 beati
639 1459 716 1486 servi
732 1459 784 1494 tui,
802 1458 854 1495 qui

75 1506 152 1532 stant
166 1513 267 1533 coram
286 1507 312 1533 te
331 1513 459 1541 semper,
483 1507 510 1532 et
531 1505 656 1533 audiunt
679 1505 854 1544 sapientiam

75 1553 166 1580 tuam.
183 1562 196 1578 η
218 1554 249 1580 Et
264 1553 347 1580 addit
364 1555 374 1570 Β
393 1563 399 1580 :
419 1563 432 1579 «
451 1555 541 1581 Verus
561 1555 603 1581 est
623 1562 738 1588 sermo,
764 1562 854 1590 quem

75 1599 177 1627 audivi
195 1599 226 1627 in
249 1601 327 1628 terra
348 1608 416 1628 mea
441 1608 530 1636 super
557 1600 702 1636 sapientia
722 1602 773 1628 tua
793 1610 799 1628 :
828 1602 856 1628 et

75 1654 136 1674 non
159 1647 319 1675 credebam
345 1647 534 1675 narrantibus
555 1647 643 1682 mihi,
669 1648 765 1675 donec
791 1648 855 1683 ipsa

75 1695 154 1730 veni,
169 1697 197 1723 et
210 1695 272 1722 vidi
288 1695 381 1723 oculis
397 1695 479 1730 meis,
494 1698 522 1723 et
541 1695 680 1731 probavi,
697 1696 780 1732 quod
795 1705 856 1724 me-

77 1743 128 1771 dia
150 1751 219 1779 pars
246 1742 319 1770 mihi
342 1751 404 1771 non
426 1743 591 1771 renuntiata
610 1743 673 1771 fuit.
698 1744 791 1780 Major
814 1747 857 1773 est

77 1790 157 1818 enim
171 1790 314 1826 sapientia
328 1792 389 1825 tua,
406 1792 434 1818 et
449 1798 541 1826 opera
557 1792 617 1825 tua,
634 1799 726 1827 quam
741 1800 855 1827 rumor,

77 1845 167 1874 quem
183 1837 294 1865 audivi.
320 1847 333 1864 »
357 1839 429 1865 Vere
445 1838 519 1865 sicut
533 1839 602 1866 tunc
617 1838 671 1866 fuit
695 1839 725 1866 in
748 1840 854 1875 figura,

77 1883 118 1912 ita
131 1892 210 1912 nunc
226 1886 268 1912 est
286 1884 316 1912 in
339 1884 486 1912 infinitum
508 1885 614 1920 majus,
639 1887 666 1913 et
689 1886 719 1913 in
734 1895 765 1914 re
780 1887 855 1923 ipsa.

77 1933 141 1959 Non
156 1931 289 1966 credunt,
302 1932 352 1967 qui
366 1931 458 1959 modo
467 1932 606 1967 audiunt,
623 1933 676 1960 sed
692 1942 760 1961 cum
774 1934 857 1962 vide-

78 1979 162 2013 bunt,
179 1980 248 2006 tunc
263 1978 487 2013 exclamabunt,
514 1979 597 2015 quod
612 1988 673 2007 non
689 1982 731 2008 est
751 1983 782 2009 ut
804 1990 856 2009 au-

80 2025 198 2053 dierunt
221 2025 252 2052 in
275 2026 498 2061 comparatione
521 2026 595 2061 ejus,
618 2027 701 2063 quod
723 2027 788 2064 ipso
811 2037 857 2056 as-

78 2074 165 2108 pectu
178 2073 332 2101 videbunt.
354 2073 381 2100 Si
407 2073 486 2100 enim
507 2075 567 2101 tam
590 2074 676 2102 dulce
700 2077 743 2102 est
768 2077 857 2103 Deum

81 2119 184 2147 audire
197 2119 227 2147 in
242 2120 296 2147 hac
311 2119 382 2154 vita,
393 2122 424 2147 ut
439 2120 510 2147 dicit
524 2121 669 2156 Propheta
684 2122 693 2138 ²³
709 2131 715 2149 :
736 2132 749 2147 (ι
764 2123 858 2156 Quam

81 2166 181 2194 dulcia
203 2166 338 2194 faucibus
362 2167 435 2194 meis
458 2167 578 2203 eloquia
597 2169 660 2196 tua!
685 2177 775 2205 super
800 2171 858 2198 mel

81 2213 125 2241 ori
140 2221 208 2240 meo
226 2222 232 2240 :
250 2224 262 2238 ι)
280 2213 354 2249 quid
369 2213 431 2249 erit,
449 2214 572 2250 quando
587 2215 702 2243 bonum
722 2217 859 2245 audietur

81 2260 112 2287 in
125 2260 300 2296 semetipso?
316 2260 343 2288 Si
361 2269 417 2296 pro
439 2263 587 2297 tempore,
609 2263 640 2290 in
662 2272 723 2299 quo
741 2273 857 2299 sumus,

82 2307 186 2344 quoin
201 2307 358 2342 aenigmate
374 2307 411 2335 de
427 2309 484 2336 Deo
505 2310 662 2344 sentimus,
686 2312 799 2347 Sponsa
815 2312 858 2339 di-

82 2355 121 2381 cit
135 2355 164 2380 ¹⁶:
186 2363 199 2380 «
214 2354 320 2381 Anima
344 2362 411 2381 mea
433 2354 591 2390 liquefacta
606 2359 657 2391 est,
678 2359 710 2385 ut
735 2358 860 2386 dilectus

82 2401 197 2429 locutus
212 2403 268 2435 est,
290 2411 303 2427 »
322 2401 477 2437 quomodo
504 2402 646 2438 liquescet
673 2413 734 2440 prae
758 2414 860 2434 amore

83 2448 192 2483 dilecti,
208 2456 275 2476 cum
294 2456 362 2476 eum
382 2448 555 2484 loquentem
575 2451 675 2478 audiet
694 2451 724 2479 in
740 2453 836 2488 seipso
848 2454 861 2480 ‘?

82 2495 186 2529 Tertio,
206 2495 256 2523 illa
271 2495 423 2523 beatitudo
440 2504 557 2523 summa
572 2505 632 2524 non
652 2498 748 2526 solum
775 2502 816 2528 est
831 2500 860 2527 in

84 2542 234 2570 audiendo
250 2542 437 2577 et.videndo;
456 2542 508 2569 sed
524 2543 607 2578 quod
631 2545 787 2579 perfectius
808 2549 858 2580 est,

119 2619 124 2632 ¹
144 2617 174 2640 ill
193 2617 261 2647 Κεφ,
277 2622 306 2647 x,
323 2618 346 2640 8.
364 2631 389 2634 -
412 2617 419 2631 ²
439 2617 512 2646 lbid.,
534 2619 585 2642 6-7.
606 2632 634 2635 —
655 2619 664 2635 ³
681 2620 861 2652 Psal.‹;xv111,

85 2654 138 2677 103.
154 2665 184 2669 —
200 2653 207 2666 ⁴
224 2652 307 2680 Cant.,
331 2659 355 2683 v,
376 2654 399 2677 6.
416 2666 444 2669 -
459 2654 467 2667 ⁵
485 2654 550 2685 Luc„
569 2660 623 2685 xrv,
641 2656 678 2679 15.
699 2669 728 2673 —
748 2657 757 2672 ‘³
776 2659 860 2687 loma,

86 2694 139 2720 xw,
160 2689 198 2712 23.
216 2702 240 2705 —
259 2689 266 2702 ⁷
281 2690 400 2720 Gregor.‚
421 2689 446 2713 in
467 2689 574 2721 Ευιιηφ,
592 2691 653 2715 hom
669 2698 735 2723 xxx,
751 2699 775 2716 n.
797 2697 817 2717 1.
833 2707 857 2710 —

907 279 995 307 etiam
1011 279 1040 308 in
1055 280 1213 316 gustando.
1225 281 1252 309 Si
1269 281 1348 310 enim
1364 281 1394 310 in
1413 281 1631 318 corporalibus,
1648 281 1690 309 sic

907 328 935 354 et
948 326 979 354 in
993 327 1196 363 spiritualibus
1210 330 1252 356 est
1267 329 1298 356 in
1312 331 1398 365 gustu
1413 337 1468 357 suo
1484 329 1576 357 modo
1592 329 1690 357 delec-

908 373 988 402 tatio.
1002 376 1074 402 Nam
1086 375 1144 403 mel
1159 383 1220 403 non
1233 376 1359 404 multum
1371 376 1498 404 delectat
1512 375 1623 409 visum3
1635 376 1688 404 sed

908 421 1032 450 delectat
1046 422 1134 450 valde
1150 423 1292 459 palatum.
1308 423 1334 451 Si
1351 431 1422 459 ergo
1437 423 1478 451 sic
1489 423 1614 451 delectat
1624 430 1690 451 cor-

907 476 1034 505 poreum
1062 471 1181 505 gustum
1205 470 1454 498 delectamentum
1479 470 1631 505 ciborum,
1662 471 1691 498 ct

907 518 1033 544 varietas
1048 524 1205 552 saporum,
1222 519 1250 545 et
1270 517 1408 545 vinorum
1424 517 1575 552 dulcium;
1593 525 1690 553 quan-

908 564 970 591 tum
986 563 1112 591 delectat
1125 563 1263 592 affectum
1283 573 1445 599 summum,
1461 564 1618 593 comedere
1633 565 1689 592 bo-

909 618 980 638 num
995 618 1104 646 panem
1118 610 1205 638 illum
1227 610 1383 644 deificum,
1407 611 1504 639 omnis
1527 611 1642 647 saporis
1662 613 1691 639 et

909 657 1077 685 dulcedinis
1088 657 1310 686 contentivum‘?
1326 659 1358 686 Et
1373 660 1531 694 propterea
1547 658 1669 686 dicitur⁵
1682 668 1688 686 ε

912 715 926 731 <t
933 707 1047 739 Beatus,
1063 705 1115 741 qui
1130 704 1291 733 manducat
1307 705 1341 741 (a)
1354 713 1463 741 panem
1478 705 1509 733 in
1523 714 1616 741 regno
1629 714 1692 734 coe-

908 753 1017 781 lorum.
1041 763 1054 778 n
1079 754 1125 780 Est
1146 760 1217 788 ergo
1240 761 1308 780 cum
1334 752 1440 780 sanctis
1462 752 1522 780 suis
1546 753 1692 789 Apostolis

908 799 1051 835 fugienda
1078 800 1209 827 humana
1234 799 1387 827 beatitudo
1396 809 1403 833 ;
1426 802 1467 827 est
1491 800 1693 836 amplexanda

909 847 1063 875 beatitudo
1078 847 1236 875 christiana
1245 856 1253 882 3
1272 846 1325 874 sed
1340 849 1382 874 est
1406 846 1607 875 desideranda
1621 847 1692 876 bea-

910 894 1005 922 titudo
1019 893 1129 922 divina.
1146 896 1306 929 Rogemus,
1323 895 1377 921 etc.

1187 974 1317 1004 SERMO
1339 974 1418 1004 Vlll.

945 1037 977 1064 Sa·
992 1038 1052 1072 quis
1067 1036 1164 1071 diliqz‘t
1186 1045 1243 1070 me,
1265 1044 1411 1064 sermonem
1431 1044 1517 1063 meum
1540 1037 1658 1063 servabit
1672 1037 1692 1064 ⁶.

910 1087 974 1113 Non
989 1092 1019 1111 se
1036 1085 1127 1111 Deum
1144 1083 1266 1119 diligere
1291 1083 1410 1118 credat,
1437 1083 1487 1119 qui
1514 1091 1583 1110 eum
1604 1082 1695 1111 corde

910 1139 988 1166 saepe
1003 1139 1065 1158 non
1080 1131 1198 1166 cogitat,
1211 1131 1261 1167 qui
1277 1139 1345 1158 eum
1359 1139 1436 1167 saepe
1446 1138 1496 1158 ore
1507 1138 1568 1158 non
1581 1130 1694 1165 laudat,

910 1178 962 1214 qui
978 1186 1068 1214 opere
1085 1178 1224 1206 mandata
1240 1178 1303 1213 ejus
1318 1186 1377 1206 non
1394 1179 1500 1205 servat.
1523 1179 1606 1212 Nam,
1622 1176 1696 1205 sicut

910 1225 980 1253 dicit
991 1226 1146 1260 Gregorius
1160 1225 1169 1240 ⁷
1187 1235 1193 1252 :
1214 1235 1227 1250 «
1243 1225 1270 1253 Si
1284 1225 1488 1260 unusquisque
1504 1227 1634 1252 vestrum
1647 1232 1694 1252 re-

910 1273 1059 1308 quiratur,
1076 1280 1114 1300 an
1131 1273 1222 1299 Deum
1238 1272 1360 1307 diligat,
1378 1272 1473 1299 libera
1487 1279 1571 1307 voce,
1589 1279 1694 1299 secura

911 1321 1008 1347 mente
1023 1319 1184 1355 respondet
1201 1328 1206 1346 :
1225 1319 1330 1354 Diligo.
1348 1329 1361 1345 »
1381 1318 1437 1346 Sed
1450 1321 1564 1346 constat
1578 1326 1693 1353 verum,

912 1366 995 1403 quod
1009 1366 1071 1402 ipse
1083 1365 1154 1393 (licit
1166 1375 1172 1393 :
1188 1375 1201 1391 κ
1217 1365 1355 1393 probatio
1367 1365 1543 1398 dilectionis,
1559 1367 1601 1393 est
1612 1365 1696 1393 exhi-

911 1414 984 1442 bitio
1001 1413 1133 1450 operis.»
1152 1415 1228 1449 Ergo
1240 1413 1264 1440 si
1280 1421 1347 1441 vere
1364 1415 1455 1441 Deum
1467 1413 1585 1448 diligas,
1596 1415 1638 1440 est
1650 1413 1696 1441 in-

912 1461 1095 1497 quirendum
1111 1469 1129 1488 a
1145 1460 1246 1494 corde,
1264 1468 1280 1488 a
1300 1460 1413 1495 lingua,
1431 1462 1459 1487 et
1477 1460 1515 1487 ab
1532 1468 1631 1496 opere.
1648 1461 1696 1488 Est

913 1509 1012 1544 utique
1028 1508 1124 1544 primo
1140 1508 1355 1542 inquirendum
1368 1516 1385 1535 a
1400 1508 1489 1535 corde
1503 1517 1510 1534 .-
1527 1508 1598 1544 quia
1611 1507 1695 1543 quod

912 1564 963 1583 cor
979 1558 1068 1590 amat,
1083 1563 1159 1591 saepe
1176 1555 1212 1582 de
1229 1563 1264 1582 eo
1282 1555 1399 1590 cogitat.
1418 1556 1498 1590 Saepe
1515 1555 1595 1582 enim
1611 1555 1694 1590 cogi-

912 1604 973 1630 tant
988 1603 1057 1630 vani
1074 1602 1110 1630 de
1126 1602 1222 1630 carnis
1238 1602 1363 1636 deliciis,
1379 1604 1407 1629 et
1426 1610 1502 1637 saepe
1518 1602 1640 1637 superbi
1657 1601 1694 1629 de

912 1649 1078 1677 eminentiis
1095 1659 1100 1677 :
1118 1657 1189 1685 ergo
1205 1652 1233 1677 et
1247 1649 1414 1685 spirituales
1428 1657 1504 1685 saepe
1521 1649 1558 1676 de
1574 1649 1693 1676 divinis.

912 1697 938 1725 Si
956 1696 1036 1724 enim
1050 1705 1127 1732 saepe
1143 1697 1180 1724 de
1195 1705 1231 1725 eo
1247 1705 1307 1724 non
1330 1697 1458 1731 cogitas,
1477 1699 1568 1723 ileum
1583 1697 1610 1723 te
1626 1704 1695 1724 vere

913 1752 1013 1772 amare
1027 1752 1088 1772 non
1103 1744 1215 1772 credas.
1242 1745 1313 1771 Item
1338 1743 1428 1771 homo
1450 1743 1579 1770 maxime
1597 1743 1634 1770 de
1659 1751 1694 1771 eo

913 1792 1032 1827 cogitat,
1050 1791 1133 1827 quod
1154 1800 1214 1827 prae
1234 1791 1344 1818 caeteris
1364 1793 1451 1818 amat.
1476 1790 1503 1818 Si
1528 1790 1564 1818 de
1581 1790 1695 1818 mundo

913 1839 1019 1874 magis,
1036 1846 1128 1874 quam
1144 1838 1180 1866 de
1195 1839 1253 1866 Deo
1270 1838 1399 1873 cogitas3
1417 1837 1565 1865 mundum
1589 1838 1695 1872 magis,

913 1894 1005 1922 quam
1022 1888 1112 1913 Deum
1129 1893 1221 1913 amas.
1239 1885 1386 1919 Secundo,
1407 1885 1430 1911 si
1456 1886 1546 1912 Deum
1571 1893 1664 1918 amas,
1680 1892 1698 1912 a

913 1934 1015 1969 lingua
1030 1933 1164 1968 requiras
1184 1942 1189 1960 :
1209 1943 1220 1957 (ι
1237 1934 1275 1959 Ex
1289 1932 1474 1959 abundantia
1487 1931 1566 1959 enim
1578 1932 1588 1948 ⁸
1599 1931 1697 1959 cordis

914 1990 947 2009 os
963 1981 1107 2017 loquitur.
1125 1990 1138 2006 n
1156 1979 1239 2014 Quia,
1259 1979 1331 2006 dicit
1345 1979 1508 2006 Richardus
1521 1980 1541 2012 ⁹,
1558 1981 1585 2006 et
1599 1979 1697 2006 Philo-

914 2029 1026 2065 sophus
1042 2029 1061 2044 ¹⁰
1078 2028 1103 2055 ei
1120 2027 1265 2055 consentit
1282 2036 1288 2054 ι
1310 2038 1322 2051 (ι
1339 2027 1420 2055 idem
1436 2026 1558 2054 omniuo
1576 2029 1617 2054 est
1631 2035 1698 2054 ver-

915 2076 988 2104 bum
1004 2076 1073 2110 oris,
1090 2077 1118 2102 et
1133 2074 1241 2102 cordis.
1260 2086 1272 2099 »
1291 2074 1404 2109 Lingua
1418 2074 1544 2101 libenter
1563 2074 1698 2101 nominat

915 2124 956 2158 id,
973 2123 1057 2159 quod
1076 2130 1127 2150 cor
1142 2124 1231 2149 amat.
1259 2123 1334 2156 Ergo
1355 2121 1405 2157 qui
1429 2122 1495 2156 plus
1522 2121 1558 2148 de
1583 2121 1697 2148 mundo

915 2170 1008 2205 l'atur,
1030 2178 1120 2206 quam
1146 2169 1182 2196 de
1210 2171 1283 2202 lieo,
1307 2168 1401 2203 magis
1425 2168 1584 2201 mundum,
1606 2176 1698 2203 quam

917 2219 1007 2245 Deum
1032 2216 1155 2251 diligere
1180 2215 1404 2250 comprobatur.
1427 2215 1534 2248 Tertio,
1561 2215 1584 2241 si
1606 2216 1698 2242 Deum

917 2264 1034 2299 diligaS,
1052 2263 1089 2290 ab
1105 2271 1195 2298 opere
1218 2264 1268 2289 tuo
1291 2261 1425 2297 requiras
1443 2271 1448 2288 :
1466 2269 1527 2288 non
1548 2262 1626 2289 enim
1643 2269 1698 2297 po-

918 2313 970 2339 test
984 2310 1060 2345 ignis
1082 2318 1144 2337 esse
1165 2310 1195 2337 in
1218 2309 1322 2344 palem,
1347 2311 1375 2336 et
1396 2316 1457 2336 non
1482 2308 1586 2336 ardere
1604 2317 1610 2335 ε
1628 2316 1698 2343 ergo

917 2366 969 2386 nec
983 2357 1059 2393 ignis
1082 2357 1200 2384 divinus
1217 2356 1246 2383 in
1266 2356 1356 2383 corde
1377 2358 1404 2382 et
1426 2363 1516 2391 opere
1536 2357 1631 2390 potest
1645 2363 1698 2382 va-

918 2413 995 2432 care.
1017 2404 1202 2440 Impossibile
1224 2412 1295 2438 ergo
1316 2405 1368 2436 est,
1385 2405 1416 2429 ut
1439 2402 1556 2438 operari
1577 2404 1698 2436 renuat,

918 2454 945 2480 et
961 2459 1071 2487 magna
1093 2459 1154 2478 non
1173 2453 1251 2485 agat,
1274 2450 1297 2477 si
1318 2449 1414 2485 plenis
1430 2449 1584 2477 affectibus
1608 2451 1700 2476 Deum

918 2500 1005 2527 amet.
1024 2499 1082 2525 Hoc
1099 2499 1150 2531 est,
1171 2497 1253 2533 quod
1272 2496 1411 2524 Dominus
1427 2496 1514 2523 dicit:
1530 2496 1561 2523 Sz'
1582 2497 1643 2530 quis
1659 2496 1700 2522 di-

918 2548 984 2580 liqit
999 2554 1050 2579 me,
1071 2546 1124 2572 etc.
1142 2546 1171 2572 ln
1195 2552 1255 2579 quo
1271 2543 1364 2571 verbo
1387 2543 1515 2570 maxime
1532 2542 1592 2570 duo
1608 2542 1676 2570 facit
1692 2551 1698 2570 ε

920 2615 929 2630 ⁸
952 2613 1054 2643 Mutila,
1077 2619 1127 2643 Χιι,
1149 2614 1187 2635 Μ,
1208 2626 1233 2628 -
1252 2612 1261 2628 ⁹
1277 2611 1406 2640 RiebanL,
1427 2610 1455 2633 (le
1477 2610 1575 2638 Τι·ιήιί’.,
1595 2612 1660 2641 part.
1681 2610 1699 2639 l,

919 2650 962 2675 lib.
981 2651 1025 2680 Vi,
1041 2657 1062 2674 c,
1080 2655 1126 2672 xii.
1145 2662 1169 2665 —-
1191 2649 1209 2664 ³⁰
1226 2648 1301 2671 Arist.

953 2697 983 2723 (a)
1005 2692 1076 2723 Vuly.
1092 2690 1265 2716 manducabit.
