2029 3052
439 224 626 257 OFFICIUM
649 225 698 256 DE
720 224 1000 257 COMPASSIONE
1023 226 1167 258 BEATAE
1188 227 1328 259 MARIAE
1349 227 1536 260 VlRGlNlS.

163 292 271 321 tundo
286 293 413 329 pectoris
429 293 509 321 fonte
523 293 694 321 manantem
716 293 753 329 (a)
773 293 958 322 abscondere
1001 325 1014 337 ·

177 348 239 368 non
252 340 385 375 valebas,
410 339 498 375 Virgo
515 339 687 375 castissima,
703 340 838 376 quando,
854 341 886 368 ut
908 340 957 376 pie

177 387 317 423 creditur,
330 387 361 415 in
376 386 531 423 amplexus
545 386 654 415 ruebas
667 386 811 415 exanimis
824 387 958 423 corporis

176 435 239 463 Filii
251 435 293 463 tui
308 434 345 462 de
360 442 446 462 cruce
461 433 600 470 depositi,
620 434 705 469 quus
724 439 814 470 genas
830 436 896 462 ante
911 434 957 462 ni-

175 483 283 517 tentes,
308 483 336 510 et
359 489 412 509 ora
436 481 604 515 rutilantia,
625 481 728 509 mortis
754 481 958 518 conspiciebas

175 528 314 566 perfundi
334 528 513 565 palloribus,
533 528 692 565 ipsumque
714 529 810 557 totum
833 536 958 556 concus-

175 585 242 605 sum
257 576 411 611 cernebas,
425 575 553 604 lividum
569 575 724 612 livoribus,
746 584 781 604 ac
805 576 958 604 concisum

175 625 299 653 vulnere
314 632 403 660 super
416 623 525 652 vulnus
540 632 546 651 :
563 623 707 652 auxiliare
721 623 819 658 nobis,
831 625 864 652 ut
877 632 958 652 nunc

175 672 216 700 sic
239 673 341 700 nostra
366 671 545 708 plangamus
566 670 716 705 facinora,
742 672 770 699 et
793 671 958 707 emplastris

175 719 355 756 poenitentiae
368 720 559 755 peccatorum
574 726 711 746 curemus
725 719 862 755 vulnera,
884 719 958 748 dum

174 775 283 803 corpu-s
292 768 429 794 nostrum
444 767 539 794 morte
555 765 748 801 deformatur,
764 767 796 794 ut
810 767 845 804 (b)
858 770 959 797 nostra

173 816 243 841 tunc
260 813 359 841 rutilet
374 813 475 841 anima
498 812 629 841 candore
647 813 832 849 innocentiae,
852 816 956 851 quate-

173 869 229 889 nus
246 860 330 896 digni
342 860 434 888 simus
448 860 506 888 frui
519 860 669 888 mellifluis
680 861 799 897 osculis,
816 863 957 890 constrin-

174 916 341 945 gamurque
363 908 508 936 amorosis
532 908 721 944 amplexibus
742 916 831 945 super
855 909 956 939 omnia

173 955 336 983 dulcissimi
354 955 418 984 Filii
435 955 475 984 tui
497 955 614 983 Domini
628 956 721 984 nostri
745 958 811 985 Jesu
831 957 935 985 Christi
946 967 954 993 3

173 1002 236 1038 qui,
250 1003 305 1031 etc.

394 1077 438 1103 AD
458 1076 728 1105 COMPLETORIUM.

208 1147 352 1175 Converte
376 1154 447 1181 nOS,
470 1148 546 1175 Deus
567 1147 712 1176 salutaris.
740 1150 769 1184 ἢ.
796 1150 830 1177 Et
857 1151 956 1178 averte

171 1193 247 1222 iram
262 1196 355 1229 tuam,
370 1195 424 1222 etc.
440 1196 526 1230 DeuS,
543 1194 573 1222 in
589 1195 772 1231 adjutorium
791 1205 892 1225 meum
911 1197 956 1225 in-

170 1240 270 1275 tende,
287 1242 339 1268 etc.

207 1290 377 1326 Antiphone.
393 1291 451 1318 Nos
465 1290 561 1319 Matris
577 1291 756 1327 compassio.

494 1373 630 1400 PSALMUS.

206 1431 372 1460 Adversum
396 1441 443 1460 me
465 1433 660 1461 susurrabant
686 1441 799 1462 omneS.
827 1435 956 1463 Verbum

169 1478 307 1515 iniquum
341 1479 565 1508 constituerunt.
604 1480 717 1508 Etenim
749 1481 842 1509 homo
873 1482 956 1517 pacis

170 1534 254 1554 meae.
275 1527 317 1554 Tu
332 1528 441 1562 autem,
459 1527 592 1562 Domine,
615 1527 764 1556 miserere.
788 1528 886 1556 Gloria
907 1530 956 1557 Pa-

167 1572 216 1610 tri,
232 1575 286 1602 etc.

206 1622 376 1657 Antiphone.
387 1622 443 1649 Nos
453 1621 550 1650 MatrIs
564 1622 743 1658 compassio,
758 1623 826 1650 Jesu
838 1624 899 1651 Rex
915 1623 955 1651 in-

170 1667 271 1703 signis,
287 1670 384 1697 servet
400 1676 417 1697 a
431 1669 574 1704 voragine
587 1669 761 1704 gehennalis
776 1670 862 1705 ignis.

499 1753 623 1781 Hymnus.

316 1812 337 1840 Ο
353 1813 481 1840 Genitflx
494 1814 626 1849 egregia,

279 1859 352 1886 Cum
366 1859 482 1888 Judaeos
493 1861 524 1888 in
536 1861 614 1889 suria

203 1920 236 1952 (a)
248 1921 319 1946 Edit.
339 1922 391 1947 Vat.
403 1924 426 1946 et
437 1923 516 1954 Luqd.
527 1925 658 1949 manente.
670 1925 741 1951 Edit.
755 1925 811 1951 Ven.
820 1928 951 1952 manante.

172 1969 202 1975 —
219 1957 250 1988 (b)
271 1958 332 1983 Coet.
350 1959 411 1983 edit.
429 1959 496 1984 deest
510 1962 546 1985 ut.

1736 230 1791 259 23¹

1120 295 1267 323 Christum
1282 295 1399 324 videres
1414 304 1532 332 capere,

1121 343 1177 370 Cor
1191 344 1276 371 tuum
1291 343 1380 380 coeplt
1393 346 1527 372 tremere.

1156 390 1221 418 Alta
1236 390 1347 418 ducens
1361 391 1499 427 suspiria,

1120 439 1161 465 Tu
1176 437 1350 473 sequebaris
1365 438 1466 473 anxia,

1121 486 1153 513 In
1166 485 1285 513 fletibus
1301 486 1479 521 exuberans,

1119 531 1164 560 Ad
1178 533 1324 568 templum
1336 541 1431 569 usque
1447 542 1623 571 properans.

1157 579 1197 607 Sit
1211 579 1319 615 honor,
1334 580 1410 616 laus,
1427 582 1481 610 etc.

1321 660 1488 696 Capitulum.

1049 724 1169 761 Sepulto
1204 723 1349 758 Domino,
1383 723 1583 760 dispersisque
1623 723 1776 761 discipulis
1786 746 1796 761 ‚

1012 771 1086 800 fides
1101 771 1277 800 universalis
1292 771 1428 800 Ecclesiae
1449 770 1547 799 solum
1560 771 1593 799 in
1611 771 1729 800 Domini
1743 772 1799 800 Ma-

1012 821 1054 847 tre
1069 820 1221 848 manebat.

1047 867 1077 903 v.
1094 869 1161 895 Post
1174 868 1302 896 mortem
1320 866 1394 902 Filii,
1411 866 1499 902 Virgo
1515 873 1584 894 cum
1598 867 1712 895 Joanne
1733 873 1800 903 per-

1010 916 1162 944 manebat.

1048 964 1078 998 ιῖ.
1093 963 1198 991 Parata
1212 970 1330 998 semper
1345 962 1385 990 ad
1400 969 1550 990 carcerem
1564 962 1593 989 et
1607 961 1644 990 ad
1658 962 1796 990 mortem.

1048 1010 1095 1038 Ad
1113 1011 1192 1039 Nunc
1208 1011 1301 1038 dimit.
1320 1009 1491 1044 Antiphone.
1508 1008 1655 1037 Passionis
1668 1009 1799 1045 gladius,

1012 1058 1100 1094 Virgo
1111 1065 1214 1085 carens
1224 1057 1357 1092 crimine,
1368 1058 1450 1085 tuam
1457 1055 1646 1092 pertransivit
1655 1056 1799 1092 animam,

1013 1105 1095 1133 omni
1115 1112 1184 1132 cum
1207 1104 1392 1140 gravamine,
1414 1103 1498 1140 quod
1520 1103 1658 1139 promisit
1679 1102 1801 1131 Simeon

1012 1153 1118 1190 plenus
1139 1160 1223 1180 sacro
1245 1151 1383 1187 flamine,
1411 1158 1480 1179 cum
1508 1150 1540 1178 in
1562 1150 1675 1187 templo
1700 1150 1797 1178 dixit:

1012 1202 1094 1228 Nunc
1107 1199 1239 1235 dimittis,
1256 1198 1389 1228 Domine.

1353 1279 1459 1307 Oratio.

1050 1344 1170 1379 Propter
1193 1342 1339 1378 singultus
1359 1343 1386 1369 et
1408 1341 1552 1377 suspiria,
1573 1340 1800 1378 indicibiliaque

1012 1391 1152 1425 lamenta,
1170 1389 1281 1426 quibus
1297 1389 1507 1425 affligebantur
1521 1388 1627 1417 intima
1636 1390 1697 1424 tua,
1710 1388 1800 1424 Virgo

1012 1438 1239 1474 gloriosissima,
1255 1437 1379 1474 quando
1390 1436 1496 1465 Filium
1507 1437 1591 1464 tuum
1601 1436 1800 1472 unigenitum,

1012 1486 1118 1514 animae
1142 1488 1195 1513 tuae
1216 1485 1368 1520 solatium,
1390 1484 1444 1512 tibi
1468 1483 1620 1512 sublatum
1641 1485 1731 1519 atque
1754 1492 1801 1512 se-

1011 1533 1129 1569 pultum
1144 1532 1280 1567 videbas,
1293 1533 1333 1560 ad
1347 1540 1403 1560 nos
1419 1532 1521 1560 exules
1535 1530 1614 1559 filios
1628 1532 1705 1566 Evae,
1720 1530 1760 1559 ad
1772 1532 1800 1559 te

1012 1581 1174 1608 clamantes
1180 1582 1208 1608 et
1215 1579 1396 1616 suspirantes
1403 1579 1433 1607 in
1439 1579 1495 1607 hac
1502 1578 1579 1606 valle
1585 1578 1799 1614 lacrymarum,

1017 1628 1084 1656 illos
1095 1630 1162 1656 tuos
1171 1627 1379 1655 misericordes
1389 1626 1494 1654 oculos
1502 1627 1652 1659 converte,
1666 1627 1800 1654 etJesum

1012 1675 1204 1704 benedictum
1220 1674 1348 1702 fructum
1368 1673 1479 1702 ventris
1499 1672 1543 1701 tui
1558 1673 1647 1701 nobis
1661 1673 1799 1709 posthoc

1012 1723 1134 1751 exilium
1149 1722 1281 1757 ostende,
1295 1722 1413 1758 tuisque
1428 1720 1660 1756 suffragantibus
1674 1719 1799 1755 meritis,

1011 1769 1215 1798 ecclesiasticis
1230 1769 1421 1798 sacramentis
1441 1768 1562 1803 muniri,
1579 1770 1606 1796 et
1628 1768 1687 1795 fine
1708 1768 1797 1797 beato

1011 1817 1223 1852 consummarI,
1243 1818 1271 1844 et
1293 1818 1402 1845 aeterno
1423 1816 1519 1844 Judici
1539 1815 1661 1844 tandem
1682 1815 1797 1843 miseri-

1011 1865 1140 1893 corditer
1154 1864 1326 1900 praesentari
1341 1873 1346 1891 :
1367 1865 1522 1900 praestante
1538 1863 1646 1892 eodem
1668 1862 1795 1891 Domino

1010 1913 1112 1940 nostro
1126 1913 1193 1940 Jesu
1208 1911 1321 1940 Christo
1342 1912 1415 1940 Filio
1435 1913 1498 1947 tuo,
1515 1911 1568 1947 qui
1588 1918 1657 1939 cum
1671 1911 1753 1939 Patre
1768 1913 1797 1939 et

1010 1959 1118 1995 Spiritu
1132 1960 1232 1988 saucto
1247 1959 1330 1993 vivit,
1345 1962 1400 1988 etc.
