2029 3052
595 210 880 246 RESPONSIONIS
901 210 1060 245 TERTIAE
1082 213 1211 247 CAPUT
1232 213 1256 247 1.
1675 221 1734 251 465

117 280 177 321 qui
189 280 338 320 seminat,
355 281 413 312 etc.
433 291 440 312 :
459 291 474 311 α
484 279 602 320 Sinos,
613 291 628 310 ι)
644 279 759 321 inquit,
777 290 792 309 α
803 279 897 312 vobis

117 343 228 366 semen
243 335 388 375 verbum,
413 343 532 376 agrum
555 334 726 371 mundum,
748 333 896 365 volucres

118 389 293 427 daemonia,
310 389 415 430 spinas
434 389 561 421 divitias
576 388 761 428 significare
775 388 895 419 dicere-

119 452 202 481 mus,
219 443 259 474 ad
274 443 467 474 credendum
490 443 581 474 nobis
598 451 689 473 mens
709 444 816 472 vestra
831 441 896 472 for-

118 497 201 528 sitan
215 497 386 528 dubitaret.
403 496 491 528 Unde
506 500 537 528 et
556 497 639 528 idem
660 496 816 528 Dominus
840 504 897 536 per

118 550 327 591 semetipsum
342 553 388 582 est
406 551 558 591 dignatus
572 559 732 591 exponere
751 559 825 590 quae
847 549 895 581 di-

117 603 218 635 cebat.
236 603 312 642 Quis
327 605 414 636 enim
430 614 576 645 unquam
592 604 673 635 mihi
693 604 845 644 crederet,
870 604 896 635 si

117 658 225 699 spinas
235 659 363 691 divitias
374 659 576 700 interpretari
587 660 783 691 voluissem?
800 659 899 690 maxi-

118 721 170 744 me
183 722 256 744 cum
271 713 334 744 illae
350 716 507 754 pungant,
525 714 596 745 istae
611 713 776 745 delectent.
794 713 833 744 Et
849 715 898 744 ta-

119 775 192 798 men
207 767 308 807 spinae
318 769 404 806 sunt,
423 767 499 807 quia
513 767 747 806 cogitationum
763 776 896 798 suarum

118 821 346 863 punctionibus
356 823 497 852 mentem
507 821 656 860 lacerant,
671 823 701 852 et
713 830 787 852 cum
796 830 897 861 usque

117 874 157 905 ad
173 875 337 913 peccatum
355 874 556 914 pertrahunt,
575 874 666 914 quasi
689 874 810 904 inflicto
825 873 898 905 vul-

118 936 194 958 nere
218 929 396 959 cruentant.
418 938 432 956 n
460 927 493 959 Si
517 928 590 968 quis
608 928 710 967 igitur
732 927 898 967 praemissa

118 981 287 1021 diligenter
307 982 463 1021 attendat,
489 981 707 1013 indubitanter
735 981 896 1020 advertet,

119 1035 203 1074 quod
219 1035 367 1075 quamvis
385 1044 499 1067 census
518 1036 693 1067 formaliter
713 1045 770 1066 seu
785 1044 896 1066 causa-

119 1087 191 1119 liter
209 1097 275 1120 non
296 1089 336 1120 sit
356 1090 390 1120 in
411 1089 522 1130 culpa,
548 1092 596 1121 est
618 1091 726 1121 tamen
749 1090 898 1130 frequens

118 1142 240 1173 occasio
255 1143 369 1183 culpae,
384 1143 588 1175 distrahendo
604 1153 622 1175 a
638 1144 745 1183 bonis,
762 1146 793 1175 et
807 1143 897 1175 incli-

119 1195 224 1226 nando
237 1196 276 1227 ad
293 1197 387 1228 mala.
408 1197 539 1238 Propter
553 1198 638 1238 quod
653 1206 728 1238 opes
746 1207 765 1228 a
787 1197 900 1229 Salva-

119 1251 187 1281 tore
213 1250 312 1290 spinis
337 1253 583 1292 comparantur,
613 1254 645 1283 et
669 1252 708 1282 ab
731 1251 899 1284 Ambrosio

119 1303 312 1336 illecebrosae
322 1305 482 1336 dicuntur.
500 1305 592 1344 Nam,
607 1306 689 1336 sicut
703 1315 744 1337 ex
759 1307 900 1346 praemis-

121 1357 163 1387 sis
176 1361 316 1398 apparet,
334 1368 407 1389 cum
422 1359 489 1390 vim
501 1359 689 1390 rationalem
705 1359 897 1399 distrahant,

119 1410 310 1443 irascibilem
328 1412 492 1451 extollant,
505 1415 535 1444 et
551 1415 833 1454 concupiscibilem
845 1423 900 1445 no-

121 1467 217 1496 stram
241 1465 385 1505 illiciant,
408 1476 473 1497 non
500 1467 605 1498 solum
631 1470 706 1498 sunt
731 1468 898 1506 illecebris,

121 1519 175 1549 sed
189 1521 220 1550 ct
232 1519 381 1559 periculis
395 1520 510 1560 plenae.
528 1520 616 1552 Unde
629 1521 845 1560 Augustinus,
863 1521 901 1553 de

120 1573 228 1612 Lapsa
243 1574 360 1606 mundi
375 1575 383 1591 ¹
402 1585 408 1606 ε
428 1586 442 1603 «
456 1574 580 1606 Divitiae
599 1575 675 1615 ipsae
691 1584 771 1615 quas
783 1575 900 1616 putatis

122 1627 230 1667 plenas
243 1637 311 1659 esse
328 1628 528 1666 deliciarum,
546 1630 703 1670 pleniores
725 1632 800 1661 sunt
822 1631 902 1670 peri-

121 1681 279 1712 culorum.
296 1693 310 1711 »
330 1681 410 1713 Cum
431 1683 540 1723 itaque
560 1683 760 1723 perfectionis
779 1683 819 1714 sit
836 1693 901 1714 nou

121 1734 224 1765 solum
240 1738 366 1775 peccata
383 1736 503 1773 vitare,
521 1746 635 1768 verum
651 1738 746 1768 etiam
762 1739 903 1777 peccato-

119 1798 195 1820 rum
210 1789 391 1820 occasiones
405 1793 436 1821 et
446 1791 605 1821 bonorum
617 1791 847 1831 impedimenta
861 1792 902 1823 ad

122 1843 216 1882 plena
229 1843 426 1881 succindere,
451 1844 575 1875 dicente
597 1844 751 1884 Gregorio
774 1846 809 1875 in
830 1846 902 1878 Μο-

121 1896 244 1928 nachus
259 1900 281 1935 ²,
301 1897 386 1936 quod
408 1911 420 1927 ιι
437 1897 523 1928 solus
538 1897 590 1928 ille
605 1899 639 1928 in
652 1898 761 1928 illicita
776 1908 840 1929 non
855 1908 903 1930 ca-

122 1949 177 1987 dit,
194 1951 252 1990 qui
269 1959 301 1981 se
316 1960 334 1981 a
348 1950 440 1981 licitis
451 1953 543 1982 caute
556 1951 733 1991 restringit,
745 1963 760 1980 »
782 1952 903 1992 liquido

122 2003 229 2042 claret,
247 2004 333 2044 quod
348 2005 497 2044 quamvis
522 2005 737 2044 possessiones
756 2009 787 2037 et
805 2016 900 2046 pecu-

123 2057 193 2087 nias
207 2057 326 2089 habere
341 2058 379 2089 de
399 2067 432 2089 se
447 2067 512 2089 non
532 2059 571 2089 sit
591 2061 769 2099 peccatum,
791 2061 845 2092 sed
859 2061 904 2091 li—

123 2111 240 2150 citum;
259 2115 305 2143 est
319 2114 429 2143 tamen
444 2122 497 2143 eas
510 2113 667 2149 abdicare,
681 2115 711 2144 et
722 2114 902 2146 voluntarie

124 2174 182 2205 pro
197 2166 322 2197 Christo
343 2166 389 2197 eis
414 2176 532 2204 carere,
554 2167 737 2207 perfectum.
760 2167 851 2205 Quod
876 2169 903 2199 si

125 2220 204 2250 forte
228 2220 299 2259 quis
323 2221 417 2259 dicat,
445 2221 642 2252 occasionem
670 2222 858 2262 hujusmodi
885 2231 904 2253 a

123 2273 354 2313 temporalibus
377 2275 472 2305 rebus
491 2275 682 2315 imperfectis
701 2276 769 2306 dari
790 2277 906 2307 menti-

123 2327 196 2365 bus,
221 2336 286 2357 non
311 2328 469 2367 perfectis,
494 2329 586 2368 quasi
615 2330 720 2369 magis
746 2333 905 2371 competat

126 2380 222 2411 statui
238 2380 498 2420 imperfectorum
513 2382 638 2412 divitias
653 2383 778 2422 fugere,
795 2385 906 2425 eisque

126 2443 244 2473 carere,
252 2434 327 2465 vitae
337 2434 353 2465 J
357 2444 413 2465 esu
421 2434 546 2474 Christi,
557 2437 689 2476 ejusque
698 2438 849 2470 doctrinae
855 2439 907 2470 ad-

126 2490 273 2519 versatur
288 2490 405 2528 aperte.
423 2488 532 2529 Neque
545 2490 630 2520 enim
646 2492 822 2522 secundum
836 2493 906 2524 haec

127 2541 372 2580 perfectissimus
387 2543 548 2574 debuisset
567 2543 708 2575 Christus
728 2554 836 2577 carere
855 2547 906 2578 di-

163 2634 167 2647 ¹
189 2635 253 2665 Aug.
265 2648 296 2653 —
307 2636 318 2652 Β
333 2637 419 2668 Greg„
432 2637 522 2662 Moral.
538 2637 582 2663 lib.
596 2639 626 2669 V,
637 2646 659 2663 c.
670 2645 707 2670 Xi,
718 2640 819 2670 al.v1¹1‚
830 2642 907 2665 n.17.

129 2682 159 2686 -
176 2670 186 2686 ³
204 2670 304 2702 Μαιι]ι.,
322 2678 384 2703 xix,
401 2675 439 2697 21.
452 2687 483 2691 -—
496 2674 505 2689 Β
522 2674 600 2704 ibid.‚
617 2681 647 2705 x,
668 2677 691 2699 9.
706 2689 737 2694 —
751 2676 760 2693 ⁶
776 2677 907 2708 Andiros„

130 2705 159 2729 cle
174 2705 254 2737 Offic„
269 2706 313 2730 lib.
333 2708 368 2739 Η,
387 2716 408 2733 c.
428 2715 491 2740 Ην,
512 2711 610 2734 n.128.
627 2724 654 2727 —
680 2711 689 2728 Β
710 2712 859 2743 Οἰ]ι“γεοει.,
883 2713 909 2737 z'n

252 2760 326 2783 TOM.
348 2762 416 2785 le.

955 280 1052 321 vitiis,
1068 291 1174 324 neque
1184 283 1245 315 hoc
1257 283 1416 316 docuisset
1428 284 1593 325 perfectos,
1605 295 1678 318 cum
1691 288 1735 318 ta-

954 343 1029 366 men
1040 336 1157 368 dixerit
1169 338 1180 355 ³
1192 348 1199 369 :
1213 338 1256 370 Sz·
1270 338 1322 370 vis
1336 339 1497 379 perfectus
1513 347 1590 378 esse,
1607 340 1691 373 vade
1704 344 1735 375 ec

954 389 1054 422 vende
1070 393 1179 424 omnia
1194 400 1265 432 quse
1277 392 1384 432 habes,
1401 395 1461 425 etc.
1475 393 1639 435 Numquid
1651 395 1735 436 Apo-

953 443 1025 474 stoli
1041 446 1169 484 perfecti
1185 455 1249 477 non
1261 449 1363 487 erant,
1381 448 1500 488 quibus
1514 448 1634 480 dictum
1645 452 1691 480 est
1702 450 1711 466 ⁴
1725 461 1732 480 :

954 497 1058 530 Nolite
1073 500 1236 538 possidere
1252 510 1369 534 aetram
1383 503 1400 534 Ρ
1412 503 1502 540 Quod
1519 503 1654 534 verbum
1674 506 1736 534 tra-

954 552 1042 582 ctans
1057 552 1247 586 Ambrosius
1266 555 1300 586 in
1314 555 1398 588 libro
1418 556 1457 589 de
1475 557 1615 596 Officiis,
1639 557 1683 588 ait
1697 560 1707 577 ⁵
1725 568 1732 588 :

959 615 973 633 «
982 605 1088 638 Nolite
1111 608 1276 647 possidere
1299 618 1415 642 aurum
1436 614 1466 644 et
1488 614 1667 652 arpentum,
1683 619 1736 643 ne-

954 666 1013 698 que
1026 662 1198 699 pecuniam
1217 673 1224 693 ε
1246 672 1310 703 qua
1325 664 1367 704 (α)
1382 664 1471 695 velut
1485 665 1562 696 falce
1576 665 1736 706 pullulan-

953 713 1018 743 tem
1041 713 1074 744 in
1096 716 1278 754 pectoribus
1301 717 1454 748 humanis
1476 718 1608 750 succidit
1626 719 1735 751 avari-

954 765 1073 797 tiam.»
1102 767 1206 809 Super
1225 771 1375 802 eumdem
1397 781 1528 813 quoque
1553 782 1735 805 sermonem

955 818 1245 860 Chrysostomus⁶z
1267 835 1282 853 «
1301 824 1370 856 Non
1395 825 1476 857 dixit
1494 836 1500 856 :
1528 825 1630 858 Nolite
1653 827 1734 858 acci-

954 879 1029 910 pere
1044 873 1210 905 vobiscum
1233 885 1368 915 aurum;
1386 877 1440 909 sed
1455 878 1480 908 si
1494 878 1625 909 aliunde
1641 878 1737 919 possi-

954 924 1018 956 bile
1043 929 1089 957 est
1111 929 1264 968 accipere,
1289 930 1391 970 fugite
1417 932 1625 971 perniciosam
1653 932 1736 963 hanc

955 979 1194 1018 aegritudinem.
1216 983 1343 1015 Etenim
1363 985 1466 1016 mulia
1480 995 1538 1026 per
1552 986 1614 1017 hoc
1629 995 1736 1018 emen-

955 1032 1059 1065 dabat.
1076 1046 1091 1064 »
1111 1035 1159 1067 Ex
1173 1036 1224 1067 his
1237 1038 1332 1069 datur
1345 1039 1493 1079 intelligi,
1508 1041 1592 1081 quod
1606 1043 1736 1081 propter

955 1086 1120 1119 vitandam
1135 1091 1333 1123 occasionem
1348 1094 1504 1133 avaritiae,
1525 1094 1586 1125 fuit
1604 1094 1737 1135 Aposto-

955 1140 994 1171 lis
1011 1141 1177 1175 interdicta
1190 1147 1337 1186 pecunia,
1350 1157 1423 1179 cum
1434 1150 1541 1180 tamen
1551 1151 1656 1180 essent
1668 1158 1737 1190 per-

955 1195 1037 1226 fecti.
1054 1195 1175 1229 Verum
1195 1200 1325 1239 quidem
1347 1204 1404 1239 est⁷
1426 1203 1510 1242 quod
1529 1212 1640 1234 sensus
1662 1212 1735 1243 per-

954 1249 1042 1280 fectis
1057 1260 1120 1282 non
1138 1254 1203 1284 tam
1222 1255 1406 1295 vehemens,
1428 1266 1487 1288 nec
1501 1259 1665 1288 tantorum
1689 1258 1737 1288 est

955 1307 1159 1344 peccatorum
1174 1310 1315 1348 occasio;
1335 1311 1388 1342 sed
1403 1312 1479 1352 quia
1500 1312 1737 1353 quantumlibet

955 1367 1056 1398 parva
1071 1361 1248 1393 intellectus
1264 1364 1435 1403 distractio,
1449 1365 1499 1397 vel
1511 1365 1625 1397 illectio
1637 1376 1734 1407 appe·

958 1412 1032 1443 titus
1043 1414 1158 1445 vitiosa
1170 1417 1331 1448 ruentibus
1342 1419 1554 1458 perfectorum
1566 1421 1606 1451 ad
1616 1417 1738 1452 aete'rna

956 1468 1119 1506 suspensis
1149 1470 1254 1509 magis
1281 1474 1328 1502 est
1349 1473 1490 1512 dissona,
1516 1484 1614 1515 quam
1638 1475 1737 1514 longe

958 1521 1061 1560 major
1083 1522 1286 1562 imperfectis,
1309 1525 1391 1556 circa
1408 1527 1550 1558 filiorum
1574 1528 1737 1559 educatio-

958 1583 1043 1613 nem,
1061 1577 1092 1605 et
1106 1585 1217 1607 curam
1232 1580 1277 1608 rei
1293 1579 1460 1611 familiaris
1472 1582 1644 1622 occupatis,
1662 1582 1737 1613 hinc

957 1628 1004 1656 est
1019 1628 1103 1667 quod
1120 1629 1258 1668 perfecta
1275 1632 1503 1672 temporalium
1523 1643 1634 1665 rerum
1651 1635 1738 1666 abdi-

958 1683 1038 1713 catio
1053 1684 1199 1723 perfectis
1220 1687 1409 1725 consulitur,
1430 1698 1496 1720 non
1522 1689 1736 1730 imperfectis,

957 1736 1019 1766 nisi
1033 1737 1132 1768 velint
1150 1748 1217 1770 esse
1232 1741 1372 1780 perfecti.
1397 1742 1478 1773 Nam
1492 1752 1565 1774 cum
1581 1744 1657 1784 ipsis
1673 1745 1738 1775 im-

958 1790 1103 1829 perfectis
1127 1793 1264 1824 sufficiat
1281 1798 1407 1835 peccata
1429 1798 1550 1837 maj0ra
1566 1798 1668 1829 vitare
1682 1808 1738 1839 per

958 1845 1184 1876 mandatorum
1200 1847 1448 1888 observantiam,
1467 1852 1611 1891 perfectis
1631 1854 1738 1884 tamen

958 1896 1107 1935 competit
1138 1897 1232 1928 etiam
1265 1901 1444 1940 superfluas
1479 1903 1688 1942 cogitationes
1720 1913 1739 1935 a

959 1951 1064 1979 mente
1079 1951 1271 1990 rescindere,
1287 1954 1368 1984 sicut
1375 1956 1406 1985 et
1415 1954 1591 1995 Gregorius
1599 1958 1738 1989 secundo

958 2001 1131 2035 Moralium
1147 2005 1247 2044 docet,
1274 2007 1484 2047 spiritualiter
1499 2011 1739 2051 exemplificans

959 2055 1174 2088 Nazareorum
1202 2059 1300 2091 ritum
1314 2084 1321 2099 ,
1359 2063 1623 2105 perfectionisque
1651 2066 1738 2105 figu-

959 2119 1028 2140 ram
1044 2113 1054 2129 ⁷
1075 2122 1081 2142 z
1110 2123 1124 2141 «
1141 2111 1328 2153 Devotione,
1355 2126 1368 2144 »
1388 2116 1504 2157 inquit,
1534 2119 1736 2159 «completa,

958 2166 1055 2204 caput
1075 2164 1234 2197 Nazareus
1256 2168 1378 2208 radere,
1404 2171 1598 2212 capillosque
1613 2173 1646 2203 in
1660 2173 1739 2213 igne

959 2219 1105 2249 sacrificii
1122 2230 1239 2259 ponere
1257 2222 1398 2261 jubetur,
1423 2225 1498 2264 quia
1521 2229 1596 2257 tunc
1611 2227 1650 2258 ad
1665 2237 1738 2267 per-

960 2272 1100 2302 fectionis
1128 2283 1289 2305 summam
1320 2277 1555 2318 pertingimus,
1592 2290 1667 2311 cum
1696 2282 1740 2313 sic

960 2326 1119 2357 exteriora
1135 2328 1213 2358 vitia
1228 2329 1399 2369 vincimus,
1416 2334 1452 2362 ut
1465 2333 1562 2364 etiarn
1578 2335 1740 2374 cogitatio-

960 2388 1017 2410 nes
1037 2381 1214 2420 superfluas
1229 2392 1248 2412 a
1264 2386 1369 2415 mente
1383 2394 1576 2419 resecemus.
1597 2389 1680 2425 Quas
1695 2390 1741 2420 ni-

961 2434 1081 2464 mirum
1099 2436 1175 2474 igne
1189 2437 1335 2468 sacrificii
1350 2448 1564 2480 concremare,
1582 2444 1628 2473 est
1646 2443 1739 2474 flam-

962 2497 1015 2518 ma
1037 2489 1140 2519 divini
1164 2491 1282 2522 amoris
1304 2492 1482 2533 incendere,
1505 2498 1541 2526 ut
1565 2498 1667 2527 totum
1687 2507 1742 2529 cor

963 2542 996 2571 in
1012 2541 1065 2573 Dei
1081 2552 1189 2574 amore
1208 2545 1328 2584 ardeat,
1346 2549 1377 2577 et
1395 2548 1606 2587 cogitationes
1630 2560 1741 2591 super-

962 2595 1044 2626 ssuas
1068 2605 1295 2639 concremans,
1321 2601 1413 2641 quasi
1438 2601 1570 2634 Nazarei
1592 2605 1741 2645 capillos,

965 2678 1295 2710 nlallh„lioiii.xxx111,al.
1309 2688 1393 2713 xxxu,
1406 2690 1431 2707 n.
1444 2684 1504 2707 4.—
1519 2684 1526 2699 ⁷
1539 2685 1627 2717 Greg„
1640 2686 1742 2717 Moral„

965 2714 1009 2738 lib.
1028 2715 1057 2744 11,
1075 2722 1097 2739 c.
1115 2721 1160 2747 L11,
1176 2716 1209 2740 al.
1225 2723 1307 2747 xxvii,
1323 2724 1348 2741 n.
1364 2720 1403 2742 84.
1421 2733 1449 2736 —
1464 2720 1496 2750 (a)
1514 2720 1555 2745 Al.
1572 2729 1632 2752 quo.

1586 2771 1624 2798 30

2020 484 2029 594 l
