2029 3052
454 459 563 503 INDEX
586 457 822 502 MATERIARUM
846 458 927 508 011AE
948 458 984 501 ΙΝ
1010 430 1108 500 ’10Μο
1134 457 1279 507 01111110
1303 457 1437 501 111101Μο

873 572 1024 605 OPERUM

196 674 468 733 SANCTI
518 674 1098 732 BONAVENTURAE
1149 673 1699 733 CONTINENTUR

136 908 296 937 Proefationis
304 909 372 939 loco,
382 915 415 934 ex
422 907 565 934 prodromo
576 908 698 940 excerpta
709 907 838 940 quaedam.

135 948 279 974 SERMONES
300 952 334 971 DE
347 946 461 971 SANCTIS
481 950 576 970 TOTIth
591 950 658 970 ANN1
674 950 702 969 IN
722 950 838 976 GENERE,

168 988 227 1008 sxvss
240 989 268 1008 1N
284 987 417 1007 connum.

136 1021 160 1044 1.
183 1020 222 1044 De
243 1018 337 1044 sanctis
356 1016 485 1050 Apostolis
509 1023 588 1042 serm.
607 1018 631 1041 1.
658 1016 756 1048 Species
771 1015 837 1047 coeli,

166 1054 251 1087 gloria
271 1053 415 1079 stellarum.

134 1093 158 1116 2.
174 1092 258 1116 Serm.
275 1091 299 1116 2.
312 1090 399 1114 Stelloe
412 1090 539 1114 manentes
552 1089 578 1113 in
593 1088 681 1113 ordine
695 1095 748 1112 suo.

133 1128 158 1152 3.
174 1128 257 1152 Serm.
274 1127 296 1151 3.
308 1125 396 1151 Stelloe
405 1126 489 1150 autem
499 1124 619 1150 dederunt
631 1124 714 1149 lumen
725 1124 751 1148 in
762 1124 840 1148 custo·

165 1163 216 1188 diis
232 1163 294 1188 suis.

134 1200 156 1225 4.
172 1200 255 1224 Serm.
273 1199 296 1224 4.
315 1197 363 1224 Vos
384 1197 473 1223 mundi
493 1198 556 1222 estis
579 1198 681 1229 propter
702 1203 838 1222 sermonem

165 1243 238 1268 quem
253 1234 349 1259 loeutus
358 1241 414 1259 sum
425 1234 503 1259 vobis.

134 1274 158 1297 5.
175 1273 258 1297 Serm.
269 1273 292 1296 5.
301 1271 374 1295 Beati
387 1270 455 1295 oculi
467 1271 512 1303 qui
525 1269 609 1294 vident
622 1277 676 1302 quoe
687 1276 728 1294 vos
737 1269 836 1294 videtis.

134 1310 159 1334 6.
169 1309 252 1333 Serm.
266 1309 289 1332 6.
303 1307 375 1331 Beati
385 1307 452 1331 oculi
468 1307 512 1339 qui
520 1307 605 1331 vident
620 1314 675 1338 quoe
686 1313 728 1330 vos
738 1305 837 1331 videtis.

135 1345 158 1370 7.
173 1345 257 1370 Serm.
280 1345 304 1368 7.
324 1344 399 1368 Beati
424 1343 514 1368 mundo
536 1342 608 1367 corde
617 1361 625 1375 ‚
648 1342 765 1374 quoniam
790 1342 839 1372 ipsi

166 1381 245 1405 Deum
260 1379 391 1405 videbunt.

134 1418 158 1441 8.
175 1417 260 1442 Serm.
276 1417 299 1441 8.
316 1416 345 1440 Si
360 1416 418 1448 quis
432 1415 519 1447 diliqit
537 1422 584 1446 nze,
600 1421 736 1439 sermonem
758 1421 838 1438 meum

165 1451 285 1477 servabit.

135 1489 158 1513 9.
175 1489 258 1514 Serm.
274 1489 297 1512 9.
314 1488 363 1512 Hoc
377 1488 414 1512 est
426 1488 577 1519 praeceptum
592 1493 687 1518 meum,
703 1488 730 1511 ut
745 1486 838 1518 diliqa-

167 1525 202 1549 tis
213 1523 328 1548 invicem.

137 1562 175 1585 10.
187 1560 270 1585 Serm.
282 1561 320 1585 10.
339 1559 384 1584 Vos
395 1560 472 1584 amici
479 1559 529 1584 mei
540 1560 610 1591 estis,
622 1559 646 1584 si
656 1559 770 1591 feceritis
782 1566 837 1591 quae

163 1596 285 1628 praecipio
298 1595 374 1621 vobis.

136 1633 175 1657 11.
188 1633 225 1656 De
241 1631 335 1656 sanctis
350 1631 518 1663 Evangelistis
532 1638 609 1656 serm.
624 1632 647 1655 1.
658 1631 768 1656 Audiam
778 1632 842 1663 quid

168 1667 286 1700 loquatur
301 1668 327 1692 in
339 1676 378 1692 me
392 1668 515 1692 Dominus
529 1668 603 1692 Deus.

136 1706 175 1730 12.
192 1705 275 1730 Serm.
290 1706 313 1729 2,
330 1704 453 1728 Dominus
468 1703 541 1728 dabit
553 1703 654 1728 verbum
669 1704 840 1736 evangelizan-

168 1741 234 1765 tibus
248 1741 341 1766 virtute
355 1740 445 1765 multa.

138 1778 176 1802 13.
191 1778 228 1801 De
244 1783 296 1802 uno
312 1777 426 1808 Martyre
446 1783 524 1801 serm.
544 1778 568 1800 1.
586 1777 683 1807 Maqna
699 1778 735 1800 est
754 1776 839 1808 yloria

167 1813 222 1845 ejus
238 1813 264 1836 in
281 1811 398 1836 Saluturi
412 1813 462 1836 tuo.

139 1850 177 1873 14.
191 1850 274 1874 Serm.
290 1849 313 1872 2.
331 1848 421 1873 Gloria
435 1849 459 1872 et
472 1847 563 1873 honore
579 1848 703 1872 coronasti
714 1849 840 1880 eum‚Do-

169 1892 244 1910 mine.

140 1923 177 1947 15.
199 1922 282 1947 Serm.
301 1924 323 1946 3.
339 1921 395 1946 Non
414 1921 583 1951 coronabitur,
598 1921 649 1944 nisi
668 1921 712 1952 qui
728 1920 843 1952 leyitinze

169 1957 314 1982 certaverit.

141 1994 178 2018 16.
199 1993 284 2018 Serm.
308 1995 330 2018 4.
353 1992 421 2017 Mihi
434 1994 518 2017 autem
535 1992 601 2017 absit
616 1992 727 2024 qloriari
746 1993 798 2017 nisi
817 1994 843 2018 in

170 2038 241 2055 cruce
254 2031 357 2055 Domini
371 2031 452 2055 nostri
468 2031 526 2055 Iesu
539 2031 647 2056 Christi.

141 2068 178 2092 17.
195 2068 277 2093 Serm.
294 2069 317 2091 ὅ.
333 2067 468 2092 Fortitudo
478 2067 584 2092 etdecor
593 2067 767 2092 indumentum
778 2067 841 2099 ejus,

141 2105 180 2129 18.
201 2104 238 2128 De
264 2103 379 2134 pluribus
403 2104 498 2128 sanctis
526 2103 682 2135 Martyrihus
712 2110 790 2128 serm.
819 2106 841 2128 1.

171 2139 259 2164 Sancti
271 2147 316 2171 per
330 2139 404 2171 fidem
418 2140 533 2164 vicerunt
546 2146 631 2170 reflua.

142 2178 180 2202 19.
205 2177 288 2201 Serm.
310 2178 335 2200 2.
350 2176 477 2208 Beatiqui
494 2176 688 2207 persecutionem
709 2176 842 2207 patiuntur

171 2215 273 2246 propter
278 2213 410 2245 justitiam
416 2233 421 2238 .

142 2251 181 2275 20.
195 2250 278 2275 Serm.
293 2251 317 2274 3.
332 2250 402 2274 Sicut
418 2249 545 2274 abundant
559 2249 690 2281 passiones
704 2249 803 2274 Christi
818 2250 843 2274 in

173 2285 252 2318 nobis,
278 2286 313 2310 ita
334 2287 358 2310 et
371 2293 416 2317 per
439 2286 568 2311 Christum
582 2285 694 2310 abundat
708 2286 844 2311 consolatio

175 2324 270 2347 nostra.

143 2360 182 2383 21.
198 2359 281 2383 Serm.
300 2359 323 2383 4.
336 2358 392 2383 Non
409 2359 467 2383 sunt
485 2358 614 2390 eondiqnae
628 2359 754 2390 passiones
770 2358 846 2390 liujus

175 2395 294 2426 temporis
307 2394 341 2419 ad
353 2395 467 2426 futuram
481 2394 601 2425 yloriam.

142 2432 182 2456 22.
199 2431 281 2455 serm.
297 2432 320 2455 5.
336 2431 403 2455 Justi
415 2431 498 2455 autem
510 2431 688 2462 inperpetuum
704 2432 795 2456 vivent.

144 2468 183 2492 23.
194 2468 230 2492 De
244 2474 295 2492 uno
310 2468 398 2491 sancto
415 2466 568 2491 Confessore
580 2473 657 2491 serm.
669 2469 690 2491 1.
702 2467 794 2492 Beatus
809 2469 847 2493 vir

175 2504 220 2535 qui
231 2503 322 2534 suffert
338 2504 507 2528 tentationem.

144 2540 183 2564 24.
201 2541 284 2565 Serm.
300 2541 324 2564 2.
339 2540 387 2570 Qui
400 2547 426 2564 se
438 2539 568 2571 humiliat,
580 2539 746 2565 eoealtabitur.

145 2578 185 2601 25.
200 2577 283 2601 Serm.
299 2577 322 2602 3.
339 2576 436 2607 Quanto
452 2576 535 2608 major
545 2583 579 2606 es,
592 2576 701 2601 humilia
718 2579 740 2602 te
755 2578 780 2602 in
792 2585 845 2602 om-

177 2611 259 2636 nibus.

146 2649 185 2673 26.
199 2649 282 2673 Serm.
301 2650 324 2673 4.
340 2649 459 2679 Deposuit
473 2650 582 2680 potentes
596 2648 626 2673 de
639 2649 704 2673 sede.

146 2685 186 2709 27.
203 2685 286 2709 serm.
302 2686 324 2709 5.
342 2685 417 2709 Orate
427 2692 473 2716 pro
488 2685 602 2716 invicem,
619 2687 646 2709 ut
656 2686 798 2711 salvemini.

147 2721 185 2745 28.
202 2721 239 2745 De
259 2720 375 2751 pluribus
397 2721 491 2746 sanctis
510 2721 705 2747 confessoribus
727 2729 804 2747 serm.
822 2726 844 2748 1.

179 2757 206 2780 In
216 2756 330 2781 omnibus
339 2757 429 2782 divites
438 2758 502 2788 facti
509 2758 569 2783 estis
579 2759 605 2783 in
618 2758 673 2783 illo.

909 915 917 933 1

895 2760 924 2784 77

972 909 1012 933 29.
1027 909 1110 933 Serm.
1126 909 1150 932 2.
1167 906 1288 932 Charitas
1302 906 1411 939 beniqna
1425 908 1470 932 est.

973 945 1010 969 30.
1030 945 1067 969 De
1092 949 1145 968 uno
1163 944 1253 968 saneto
1278 944 1390 969 Doctore
1415 950 1493 969 serm.
1522 946 1544 969 1.
1567 944 1676 976 Refulsit

1003 979 1042 1004 sol
1052 980 1078 1003 in
1089 979 1187 1011 clypeos
1202 986 1300 1003 aureos.

973 1017 1010 1041 31.
1025 1016 1109 1041 Serm.
1121 1017 1146 1039 2.
1160 1015 1255 1040 Discite
1270 1022 1285 1039 a
1301 1021 1341 1039 me
1357 1015 1417 1048 quia
1431 1016 1504 1040 mitis
1517 1023 1574 1041 sum
1588 1019 1613 1042 et
1627 1017 1677 1042 liu-

1004 1051 1076 1076 milz‘s
1088 1051 1170 1076 corde.

972 1088 1011 1112 32.
1031 1088 1067 1112 De
1082 1094 1133 1112 unu
1148 1088 1237 1112 saneta
1251 1086 1357 1118 Virgine
1376 1094 1454 1112 serm.
1474 1087 1495 1112 1.
1518 1088 1578 1113 Veni
1592 1088 1622 1114 de
1636 1089 1676 1114 Li-

1005 1123 1077 1155 bano,
1091 1124 1157 1154 veni,
1171 1122 1338 1148 coronaberis.

972 1160 1011 1184 33.
1027 1161 1110 1184 Serm.
1121 1161 1145 1184 2.
1159 1159 1344 1191 inperpetuum
1358 1161 1477 1184 coronata
1493 1161 1643 1192 triumphat.

971 1197 1010 1220 34.
1027 1198 1110 1220 Serm.
1128 1197 1152 1220 3.
1169 1195 1326 1220 Gaudeamus
1341 1196 1365 1220 et
1379 1195 1534 1227 exultemus,
1549 1197 1573 1220 et
1588 1196 1676 1221 demus

1003 1231 1112 1263 ylariam
1122 1232 1157 1256 ei.

973 1268 1011 1292 35.
1029 1270 1111 1293 Sei-m.
1128 1269 1150 1292 4.
1166 1267 1241 1298 Audi,
1257 1266 1325 1298 fitia,
1335 1268 1359 1291 et
1371 1267 1435 1298 vide,
1447 1270 1469 1291 et
1482 1267 1576 1293 inclina
1589 1275 1677 1294 aurem

1006 1305 1086 1328 tuam.

972 1342 1010 1366 36.
1026 1341 1109 1365 serm.
1126 1341 1152 1364 5.
1164 1339 1266 1371 Diffusa
1281 1340 1318 1363 est
1335 1339 1421 1371 qratia
1437 1339 1463 1363 in
1479 1339 1553 1364 labiis
1573 1341 1633 1365 tuis.

973 1378 1012 1401 37.
1031 1378 1066 1401 De
1079 1376 1156 1401 beata
1168 1382 1322 1407 semperque
1337 1375 1436 1406 virgine
1458 1375 1539 1400 Maria
1553 1383 1632 1400 serm.
1643 1378 1666 1402 1.

1004 1413 1104 1444 Suspice
1115 1412 1214 1443 coelum,
1229 1413 1253 1436 et
1267 1419 1371 1436 numera
1386 1411 1486 1442 stellas,
1500 1412 1524 1436 si
1538 1413 1615 1443 potes.

973 1450 1012 1474 38.
1028 1455 1105 1473 serm.
1120 1449 1211 1478 2.Ave,
1225 1448 1311 1479 qratia
1323 1447 1409 1478 plena,
1424 1448 1548 1472 Dominus
1564 1449 1652 1472 tecum.

973 1486 1012 1510 39.
1027 1487 1109 1510 serm.
1127 1485 1152 1509 3.
1167 1484 1229 1514 Ave,
1241 1484 1328 1515 qratia
1342 1483 1427 1515 plena.

974 1523 1012 1546 40.
1029 1522 1066 1546 De
1085 1521 1180 1545 sanctis
1204 1520 1309 1551 Angelis
1323 1527 1401 1544 serm.
1422 1522 1445 1544 1.
1465 1520 1538 1544 Misit
1558 1520 1679 1545 Dominus

1004 1557 1122 1589 anqelum
1133 1564 1217 1582 suum,
1230 1558 1254 1580 et
1266 1555 1385 1580 liberavit
1400 1562 1447 1579 me.

973 1595 1013 1619 41.
1026 1595 1109 1618 Serm.
1124 1595 1147 1617 2.
1163 1592 1255 1624 Anqeli
1270 1599 1354 1616 eorum
1370 1598 1467 1623 semper
1487 1591 1573 1616 vident
1588 1593 1679 1623 faciem

1005 1630 1100 1655 Patris.

971 1668 1013 1691 42.
1026 1667 1109 1691 Serm.
1122 1668 1147 1691 3.
1163 1666 1211 1696 Qui
1226 1665 1288 1696 facil
1303 1663 1405 1695 ciiiqelos
1419 1670 1477 1688 suos
1490 1665 1608 1696 spiritus.

974 1704 1013 1728 43.
1030 1704 1114 1727 Serm.
1130 1703 1153 1727 4.
1167 1701 1271 1733 Anqelis
1285 1701 1338 1724 suis
1356 1699 1486 1724 mandavit
1505 1700 1535 1724 de
1551 1702 1582 1725 te.

975 1741 1013 1764 44.
1029 1740 1066 1764 De
1083 1738 1249 1764 Dedicatione
1268 1737 1388 1762 Ecclesiae
1414 1744 1493 1762 serm.
1514 1740 1536 1762 1.
1561 1738 1680 1770 Sanctifi-

1005 1778 1060 1802 cavi
1075 1777 1174 1801 domum
1190 1776 1261 1807 lianc,
1280 1784 1356 1808 quani
1370 1775 1511 1807 aedificasti.

975 1816 1014 1839 45.
1038 1815 1121 1839 Serm.
1146 1815 1170 1837 2.
1196 1812 1255 1836 Victi
1269 1812 1398 1836 civitatem
1411 1813 1524 1836 sanctam
1538 1812 1678 1838 Jerusalem

1007 1857 1104 1875 novam.

977 1889 1015 1912 46.
1040 1888 1124 1912 Serm.
1145 1889 1167 1911 3.
1192 1884 1366 1916 Sanctz‘ficavit
1393 1884 1582 1909 tabernaculum
1608 1893 1680 1910 suum

1007 1923 1166 1948 Altissinzus.

977 1961 1016 1985 47.
1029 1960 1112 1985 Serm.
1128 1960 1151 1983 4.
1169 1958 1261 1982 Domus
1274 1963 1336 1986 mea,
1350 1956 1438 1981 domus
1452 1957 1575 1981 orationis
1585 1957 1680 1982 vocabi-

1010 1998 1059 2021 tur.

977 2034 1016 2057 DE
1043 2037 1163 2060 QUJNQUE
1183 2035 1393 2055 FEST1VI1·AT113US
1418 2034 1495 2054 PUERI
1509 2029 1585 2054 Jesn.
1601 2031 1681 2062 Argu-

1009 2069 1133 2092 mentum.
1152 2066 1281 2091 Praefatio.

979 2105 1063 2130 Prima
1077 2103 1235 2128 solemnitas.
1251 2103 1288 2127 De
1304 2101 1474 2132 conceptione
1489 2101 1563 2132 pueri
1576 2103 1647 2126 Jesu.

979 2141 1096 2167 Secunda
1111 2139 1269 2164 solemnitas.
1287 2140 1321 2162 De
1336 2137 1470 2162 nativitate
1488 2138 1563 2169 pueri
1577 2139 1648 2163 Jesu.

978 2177 1061 2203 Tertia
1075 2175 1231 2201 solemnitas.
1251 2175 1288 2199 De
1300 2174 1465 2205 impositione
1482 2174 1594 2198 nominis
1608 2175 1680 2205 pueri

1010 2215 1080 2239 Jesu.

979 2252 1074 2280 Quarta
1088 2249 1247 2274 solemnitas.
1264 2249 1300 2272 De
1318 2253 1456 2278 magorum
1474 2246 1633 2271 adoratione.

979 2287 1073 2316 Quinta
1096 2284 1254 2310 solemnitas.
1279 2285 1314 2308 De
1333 2282 1536 2314 praesentatione
1550 2283 1622 2314 pueri
1638 2283 1680 2308 Je-

1010 2330 1040 2347 su
1054 2322 1081 2346 in
1092 2320 1228 2352 templum.

980 2361 1076 2385 PASSIO
1099 2359 1206 2382 Gnmsr1
1231 2361 1358 2381 BREVlTER
1377 2360 1511 2380 COLLECTA
1534 2361 1568 2380 An
1586 2361 1679 2381 nomm

1011 2398 1256 2420 FASCICULORUM.—
1268 2393 1494 2423 Argumentun].-
1504 2392 1572 2422 Opus
1586 2391 1681 2422 ipsum.

980 2432 1080 2457 Primus
1094 2429 1235 2460 fasciculus,
1252 2428 1381 2453 dominica
1399 2427 1449 2458 die,
1465 2427 1496 2452 de
1519 2427 1635 2452 oratione
1654 2428 1681 2452 in

1011 2469 1086 2493 horto
1105 2469 1130 2492 et
1144 2466 1273 2497 captione.

981 2504 1125 2530 Fasciculus
1149 2502 1293 2532 secundus,
1309 2501 1341 2525 (le
1359 2499 1476 2524 illusione
1499 2507 1588 2525 coram
1607 2501 1682 2525 Anna

1013 2543 1038 2566 et
1052 2540 1163 2571 caipha,
1179 2541 1204 2563 et
1224 2537 1362 2569 negatione
1385 2536 1462 2561 Petri.
1484 2550 1515 2555 ——
1536 2537 1681 2561 Fasciculus

1013 2577 1111 2606 tertius,
1126 2576 1157 2600 de
1173 2574 1340 2599 coronatione
1358 2574 1383 2597 et
1397 2572 1572 2598 crucifixione.
1589 2586 1619 2591 --
1633 2574 1680 2597 Fa-

1013 2613 1122 2638 sciculus
1145 2613 1258 2643 quartus,
1284 2610 1315 2634 de
1329 2609 1368 2633 his
1386 2615 1443 2640 quae
1460 2609 1528 2634 facta
1543 2610 1601 2634 sunt
1619 2610 1680 2634 dum

1012 2649 1128 2675 Christus
1149 2648 1272 2680 penderet
1294 2646 1319 2670 in
1335 2652 1429 2676 cruce,
1445 2646 1470 2670 et
1491 2646 1522 2670 de
1544 2646 1681 2671 emissione

1012 2686 1124 2717 spiritus.

981 2722 1125 2748 Fasciculus
1140 2720 1252 2752 quintus,
1268 2719 1299 2743 de
1311 2718 1350 2742 his
1368 2724 1426 2749 quae
1440 2717 1506 2741 facta
1520 2719 1592 2749 sunt,
1609 2718 1681 2743 Chri-

1012 2760 1051 2783 sto
1068 2757 1197 2789 pendente
1212 2756 1238 2781 in
1254 2761 1339 2786 cruce,
1353 2755 1411 2785 post
1425 2754 1545 2780 mortem.
1557 2767 1587 2773 -
1597 2754 1683 2780 Fasci-

1724 912 1754 935 80

1724 984 1754 1007 83

1725 1055 1754 1079 86

1725 1127 1753 1150 91

1724 1162 1754 1186 93

1725 1236 1755 1258 97

1726 1307 1755 1330 98

1712 1342 1751 1366 101

1713 1415 1756 1439 106

1712 1451 1756 1473 110

1714 1487 1756 1510 113

1712 1558 1756 1582 116

1714 1630 1756 1654 118

1712 1666 1756 1690 120

1712 1702 1756 1726 123

1712 1778 1757 1802 214

1712 1850 1757 1875 130

1712 1923 1757 1947 132

1713 1996 1757 2020 136

1715 2068 1758 2091 139

1715 2105 1757 2127 140

1715 2141 1758 2163 142

1714 2213 1756 2236 144

1713 2249 1757 2271 145

1714 2320 1758 2344 149

1715 2465 1756 2488 151

1715 2684 1766 2720 152,
