2029 3052
219 224 279 254 316

218 290 307 322 tione
315 291 582 332 appropriationis
593 292 646 325 vel
660 291 916 333 sumptuositatis
929 300 1002 324 con-

219 343 356 376 trarium
362 346 446 377 esset
451 345 651 386 evangelicae
658 345 849 387 paupertati.
857 345 947 378 Hanc
951 346 1002 378 sui

219 398 345 430 dioebat
363 399 486 432 ordinis
493 399 751 439 fundamentum,
762 400 826 439 cui,
840 400 1002 432 substrato

219 453 382 494 primarie,
398 453 443 486 sic
450 454 557 486 omnis
567 455 729 486 structura
735 454 905 495 religionis
914 454 1001 486 inni-

220 506 311 546 titur,
321 507 463 548 utipsius
472 507 623 540 firmitate
630 508 791 547 firmetur,
799 510 830 540 et
835 509 1003 540 eversione

220 560 364 592 funditus
387 563 561 593 evertatur.
587 561 722 594 Docebat
743 562 894 603 proinde,
921 562 1003 594 sicut

220 614 415 647 revelatione
425 614 588 653 didicerat,
598 624 696 648 sacrae
705 616 873 656 religionis
882 616 1005 657 ingres-

220 678 295 701 sum
305 670 346 701 ab
358 669 412 702 illo
423 670 489 702 fore
498 670 714 702 inchoandum
729 671 918 712 evangelico
933 680 1004 703 ver-

221 723 286 755 b0¹
302 723 368 756 :Si
383 724 435 756 vis
457 724 616 764 perfectus
633 733 712 763 esse,
734 725 827 763 vade,
848 728 878 758 et
901 724 1003 758 vende

223 777 345 816 omnia,
353 777 536 818 quoehabes‚
547 781 577 812 et
587 778 632 811 da
641 778 852 820 pauperibus.
866 778 1005 820 Ideoque

222 831 352 863 nonnisi
369 832 601 872 expropriatOS,
625 835 657 864 et
681 832 762 864 nihil
783 833 910 873 penitus
926 833 1002 864 reti-

221 887 334 917 nentes
350 885 537 918 admittebat
558 886 597 917 ad
612 887 768 925 ordinem,
785 888 855 918 tum
876 889 1005 928 propter

221 939 358 971 verbum
382 940 482 971 sancti
506 939 685 980 Evangelii,
704 943 774 972 tum
789 941 885 972 etiam
900 950 940 972 ne
954 941 1004 972 fo-

221 995 295 1025 rent
308 993 342 1024 in
357 993 544 1024 scandalum
563 993 658 1025 loculi
679 995 844 1026 reservati.
868 994 958 1026 Unde
972 994 1005 1025 in

224 1046 364 1079 Marchia
378 1048 600 1079 Anchonitana
621 1048 747 1080 cuidam
763 1048 881 1089 petenti
897 1048 936 1080 ad
952 1057 1007 1079 or-

223 1101 330 1133 dinem
341 1102 452 1142 recipi,
468 1111 564 1134 verus
575 1111 753 1144 pauperum
764 1102 945 1143 patriarcha
958 1111 1007 1133 re-

224 1155 374 1197 spondit:
401 1155 434 1187 Si
459 1156 506 1188 vis
535 1156 648 1187 Christi
675 1155 980 1197 pauperibusjungi
996 1180 1005 1194 ,

225 1209 421 1251 pauperibus
445 1212 500 1241 tua
521 1209 686 1241 distribue.
711 1210 780 1248 Quo
795 1210 915 1248 audito,
934 1219 1006 1250 per-

225 1262 309 1294 rexit
332 1262 441 1302 homo,
471 1265 501 1294 et
522 1263 638 1294 ductus
668 1272 776 1294 amore
800 1263 932 1302 carnali,
949 1273 1007 1294 sua

225 1317 293 1348 suis
318 1316 468 1357 reliquit,
504 1317 614 1358 nilque
649 1318 854 1358 pauperibus
885 1317 1006 1349 Verum

226 1379 300 1402 cum
316 1370 389 1409 hoc,
408 1370 462 1402 illo
476 1371 643 1409 referente,
656 1371 708 1402 vir
718 1374 846 1403 sanctus
856 1372 1007 1411 audisset,

226 1425 309 1456 dura
322 1434 397 1456 eum
418 1425 634 1466 increpatione
650 1427 776 1465 feriens,
801 1427 881 1458 dixit
898 1436 906 1458 ι
923 1427 1009 1459 Vade

226 1479 314 1511 viam
330 1482 430 1519 tuam,
447 1480 544 1512 frater
559 1490 680 1519 musca,
694 1482 848 1522 quoniam
864 1482 1008 1513 nondum

227 1534 322 1566 existi
344 1536 382 1566 de
403 1535 499 1566 domo
519 1538 549 1567 et
572 1537 762 1575 cognatione
778 1539 844 1567 tua.
863 1537 1008 1568 Consan-

229 1589 357 1628 guineis
376 1589 440 1620 tuis
459 1592 515 1620 tua
531 1589 656 1628 dedisti,
673 1592 704 1621 et
718 1590 910 1621 defraudasti
929 1600 1009 1630 pau-

228 1652 319 1683 peres
344 1654 350 1674 :
373 1643 493 1682 dignus
514 1653 579 1674 nou
601 1654 634 1675 es
659 1645 856 1684 paupvribus
879 1645 1008 1676 sanctis.

231 1697 390 1737 lncoepisti
411 1707 428 1728 a
449 1707 561 1736 carne,
579 1698 748 1728 ruinosum
766 1698 1012 1729 fundamentum

228 1750 387 1790 spirituali
403 1750 531 1782 sabricae
551 1751 722 1782 collocasti.
746 1752 848 1782 Rediit
865 1752 1013 1783 animalis

228 1803 326 1834 honio
345 1803 383 1834 ad
404 1813 490 1842 sum,
516 1809 546 1835 ct
571 1805 699 1845 repetiit
714 1815 787 1844 sua,
803 1816 875 1846 qum
893 1816 1011 1846 paupe-

229 1857 318 1888 ribus
334 1857 517 1898 relinquere
531 1859 653 1897 nolens,
668 1859 797 1890 virtutis
814 1861 1012 1900 propositum

230 1911 325 1943 citius
338 1912 517 1952 dereliquit.
529 1913 600 1943 Alio
610 1923 739 1953 quoque
748 1916 888 1954 tempore
896 1924 968 1945 cum
982 1915 1014 1946 in

233 1965 300 1996 loco
312 1965 435 1997 Sancta:
454 1966 561 1997 Mariae
574 1967 612 1997 de
623 1967 828 1997 l‘ortiuncula
841 1971 926 1998 tanta
936 1971 1018 1999 essot

234 2020 352 2059 inopia,
369 2020 452 2059 quod
471 2030 534 2051 uon
553 2024 659 2060 posset
675 2021 852 2061 hospitibus
868 2022 1018 2053 fratribus

234 2074 538 2114 supervenientibus
555 2075 730 2105 secuudum
744 2075 940 2106 necessitatis
954 2077 1019 2107 exi—

235 2128 378 2167 gentiam
396 2128 570 2168 provideri,
591 2129 668 2159 adiit
693 2129 799 2160 virum
812 2129 863 2159 Dei
880 2129 1019 2161 vicarius

235 2190 325 2219 suus,
351 2182 496 2221 allegans
515 2183 682 2222 penuriam
700 2184 846 2221 fratrum,
864 2186 892 2213 et
912 2188 1021 2224 petens

238 2237 274 2266 ut
297 2235 486 2267 intrantium
503 2237 702 2268 novitiorum
716 2247 765 2268 res
779 2238 903 2277 aliquas
919 2247 1020 2269 reser-

239 2298 315 2320 vare
334 2289 451 2327 liceret,
467 2290 505 2320 ad
522 2300 601 2330 quas
616 2291 840 2330 expendendas
857 2300 1022 2322 recurrere

240 2346 370 2384 possent
386 2344 497 2375 fratres
509 2347 650 2385 tempore
662 2348 851 2386 opportuno.
866 2346 911 2377 Ad
924 2356 1022 2386 quem

241 2398 291 2429 vir
313 2400 459 2437 sanctus,
477 2399 606 2438 superni
632 2400 755 2430 consilii
779 2410 842 2431 non
863 2400 1020 2439 ignarus:

242 2451 343 2489 Absit,
361 2452 483 2492 inquit,
499 2462 517 2482 a
532 2452 642 2490 nobis,
661 2454 755 2484 frater
773 2454 971 2487 charissime.
989 2457 1024 2485 ut

243 2514 301 2544 pro
317 2505 433 2545 quovis
452 2505 581 2536 homine
597 2506 693 2546 impie
710 2516 848 2545 agamus
864 2508 896 2538 iu
914 2508 1024 2547 Regu-

237 2558 313 2589 lam.
332 2558 411 2589 Malo
427 2562 457 2590 te
473 2559 571 2590 altare
587 2559 730 2599 Virginis
752 2561 899 2599 gloriosa!
922 2563 1025 2593 nuda—

238 2622 284 2650 re,
301 2622 374 2643 cum
390 2613 557 2644 necessitas
574 2613 604 2645 id
621 2614 773 2654 requirit,
799 2625 895 2654 quani
914 2618 1028 2647 contra

240 2667 436 2707 paupertatis
460 2670 571 2698 votuni
583 2691 592 2706 ‚
610 2670 641 2699 et
657 2668 895 2699 observantiam
919 2669 1030 2701 Evau-

285 2729 292 2747 ¹
310 2729 410 2759 Mami„
426 2735 479 2761 xxx,
495 2731 533 2756 2¹.

784 223 972 256 LEGENDA
993 223 1028 256 S.
1050 223 1270 258 FRANCISGI.

1060 292 1138 333 gelii
1149 316 1158 333 ‚
1173 292 1294 334 aliquid
1315 293 1368 326 vel
1391 294 1555 327 modicum
1577 296 1744 330 attentare.
1761 299 1840 332 Gra-

1059 346 1123 378 tius
1139 346 1227 379 enim
1241 347 1373 380 habebit
1385 348 1478 380 beata
1491 348 1605 390 Virgo,
1621 350 1721 382 saneti
1738 351 1843 386 Evan-

1059 400 1136 442 gelii
1158 401 1296 442 perfecte
1318 405 1446 434 servato
1469 403 1612 443 consilio,
1629 413 1728 437 suum
1741 405 1842 439 altare

1059 455 1178 495 detegi,
1190 465 1291 496 quam
1306 456 1399 488 altari
1414 466 1474 489 suo
1488 459 1613 497 ornato,
1630 457 1702 490 Filii
1711 460 1762 491 sui
1774 469 1844 502 pro-

1060 510 1198 542 missum
1226 510 1398 543 consilium
1429 513 1644 552 praetermitti.
1673 513 1846 547 Transiens

1060 565 1167 595 autem
1191 563 1334 604 quodam
1355 566 1502 606 tempore
1522 566 1573 598 vir
1594 566 1651 599 Dei
1673 576 1749 600 cum
1785 578 1845 602 suo

1060 616 1146 648 socio
1161 625 1218 657 per
1236 616 1388 658 Apuliam
1404 619 1500 658 Juxta
1521 618 1652 659 Barum,
1667 621 1794 654 invenit
1808 622 1843 654 in

1060 670 1114 702 via
1134 670 1266 702 bursam
1291 680 1459 712 magnam,
1476 673 1568 714 quasi
1583 673 1678 715 plena
1691 677 1774 707 esset
1785 675 1844 708 de-

1060 724 1172 763 nariis,
1187 726 1430 765 tumescentem,
1440 736 1540 768 quam
1554 727 1672 760 usitato
1690 729 1846 762 vocabulo

1062 777 1207 810 Fundam
1223 779 1394 820 appellant.
1418 780 1566 814 Monetur
1581 791 1600 813 a
1614 782 1700 814 socio
1721 791 1846 824 pauper

1062 831 1191 871 Christi,
1207 835 1239 865 et
1252 833 1409 867 instanter
1419 835 1582 868 inducitur
1596 839 1632 869 ut
1646 837 1746 870 bursa
1760 837 1847 870 tolla·

1062 888 1116 918 tur
1129 896 1147 918 e
1160 889 1254 927 terra,
1272 890 1303 920 et
1318 889 1454 929 pecunia
1471 891 1665 931 pauperihus
1677 893 1843 932 erogetur.

1063 940 1180 972 Renuit
1209 941 1307 973 homo
1337 942 1407 981 Dei,
1433 946 1654 976 commentum
1679 945 1846 977 affirmans

1061 995 1128 1026 fore
1137 995 1254 1027 diaboli
1269 996 1302 1027 in
1315 996 1415 1028 bursa
1429 997 1572 1036 inventa,
1582 1000 1614 1030 et
1633 999 1763 1030 fratrem
1779 1008 1844 1031 non

1063 1048 1198 1080 suadere
1212 1058 1282 1081 rem
1297 1050 1414 1089 meriti,
1431 1051 1485 1082 sed
1503 1052 1622 1092 peccati
1639 1063 1646 1084 :
1661 1053 1767 1085 aliena
1785 1053 1845 1085 sci-

1062 1102 1135 1134 licet
1147 1103 1320 1144 surripere,
1336 1113 1372 1135 ac
1386 1104 1517 1136 donare.
1535 1105 1697 1138 Recedunt
1709 1107 1748 1138 de
1761 1106 1843 1147 loco,

1064 1156 1283 1189 festinantiter
1292 1159 1443 1198 perticere
1457 1162 1610 1200 coeptum.
1627 1159 1687 1192 Sed
1702 1161 1847 1192 nondum

1064 1211 1197 1251 quiescit
1211 1212 1306 1243 frater
1321 1221 1422 1244 vacua
1439 1213 1554 1253 pietate
1575 1214 1717 1253 delusus,
1739 1214 1848 1246 virum

1066 1263 1119 1295 Dei
1139 1264 1329 1301 molestans,
1346 1266 1436 1306 quasi
1452 1267 1507 1307 qui
1523 1267 1561 1298 de
1581 1267 1753 1299 relevanda
1771 1277 1849 1308 pau-

1066 1328 1181 1359 perum
1198 1320 1332 1359 penuria
1348 1330 1412 1351 non
1437 1323 1573 1353 curaret.
1597 1322 1766 1362 Acquievit
1780 1324 1849 1354 tan-

1064 1372 1137 1404 dem
1153 1373 1203 1404 vir
1216 1373 1301 1404 mitis
1316 1375 1420 1406 redire
1434 1375 1474 1406 ad
1489 1375 1607 1414 locum,
1622 1385 1687 1407 non
1698 1378 1734 1408 ut
1745 1376 1850 1408 fratris

1065 1428 1263 1459 voluntatem
1273 1429 1448 1469 perficeret,
1461 1429 1515 1461 sed
1527 1433 1564 1461 ut
1573 1430 1848 1470 detegeretdiabo-

1066 1482 1161 1513 licam
1173 1482 1329 1513 fraudem.
1343 1482 1501 1514 Reversus
1515 1489 1562 1515 est
1570 1493 1650 1523 ergo
1665 1483 1704 1515 ad
1719 1484 1851 1516 fundam

1066 1545 1142 1567 cum
1167 1536 1274 1573 fratre,
1298 1538 1327 1566 et
1347 1537 1470 1576 juvene
1492 1537 1645 1577 quodam,
1661 1537 1717 1578 qui
1733 1538 1851 1569 eratin

1068 1590 1130 1621 via.
1157 1590 1305 1621 Oratione
1329 1591 1513 1630 przeniissa,
1533 1591 1626 1630 Jubet
1655 1591 1740 1623 socio
1763 1591 1851 1623 illam

1068 1644 1186 1674 levare.
1204 1643 1421 1674 Treniefactus
1437 1644 1534 1675 frater
1546 1645 1723 1685 obstupuit,
1741 1645 1853 1677 diabo-

1069 1697 1166 1728 licum
1185 1699 1255 1736 jam
1273 1697 1480 1737 praesentiens
1499 1701 1702 1736 monstrum;
1724 1701 1853 1739 propter

1069 1750 1258 1781 obedientiae
1276 1753 1382 1781 tamen
1399 1753 1516 1782 sanctae
1529 1751 1729 1788 mandatum,
1745 1751 1855 1783 dubie-

1070 1806 1166 1834 tatem
1193 1804 1326 1843 abigeus
1347 1803 1469 1842 cordis,
1492 1814 1625 1836 manum
1648 1805 1790 1836 extendit
1813 1805 1853 1837 ad

1071 1858 1212 1888 bursam.
1246 1857 1283 1888 Et
1303 1867 1374 1889 ecee
1400 1867 1532 1898 serpens
1554 1868 1619 1890 non
1645 1859 1789 1890 modicus
1815 1859 1854 1891 de

1071 1912 1169 1943 bursa
1193 1911 1346 1950 exiliens,
1371 1913 1532 1953 simulque
1559 1922 1634 1944 cum
1657 1913 1726 1953 ipsa
1750 1913 1856 1945 subito

1073 1975 1286 2002 evanescens,
1308 1966 1499 1997 diabolicam
1526 1967 1745 2007 deceptionem
1770 1967 1858 1999 fratri

1075 2021 1278 2051 monstravit.
1299 2021 1428 2052 llostilis
1454 2021 1559 2061 itaque
1578 2021 1729 2052 versutiae
1746 2021 1857 2062 depre-

1075 2076 1176 2106 hensa
1198 2075 1333 2113 fallacia,
1350 2075 1431 2106 dixit
1450 2075 1499 2106 vir
1512 2077 1642 2106 sanctus
1657 2074 1694 2106 ad
1711 2075 1833 2106 socium
1851 2085 1858 2106 ε

1077 2129 1214 2160 Pecunia
1233 2129 1333 2159 servis
1355 2128 1418 2167 Dei,
1438 2138 1456 2159 o
1476 2130 1583 2166 frater,
1604 2127 1685 2159 nihil
1701 2128 1786 2160 aliud
1803 2131 1859 2167 est,

1077 2192 1176 2223 quam
1189 2182 1346 2220 diabolus,
1363 2185 1393 2212 vt
1410 2183 1541 2213 coluber
1556 2191 1748 2213 venenosus.

1120 2237 1242 2267 Accidit
1267 2239 1337 2276 post
1362 2236 1430 2267 haec
1446 2236 1608 2276 quoddam
1632 2236 1778 2267 mirabile
1794 2237 1864 2268 viro

1079 2294 1210 2329 sancto,
1243 2291 1321 2321 dum
1357 2300 1390 2321 se
1413 2291 1452 2321 ad
1478 2291 1639 2321 civitatem
1669 2290 1863 2328 Seneuseni,

1082 2355 1178 2376 eausa
1214 2345 1365 2384 exigente
1379 2368 1386 2381 ,
1413 2345 1608 2375 transferret.
1635 2343 1711 2375 Tres
1735 2344 1864 2384 quidem

1084 2401 1235 2433 mulieres
1250 2401 1464 2441 pauperculae,
1481 2403 1614 2439 statura,
1631 2403 1722 2431 aetate
1737 2409 1773 2431 ac
1789 2400 1865 2431 facie

1084 2465 1140 2496 per
1153 2456 1261 2486 omnia
1272 2455 1402 2492 similes,
1420 2455 1452 2485 in
1467 2455 1605 2495 quadam
1621 2454 1649 2484 ei
1667 2463 1787 2493 magna
1803 2454 1868 2495 pla-

1087 2510 1178 2547 nitie,
1203 2510 1283 2539 inter
1311 2509 1503 2549 Campilium
1526 2511 1557 2539 et
1579 2508 1733 2539 Sanctum
1761 2508 1867 2545 Quiri-

1085 2573 1173 2601 cum,
1191 2566 1413 2600 occurrerunt,
1431 2571 1552 2593 novum
1574 2561 1774 2592 salutationis
1799 2572 1868 2593 niu-

1085 2617 1257 2649 musculum
1281 2617 1308 2647 ei
1335 2616 1504 2647 offerentes
1529 2625 1535 2645 :
1558 2615 1642 2646 Bene
1664 2616 1788 2653 veniat,
1817 2616 1868 2647 in·-

1086 2671 1222 2711 quiunt,
1241 2670 1371 2702 domina
1395 2671 1578 2709 paupertas.
1596 2669 1664 2705 Quo
1682 2669 1801 2707 audito,
1818 2679 1871 2701 ve—

1090 2735 1146 2756 rus
1163 2724 1360 2765 paupertatis
1373 2727 1496 2755 amator
1510 2723 1662 2754 indicibili
1675 2724 1814 2764 repletus
1824 2734 1871 2764 est
