2029 3052
169 1138 244 1160 Exem-

142 1169 212 1196 plum.

265 207 326 238 1ss

266 273 336 302 dine
349 272 523 302 divinorum
537 272 699 307 donorum,
719 271 820 300 nullus
837 277 973 306 unquam
987 269 1044 298 ho-

264 320 380 349 minum
401 320 441 349 ad
461 328 587 356 regnum
607 318 705 357 potuit
717 317 873 355 pervenire
887 316 1042 345 coelorum.

265 367 348 396 Unde
361 367 502 404 scriptum
517 368 560 395 est
573 367 583 383 ²
598 375 606 394 z
624 376 638 392 α
651 365 765 402 Repleti
778 366 846 393 sunt
862 371 968 392 omnes
981 362 1045 400 Spi-

264 415 322 444 ritu
347 416 460 449 sancto,
480 423 494 440 n
512 417 566 442 ete.
586 414 635 441 Est
651 414 753 440 tamen
773 411 940 446 sciendum,
959 410 1045 447 quod

263 461 421 499 plenitudo
432 461 495 490 hoec
508 468 574 488 eam
589 458 770 488 habentibus
779 466 842 487 non
849 459 893 487 est
902 457 1043 494 aequalis,-

265 508 318 537 sed
337 509 437 537 minus
457 509 486 536 et
511 506 609 543 magis
629 514 694 535 esse
715 505 844 535 cernitur
860 505 892 533 in
906 504 1042 533 diversis.

264 555 346 584 Unde
361 553 542 592 Apostolus²
559 563 566 582 :
585 564 599 579 (ι
614 553 777 582 Divisiones
790 551 953 588 gratiarum
963 552 1042 586 suut,

263 602 346 631 idem
360 603 460 630 autem
478 601 629 630 Dominus.
644 611 658 627 u>
677 602 710 629 Et
723 600 832 628 iterum
846 600 857 618 ³
874 608 880 626 :
897 608 911 624 «ι
924 597 1041 626 Unicui-

264 657 324 686 que
336 648 424 677 datur
437 649 532 685 gratia
546 648 712 677 secundum
721 655 892 676 mensuram
903 645 1043 674 donatio-

263 696 310 724 nis
323 696 437 724 Christi.
454 706 468 723 »
482 695 556 730 Quia
576 697 678 724 tamen
700 694 764 723 sine
782 693 839 722 hac
858 691 1044 730 plenitudine

263 750 325 771 non
340 745 382 771 est
395 742 487 778 salus,
501 742 633 779 seipsum
651 742 744 770 homo
761 740 919 776 diligenter
933 741 1045 767 scrute-

263 791 322 824 tur,
349 798 387 818 ne
412 798 525 818 vacuus
548 789 587 818 ab
610 797 646 817 ea
665 787 843 816 inveniatur.
872 786 920 814 Vis
943 788 1043 814 autem

263 837 348 873 seire,
370 837 395 865 si
414 837 492 866 hanc
515 836 732 873 plenitudinem
754 834 878 869 hnbeae,
900 835 929 862 et
947 833 972 861 si
996 832 1044 860 Dei

262 885 357 920 gratia
370 884 477 921 plenus
492 883 624 912 existas?
645 884 718 912 Nota
736 881 817 919 pleni
837 880 1042 918 proprietates,

263 940 338 968 quas
353 931 474 959 inferius
488 930 627 959 annotavi
645 939 652 958 ε
669 929 706 958 de
720 929 841 966 quibus,
858 931 889 956 ut
907 927 1042 961 memini,

263 978 293 1006 in
311 978 505 1007 Sermonibus
523 980 711 1006 mortuorum
733 976 835 1012 aliqua
859 974 921 1003 dixi
935 974 955 1002 ⁴.
972 975 1044 1002 Nam

263 1025 347 1062 quod
362 1027 405 1054 est
418 1025 541 1062 plenum
555 1024 657 1061 aliquo
670 1022 884 1059 refrigerativo,
900 1022 924 1049 si
935 1021 965 1049 in
975 1021 1044 1057 igne

263 1075 403 1108 ponatur,
424 1072 508 1100 nullo
532 1071 626 1100 modo
651 1070 794 1104 exuritur,
817 1069 869 1097 sed
896 1068 1045 1104 integrum

264 1122 466 1148 conservatur.
484 1120 517 1148 Et
531 1121 573 1146 est
587 1117 759 1154 exemplum
776 1116 813 1144 de
829 1123 898 1144 vase
915 1114 1044 1143 metalli-

263 1175 303 1195 no
319 1166 367 1194 vel
383 1168 495 1194 terreo:
509 1174 576 1202 quae
592 1165 617 1192 si
630 1172 709 1200 aqua
723 1163 915 1199 impleantur,
926 1162 964 1190 ab
975 1162 1044 1197 igne

263 1215 293 1242 in
308 1213 393 1242 nullo
409 1213 558 1241 laeduntur
571 1233 579 1246 ,
602 1211 654 1240 sed
670 1219 764 1239 vacua
779 1210 816 1238 ad
833 1210 934 1245 ignem
949 1209 972 1236 si
988 1218 1044 1245 po-

263 1263 381 1294 nantur,
404 1261 647 1295 corrumpuntur.
678 1260 764 1293 Ergo,
789 1265 857 1285 cum
886 1257 981 1292 gratia
1010 1256 1045 1283 sit

263 1308 371 1336 animae
385 1307 599 1342 refrigerativa,
619 1305 702 1333 nulla
722 1304 914 1332 tribulatione
930 1303 1044 1339 rumpi-

264 1358 310 1384 tur
329 1355 439 1389 anima,
460 1363 526 1391 quoe
551 1356 594 1382 est
615 1353 710 1388 gratia
732 1353 779 1380 liei
800 1352 889 1388 plena
906 1362 912 1379 :
933 1359 1004 1386 ergo
1021 1351 1044 1378 si

263 1403 420 1439 rumperis,
442 1402 488 1430 Dei
511 1402 605 1437 gratia
628 1401 732 1437 plenus
757 1408 816 1427 non
839 1399 948 1427 existis.
974 1399 1044 1426 ltem

264 1449 347 1486 qnod
370 1450 493 1486 plenum
518 1452 570 1481 est,
595 1448 698 1475 stabile
723 1451 765 1475 est
785 1450 812 1474 et
832 1447 972 1480 li1·n1um;
990 1453 1045 1473 nec

264 1496 349 1524 facile
369 1500 505 1524 movetur
527 1504 544 1523 a
566 1499 653 1522 vento
677 1501 850 1530 percussum
875 1502 881 1520 :
910 1493 971 1520 imo
993 1492 1043 1519 ubi

262 1545 400 1571 movetur
414 1551 464 1571 vas
476 1551 612 1574 vacuum,
627 1541 781 1569 immobile
796 1543 948 1577 pormanet
961 1539 1044 1576 qnod

263 1594 304 1618 est
322 1591 454 1626 plenum.
473 1591 547 1623 Ergo
564 1590 585 1616 si
604 1592 628 1616 te
646 1589 674 1615 in
692 1588 904 1615 tentationibus
920 1595 979 1614 non
997 1587 1045 1614 in-

263 1638 347 1665 venis
362 1646 423 1664 esse
438 1637 567 1669 lirinum,
584 1636 658 1664 scius
672 1638 696 1662 ts·
713 1644 774 1661 esse
792 1643 931 1668 vacuum,
945 1638 972 1661 ct
985 1642 1044 1662 non

263 1684 397 1720 plenum.
420 1685 489 1711 ltem
507 1691 557 1710 vas
577 1683 698 1718 plenum
721 1682 759 1709 al)
780 1690 826 1716 eo,
850 1690 910 1717 qno
933 1683 974 1709 est
999 1689 1044 1709 re-

265 1731 388 1768 pletum,
411 1731 440 1758 in
466 1730 548 1758 nulla
564 1729 607 1756 sui
624 1731 706 1765 parte
724 1731 766 1757 est
780 1732 969 1764 separatum;
993 1728 1045 1755 sed

266 1779 296 1806 in
312 1779 392 1807 omni
409 1780 519 1814 puncto
535 1777 579 1804 sui
595 1781 637 1804 est
653 1776 694 1803 illi
715 1778 917 1810 conjunctum,
935 1778 961 1803 et
977 1784 1044 1802 eum

266 1834 302 1853 eo
318 1825 439 1853 interius
454 1825 626 1859 contignum
643 1823 731 1851 habet
745 1826 913 1851 contactum
927 1832 933 1850 :
949 1823 1045 1859 qnali-

266 1874 439 1908 tereumque
455 1871 619 1907 applicetur
636 1871 774 1903 exterius,
794 1879 812 1898 a
831 1878 886 1897 suo
911 1872 1046 1897 contactu

266 1927 421 1955 nunquam
439 1918 560 1946 interius
574 1918 686 1945 recedit
709 1927 715 1945 :
741 1926 813 1953 ergo
829 1918 853 1945 si
869 1919 910 1951 tu,
927 1920 1048 1953 propter

268 1966 476 2001 cogitationem
505 1965 696 1998 exteriorum,
726 1964 917 1992 devotionem
947 1963 1048 1999 perdis

268 2013 443 2040 interiorum
459 2012 620 2046 honorum,
641 2013 715 2039 scius
733 2014 758 2039 te
779 2020 841 2039 esse
863 2019 1003 2043 vacnum,
1021 2013 1048 2038 et

269 2068 329 2088 non
345 2060 478 2096 plenum.
504 2062 571 2088 ltom
588 2067 675 2087 omne
693 2060 857 2093 continens,
880 2062 906 2086 et
928 2061 1048 2086 conten-

270 2111 332 2135 tum
355 2108 383 2134 in
407 2108 501 2141 figura
527 2109 593 2134 sunt
614 2107 789 2134 conformia.
815 2107 989 2142 Exemplum
1012 2106 1049 2134 de

271 2155 360 2188 nube,
378 2163 443 2190 quat·
461 2163 528 2181 cuni
545 2154 654 2181 nullius
670 2154 705 2181 sit
721 2154 920 2181 determinata!
936 2154 1049 2187 figurw,

271 2202 351 2229 illius
367 2201 453 2228 nubis
472 2201 598 2235 liguram
620 2201 728 2234 induit,
753 2201 798 2227 cui
822 2201 991 2228 immediate
1020 2209 1049 2227 se

272 2248 345 2276 unit.
372 2249 452 2276 Unde
477 2250 504 2275 et
524 2248 719 2283 Philosophus
740 2248 749 2263 ¹³
774 2248 876 2275 omnia
905 2247 1050 2275 elementa

272 2296 380 2331 probat
395 2304 458 2323 esse
474 2295 622 2330 sphmrieoe.
634 2296 744 2329 iignrw,
755 2296 826 2330 qnia
839 2303 906 2322 eum
921 2295 1051 2330 primum

274 2343 428 2370 continens
437 2342 471 2370 sit
481 2342 588 2369 effluxu
600 2342 786 2377 sphzerivum,
798 2349 915 2369 necesse
927 2343 969 2369 est
978 2341 1051 2368 illud

273 2398 336 2417 esse
352 2390 525 2424 rotundum,
543 2388 626 2424 qnod
645 2388 700 2415 sibi
726 2389 895 2416 immediate
918 2391 960 2415 est
982 2396 1052 2415 con-

272 2436 419 2471 junctum,
435 2436 506 2472 quia
521 2435 605 2463 aliter
620 2437 693 2462 esset
714 2435 752 2462 ibi
774 2444 884 2470 ponere
898 2443 1026 2462 vacuum
1045 2444 1050 2462 :

275 2484 357 2519 qnod
373 2486 447 2511 esset
461 2485 572 2510 naturae
588 2482 777 2509 contrarium.
798 2482 888 2515 Quale
911 2483 996 2516 igitur
1012 2485 1054 2510 est

275 2531 428 2558 continens
443 2530 585 2566 primum,
602 2529 659 2557 tale
673 2532 715 2557 est
728 2529 856 2565 primum
869 2532 1053 2563 contentum,

306 2606 313 2621 ¹
330 2606 396 2635 Act„
411 2611 443 2635 11,
461 2607 483 2628 4.
499 2618 528 2623 -
546 2605 663 2632 ²1Cor„
684 2610 730 2632 xil,
752 2605 770 2628 ὀ.
788 2617 818 2621 —-
834 2605 844 2620 ³
866 2605 1014 2635 Eptws.‚1v‚
1030 2605 1052 2628 7.

277 2654 302 2658 —
326 2642 332 2654 ⁴
356 2640 420 2664 Nihil
441 2641 522 2664 simile
544 2640 671 2671 reperitur
686 2642 742 2663 ntor
763 2640 845 2663 odilus
862 2642 1010 2664 sormones.
1026 2653 1054 2658 -

275 2676 285 2692 ⁸
298 2676 384 2706 Aiisl.,
396 2676 425 2699 (Ie
438 2676 568 2705 c‹rl.,11}›.
584 2676 740 2705 ¹1,text.30.
753 2689 783 2693 —
797 2676 804 2689 ¹³
819 2676 871 2700 Ηοι·ι
886 2676 943 2699 loco
959 2676 1053 2706 aliqui-1

621 201 831 237 SERMONES
854 201 904 234 DE
925 199 1090 233 SANCTIS
1109 199 1152 233 IN
1174 199 1366 234 COMMUNI.
1389 198 1523 233 XXXIX.

1098 270 1128 298 et
1151 276 1206 306 per
1235 276 1424 306 consequens
1450 267 1509 297 tale
1537 267 1717 304 secundum,
1747 269 1879 306 tertium,

1097 317 1249 352 quartum,
1271 316 1420 353 quintum,
1446 318 1474 344 et
1493 315 1536 344 sic
1555 323 1651 352 usque
1669 315 1710 344 ad
1727 315 1878 346 ultimum.

1097 363 1190 400 igitur
1203 364 1228 392 si
1242 365 1275 392 tu
1291 363 1401 400 Spiritu
1418 364 1521 391 saneto
1535 362 1642 400 plenus
1656 362 1765 398 existis,
1782 363 1882 393 forma.

1098 412 1128 438 et
1149 410 1254 446 regula
1279 409 1400 445 scilicet,
1421 409 1507 438 nullo
1526 409 1620 438 modo
1639 409 1751 438 recedit
1767 410 1789 438 ⁶.
1809 411 1881 438 ltem

1099 465 1188 486 omne
1202 457 1327 494 plenum
1339 464 1392 493 per
1405 464 1495 485 omne
1509 456 1646 486 foramen
1666 465 1755 485 suum
1777 456 1883 486 emittit

1097 503 1179 532 foras
1193 503 1231 532 de
1243 511 1291 539 eo,
1306 511 1368 540 quo
1383 505 1427 532 est
1437 503 1604 540 repletum;
1619 512 1675 532 nee
1691 503 1808 541 aliquid
1824 511 1881 540 po-

1098 552 1152 579 test
1165 550 1298 579 emittere
1313 549 1352 578 ab
1367 549 1420 578 illo
1435 552 1609 579 extraneum
1625 559 1632 578 :
1649 558 1720 586 ergo
1735 550 1760 579 si
1774 552 1833 579 Deo
1848 558 1880 579 es

1098 597 1216 634 plenus,
1227 597 1265 626 de
1274 597 1358 625 nullo
1368 597 1440 631 alio,
1455 605 1549 634 quam
1560 597 1598 626 de
1610 604 1658 631 eo,
1668 596 1786 634 aliquid
1795 597 1881 634 loqui

1097 646 1200 680 potes;
1218 644 1302 681 quod
1316 644 1340 672 si
1359 644 1456 678 aliter,
1471 644 1578 681 plenus
1599 645 1658 672 Deo
1674 651 1736 672 nou
1750 651 1791 672 es.
1807 645 1880 673 Item

1099 691 1182 728 quod
1206 691 1309 728 aliquo
1333 693 1376 720 est
1403 691 1539 728 plenum,
1564 691 1812 728 quotiescumque
1840 690 1881 719 ad

1099 740 1207 766 terram
1222 738 1309 766 fuerit
1323 738 1509 772 inclinatum,
1525 737 1642 774 aliquid
1663 737 1767 766 emittit
1779 737 1817 766 de
1831 745 1880 772 eo,

1099 793 1161 822 quo
1175 785 1271 813 ruerat
1285 785 1408 821 plenum
1419 786 1486 813 ante
1503 794 1510 812 :
1527 792 1600 820 ergo
1615 793 1684 813 eum
1699 785 1823 813 terrenis
1836 784 1881 813 in-

1099 832 1229 866 elium-is,
1243 833 1300 860 Deo
1315 832 1480 867 evacuaris,
1491 832 1582 860 etiam
1591 832 1684 860 sinon
1695 833 1794 861 sentis.
1809 833 1880 860 ltem

1099 879 1185 916 quod
1207 881 1252 908 est
1269 879 1371 916 aliquo
1398 879 1516 916 liquore
1539 879 1674 916 plenum,
1698 887 1760 908 non
1783 880 1881 916 potest

1099 926 1193 955 alium
1207 926 1339 963 recipere
1354 926 1505 963 liquorem
1519 936 1526 954 :
1541 927 1622 955 unde
1642 934 1697 955 vas
1719 935 1800 964 aqua
1817 926 1881 964 ple-

1099 981 1184 1008 num,
1200 981 1262 1002 non
1281 975 1379 1010 potest
1395 974 1527 1010 recipere
1545 973 1661 1008 vinum,
1683 974 1740 1002 nisi
1755 973 1807 1002 illa
1821 973 1882 1010 pri-

1099 1029 1151 1049 mo
1166 1021 1253 1049 suerit
1271 1020 1374 1050 effusa.
1396 1021 1534 1049 Similiter
1556 1023 1584 1049 et
1603 1029 1656 1049 cor
1678 1022 1737 1050 Deo
1758 1020 1882 1058 plenum

1099 1068 1211 1104 respuit
1225 1075 1315 1096 omne
1330 1068 1536 1102 mundanum
1552 1067 1636 1104 quod
1651 1068 1675 1097 si
1690 1067 1806 1105 aliquid
1825 1068 1881 1096 ad-

1100 1115 1196 1149 mittit,
1212 1116 1270 1143 Deo
1285 1114 1410 1151 plenum
1424 1116 1527 1151 utique
1542 1123 1603 1143 non
1618 1115 1726 1144 existit.
1742 1117 1813 1144 ltem
1829 1123 1882 1143 vas

1100 1162 1199 1190 solido
1219 1170 1344 1198 corpore
1366 1162 1490 1197 plenum
1509 1170 1569 1190 non
1589 1165 1675 1190 sonat
1694 1170 1880 1198 percussum,

1100 1209 1173 1237 sient
1186 1211 1263 1245 patet
1279 1209 1309 1236 in
1325 1209 1419 1243 dolio,
1436 1209 1519 1245 quod
1531 1209 1660 1237 continet
1671 1210 1700 1236 in
1713 1217 1744 1237 se
1755 1209 1879 1244 viuum;

1100 1256 1152 1284 sed
1171 1259 1258 1284 sonat
1280 1256 1456 1292 plurimum,
1481 1256 1504 1283 si
1527 1256 1615 1284 suerit
1640 1264 1782 1290 vacuum,
1805 1257 1881 1284 sicut

1099 1305 1180 1339 patet
1193 1303 1233 1330 ad
1260 1311 1392 1331 sensum.
1412 1303 1458 1331 Sic
1477 1305 1505 1331 et
1526 1311 1578 1331 cor
1597 1305 1655 1331 Deo
1676 1303 1799 1340 plenum
1819 1310 1882 1331 non

1100 1352 1276 1384 murmurat,
1295 1353 1572 1386 quantumcumque
1593 1358 1768 1386 percussum
1783 1359 1792 1377 :
1808 1357 1880 1385 ergo

1100 1397 1123 1424 si
1143 1397 1173 1424 in
1195 1397 1275 1425 malo
1294 1405 1473 1432 mut-murm,
1497 1405 1616 1425 neeesse
1635 1400 1677 1425 est
1698 1398 1730 1424 ut
1752 1398 1809 1425 Deo
1830 1405 1881 1424 va-

1100 1452 1190 1472 cuum
1206 1447 1232 1471 te
1248 1452 1310 1472 esse
1325 1444 1483 1472 concedas.
1501 1444 1558 1473 Sed
1576 1444 1733 1480 diligenter
1749 1443 1878 1478 attende,

1101 1491 1184 1528 quod
1201 1491 1324 1528 quidam
1340 1500 1400 1519 non
1421 1494 1564 1528 appetunt
1581 1491 1797 1527 plenitudinem
1813 1498 1881 1526 gra-

1101 1540 1157 1573 tiw,
1173 1539 1225 1566 sed
1241 1539 1340 1575 potius
1355 1538 1571 1574 plenitudinem
1583 1538 1718 1574 pecuniae
1736 1546 1824 1566 :cum
1840 1540 1882 1566 ta-

1100 1594 1169 1614 men
1185 1586 1300 1613 ‹licatur
1315 1586 1415 1622 qnod⁷
1429 1596 1442 1611 (ι
1452 1593 1560 1613 avarus
1571 1593 1630 1613 non
1647 1585 1819 1621 implebitur
1830 1593 1881 1621 pe-

1100 1633 1198 1661 cunia.
1215 1643 1228 1658 ι)
1248 1635 1348 1661 Nonne
1364 1633 1451 1668 igitur
1464 1633 1584 1660 stultum
1605 1635 1656 1666 est,
1677 1640 1712 1660 eo
1740 1632 1817 1660 velle
1839 1640 1882 1659 re—

1101 1680 1190 1716 pleri,
1206 1688 1266 1716 quo
1283 1680 1390 1716 repleri
1411 1684 1453 1708 est
1468 1680 1674 1716 impossibile?
1690 1680 1744 1707 Sed
1757 1688 1823 1716 quie
1835 1687 1882 1707 ra-

1101 1727 1152 1761 tio,
1169 1735 1261 1763 quare
1278 1735 1338 1755 non
1360 1729 1457 1763 potest
1480 1727 1573 1754 homo
1600 1726 1718 1762 impleri
1743 1727 1881 1763 pecunia,

1102 1782 1170 1802 cum
1177 1774 1212 1802 sit
1227 1774 1396 1802 ressolida‘?
1405 1774 1480 1808 Quid
1489 1774 1567 1802 enim
1578 1773 1703 1801 solidius
1713 1781 1797 1806 auro.
1811 1773 1884 1810 quid

1102 1822 1310 1858 compactius?
1329 1821 1385 1849 Sed
1409 1821 1496 1849 oculo
1521 1821 1644 1849 rationis
1666 1820 1794 1855 attende,
1819 1828 1886 1856 quae

1103 1869 1170 1897 dico
1191 1878 1197 1896 :
1222 1872 1302 1896 cerlo
1321 1869 1400 1896 enim
1421 1871 1553 1896 tenemus
1571 1868 1786 1904 experimento,
1802 1867 1886 1903 quod

1104 1925 1209 1950 omne,
1233 1916 1315 1952 quod
1337 1919 1439 1944 natum
1459 1918 1502 1943 est
1523 1914 1648 1951 aliquod
1668 1917 1762 1943 totum
1779 1922 1886 1950 capere

1102 1964 1131 1991 in
1147 1964 1254 1999 seipso,
1273 1971 1332 1991 non
1348 1965 1443 1999 potest
1458 1962 1565 1998 repleri
1587 1962 1690 1997 aliquo
1709 1961 1833 1989 minoris
1850 1962 1884 1996 (a)

1103 2010 1166 2038 illo.
1176 2010 1353 2046 Exemplum
1368 2010 1405 2037 de
1419 2017 1487 2037 vase
1497 2011 1554 2036 tres
1563 2008 1682 2036 modios
1692 2008 1835 2044 capiente,
1848 2008 1885 2036 de

1104 2065 1164 2093 quo
1176 2059 1288 2084 certum
1299 2058 1351 2088 est,
1363 2057 1459 2092 ipsum
1472 2063 1531 2083 nno
1540 2055 1588 2083 vel
1597 2055 1717 2083 duobus
1727 2062 1788 2082 non
1798 2062 1885 2091 posse

1103 2104 1221 2140 repleri.
1243 2106 1276 2131 At
1293 2111 1344 2131 cor
1362 2103 1527 2130 humanum
1551 2104 1593 2130 est
1613 2109 1707 2137 capax
1729 2101 1791 2135 Dei,
1811 2101 1884 2129 boni

1104 2150 1241 2178 videlicet
1256 2150 1360 2177 infiniti
1375 2158 1381 2176 :
1399 2157 1471 2184 ergo
1487 2148 1570 2176 nullo
1586 2148 1678 2176 modo
1699 2149 1781 2176 bono
1803 2148 1886 2177 linito

1105 2201 1199 2234 potest
1213 2197 1329 2233 repleri.
1347 2198 1417 2224 item
1433 2204 1484 2223 cor
1501 2195 1584 2232 quod
1600 2203 1660 2223 non
1673 2195 1762 2223 habet
1772 2195 1886 2223 habila-

1107 2248 1198 2273 torem
1211 2246 1312 2277 Deum,
1323 2244 1447 2271 omnino
1458 2246 1499 2271 est
1510 2251 1651 2277 vacuum,
1666 2251 1733 2271 eum
1744 2243 1784 2271 ad
1796 2245 1886 2270 neum

1107 2291 1320 2319 continendum
1335 2293 1371 2318 sit
1386 2290 1557 2318 ordinatum
1568 2299 1574 2317 ε
1585 2292 1613 2318 et
1623 2290 1694 2326 quia
1705 2292 1810 2318 natura
1826 2297 1885 2317 non

1106 2340 1215 2374 patitur
1230 2345 1358 2365 vacuum
1374 2346 1435 2365 esse
1449 2338 1566 2373 aliquid
1580 2338 1601 2371 ⁸,
1617 2345 1668 2364 cor
1683 2344 1736 2372 per
1750 2340 1884 2364 naturam

1107 2394 1165 2413 sule
1176 2385 1332 2412 nativitatis
1347 2393 1474 2420 semper,
1488 2388 1518 2412 ut
1530 2384 1636 2420 repleri
1655 2383 1756 2419 possit,
1770 2383 1886 2419 aliquid

1108 2432 1241 2460 attrahit:
1259 2440 1326 2459 cum
1342 2440 1376 2459 ex
1394 2432 1436 2459 eis
1451 2431 1580 2459 attractis
1593 2430 1691 2458 satiari
1707 2437 1767 2457 non
1783 2430 1885 2465 possit,

1109 2479 1147 2507 ab
1160 2479 1334 2507 attrahendo
1347 2487 1406 2506 non
1421 2478 1542 2506 desistit.
1560 2478 1655 2511 Quare
1671 2484 1778 2504 avarus
1793 2485 1886 2512 usque

1109 2527 1148 2554 ad
1167 2529 1293 2554 mortem
1308 2533 1491 2561 congregare
1507 2532 1569 2552 non
1591 2524 1708 2559 desinit,
1724 2523 1794 2560 quia
1809 2531 1885 2552 nun—

1109 2595 1248 2619 ‹lesiderari
1265 2595 1375 2624 videtur,
1389 2595 1447 2625 quia
1461 2593 1555 2617 locutio
1571 2595 1608 2617 est
1621 2599 1721 2616 manca.

1111 2637 1134 2661 v,
1151 2633 1173 2656 9.
1188 2644 1218 2648 —
1232 2632 1242 2646 ἢ
1255 2631 1340 2661 Arist„
1356 2630 1491 2659 Problem„
1505 2630 1568 2653 sect,
1583 2635 1655 2660 1x‚‹1.
1674 2634 1708 2652 ix.

1144 2680 1176 2705 kn)
1194 2675 1234 2698 .tl.
1246 2681 1340 2697 minus.

1749 2605 1757 2609 -
1776 2593 1780 2606 ³
1794 2592 1888 2624 Recta,
