2029 3052
923 186 1054 219 CAPUT
1077 186 1116 218 Π.

211 259 377 298 gratanter
399 258 586 300 suscipiens,
614 265 688 289 cum
711 255 882 294 caemento,
904 254 990 295 quod

210 312 269 343 sibi
283 312 432 351 occurrit,
453 312 491 344 ad
511 311 644 344 modum
664 309 767 341 crucis
792 317 891 340 manu
914 317 988 348 pro-

210 366 279 408 pria
293 365 505 406 consignavit,
521 364 779 405 experimentum
792 363 934 394 formans
948 370 990 393 ex

210 430 247 452 eo
261 419 406 452 crucifixi
421 419 571 458 hominiS,
593 421 625 450 et
648 416 800 458 pauperis
816 415 988 447 seminudi.

210 473 262 506 Sic
275 473 378 513 igitur
394 481 506 505 servus
527 472 624 512 Regis
647 470 793 503 altissimi
813 470 921 502 nudus
937 478 989 501 re-

209 526 302 558 lictus
314 527 372 566 est,
390 528 426 558 ut
444 526 569 558 nudum
591 527 779 566 sequeretur
798 523 990 555 crucifixum

210 579 394 619 Dominum,
414 589 511 620 quem
533 580 671 617 amabat,
696 579 741 610 sic
761 578 873 619 utique
897 586 991 609 cruce

210 634 355 665 munitus
369 657 377 672 ‚
406 637 443 665 ut
468 634 611 665 animam
641 642 733 664 suam
764 632 854 672 ligno
882 631 992 663 salutis

211 688 434 727 committeret,
452 697 508 728 per
520 688 606 728 quod
621 687 659 718 de
682 687 794 718 mundi
818 685 991 725 naufragio

210 741 320 773 salvus
340 741 453 773 exiret.
480 740 611 772 Solutus
637 740 751 772 exinde
776 739 888 770 mundi
914 748 989 770 con-

209 797 347 836 temptor
357 805 376 826 a
387 795 525 826 vinculis
536 795 774 826 mundanarum
787 793 988 834 cupidinum,

209 849 337 881 civitate
349 849 470 889 relicta,
487 858 618 881 securus
632 850 663 879 et
673 848 754 879 liber
769 849 928 879 secretum
943 855 990 878 so-

209 902 353 934 litudinis
373 903 476 943 petiit⁷
503 905 541 934 ut
564 903 650 934 solus
669 904 701 934 et
724 902 821 933 silens
843 910 992 942 supernae

210 956 336 987 audiret
349 956 549 988 allocutionis
573 965 738 988 arcanum.
763 956 910 996 Dumque
934 964 992 995 per

210 1010 325 1041 silvam
349 1011 520 1050 quamdam
544 1011 605 1042 iter
627 1011 761 1049 faciens,
787 1010 897 1041 laudes
926 1009 990 1040 Do-

211 1063 299 1094 mino
314 1064 428 1103 lingua
443 1064 640 1096 Francorum
655 1065 705 1096 vir
726 1064 782 1095 Dei
803 1063 992 1095 Franciscus

211 1117 392 1149 decantaret
413 1127 485 1149 cum
503 1118 620 1158 jubilo,
644 1118 783 1149 latrones
803 1127 899 1158 super
914 1126 990 1148 eum

211 1180 252 1202 ex
276 1171 390 1202 abditis
413 1171 587 1203 irruerunt.
619 1171 742 1209 Quibus
767 1171 856 1202 ferali
882 1171 991 1202 animo

211 1225 283 1265 quis
297 1227 379 1256 esset
391 1225 676 1265 interrogantibus,
694 1226 744 1257 vir
759 1225 812 1256 Dei
827 1225 990 1256 confiden-

210 1279 255 1310 tia
270 1278 384 1319 plenus
398 1279 583 1320 prophetica
593 1289 671 1311 voce
684 1279 868 1319 respondit:
882 1279 991 1310 Praeco

210 1342 283 1364 sum
299 1333 411 1373 magni
429 1333 537 1372 Regis.
552 1333 652 1364 Atilii
677 1333 891 1373 percutientes
914 1342 991 1364 eum

210 1387 243 1417 in
260 1387 418 1418 defossum
435 1387 542 1417 locum
558 1387 688 1427 plenum
701 1387 833 1418 nivibus
849 1388 992 1427 projece-

211 1441 299 1478 runt,
316 1440 455 1471 dicentes
468 1451 474 1470 :
488 1439 570 1478 Jace,
588 1440 708 1470 rustice
724 1449 829 1480 praeco
844 1440 910 1472 Dei.
923 1440 992 1481 lpse

211 1503 305 1530 vero,
333 1494 554 1525 recedentibus
577 1493 656 1532 illis,
684 1493 796 1525 exiluit
817 1494 855 1524 de
881 1494 990 1533 fovea,

211 1557 398 1588 magnoque
416 1548 613 1578 exhilaratus
629 1548 760 1588 gaudio,
777 1548 881 1579 altiori
898 1549 993 1588 coepit

211 1611 290 1634 voce
315 1611 371 1641 per
392 1611 524 1632 nemora
546 1602 657 1632 laudes
680 1602 818 1633 Creatori
845 1602 992 1633 omnium

211 1664 393 1696 personare.
411 1655 449 1686 Et
463 1655 595 1686 veniens
607 1655 647 1686 ad
661 1656 824 1695 quoddam
845 1656 993 1687 vicinum

212 1709 406 1748 coenobium,
423 1710 661 1750 eleemosynam
686 1709 786 1750 petiit,
808 1712 843 1741 ut
866 1711 991 1741 mendi-

212 1773 279 1802 cus,
298 1765 329 1793 et
349 1763 477 1803 recepit,
501 1765 536 1794 ut
560 1763 747 1803 incognitus
764 1766 794 1794 et
815 1764 990 1804 despectus.

212 1817 288 1848 Inde
306 1827 383 1848 vero
406 1817 616 1857 progrediens
636 1818 764 1849 devenit
785 1817 991 1858 Eugubium,

211 1871 269 1902 ubi
285 1880 303 1903 a
319 1871 458 1911 quodam
474 1871 577 1901 amico
594 1871 672 1910 prist
684 1880 725 1902 no
740 1871 871 1911 agnitus
886 1874 918 1902 et
927 1881 994 1903 sus-

212 1926 334 1965 ceptus,
351 1933 491 1964 paupere
504 1924 660 1962 tunicula,
678 1927 714 1955 ut
726 1924 841 1955 Christi
854 1934 991 1965 pauper-

212 1978 314 2017 culus,
332 1981 378 2009 est
395 1979 568 2009 contectus.
582 1977 704 2009 Exinde
717 1978 812 2009 totius
826 1978 991 2010 humilita-

212 2032 252 2062 tis
265 2033 390 2063 amator
405 2041 438 2062 se
454 2031 616 2062 transtulit
634 2031 672 2062 ad
686 2031 836 2072 leprosos,
861 2035 994 2073 eratque

212 2095 286 2116 cum
317 2086 362 2116 eis
394 2085 636 2125 diligentissime
667 2086 811 2116 serviens
843 2087 994 2118 omnibus

213 2141 342 2180 propter
354 2139 465 2170 Deum.
478 2139 619 2170 Lavabat
633 2130 774 2180 ipsorum
785 2140 892 2180 pedeS,
910 2140 992 2180 liga-

214 2193 268 2223 bat
282 2193 402 2231 ulcera,
421 2193 573 2224 educebat
588 2193 760 2233 plagarum
775 2194 992 2234 putredinem,

213 2248 244 2276 et
255 2246 380 2278 saniem
395 2247 608 2286 abstergebat,
626 2246 829 2277 osculabatur
842 2247 939 2278 etiam
953 2257 993 2279 ex

214 2299 361 2330 miranda
369 2299 537 2331 devotione
547 2300 707 2331 ulcerosas
723 2300 834 2340 plagas
848 2301 993 2341 ipsorum

213 2353 418 2392 evangelicus
436 2353 574 2384 medicus
597 2363 672 2384 mox
693 2354 834 2385 futurus.
860 2354 994 2395 Propter

213 2406 299 2446 quod
314 2408 434 2436 tantam
451 2408 497 2436 est
508 2415 526 2436 a
541 2406 674 2438 Domino
687 2410 875 2439 consecutus
892 2409 994 2440 virtu-

215 2462 290 2498 tem,
309 2459 391 2490 utin
401 2459 621 2499 spiritualibus
634 2463 664 2491 et
673 2461 891 2501 corporalibus
904 2472 991 2493 mor-

214 2513 263 2544 bis
277 2513 464 2544 mirabiliter
485 2514 705 2554 expurgandis
720 2515 899 2546 mirabilem
921 2517 992 2546 effi-

215 2567 335 2598 caciam
351 2567 519 2599 obtineret.
544 2568 688 2599 Referam
704 2578 807 2600 unum
823 2570 861 2600 de
883 2570 992 2600 multis

216 2620 302 2659 quod
313 2620 436 2658 accidit,
451 2622 513 2652 viri
524 2621 577 2652 Dei
585 2623 670 2653 fama
683 2623 888 2662 postmodum
900 2624 993 2655 latius

217 2673 416 2707 clarescente.
433 2675 512 2707 Cum
527 2677 612 2707 enim
632 2677 811 2717 cuiusdam,
832 2677 870 2708 de
892 2679 990 2709 comi-

1768 191 1828 223 299

1046 256 1115 286 tatu
1129 253 1311 295 Spoletano,
1327 263 1364 286 os
1378 255 1496 295 pariter
1511 256 1542 287 et
1556 255 1720 288 maxillam
1740 266 1827 289 mor-

1045 308 1107 339 bus
1126 308 1258 349 quidam
1279 308 1441 340 horribilis
1462 309 1661 349 depascendo
1683 311 1831 342 corrode-

1045 362 1104 399 ret,
1121 370 1179 393 nec
1200 362 1365 394 subveniri
1386 364 1492 403 posset
1506 362 1610 393 cidem
1629 363 1737 404 aliquo
1762 373 1829 395 me-

1044 414 1158 446 dicinae
1173 415 1325 453 remedio,
1346 415 1482 455 contigit
1499 417 1535 447 ut
1557 417 1688 456 propter
1708 419 1830 449 sancto-

1045 478 1120 501 rum
1136 470 1336 510 exposcenda
1350 470 1476 509 merita,
1496 471 1726 511 Apostolorum
1747 472 1829 503 visi-

1045 523 1119 554 tatis
1141 523 1318 562 liminibus,
1343 524 1382 555 de
1402 525 1661 564 peregrinatione
1686 525 1828 564 rediens,

1045 586 1139 608 servo
1163 576 1217 608 Dei
1241 579 1421 608 occurreret
1445 587 1453 608 ι
1479 587 1618 619 cumque
1643 587 1710 619 prae
1734 579 1830 611 devo-

1046 631 1134 662 tione
1149 631 1245 662 vellet
1262 631 1363 671 ipsius
1384 631 1520 662 osculari
1534 632 1682 672 vestigia,
1702 633 1752 664 vir
1767 633 1831 665 hu-

1046 685 1144 724 milis,
1183 685 1244 716 hoc
1278 694 1342 716 non
1378 685 1494 723 ferens,
1531 686 1669 717 osculari
1710 687 1831 719 volenti

1046 739 1153 780 pedes,
1175 739 1322 770 osculum
1344 739 1410 770 oris
1432 739 1529 771 dedit.
1551 740 1633 771 Dum
1656 742 1766 772 autem
1783 742 1827 773 le-

1046 802 1218 833 prosorum
1232 802 1346 824 servus
1361 793 1549 824 Franciscus
1565 794 1705 825 mirabili
1713 795 1830 835 pietate

1046 846 1133 877 illam
1149 847 1279 887 plagam
1293 847 1481 878 horribilem
1497 856 1552 879 ore
1565 857 1654 879 sacro
1664 848 1830 888 continge-

1045 902 1106 939 ret,
1134 901 1223 932 omni
1245 901 1358 941 fugato
1383 901 1507 941 morbo,
1536 902 1641 933 subito
1665 911 1755 942 aeger
1779 902 1831 934 ille

1048 954 1218 986 sanitatem
1231 955 1434 996 recuperavit
1450 957 1603 996 optatam.
1618 955 1730 987 Nescio
1745 957 1831 997 quod

1047 1008 1166 1040 horum
1192 1009 1296 1049 magis
1319 1010 1359 1040 sit
1381 1010 1496 1041 merito
1520 1010 1762 1049 admirandum,
1789 1020 1832 1041 an

1046 1063 1237 1094 humilitatis
1258 1063 1457 1103 profunditas
1478 1064 1512 1094 in
1527 1063 1634 1095 osculo
1653 1066 1719 1095 tam
1739 1064 1832 1095 beni-

1048 1125 1126 1156 gno,
1140 1126 1181 1147 an
1196 1117 1325 1148 virtutis
1339 1117 1534 1157 praeclaritas
1549 1117 1582 1148 in
1598 1118 1753 1149 miraculo
1766 1120 1832 1149 tam

1047 1170 1217 1210 stupendo.
1229 1170 1470 1210 Fundatusjam
1481 1171 1516 1201 in
1527 1170 1642 1202 Christi
1651 1172 1833 1203 humilitate

1049 1223 1248 1262 Franciscus,
1266 1225 1306 1255 ad
1329 1225 1520 1255 memoriam
1541 1225 1666 1256 reducit
1680 1226 1831 1257 obedien-

1047 1278 1125 1308 tiam
1148 1278 1209 1308 sibi
1230 1287 1248 1308 e
1269 1270 1362 1309 cruce
1385 1278 1561 1318 injunctam
1585 1279 1624 1309 de
1647 1279 1754 1310 Sancti
1769 1279 1831 1310 Da-

1049 1331 1150 1362 miani
1166 1331 1299 1362 ecclesia
1313 1332 1504 1371 reparanda,
1520 1334 1551 1362 et
1565 1334 1720 1372 tanquam
1736 1342 1834 1364 verus

1048 1385 1203 1416 obediens
1218 1386 1377 1416 Assisium
1391 1386 1495 1424 rediit,
1521 1389 1556 1417 ut
1570 1387 1684 1418 saltem
1707 1388 1833 1419 mendi-

1048 1439 1148 1470 cando
1164 1440 1234 1471 voci
1249 1439 1368 1470 divinae
1386 1441 1520 1479 pareret.
1539 1440 1750 1481 Depositaque
1766 1451 1834 1473 om-

1049 1494 1081 1524 ni
1112 1494 1306 1524 verecundia
1343 1496 1471 1534 propter
1506 1504 1650 1525 amorem
1684 1497 1834 1536 pauperis

1049 1546 1209 1585 Crucifixi,
1228 1547 1428 1578 mendicabat
1449 1547 1534 1588 apud
1556 1557 1620 1586 eos,
1647 1548 1729 1579 inter
1754 1558 1834 1589 quos

1049 1601 1212 1631 abundare
1236 1601 1376 1638 solebat,
1404 1601 1505 1632 debile
1528 1611 1663 1642 corpus,
1687 1603 1833 1634 attritum

1045 1655 1197 1694 jejuniis,
1239 1655 1390 1686 oneribus
1428 1655 1573 1695 lapidum
1609 1657 1829 1696 supponendo.

1051 1708 1207 1739 Praedicta
1222 1709 1324 1748 igitur
1339 1709 1481 1748 eeclesia,
1491 1710 1625 1749 juvante
1638 1718 1671 1740 se
1682 1709 1829 1747 Domino,

1050 1764 1080 1793 et
1102 1762 1271 1793 devotione
1294 1763 1415 1794 civium
1441 1763 1617 1801 assistente,
1641 1764 1768 1801 refecta,
1790 1772 1832 1794 ne

1050 1818 1120 1856 post
1135 1816 1275 1847 laborem
1289 1825 1403 1856 corpus
1416 1819 1555 1857 torperet
1569 1818 1713 1857 ignavia,
1731 1820 1833 1849 trans-

1050 1870 1123 1900 tulit
1138 1879 1171 1900 se
1188 1870 1226 1900 ad
1242 1871 1454 1910 reparandam
1473 1871 1637 1901 ecclesiam
1661 1872 1833 1911 quamdam

1052 1924 1141 1955 Beati
1156 1924 1240 1955 Petri
1256 1924 1386 1964 longius
1408 1935 1426 1955 a
1446 1925 1572 1956 civitate
1590 1926 1770 1963 distantem,
1793 1927 1833 1957 ob

1050 1978 1253 2009 devotionem
1277 1979 1458 2018 specialem,
1486 1989 1583 2020 quam
1605 1980 1644 2010 ad
1667 1980 1831 2020 Apostolo-

1050 2041 1123 2062 rum
1142 2032 1322 2072 Principem
1337 2033 1467 2063 sincerae
1483 2033 1557 2064 fidei
1577 2034 1718 2073 puritate
1739 2043 1830 2073 gere-

1049 2086 1113 2117 bat.
1132 2086 1196 2116 Hac
1211 2086 1339 2116 tandem
1360 2087 1489 2117 ecclesia
1508 2090 1742 2125 consummata,
1765 2096 1833 2127 per-

1050 2140 1137 2171 venit
1154 2140 1193 2169 ad
1208 2139 1325 2178 locum,
1348 2141 1403 2180 qui
1428 2140 1635 2171 Portiuncula
1657 2141 1783 2179 dicitur,
1799 2141 1832 2171 in

1050 2203 1114 2234 quo
1130 2194 1260 2224 ecclesia
1280 2193 1477 2224 Beatissimae
1501 2193 1643 2234 Virginis
1667 2195 1832 2234 genitricis

1050 2247 1104 2278 Dei
1126 2247 1303 2287 antiquitus
1326 2247 1478 2278 fabricata
1504 2248 1668 2286 extiterat;
1697 2249 1750 2280 sed
1776 2249 1829 2279 de-

1050 2304 1133 2332 serta
1149 2326 1157 2339 ,
1188 2303 1265 2331 tunc
1303 2310 1322 2331 a
1348 2301 1477 2332 nemine
1512 2302 1696 2333 curabatur.
1730 2303 1831 2340 Quam

1050 2365 1124 2386 cum
1138 2355 1189 2387 vir
1205 2355 1257 2386 Dei
1279 2356 1324 2386 sic
1347 2355 1530 2386 derelictam
1556 2357 1762 2397 conspiceret,
1791 2357 1831 2388 ob

1050 2409 1251 2440 devotionem
1281 2409 1476 2448 ferventem,
1505 2420 1603 2450 quam
1633 2410 1770 2441 habebat
1792 2411 1831 2441 ad

1050 2463 1217 2493 Dominam
1233 2463 1355 2501 mundi,
1373 2464 1468 2503 coepit
1483 2464 1545 2494 illic
1560 2464 1686 2494 assidue
1707 2474 1764 2504 pro
1781 2465 1830 2504 ip-

1051 2517 1117 2547 sius
1154 2517 1354 2556 reparatione
1386 2518 1517 2547 morari.
1546 2516 1693 2548 Sentiens
1723 2520 1831 2549 autem

1047 2572 1142 2610 juxta
1157 2579 1276 2601 nomen
1296 2570 1397 2610 ipsius
1418 2570 1568 2607 ecclesiae,
1596 2579 1660 2610 quo
1685 2571 1724 2601 ab
1746 2567 1830 2601 anti-

1050 2633 1114 2664 quo
1129 2623 1245 2654 Sancta
1260 2623 1358 2654 Maria
1373 2623 1411 2654 de
1427 2623 1560 2662 Angelis
1575 2624 1761 2661 vocabatur,
1776 2634 1830 2655 an-

1053 2678 1227 2717 gelicarum
1264 2677 1307 2707 ibi
1342 2677 1563 2708 visitationum
1598 2678 1828 2717 frequentiam,
