2029 3052
723 228 774 261 DE
797 229 880 262 UNA
901 230 933 262 S.
957 230 1131 264 VlRGlNE.
1156 232 1290 266 SERMO
1314 233 1353 265 ΙΙ.
1806 237 1846 267 93

223 298 278 327 sed
291 297 428 327 homines
441 298 553 326 naturoe
567 296 693 326 modum
712 298 819 335 saepius
833 299 962 334 mutant,
977 301 1006 326 et

225 354 294 374 cum
308 345 450 374 uxoribus
462 352 524 373 non
540 346 674 373 servant:
687 344 763 373 sicut
776 345 863 374 ctiam
875 345 929 374 fuit
938 347 1006 374 ante

225 393 382 428 diluvium,
399 392 523 429 quando
534 394 654 429 propter
664 392 722 420 hoc
730 393 846 422 mundo
858 393 1007 421 diluvium

224 442 266 469 est
280 440 444 468 inductum.
461 439 542 467 Unde
557 439 697 468 scribitur
711 439 720 456 ¹
735 449 741 468 :
757 451 769 466 α
782 440 883 469 Omnis
895 441 1007 477 quippe

224 495 294 516 caro
303 486 564 523 corruperatviam
571 494 657 514 suam
667 495 756 523 super
767 489 885 516 terram.
898 487 1007 515 Videns

225 542 296 570 ergo
308 534 462 568 Dominus,
475 533 559 570 quod
572 535 679 562 cuncta
689 534 829 570 cogitatio
842 534 941 562 cordis
955 534 1007 562 hu-

225 581 306 609 mani
314 581 426 609 intenta
435 582 510 609 esset
518 581 557 609 ad
565 581 680 609 malum
689 581 924 618 omnitempore,
934 581 1008 610 dixit

226 628 265 657 ad
279 630 339 657 Noe
355 637 361 656 :
379 628 457 657 Finis
467 628 612 656 universae
626 628 722 656 carnis
735 628 816 657 venit
831 637 931 657 coram
947 636 1005 663 me,

225 677 254 704 et
268 675 381 712 repleta
396 677 439 703 est
452 677 528 704 terra
543 675 697 711 iniquitate
710 684 716 702 :
729 678 756 704 et
767 684 823 711 ego
835 675 1008 712 disperdam

226 731 276 751 eos
291 730 359 750 oum
373 724 460 751 terra.
478 733 490 748 n
509 723 541 750 Et
555 730 622 750 ecce
638 723 661 750 si
677 723 717 751 sic
729 723 822 751 modo
835 725 887 758 est,
897 724 928 750 ut
939 725 1008 751 tunc

225 771 297 804 erat,
313 777 385 805 ergo
401 777 462 797 non
479 770 579 803 restat,
592 769 648 797 nisi
660 769 768 798 utfinis
778 769 885 797 mundi
898 770 1007 805 veniat,

225 818 253 844 et
267 824 371 844 omnes
385 816 480 852 rapiat
495 816 534 844 ad
549 815 710 845 infernum.
726 818 800 845 Nam
820 818 848 844 et
868 817 1008 844 Dominus

223 863 287 900 ipse
308 863 444 900 praedixit
473 863 574 892 dicens
593 865 603 881 ²
624 873 631 892 ε
655 873 668 890 ι(
690 864 770 892 Siout
788 864 842 892 i'uit
855 864 886 892 in
902 864 1008 892 diebus

224 913 295 946 Noe,
320 911 360 939 sic
383 911 438 940 erit
459 912 491 939 iu
514 912 646 940 adventu
668 911 732 940 Filii
746 911 887 948 hominis.
904 923 916 937 υ
934 913 1008 940 Nam

224 958 297 986 sicut
311 958 354 986 illi
369 960 503 996 tempore
518 960 578 987 Noe
593 967 655 987 non
675 959 847 994 credebant,
868 959 922 987 sed
939 967 1008 986 cum

224 1005 418 1034 fabricantem
432 1014 532 1034 arcam
547 1006 725 1034 deridebant
735 1016 743 1041 3
758 1006 799 1034 sic
810 1014 864 1034 nec
878 1014 930 1034 vos
942 1013 1007 1033 cre-

225 1051 293 1080 ditis
320 1053 399 1080 hunc
421 1053 570 1081 mundum
596 1053 774 1089 finiendum,
800 1052 896 1081 donec
918 1060 1008 1089 poena

225 1099 340 1132 doceat,
367 1100 450 1136 quod
472 1100 652 1128 conscientia
677 1108 758 1128 nunc
782 1100 856 1128 scire
879 1102 1005 1128 recusat.

227 1156 241 1172 <t
256 1147 329 1175 Cum
344 1147 434 1182 enim,
450 1158 462 1173 »
480 1149 513 1175 ut
532 1148 572 1175 ait
593 1147 750 1183 Apostolus
776 1148 797 1182 ³,
823 1157 835 1172 «
861 1146 1006 1175 dixerint:

225 1195 283 1221 Pax
298 1196 326 1222 et
339 1195 479 1223 securitas
493 1204 501 1229 3
526 1196 594 1222 tunc
620 1194 791 1231 repentinus
807 1194 848 1222 cis
863 1202 1004 1230 superve-

225 1240 285 1268 niet
304 1241 447 1276 interitus,
475 1243 502 1269 et
526 1249 588 1269 non
613 1241 762 1276 effugient.
787 1252 799 1267 »
822 1243 903 1277 saepe
929 1241 1009 1269 enim

226 1288 288 1315 avis
301 1288 415 1324 capitur
429 1288 551 1324 laqueo,
565 1288 652 1325 piscis
668 1288 770 1322 hamo,
787 1288 859 1324 quia
875 1288 948 1316 dum
966 1296 1011 1316 se-

227 1343 314 1363 curus
335 1338 459 1371 uterque
484 1335 574 1369 vadit,
596 1337 734 1372 paratum
757 1336 814 1363 sibi
839 1335 1010 1372 periculum

226 1391 287 1410 nou
303 1382 438 1411 advertit.
457 1383 538 1410 Unde
552 1382 658 1411 dicitur
670 1383 698 1410 ⁶:
720 1393 732 1409 «
749 1383 828 1411 Sicut
842 1383 937 1419 pisces
961 1391 1009 1411 ca-

226 1430 347 1465 piuntur
370 1430 472 1464 hamo,
503 1432 531 1458 ct
557 1438 627 1458 aves
649 1430 777 1466 laqueo,
805 1431 846 1458 sic
872 1430 1010 1458 homines

227 1477 384 1513 capiuntur
399 1477 429 1504 in
445 1479 577 1513 tempore
593 1477 684 1505 malo.
702 1488 715 1503 »

262 1525 357 1552 Tertio
372 1524 543 1560 requiritur,
559 1526 591 1552 ut
616 1524 652 1552 sit
667 1525 781 1553 candor
795 1525 826 1552 in
844 1533 944 1561 opere.
966 1525 1010 1553 Sic

228 1571 307 1599 enim
323 1571 454 1608 perfecta
468 1574 511 1599 est
525 1574 626 1599 nostra
641 1571 799 1605 munditia,
813 1572 936 1608 quando
949 1580 1011 1600 non

227 1618 325 1646 solum
344 1618 457 1646 munda
478 1620 546 1646 sunt
565 1619 667 1653 corda,
690 1619 743 1647 sed
765 1619 854 1647 etiam
870 1619 964 1647 verba
984 1621 1012 1647 et

228 1673 330 1702 opera.
348 1665 437 1693 Debet
450 1665 529 1693 enim
541 1666 688 1694 munditia
697 1666 805 1694 mentis
818 1666 1010 1702 resplendere

227 1713 259 1740 in
274 1713 350 1747 visu,
364 1712 395 1740 in
411 1712 514 1740 auditu
530 1713 601 1741 etin
616 1714 706 1748 tactu,
730 1713 760 1741 in
782 1713 910 1748 incessu,
932 1716 960 1741 et
981 1713 1012 1741 in

228 1759 343 1794 habitu,
370 1762 397 1787 et
421 1760 537 1788 effectu.
560 1762 624 1788 Non
645 1761 724 1788 enim
747 1762 843 1797 potest
867 1769 940 1795 esse,
969 1762 1011 1795 ut,

229 1807 281 1835 ubi
293 1809 360 1835 sunt
374 1815 442 1835 vere
460 1807 496 1843 (a)
510 1808 625 1835 munda
642 1808 744 1842 corda,
769 1808 853 1844 quod
872 1808 964 1836 verba
984 1810 1013 1835 et

230 1862 320 1890 opera
336 1854 393 1881 sint
406 1854 562 1882 immunda
580 1864 585 1882 z
608 1855 678 1891 quia
694 1855 884 1883 immunditia
905 1855 1012 1883 verbo-

231 1909 308 1936 rum,
324 1901 371 1929 vel
387 1909 525 1937 operum,
540 1902 661 1937 signum
680 1903 876 1930 certissimum
896 1905 939 1931 est
956 1903 1012 1930 im-

231 1948 385 1976 munditiae
398 1948 506 1976 cordis.
526 1949 607 1976 Unde
629 1949 736 1977 mulier
754 1949 894 1985 quaedam
912 1952 1013 1978 sancta

232 1995 302 2023 dicit
315 1996 345 2023 in
360 1996 430 2023 Vitis
444 1998 574 2032 Patrum,
589 1997 672 2033 quod
685 2005 746 2025 non
760 1999 802 2024 est
815 2005 884 2025 vera
897 1998 1013 2025 castitas

232 2043 310 2079 apud
331 2043 468 2071 homines
487 2044 660 2079 saeculares,
683 2053 718 2072 eo
745 2044 829 2080 quod
858 2046 925 2072 sunt
949 2053 1013 2072 om-

232 2090 321 2130 nium·
331 2099 473 2119 sensuum
489 2095 678 2127 corruptores
701 2100 835 2120 suorum.
857 2094 921 2120 Haec
942 2101 1012 2128 ergo

233 2138 320 2173 Virgo
336 2141 437 2166 sancta
452 2139 624 2173 candorem,
642 2147 731 2175 quem
743 2139 902 2174 gerebatin
911 2139 1011 2175 corde,

233 2186 360 2221 portavit
376 2185 447 2213 etin
464 2194 565 2221 opere,
582 2188 609 2213 et
624 2186 654 2213 in
675 2186 757 2213 omui
778 2194 832 2214 sua
854 2195 1013 2214 conversa-

233 2233 323 2259 tione.
345 2233 460 2260 Sciebat
479 2233 557 2260 enim
579 2233 722 2269 scriptum
746 2242 807 2260 csse
831 2234 840 2250 ¹⁵
865 2242 870 2260 :
896 2245 908 2258 «
929 2234 1013 2262 Omni

233 2281 367 2314 tempore
384 2280 440 2307 sint
454 2280 628 2308 vestimenta
642 2283 692 2308 tua
704 2280 843 2308 candida.
861 2291 874 2307 n
893 2283 924 2309 Et
939 2281 1014 2308 illud

234 2326 318 2362 quod
334 2326 370 2353 de
388 2327 511 2354 Domino
533 2327 684 2355 Salvatore
703 2327 829 2355 liabetur
845 2328 854 2343 ⁶
872 2338 877 2354 :
898 2339 910 2353 (ι
925 2327 1015 2355 Vesti-

234 2376 334 2401 menta
353 2374 416 2408 cjus
436 2374 565 2402 candida
589 2374 707 2402 fuerunt
730 2375 804 2403 sicut
828 2375 888 2402 nix.
908 2386 920 2401 n
938 2375 1015 2408 Quid

233 2429 286 2456 per
302 2420 477 2448 vestimenta
493 2421 632 2455 candida,
646 2422 701 2449 nisi
719 2430 810 2458 opera
825 2422 959 2449 munda?
973 2422 1015 2450 Si-

235 2470 283 2495 cut
297 2468 427 2495 vestibus
443 2468 596 2496 calcfimus
610 2470 747 2504 extu-rius,
765 2470 805 2497 sic
818 2470 958 2506 operibus
973 2470 1016 2496 in-

236 2515 426 2543 flammamur
460 2516 592 2543 interius
624 2518 705 2551 Item,
735 2517 809 2544 sicut
836 2516 1016 2544 vestimentis

236 2564 339 2590 contra
353 2562 477 2597 injurias
492 2562 567 2590 acris
582 2563 720 2599 tegimur,
737 2564 778 2591 sic
792 2566 895 2591 contra
910 2564 1016 2591 diabo—

236 2609 298 2636 lum
309 2609 397 2636 bonis
408 2610 550 2645 operibus
566 2610 766 2638 defensamur.
783 2612 865 2646 Item,
880 2611 954 2638 sicut
968 2619 1017 2638 ve-

267 2674 273 2688 ¹
299 2673 370 2701 Gna.
393 2678 433 2702 vr,
461 2674 541 2697 12-153.
570 2686 597 2690 »-
620 2674 630 2689 ²
655 2673 754 2700 wollt..
783 2679 853 2704 xxiv,
881 2675 962 2697 fig-30.
988 2687 1016 2692 -

237 2709 247 2725 ³
264 2710 268 2732 1
294 2709 383 2740 Thes-r,
405 2715 430 2739 v,
445 2711 467 2733 3.
486 2723 511 2726 -—
533 2710 540 2723 ⁴
559 2709 649 2739 tit-cle„
671 2715 712 2739 ix,
732 2712 766 2733 12.
782 2723 813 2727 —-
833 2711 840 2723 ⁵
858 2710 932 2740 ibid,
948 2711 970 2734 8.
987 2723 1015 2729 -

1061 300 1155 330 stibus
1167 301 1259 331 homo
1276 301 1403 331 exterius
1417 301 1594 336 adornatur,
1611 301 1652 330 sic
1666 301 1756 331 bonis
1771 310 1844 339 opc-

1061 348 1144 376 ribus
1160 351 1188 377 et
1202 350 1310 378 sanctis
1326 351 1403 378 totus
1417 350 1510 378 homo
1525 349 1693 378 luminosus
1707 349 1843 378 efficitur.

1062 396 1149 431 Ergo,
1162 396 1193 424 iu
1203 397 1258 426 hac
1273 397 1387 433 virgine
1399 399 1511 432 sancta,
1526 397 1701 425 vestimenta
1715 396 1846 426 candida

1061 441 1180 471 suerunt
1203 444 1268 480 ipsa
1289 452 1382 481 opera
1403 444 1562 473 luminosa.
1584 444 1699 473 Sciebat
1723 444 1802 472 enim
1828 452 1847 472 a

1061 489 1188 518 DomIno
1214 499 1276 519 esse
1303 493 1485 528 praeceptum
1505 492 1516 509 ⁷
1537 501 1544 520 :
1570 501 1583 517 «
1610 491 1656 520 Sic
1677 491 1774 520 luceat
1794 491 1846 519 lux

1062 538 1158 564 vestra
1174 545 1276 565 coram
1290 538 1474 574 hominibus,
1497 541 1529 567 ut
1549 539 1670 566 videant
1685 545 1778 574 opera
1794 546 1845 566 ve-

1061 585 1120 611 stra
1135 583 1226 612 bona.
1243 595 1255 611 ι)
1275 585 1355 613 Unde
1372 585 1409 613 dc
1425 593 1460 614 ea
1475 587 1574 622 potest
1587 585 1646 613 diei
1662 585 1751 619 illud,
1762 584 1845 621 quod

1063 630 1170 659 dicitur
1189 631 1227 659 de
1249 640 1343 660 uxore
1366 633 1451 668 Agni,
1476 641 1543 669 quae
1569 635 1611 660 est
1635 633 1683 661 Dei
1706 632 1845 666 Ecclesia,

1062 677 1164 706 ⁸«non
1178 678 1293 707 habens
1309 679 1471 714 maculam,
1487 688 1584 716 neque
1599 688 1715 716 rugam.
1733 689 1746 706 n
1764 691 1776 704 α
1794 681 1847 707 Da-

1062 726 1126 753 tum
1150 727 1202 760 est,
1225 737 1237 751 »
1265 726 1361 762 inquit
1382 728 1510 754 Joanncs
1524 727 1544 759 ⁹,
1563 737 1576 753 «
1592 727 1629 762 ei,
1647 728 1679 754 ut
1695 726 1847 763 cooperiat

1062 781 1092 801 se
1115 773 1205 810 bysso
1225 774 1356 802 candido
1381 776 1409 802 et
1431 774 1611 811 splendenti.
1629 786 1641 798 υ
1656 776 1761 810 ssyssus
1776 782 1847 802 cau-

1063 820 1152 848 didus
1168 823 1196 849 et
1211 821 1384 857 splendens,
1396 824 1437 849 cst
1448 830 1524 858 opus
1537 830 1571 849 cx
1588 823 1648 849 toto
1662 821 1847 849 luminosum

1063 870 1091 896 et
1111 868 1281 904 pulchrum.
1306 870 1363 898 Sed
1385 869 1452 905 quis
1472 872 1514 897 est
1539 869 1641 901 hodie,
1655 869 1741 904 'cujus
1756 876 1848 904 opera

1063 915 1120 943 sint
1134 916 1271 952 undique
1288 916 1450 952 splendida
1465 918 1492 944 et
1507 916 1647 951 candida,
1667 918 1694 944 et
1711 924 1772 944 non
1788 924 1849 943 sor-

1063 962 1136 990 dida
1159 965 1186 990 et
1206 963 1382 991 immunda?
1404 964 1476 991 Sunt
1498 963 1578 991 enim
1599 963 1690 991 hodie
1711 963 1848 991 homines

1062 1002 1161 1045 porcis
1180 1010 1301 1045 similes,
1319 1010 1371 1046 qui
1386 1019 1503 1046 semper
1528 1010 1625 1038 lutosa
1650 1013 1795 1047 quaerunt,
1821 1013 1849 1038 et

1064 1056 1192 1092 diligunt
1206 1057 1311 1092 lutum,
1328 1059 1355 1085 et
1372 1059 1432 1086 tota
1452 1057 1499 1085 die
1519 1058 1550 1085 in
1573 1058 1636 1086 luto
1659 1066 1690 1086 se
1711 1057 1846 1091 volvunt,

1063 1112 1119 1131 nec
1135 1104 1198 1139 ejus
1214 1104 1351 1132 soetorem
1366 1104 1507 1139 sentiunt,
1521 1113 1612 1141 quem
1628 1105 1753 1133 odorem
1768 1104 1848 1132 dele-

1064 1151 1205 1179 ctabilem
1230 1160 1293 1179 esse
1324 1151 1458 1179 credunt.
1488 1151 1615 1187 Fugiunt
1639 1160 1709 1179 aves
1734 1152 1847 1186 foetida,

1064 1200 1166 1226 amant
1179 1198 1346 1233 odorifera3
1364 1199 1416 1226 sed
1431 1198 1589 1233 luxuriosi,
1614 1199 1723 1226 diviuae
1741 1198 1847 1234 imagi-

1063 1245 1109 1273 nis
1127 1245 1222 1279 obliti,
1239 1245 1304 1273 solo
1324 1245 1428 1274 foetore
1443 1246 1567 1273 luxuriae
1586 1248 1653 1274 sunt
1668 1247 1807 1274 contenti.
1825 1248 1846 1274 Ο

1063 1292 1162 1320 rabies
1184 1293 1374 1320 detestanda!
1402 1301 1420 1321 o
1442 1293 1564 1321 frenesis
1583 1293 1728 1328 inaudita,
1744 1296 1776 1321 ut
1790 1294 1846 1321 hu-

1065 1348 1154 1367 mana
1163 1340 1285 1368 scientia
1299 1340 1336 1367 sit
1351 1348 1437 1375 caeca,
1449 1343 1545 1368 etnon
1556 1341 1661 1368 sentiat
1675 1341 1731 1368 sibi
1746 1341 1848 1368 foeticla

1066 1390 1094 1415 et
1113 1387 1231 1422 nociva,
1262 1395 1330 1415 cum
1350 1387 1395 1415 his
1420 1395 1482 1415 non
1509 1387 1627 1416 deficiat
1654 1388 1848 1416 formicarum

1065 1434 1235 1470 prudentia,
1251 1442 1307 1462 nec
1323 1434 1487 1462 multorum
1502 1435 1661 1463 brutorum
1683 1435 1827 1463 industria
1841 1437 1846 1462 ῐ

1066 1481 1204 1516 Sequitur
1221 1490 1228 1508 z
1247 1481 1432 1509 Coronalicrz's.
1451 1483 1480 1509 iu
1496 1490 1556 1518 quo
1572 1484 1691 1510 notatur
1713 1482 1848 1510 sublimi-

1068 1530 1109 1555 tas
1131 1528 1255 1564 praemii,
1279 1536 1339 1564 qua
1357 1531 1398 1556 est
1422 1530 1574 1564 praemiata
1598 1529 1628 1556 in
1651 1529 1756 1565 patria.
1777 1531 1850 1557 Nam

1067 1583 1178 1602 corona
1194 1577 1236 1602 est
1250 1583 1296 1602 res
1313 1575 1442 1611 pretiosa
1457 1584 1493 1603 ex
1508 1579 1591 1611 parte
1607 1577 1748 1611 materiae,
1764 1579 1792 1605 et
1808 1580 1851 1605 est

1066 1630 1112 1650 res
1127 1622 1262 1657 speciosa
1285 1630 1321 1650 ex
1342 1625 1424 1658 parte
1445 1622 1559 1657 formae,
1580 1625 1607 1651 et
1626 1626 1668 1651 est
1682 1624 1849 1652 {eternitatis

1067 1669 1262 1704 significativa
1287 1677 1322 1697 ex
1344 1672 1426 1705 parte
1451 1670 1565 1705 figuroe.
1592 1671 1625 1698 Et
1650 1671 1691 1698 sic
1714 1671 1774 1698 vita
1798 1671 1848 1699 illa

1067 1716 1155 1744 beata.
1183 1719 1224 1744 est
1248 1724 1364 1744 summe
1389 1717 1528 1752 pretiosa,
1555 1720 1677 1753 propter
1698 1726 1849 1745 summum

1068 1763 1202 1797 bonum;
1221 1765 1250 1791 et
1264 1772 1380 1791 summe
1401 1764 1545 1800 speciosa,
1562 1766 1685 1801 propter
1699 1773 1850 1793 summum

1067 1811 1247 1846 pulchrum3
1271 1813 1300 1838 et
1323 1814 1365 1839 est
1383 1813 1502 1846 aeterna,
1528 1814 1650 1848 propter
1665 1820 1781 1840 summe
1797 1813 1852 1839 im-

1068 1866 1216 1885 mensum.
1239 1858 1296 1886 Sed
1313 1858 1350 1886 de
1365 1858 1411 1886 his
1429 1867 1526 1894 quaere
1551 1859 1582 1886 in
1596 1859 1791 1887 sermonibus
1813 1859 1850 1887 de

1069 1905 1254 1940 Martyribus,
1271 1913 1362 1941 supra
1378 1907 1405 1933 et
1420 1905 1506 1943 infra.>

1365 1985 1493 2014 SERMO
1517 1985 1554 2015 11.

1107 2047 1137 2073 1η
1148 2049 1307 2082 perpetuum
1316 2049 1443 2074 coronata
1454 2047 1603 2082 triumphat
1615 2049 1645 2073 1⁰.
1661 2047 1785 2083 Dignum
1798 2051 1850 2083 est,

1071 2094 1098 2121 et
1109 2093 1226 2128 justitioe
1246 2102 1423 2128 consonum,
1445 2096 1475 2121 ut
1492 2094 1542 2129 qui
1558 2094 1670 2122 sortiter
1684 2098 1808 2131 pugnat,
1825 2099 1852 2123 et

1070 2141 1186 2169 hostem
1205 2141 1383 2177 suppeditat,
1401 2149 1545 2169 coronam
1569 2142 1781 2178 triumphalem
1805 2152 1851 2171 ac-

1071 2188 1169 2224 cipiat.
1191 2188 1272 2215 Unde
1293 2188 1366 2215 duni
1386 2189 1458 2216 tales
1481 2192 1672 2225 coronantur,
1696 2191 1791 2218 caeteri
1813 2192 1851 2219 ad

1071 2236 1225 2263 victoriam
1241 2235 1419 2263 animantur.
1446 2236 1527 2263 Unde
1550 2237 1711 2273 antiquitus
1726 2238 1850 2266 victores

1071 2284 1221 2311 bellorum
1237 2284 1370 2311 coronati
1386 2292 1487 2311 coram
1499 2285 1640 2312 omnibus
1652 2285 1830 2314 incedebant
1844 2296 1850 2313 ε

1072 2333 1100 2358 et
1119 2331 1159 2357 sic
1175 2330 1214 2358 ad
1228 2331 1404 2358 bellandum
1424 2339 1528 2359 omnes
1546 2332 1659 2359 fortiter
1675 2333 1851 2360 animaban-

1072 2378 1128 2405 tur.
1152 2379 1227 2405 Dum
1252 2378 1331 2405 enim
1352 2378 1389 2405 de
1412 2381 1497 2414 capia
1515 2379 1615 2414 prfeda
1639 2379 1753 2415 aliquid
1774 2381 1852 2407 cani-

1072 2424 1129 2452 bus
1149 2425 1246 2459 datur,
1271 2425 1425 2459 contingit,
1450 2428 1482 2452 ut
1504 2426 1541 2453 ad
1568 2426 1675 2453 bestias
1692 2427 1853 2461 capiendas

1073 2472 1202 2507 amplius
1218 2472 1410 2499 concitentur.
1428 2472 1507 2499 Multi
1527 2472 1564 2498 ad
1586 2472 1761 2500 bellandum
1777 2474 1854 2501 mili-

1073 2520 1115 2546 tes
1136 2518 1315 2553 animantur,
1339 2519 1462 2554 quando
1488 2527 1595 2546 munus
1612 2519 1652 2547 eis
1665 2521 1851 2556 proponitur.

1074 2565 1154 2593 Unde
1171 2574 1238 2593 cum
1253 2573 1380 2601 magnus
1395 2565 1562 2593 Alexander
1575 2574 1686 2602 magna
1701 2567 1783 2596 dona
1798 2568 1853 2595 mi-

1075 2633 1083 2646 ⁶
1098 2632 1188 2663 Mara,
1207 2638 1250 2663 ix,
1265 2634 1287 2656 2.
1307 2645 1332 2648 —
1349 2632 1358 2648 ⁷
1374 2631 1477 2661 Mattlz..
1492 2638 1517 2662 v,
1533 2634 1571 2656 16.
1588 2647 1614 2650 -
1633 2635 1640 2647 ⁸
1655 2634 1756 2666 aphes„
1774 2641 1797 2666 v,
1814 2637 1853 2659 27.

1074 2680 1103 2685 -
1119 2669 1128 2685 ⁹
1141 2669 1226 2699 Aper„
1241 2675 1295 2699 xvx,
1312 2670 1335 2691 R.
1349 2681 1378 2685 -—
1394 2669 1411 2683 ¹⁰
1428 2668 1547 2699 Sap.‚1v,
1559 2671 1582 2693 2.

1109 2712 1140 2742 (a)
1158 2711 1219 2734 Coet.
1235 2711 1298 2734 eda.
1316 2718 1385 2735 vcra.
