<?xml version="1.0" encoding="UTF-8"?>
<!DOCTYPE html PUBLIC "-//W3C//DTD XHTML 1.0 Transitional//EN"
    "http://www.w3.org/TR/xhtml1/DTD/xhtml1-transitional.dtd">
<html xmlns="http://www.w3.org/1999/xhtml" xml:lang="en" lang="en">
 <head>
  <title>
</title>
<meta http-equiv="Content-Type" content="text/html;charset=utf-8" />
  <meta name='ocr-system' content='tesseract 3.04.00' />
  <meta name='ocr-capabilities' content='ocr_page ocr_carea ocr_par ocr_line ocrx_word'/>
</head>
<body>
  <div class='ocr_page' id='page_1' title='image "./operaomniasixtiv14bonauoft/operaomniasixtiv14bonauoft_0552.png"; bbox 0 0 2029 3052; ppageno 0'>
   <div class='ocr_carea' id='block_1_1' title="bbox 208 185 1243 226">
    <p class='ocr_par' dir='ltr' id='par_1_1' title="bbox 208 185 1243 226">
     <span class='ocr_line' id='line_1_1' title="bbox 208 185 1243 226; baseline -0.008 0"><span class='ocrx_word' id='word_1_1' title='bbox 208 196 268 226; x_wconf 73' lang='grc'><strong>514</strong></span> <span class='ocrx_word' id='word_1_2' title='bbox 791 186 1001 223; x_wconf 81' lang='lat' dir='ltr'><strong>APOLOGIAE</strong></span> <span class='ocrx_word' id='word_1_3' title='bbox 1023 185 1243 220; x_wconf 85' lang='lat' dir='ltr'><strong>PAUPERUM</strong></span> 
     </span>
    </p>
   </div>
   <div class='ocr_carea' id='block_1_2' title="bbox 202 256 990 2570">
    <p class='ocr_par' dir='ltr' id='par_1_2' title="bbox 202 256 990 2570">
     <span class='ocr_line' id='line_1_2' title="bbox 208 256 990 301; baseline -0.008 -8"><span class='ocrx_word' id='word_1_4' title='bbox 208 261 324 301; x_wconf 89' lang='lat' dir='ltr'><strong>dedito,</strong></span> <span class='ocrx_word' id='word_1_5' title='bbox 339 263 376 293; x_wconf 91' lang='lat' dir='ltr'><strong>tu</strong></span> <span class='ocrx_word' id='word_1_6' title='bbox 389 260 524 293; x_wconf 90' lang='lat' dir='ltr'><strong>Domino</strong></span> <span class='ocrx_word' id='word_1_7' title='bbox 537 269 595 293; x_wconf 88' lang='lat' dir='ltr'><strong>suo</strong></span> <span class='ocrx_word' id='word_1_8' title='bbox 610 260 722 299; x_wconf 85' lang='lat' dir='ltr'><strong>charo,</strong></span> <span class='ocrx_word' id='word_1_9' title='bbox 741 258 862 300; x_wconf 86' lang='lat' dir='ltr'><strong>aliquid</strong></span> <span class='ocrx_word' id='word_1_10' title='bbox 882 256 990 289; x_wconf 83' lang='lat' dir='ltr'><strong>existi-</strong></span> 
     </span>
     <span class='ocr_line' id='line_1_3' title="bbox 208 310 990 355; baseline -0.01 -7"><span class='ocrx_word' id='word_1_11' title='bbox 208 325 279 348; x_wconf 85' lang='lat' dir='ltr'><strong>mas</strong></span> <span class='ocrx_word' id='word_1_12' title='bbox 296 315 482 347; x_wconf 85' lang='lat' dir='ltr'><strong>defuturum</strong></span> <span class='ocrx_word' id='word_1_13' title='bbox 492 316 507 347; x_wconf 73' lang='lat'><strong>2&gt;</strong></span> <span class='ocrx_word' id='word_1_14' title='bbox 529 315 581 347; x_wconf 87' lang='lat' dir='ltr'><strong>An</strong></span> <span class='ocrx_word' id='word_1_15' title='bbox 594 316 704 355; x_wconf 79' lang='lat' dir='ltr'><strong>putas,</strong></span> <span class='ocrx_word' id='word_1_16' title='bbox 725 313 801 355; x_wconf 87' lang='lat' dir='ltr'><strong>quia</strong></span> <span class='ocrx_word' id='word_1_17' title='bbox 816 311 872 353; x_wconf 89' lang='lat' dir='ltr'><strong>qui</strong></span> <span class='ocrx_word' id='word_1_18' title='bbox 888 310 990 343; x_wconf 87' lang='lat' dir='ltr'><strong>Chris-</strong></span> 
     </span>
     <span class='ocr_line' id='line_1_4' title="bbox 207 365 990 410; baseline -0.009 -8"><span class='ocrx_word' id='word_1_19' title='bbox 207 372 279 401; x_wconf 85' lang='lat' dir='ltr'><strong>tum</strong></span> <span class='ocrx_word' id='word_1_20' title='bbox 291 370 400 410; x_wconf 84' lang='lat' dir='ltr'><strong>pascit‚</strong></span> <span class='ocrx_word' id='word_1_21' title='bbox 415 379 434 401; x_wconf 88' lang='lat' dir='ltr'><strong>a</strong></span> <span class='ocrx_word' id='word_1_22' title='bbox 450 369 572 402; x_wconf 86' lang='lat' dir='ltr'><strong>Christo</strong></span> <span class='ocrx_word' id='word_1_23' title='bbox 586 368 652 409; x_wconf 85' lang='lat' dir='ltr'><strong>ipse</strong></span> <span class='ocrx_word' id='word_1_24' title='bbox 664 377 730 400; x_wconf 89' lang='lat' dir='ltr'><strong>non</strong></span> <span class='ocrx_word' id='word_1_25' title='bbox 743 366 909 409; x_wconf 83' lang='lat' dir='ltr'><strong>pascetur?</strong></span> <span class='ocrx_word' id='word_1_26' title='bbox 924 365 990 396; x_wconf 87' lang='lat' dir='ltr'><strong>Aut</strong></span> 
     </span>
     <span class='ocr_line' id='line_1_5' title="bbox 208 419 989 463; baseline -0.006 -8"><span class='ocrx_word' id='word_1_27' title='bbox 208 424 253 455; x_wconf 89' lang='lat' dir='ltr'><strong>eis</strong></span> <span class='ocrx_word' id='word_1_28' title='bbox 267 426 394 456; x_wconf 87' lang='lat' dir='ltr'><strong>terrena</strong></span> <span class='ocrx_word' id='word_1_29' title='bbox 410 424 562 461; x_wconf 89' lang='lat' dir='ltr'><strong>deerunt,</strong></span> <span class='ocrx_word' id='word_1_30' title='bbox 578 423 696 463; x_wconf 86' lang='lat' dir='ltr'><strong>quibus</strong></span> <span class='ocrx_word' id='word_1_31' title='bbox 709 422 818 454; x_wconf 90' lang='lat' dir='ltr'><strong>divina</strong></span> <span class='ocrx_word' id='word_1_32' title='bbox 834 419 989 452; x_wconf 79' lang='grc'><strong>01000105-</strong></span> 
     </span>
     <span class='ocr_line' id='line_1_6' title="bbox 207 473 988 513; baseline -0.005 -5"><span class='ocrx_word' id='word_1_33' title='bbox 207 478 253 510; x_wconf 90' lang='lat' dir='ltr'><strong>tia</strong></span> <span class='ocrx_word' id='word_1_34' title='bbox 267 478 476 509; x_wconf 77' lang='lat' dir='ltr'><strong>tribuuntur?</strong></span> <span class='ocrx_word' id='word_1_35' title='bbox 492 476 582 509; x_wconf 84' lang='lat' dir='ltr'>Unde</span> <span class='ocrx_word' id='word_1_36' title='bbox 595 477 666 508; x_wconf 85' lang='lat' dir='ltr'><strong>haec</strong></span> <span class='ocrx_word' id='word_1_37' title='bbox 685 475 850 507; x_wconf 86' lang='lat' dir='ltr'><strong>incredula</strong></span> <span class='ocrx_word' id='word_1_38' title='bbox 864 473 988 513; x_wconf 85' lang='lat' dir='ltr'><strong>cogita-</strong></span> 
     </span>
     <span class='ocr_line' id='line_1_7' title="bbox 207 527 984 573; baseline -0.01 -9"><span class='ocrx_word' id='word_1_39' title='bbox 207 532 262 572; x_wconf 83' lang='lat' dir='ltr'><strong>tio,</strong></span> <span class='ocrx_word' id='word_1_40' title='bbox 277 533 362 564; x_wconf 89' lang='lat' dir='ltr'><strong>unde</strong></span> <span class='ocrx_word' id='word_1_41' title='bbox 371 532 472 573; x_wconf 86' lang='lat' dir='ltr'><strong>impia</strong></span> <span class='ocrx_word' id='word_1_42' title='bbox 485 533 516 563; x_wconf 92' lang='lat' dir='ltr'><strong>et</strong></span> <span class='ocrx_word' id='word_1_43' title='bbox 529 530 687 570; x_wconf 82' lang='lat' dir='ltr'><strong>sacrilega</strong></span> <span class='ocrx_word' id='word_1_44' title='bbox 700 530 761 561; x_wconf 86' lang='lat' dir='ltr'><strong>ista</strong></span> <span class='ocrx_word' id='word_1_45' title='bbox 774 527 956 560; x_wconf 73' lang='lat' dir='ltr'>meditatio?</span> <span class='ocrx_word' id='word_1_46' title='bbox 970 537 984 555; x_wconf 72' lang='grc' dir='ltr'><strong>ι)</strong></span> 
     </span>
     <span class='ocr_line' id='line_1_8' title="bbox 207 578 989 624; baseline -0.009 -7"><span class='ocrx_word' id='word_1_47' title='bbox 207 584 284 616; x_wconf 86' lang='lat' dir='ltr'><strong>Haec</strong></span> <span class='ocrx_word' id='word_1_48' title='bbox 300 584 516 624; x_wconf 77' lang='lat' dir='ltr'><strong>Augustinus.</strong></span> <span class='ocrx_word' id='word_1_49' title='bbox 542 595 557 613; x_wconf 87' lang='lat'>«</span> <span class='ocrx_word' id='word_1_50' title='bbox 576 582 657 621; x_wconf 84' lang='lat' dir='ltr'><strong>Quid</strong></span> <span class='ocrx_word' id='word_1_51' title='bbox 678 582 750 613; x_wconf 80' lang='lat' dir='ltr'><strong>facit</strong></span> <span class='ocrx_word' id='word_1_52' title='bbox 768 581 803 612; x_wconf 91' lang='lat' dir='ltr'><strong>in</strong></span> <span class='ocrx_word' id='word_1_53' title='bbox 823 581 919 612; x_wconf 90' lang='lat' dir='ltr'><strong>domo</strong></span> <span class='ocrx_word' id='word_1_54' title='bbox 933 578 989 610; x_wconf 86' lang='lat' dir='ltr'><strong>Dei</strong></span> 
     </span>
     <span class='ocr_line' id='line_1_9' title="bbox 206 633 988 679; baseline -0.008 -9"><span class='ocrx_word' id='word_1_55' title='bbox 206 640 273 670; x_wconf 83' lang='lat' dir='ltr'><strong>tam</strong></span> <span class='ocrx_word' id='word_1_56' title='bbox 299 638 458 679; x_wconf 89' lang='lat' dir='ltr'><strong>perfidum</strong></span> <span class='ocrx_word' id='word_1_57' title='bbox 485 637 620 678; x_wconf 75' lang='lat' dir='ltr'><strong>pectus?</strong></span> <span class='ocrx_word' id='word_1_58' title='bbox 654 635 754 674; x_wconf 85' lang='lat' dir='ltr'><strong>Quid,</strong></span> <span class='ocrx_word' id='word_1_59' title='bbox 783 635 839 675; x_wconf 89' lang='lat' dir='ltr'><strong>qui</strong></span> <span class='ocrx_word' id='word_1_60' title='bbox 864 633 988 665; x_wconf 87' lang='lat' dir='ltr'><strong>Christo</strong></span> 
     </span>
     <span class='ocr_line' id='line_1_10' title="bbox 207 687 989 731; baseline -0.009 -7"><span class='ocrx_word' id='word_1_61' title='bbox 207 693 339 724; x_wconf 89' lang='lat' dir='ltr'><strong>omnino</strong></span> <span class='ocrx_word' id='word_1_62' title='bbox 365 702 432 724; x_wconf 90' lang='lat' dir='ltr'><strong>non</strong></span> <span class='ocrx_word' id='word_1_63' title='bbox 457 692 556 723; x_wconf 86' lang='lat' dir='ltr'><strong>credit</strong></span> <span class='ocrx_word' id='word_1_64' title='bbox 568 715 576 730; x_wconf 92' lang='lat'><strong>,</strong></span> <span class='ocrx_word' id='word_1_65' title='bbox 607 689 785 731; x_wconf 88' lang='lat' dir='ltr'><strong>appellatur</strong></span> <span class='ocrx_word' id='word_1_66' title='bbox 814 690 846 720; x_wconf 86' lang='lat' dir='ltr'><strong>et</strong></span> <span class='ocrx_word' id='word_1_67' title='bbox 873 687 989 719; x_wconf 85' lang='lat' dir='ltr'><strong>dicitur</strong></span> 
     </span>
     <span class='ocr_line' id='line_1_11' title="bbox 207 740 989 784; baseline -0.01 -5"><span class='ocrx_word' id='word_1_68' title='bbox 207 747 428 779; x_wconf 79' lang='lat' dir='ltr'><strong>Christianus?</strong></span> <span class='ocrx_word' id='word_1_69' title='bbox 453 745 606 777; x_wconf 81' lang='lat' dir='ltr'><strong>Pharisaei</strong></span> <span class='ocrx_word' id='word_1_70' title='bbox 630 744 735 784; x_wconf 80' lang='lat' dir='ltr'><strong>magis</strong></span> <span class='ocrx_word' id='word_1_71' title='bbox 755 743 814 774; x_wconf 90' lang='lat' dir='ltr'><strong>tibi</strong></span> <span class='ocrx_word' id='word_1_72' title='bbox 839 740 989 781; x_wconf 83' lang='lat' dir='ltr'><strong>congruit</strong></span> 
     </span>
     <span class='ocr_line' id='line_1_12' title="bbox 206 794 987 838; baseline -0.012 -5"><span class='ocrx_word' id='word_1_73' title='bbox 206 810 337 832; x_wconf 90' lang='lat' dir='ltr'><strong>nomen.</strong></span> <span class='ocrx_word' id='word_1_74' title='bbox 353 800 436 832; x_wconf 91' lang='lat' dir='ltr'><strong>Nam</strong></span> <span class='ocrx_word' id='word_1_75' title='bbox 450 809 525 832; x_wconf 90' lang='lat' dir='ltr'><strong>eum</strong></span> <span class='ocrx_word' id='word_1_76' title='bbox 540 800 574 831; x_wconf 91' lang='lat' dir='ltr'><strong>in</strong></span> <span class='ocrx_word' id='word_1_77' title='bbox 590 797 769 838; x_wconf 87' lang='lat' dir='ltr'><strong>Evangelio</strong></span> <span class='ocrx_word' id='word_1_78' title='bbox 784 797 822 828; x_wconf 89' lang='lat' dir='ltr'><strong>de</strong></span> <span class='ocrx_word' id='word_1_79' title='bbox 836 794 987 826; x_wconf 81' lang='lat' dir='ltr'>faciendis</span> 
     </span>
     <span class='ocr_line' id='line_1_13' title="bbox 206 849 987 896; baseline -0.01 -9"><span class='ocrx_word' id='word_1_80' title='bbox 206 854 417 896; x_wconf 83' lang='lat' dir='ltr'><strong>eleemosynis</strong></span> <span class='ocrx_word' id='word_1_81' title='bbox 438 854 628 895; x_wconf 86' lang='lat' dir='ltr'><strong>disputaret,</strong></span> <span class='ocrx_word' id='word_1_82' title='bbox 649 855 685 883; x_wconf 87' lang='lat' dir='ltr'><strong>ut</strong></span> <span class='ocrx_word' id='word_1_83' title='bbox 705 853 737 883; x_wconf 91' lang='lat' dir='ltr'><strong>et</strong></span> <span class='ocrx_word' id='word_1_84' title='bbox 755 850 848 882; x_wconf 87' lang='lat' dir='ltr'><strong>nobis</strong></span> <span class='ocrx_word' id='word_1_85' title='bbox 869 849 987 880; x_wconf 90' lang='lat' dir='ltr'><strong>amicos</strong></span> 
     </span>
     <span class='ocr_line' id='line_1_14' title="bbox 206 905 988 949; baseline -0.009 -8"><span class='ocrx_word' id='word_1_86' title='bbox 206 909 245 941; x_wconf 90' lang='lat' dir='ltr'><strong>de</strong></span> <span class='ocrx_word' id='word_1_87' title='bbox 260 909 396 941; x_wconf 88' lang='lat' dir='ltr'><strong>terrenis</strong></span> <span class='ocrx_word' id='word_1_88' title='bbox 410 909 509 940; x_wconf 87' lang='lat' dir='ltr'><strong>lucris</strong></span> <span class='ocrx_word' id='word_1_89' title='bbox 522 907 658 949; x_wconf 88' lang='lat' dir='ltr'><strong>provida</strong></span> <span class='ocrx_word' id='word_1_90' title='bbox 672 905 856 947; x_wconf 76' lang='lat' dir='ltr'>operatione</span> <span class='ocrx_word' id='word_1_91' title='bbox 873 905 988 935; x_wconf 81' lang='lat' dir='ltr'><strong>sacerc-</strong></span> 
     </span>
     <span class='ocr_line' id='line_1_15' title="bbox 205 958 986 1004; baseline -0.009 -9"><span class='ocrx_word' id='word_1_92' title='bbox 205 972 295 1002; x_wconf 85' lang='lat' dir='ltr'><strong>mus,</strong></span> <span class='ocrx_word' id='word_1_93' title='bbox 319 963 377 1004; x_wconf 88' lang='lat' dir='ltr'><strong>qui</strong></span> <span class='ocrx_word' id='word_1_94' title='bbox 398 971 458 994; x_wconf 89' lang='lat' dir='ltr'><strong>nos</strong></span> <span class='ocrx_word' id='word_1_95' title='bbox 473 961 678 1003; x_wconf 88' lang='lat' dir='ltr'><strong>postmodum</strong></span> <span class='ocrx_word' id='word_1_96' title='bbox 698 961 732 992; x_wconf 91' lang='lat' dir='ltr'><strong>in</strong></span> <span class='ocrx_word' id='word_1_97' title='bbox 746 962 866 992; x_wconf 63' lang='lat' dir='ltr'><strong>aeterna</strong></span> <span class='ocrx_word' id='word_1_98' title='bbox 880 958 986 989; x_wconf 89' lang='lat' dir='ltr'><strong>taber-</strong></span> 
     </span>
     <span class='ocr_line' id='line_1_16' title="bbox 205 1012 988 1058; baseline -0.008 -9"><span class='ocrx_word' id='word_1_99' title='bbox 205 1017 321 1049; x_wconf 86' lang='lat' dir='ltr'><strong>nacula</strong></span> <span class='ocrx_word' id='word_1_100' title='bbox 348 1017 561 1058; x_wconf 75' lang='lat' dir='ltr'><strong>susciperent,</strong></span> <span class='ocrx_word' id='word_1_101' title='bbox 591 1015 726 1047; x_wconf 85' lang='lat' dir='ltr'><strong>fideliter</strong></span> <span class='ocrx_word' id='word_1_102' title='bbox 754 1017 786 1046; x_wconf 86' lang='lat' dir='ltr'><strong>et</strong></span> <span class='ocrx_word' id='word_1_103' title='bbox 817 1012 988 1044; x_wconf 81' lang='lat' dir='ltr'><strong>salubriter</strong></span> 
     </span>
     <span class='ocr_line' id='line_1_17' title="bbox 205 1066 988 1112; baseline -0.008 -9"><span class='ocrx_word' id='word_1_104' title='bbox 205 1073 434 1112; x_wconf 83' lang='lat' dir='ltr'><strong>praemoneret,</strong></span> <span class='ocrx_word' id='word_1_105' title='bbox 460 1070 546 1101; x_wconf 85' lang='lat' dir='ltr'><strong>addit</strong></span> <span class='ocrx_word' id='word_1_106' title='bbox 573 1069 738 1110; x_wconf 80' lang='lat' dir='ltr'><strong>Scriptura</strong></span> <span class='ocrx_word' id='word_1_107' title='bbox 761 1070 832 1109; x_wconf 91' lang='lat' dir='ltr'><strong>post</strong></span> <span class='ocrx_word' id='word_1_108' title='bbox 856 1067 917 1098; x_wconf 89' lang='lat' dir='ltr'><strong>hoc</strong></span> <span class='ocrx_word' id='word_1_109' title='bbox 940 1066 988 1098; x_wconf 90' lang='lat' dir='ltr'><strong>di-</strong></span> 
     </span>
     <span class='ocr_line' id='line_1_18' title="bbox 205 1121 988 1161; baseline -0.005 -5"><span class='ocrx_word' id='word_1_110' title='bbox 205 1134 280 1157; x_wconf 86' lang='lat' dir='ltr'><strong>cens</strong></span> <span class='ocrx_word' id='word_1_111' title='bbox 292 1126 318 1156; x_wconf 87' lang='lat'><strong>¹:</strong></span> <span class='ocrx_word' id='word_1_112' title='bbox 339 1125 526 1157; x_wconf 77' lang='lat' dir='ltr'><strong>Audiebant</strong></span> <span class='ocrx_word' id='word_1_113' title='bbox 540 1123 605 1156; x_wconf 76' lang='grc' dir='ltr'><strong>11ωο</strong></span> <span class='ocrx_word' id='word_1_114' title='bbox 619 1123 729 1156; x_wconf 79' lang='lat' dir='ltr'><strong>omnia</strong></span> <span class='ocrx_word' id='word_1_115' title='bbox 744 1121 913 1160; x_wconf 66' lang='lat' dir='ltr'><strong>Pharisaei,</strong></span> <span class='ocrx_word' id='word_1_116' title='bbox 929 1121 988 1161; x_wconf 78' lang='lat' dir='ltr'><strong>qui</strong></span> 
     </span>
     <span class='ocr_line' id='line_1_19' title="bbox 205 1175 988 1218; baseline -0.009 -6"><span class='ocrx_word' id='word_1_117' title='bbox 205 1182 297 1212; x_wconf 77' lang='lat' dir='ltr'><strong>erant</strong></span> <span class='ocrx_word' id='word_1_118' title='bbox 307 1180 413 1218; x_wconf 80' lang='lat' dir='ltr'><strong>avari,</strong></span> <span class='ocrx_word' id='word_1_119' title='bbox 430 1182 460 1212; x_wconf 81' lang='lat' dir='ltr'><strong>et</strong></span> <span class='ocrx_word' id='word_1_120' title='bbox 473 1177 659 1211; x_wconf 77' lang='lat' dir='ltr'><strong>deridebam</strong></span> <span class='ocrx_word' id='word_1_121' title='bbox 674 1185 756 1209; x_wconf 75' lang='lat' dir='ltr'><strong>eum.</strong></span> <span class='ocrx_word' id='word_1_122' title='bbox 771 1175 885 1214; x_wconf 83' lang='lat' dir='ltr'><strong>Quales</strong></span> <span class='ocrx_word' id='word_1_123' title='bbox 900 1184 988 1206; x_wconf 85' lang='lat' dir='ltr'><strong>nunc</strong></span> 
     </span>
     <span class='ocr_line' id='line_1_20' title="bbox 205 1230 984 1274; baseline -0.008 -8"><span class='ocrx_word' id='word_1_124' title='bbox 205 1234 327 1266; x_wconf 86' lang='lat' dir='ltr'><strong>suntin</strong></span> <span class='ocrx_word' id='word_1_125' title='bbox 339 1234 489 1273; x_wconf 79' lang='lat' dir='ltr'><strong>Ecclesia,</strong></span> <span class='ocrx_word' id='word_1_126' title='bbox 505 1242 645 1274; x_wconf 89' lang='lat' dir='ltr'><strong>quorum</strong></span> <span class='ocrx_word' id='word_1_127' title='bbox 660 1231 816 1273; x_wconf 79' lang='lat' dir='ltr'><strong>quosdam</strong></span> <span class='ocrx_word' id='word_1_128' title='bbox 827 1230 984 1269; x_wconf 88' lang='lat' dir='ltr'><strong>videmus,</strong></span> 
     </span>
     <span class='ocr_line' id='line_1_21' title="bbox 205 1285 984 1330; baseline -0.009 -9"><span class='ocrx_word' id='word_1_129' title='bbox 205 1298 345 1330; x_wconf 88' lang='lat' dir='ltr'><strong>quorum</strong></span> <span class='ocrx_word' id='word_1_130' title='bbox 362 1288 528 1329; x_wconf 79' lang='lat' dir='ltr'><strong>praeclusae</strong></span> <span class='ocrx_word' id='word_1_131' title='bbox 549 1296 659 1325; x_wconf 86' lang='lat' dir='ltr'><strong>aures,</strong></span> <span class='ocrx_word' id='word_1_132' title='bbox 685 1288 715 1317; x_wconf 91' lang='lat' dir='ltr'><strong>et</strong></span> <span class='ocrx_word' id='word_1_133' title='bbox 738 1285 833 1316; x_wconf 88' lang='lat' dir='ltr'><strong>corda</strong></span> <span class='ocrx_word' id='word_1_134' title='bbox 855 1287 984 1323; x_wconf 60' lang='lat' dir='ltr'><strong>caecata,</strong></span> 
     </span>
     <span class='ocr_line' id='line_1_22' title="bbox 206 1339 986 1383; baseline -0.009 -8"><span class='ocrx_word' id='word_1_135' title='bbox 206 1343 333 1375; x_wconf 89' lang='lat' dir='ltr'><strong>nullum</strong></span> <span class='ocrx_word' id='word_1_136' title='bbox 351 1343 388 1374; x_wconf 90' lang='lat' dir='ltr'><strong>de</strong></span> <span class='ocrx_word' id='word_1_137' title='bbox 408 1341 628 1383; x_wconf 83' lang='lat' dir='ltr'><strong>spiritualibus</strong></span> <span class='ocrx_word' id='word_1_138' title='bbox 649 1350 686 1372; x_wconf 88' lang='lat' dir='ltr'><strong>ac</strong></span> <span class='ocrx_word' id='word_1_139' title='bbox 704 1339 896 1371; x_wconf 86' lang='lat' dir='ltr'><strong>salutaribus</strong></span> <span class='ocrx_word' id='word_1_140' title='bbox 916 1348 986 1369; x_wconf 90' lang='lat' dir='ltr'><strong>mo-</strong></span> 
     </span>
     <span class='ocr_line' id='line_1_23' title="bbox 206 1392 986 1435; baseline -0.009 -6"><span class='ocrx_word' id='word_1_141' title='bbox 206 1398 280 1429; x_wconf 87' lang='lat' dir='ltr'><strong>nitis</strong></span> <span class='ocrx_word' id='word_1_142' title='bbox 290 1398 400 1428; x_wconf 85' lang='lat' dir='ltr'><strong>lumen</strong></span> <span class='ocrx_word' id='word_1_143' title='bbox 414 1397 588 1428; x_wconf 86' lang='lat' dir='ltr'><strong>admittunt</strong></span> <span class='ocrx_word' id='word_1_144' title='bbox 598 1407 605 1434; x_wconf 87' lang='lat'>;</span> <span class='ocrx_word' id='word_1_145' title='bbox 617 1395 656 1427; x_wconf 88' lang='lat' dir='ltr'><strong>de</strong></span> <span class='ocrx_word' id='word_1_146' title='bbox 668 1394 787 1435; x_wconf 86' lang='lat' dir='ltr'><strong>quibus</strong></span> <span class='ocrx_word' id='word_1_147' title='bbox 798 1392 907 1424; x_wconf 88' lang='lat' dir='ltr'><strong>mirari</strong></span> <span class='ocrx_word' id='word_1_148' title='bbox 920 1401 986 1423; x_wconf 89' lang='lat' dir='ltr'><strong>non</strong></span> 
     </span>
     <span class='ocr_line' id='line_1_24' title="bbox 205 1447 984 1491; baseline -0.01 -7"><span class='ocrx_word' id='word_1_149' title='bbox 205 1452 369 1490; x_wconf 83' lang='lat' dir='ltr'><strong>debemus,</strong></span> <span class='ocrx_word' id='word_1_150' title='bbox 385 1451 461 1491; x_wconf 84' lang='lat' dir='ltr'><strong>quia</strong></span> <span class='ocrx_word' id='word_1_151' title='bbox 471 1452 677 1482; x_wconf 83' lang='lat' dir='ltr'><strong>contemnant</strong></span> <span class='ocrx_word' id='word_1_152' title='bbox 687 1448 721 1479; x_wconf 88' lang='lat' dir='ltr'><strong>in</strong></span> <span class='ocrx_word' id='word_1_153' title='bbox 730 1447 847 1478; x_wconf 84' lang='lat' dir='ltr'><strong>talibus</strong></span> <span class='ocrx_word' id='word_1_154' title='bbox 862 1455 984 1485; x_wconf 86' lang='lat' dir='ltr'><strong>servos,</strong></span> 
     </span>
     <span class='ocr_line' id='line_1_25' title="bbox 206 1501 987 1546; baseline -0.01 -8"><span class='ocrx_word' id='word_1_155' title='bbox 206 1506 334 1546; x_wconf 88' lang='lat' dir='ltr'><strong>quando</strong></span> <span class='ocrx_word' id='word_1_156' title='bbox 353 1515 372 1536; x_wconf 89' lang='lat' dir='ltr'><strong>a</strong></span> <span class='ocrx_word' id='word_1_157' title='bbox 387 1504 504 1536; x_wconf 85' lang='lat' dir='ltr'><strong>talibus</strong></span> <span class='ocrx_word' id='word_1_158' title='bbox 522 1504 628 1544; x_wconf 90' lang='lat' dir='ltr'><strong>ipsum</strong></span> <span class='ocrx_word' id='word_1_159' title='bbox 651 1502 824 1533; x_wconf 89' lang='lat' dir='ltr'><strong>Dominum</strong></span> <span class='ocrx_word' id='word_1_160' title='bbox 838 1501 987 1531; x_wconf 88' lang='lat' dir='ltr'><strong>videmus</strong></span> 
     </span>
     <span class='ocr_line' id='line_1_26' title="bbox 206 1555 987 1598; baseline -0.009 -7"><span class='ocrx_word' id='word_1_161' title='bbox 206 1569 273 1591; x_wconf 88' lang='lat' dir='ltr'><strong>esse</strong></span> <span class='ocrx_word' id='word_1_162' title='bbox 291 1559 432 1591; x_wconf 88' lang='lat' dir='ltr'><strong>derisum</strong></span> <span class='ocrx_word' id='word_1_163' title='bbox 451 1560 481 1589; x_wconf 87' lang='lat' dir='ltr'><strong>et</strong></span> <span class='ocrx_word' id='word_1_164' title='bbox 497 1559 727 1598; x_wconf 86' lang='lat' dir='ltr'><strong>contemptum.</strong></span> <span class='ocrx_word' id='word_1_165' title='bbox 748 1567 763 1584; x_wconf 88' lang='lat'>»</span> <span class='ocrx_word' id='word_1_166' title='bbox 783 1555 831 1586; x_wconf 89' lang='lat' dir='ltr'><strong>Ad</strong></span> <span class='ocrx_word' id='word_1_167' title='bbox 847 1563 987 1595; x_wconf 84' lang='lat' dir='ltr'><strong>quornm</strong></span> 
     </span>
     <span class='ocr_line' id='line_1_27' title="bbox 206 1608 986 1652; baseline -0.01 -6"><span class='ocrx_word' id='word_1_168' title='bbox 206 1614 482 1646; x_wconf 79' lang='lat' dir='ltr'><strong>confirmationem</strong></span> <span class='ocrx_word' id='word_1_169' title='bbox 503 1611 688 1652; x_wconf 82' lang='lat' dir='ltr'><strong>exemplum</strong></span> <span class='ocrx_word' id='word_1_170' title='bbox 710 1609 818 1641; x_wconf 64' lang='lat' dir='ltr'><strong>viduae</strong></span> <span class='ocrx_word' id='word_1_171' title='bbox 836 1608 986 1648; x_wconf 81' lang='lat' dir='ltr'><strong>Sarepta-</strong></span> 
     </span>
     <span class='ocr_line' id='line_1_28' title="bbox 205 1662 987 1708; baseline -0.01 -8"><span class='ocrx_word' id='word_1_172' title='bbox 205 1678 273 1706; x_wconf 75' lang='lat' dir='ltr'><strong>nae,</strong></span> <span class='ocrx_word' id='word_1_173' title='bbox 295 1677 368 1708; x_wconf 87' lang='lat' dir='ltr'><strong>quae</strong></span> <span class='ocrx_word' id='word_1_174' title='bbox 384 1667 473 1708; x_wconf 84' lang='lat' dir='ltr'><strong>pavit</strong></span> <span class='ocrx_word' id='word_1_175' title='bbox 491 1666 610 1704; x_wconf 76' lang='lat' dir='ltr'><strong>Etiam,</strong></span> <span class='ocrx_word' id='word_1_176' title='bbox 627 1665 858 1704; x_wconf 85' lang='lat' dir='ltr'><strong>consequenter</strong></span> <span class='ocrx_word' id='word_1_177' title='bbox 872 1662 987 1702; x_wconf 83' lang='lat' dir='ltr'><strong>adjun-</strong></span> 
     </span>
     <span class='ocr_line' id='line_1_29' title="bbox 206 1715 987 1762; baseline -0.012 -8"><span class='ocrx_word' id='word_1_178' title='bbox 206 1723 265 1762; x_wconf 83' lang='lat' dir='ltr'><strong>git.</strong></span> <span class='ocrx_word' id='word_1_179' title='bbox 279 1722 402 1759; x_wconf 78' lang='lat' dir='ltr'><strong>Quibus</strong></span> <span class='ocrx_word' id='word_1_180' title='bbox 414 1721 509 1752; x_wconf 85' lang='lat' dir='ltr'><strong>etiam</strong></span> <span class='ocrx_word' id='word_1_181' title='bbox 520 1721 673 1750; x_wconf 82' lang='lat' dir='ltr'><strong>consonat</strong></span> <span class='ocrx_word' id='word_1_182' title='bbox 688 1718 773 1748; x_wconf 90' lang='lat' dir='ltr'><strong>illius</strong></span> <span class='ocrx_word' id='word_1_183' title='bbox 783 1715 987 1757; x_wconf 67' lang='lat' dir='ltr'><strong>paupercula}</strong></span> 
     </span>
     <span class='ocr_line' id='line_1_30' title="bbox 207 1769 988 1812; baseline -0.01 -5"><span class='ocrx_word' id='word_1_184' title='bbox 207 1776 316 1807; x_wconf 82' lang='lat' dir='ltr'><strong>viduae</strong></span> <span class='ocrx_word' id='word_1_185' title='bbox 338 1774 477 1806; x_wconf 86' lang='lat' dir='ltr'><strong>liberalis</strong></span> <span class='ocrx_word' id='word_1_186' title='bbox 497 1773 614 1805; x_wconf 86' lang='lat' dir='ltr'><strong>oblatio</strong></span> <span class='ocrx_word' id='word_1_187' title='bbox 628 1773 650 1811; x_wconf 69' lang='lat'><strong>²,</strong></span> <span class='ocrx_word' id='word_1_188' title='bbox 667 1771 818 1812; x_wconf 87' lang='lat' dir='ltr'><strong>quoniam</strong></span> <span class='ocrx_word' id='word_1_189' title='bbox 834 1769 988 1810; x_wconf 80' lang='lat' dir='ltr'><strong>quidquid</strong></span> 
     </span>
     <span class='ocr_line' id='line_1_31' title="bbox 206 1823 934 1869; baseline -0.01 -8"><span class='ocrx_word' id='word_1_190' title='bbox 206 1830 336 1869; x_wconf 85' lang='lat' dir='ltr'><strong>habuit,</strong></span> <span class='ocrx_word' id='word_1_191' title='bbox 353 1829 455 1866; x_wconf 82' lang='lat' dir='ltr'><strong>misit,</strong></span> <span class='ocrx_word' id='word_1_192' title='bbox 472 1827 581 1859; x_wconf 86' lang='lat' dir='ltr'><strong>divino</strong></span> <span class='ocrx_word' id='word_1_193' title='bbox 596 1825 715 1857; x_wconf 84' lang='lat' dir='ltr'><strong>meruit</strong></span> <span class='ocrx_word' id='word_1_194' title='bbox 729 1834 784 1856; x_wconf 89' lang='lat' dir='ltr'><strong>ore</strong></span> <span class='ocrx_word' id='word_1_195' title='bbox 798 1823 934 1855; x_wconf 87' lang='lat' dir='ltr'><strong>laudari.</strong></span> 
     </span>
     <span class='ocr_line' id='line_1_32' title="bbox 247 1878 988 1923; baseline -0.011 -8"><span class='ocrx_word' id='word_1_196' title='bbox 247 1883 391 1915; x_wconf 82' lang='lat' dir='ltr'><strong>Tertium</strong></span> <span class='ocrx_word' id='word_1_197' title='bbox 401 1891 529 1923; x_wconf 87' lang='lat' dir='ltr'><strong>quoque</strong></span> <span class='ocrx_word' id='word_1_198' title='bbox 540 1878 756 1912; x_wconf 87' lang='lat' dir='ltr'><strong>calumniandi</strong></span> <span class='ocrx_word' id='word_1_199' title='bbox 768 1878 913 1917; x_wconf 82' lang='lat' dir='ltr'><strong>niodum,</strong></span> <span class='ocrx_word' id='word_1_200' title='bbox 923 1886 988 1908; x_wconf 91' lang='lat' dir='ltr'><strong>non</strong></span> 
     </span>
     <span class='ocr_line' id='line_1_33' title="bbox 206 1932 987 1976; baseline -0.01 -7"><span class='ocrx_word' id='word_1_201' title='bbox 206 1938 316 1969; x_wconf 86' lang='lat' dir='ltr'><strong>minus</strong></span> <span class='ocrx_word' id='word_1_202' title='bbox 341 1937 525 1976; x_wconf 83' lang='lat' dir='ltr'><strong>malignum</strong></span> <span class='ocrx_word' id='word_1_203' title='bbox 550 1934 658 1974; x_wconf 87' lang='lat' dir='ltr'><strong>aliquo</strong></span> <span class='ocrx_word' id='word_1_204' title='bbox 674 1932 910 1973; x_wconf 65' lang='lat' dir='ltr'><strong>praedictorum,</strong></span> <span class='ocrx_word' id='word_1_205' title='bbox 936 1941 987 1963; x_wconf 89' lang='lat' dir='ltr'><strong>ea-</strong></span> 
     </span>
     <span class='ocr_line' id='line_1_34' title="bbox 208 1985 989 2030; baseline -0.01 -7"><span class='ocrx_word' id='word_1_206' title='bbox 208 1992 382 2023; x_wconf 85' lang='lat' dir='ltr'><strong>lnnmiator</strong></span> <span class='ocrx_word' id='word_1_207' title='bbox 404 1990 457 2021; x_wconf 93' lang='lat' dir='ltr'><strong>hic</strong></span> <span class='ocrx_word' id='word_1_208' title='bbox 483 1997 663 2030; x_wconf 76' lang='lat' dir='ltr'><strong>pauperum</strong></span> <span class='ocrx_word' id='word_1_209' title='bbox 688 1995 851 2018; x_wconf 80' lang='lat' dir='ltr'><strong>assumere</strong></span> <span class='ocrx_word' id='word_1_210' title='bbox 874 1985 989 2016; x_wconf 89' lang='lat' dir='ltr'><strong>nititur</strong></span> 
     </span>
     <span class='ocr_line' id='line_1_35' title="bbox 208 2040 988 2082; baseline -0.009 -5"><span class='ocrx_word' id='word_1_211' title='bbox 208 2056 248 2078; x_wconf 79' lang='lat' dir='ltr'><strong>cx</strong></span> <span class='ocrx_word' id='word_1_212' title='bbox 273 2045 505 2077; x_wconf 82' lang='lat' dir='ltr'><strong>mendicatione</strong></span> <span class='ocrx_word' id='word_1_213' title='bbox 527 2043 815 2082; x_wconf 76' lang='lat' dir='ltr'><strong>eleemosynarnm,</strong></span> <span class='ocrx_word' id='word_1_214' title='bbox 842 2040 988 2079; x_wconf 78' lang='lat' dir='ltr'><strong>allegans</strong></span> 
     </span>
     <span class='ocr_line' id='line_1_36' title="bbox 207 2094 987 2141; baseline -0.01 -10"><span class='ocrx_word' id='word_1_215' title='bbox 207 2100 313 2141; x_wconf 87' lang='lat' dir='ltr'><strong>primo</strong></span> <span class='ocrx_word' id='word_1_216' title='bbox 330 2100 439 2130; x_wconf 85' lang='lat' dir='ltr'><strong>contra</strong></span> <span class='ocrx_word' id='word_1_217' title='bbox 462 2107 545 2135; x_wconf 82' lang='lat' dir='ltr'><strong>cam,</strong></span> <span class='ocrx_word' id='word_1_218' title='bbox 569 2096 655 2137; x_wconf 89' lang='lat' dir='ltr'><strong>quod</strong></span> <span class='ocrx_word' id='word_1_219' title='bbox 677 2104 741 2126; x_wconf 90' lang='lat' dir='ltr'><strong>non</strong></span> <span class='ocrx_word' id='word_1_220' title='bbox 763 2094 804 2125; x_wconf 85' lang='lat' dir='ltr'><strong>sit</strong></span> <span class='ocrx_word' id='word_1_221' title='bbox 823 2103 903 2134; x_wconf 90' lang='lat' dir='ltr'><strong>opus</strong></span> <span class='ocrx_word' id='word_1_222' title='bbox 919 2094 987 2125; x_wconf 81' lang='lat' dir='ltr'><strong>vir-</strong></span> 
     </span>
     <span class='ocr_line' id='line_1_37' title="bbox 208 2147 989 2193; baseline -0.01 -8"><span class='ocrx_word' id='word_1_223' title='bbox 208 2154 300 2192; x_wconf 83' lang='lat' dir='ltr'><strong>tutis,</strong></span> <span class='ocrx_word' id='word_1_224' title='bbox 327 2163 364 2184; x_wconf 87' lang='lat' dir='ltr'><strong>eo</strong></span> <span class='ocrx_word' id='word_1_225' title='bbox 388 2152 475 2193; x_wconf 88' lang='lat' dir='ltr'><strong>quod</strong></span> <span class='ocrx_word' id='word_1_226' title='bbox 500 2160 565 2182; x_wconf 91' lang='grc'><strong>11011</strong></span> <span class='ocrx_word' id='word_1_227' title='bbox 591 2150 687 2180; x_wconf 77' lang='lat' dir='ltr'><strong>habet</strong></span> <span class='ocrx_word' id='word_1_228' title='bbox 708 2157 873 2179; x_wconf 82' lang='lat' dir='ltr'><strong>annexum</strong></span> <span class='ocrx_word' id='word_1_229' title='bbox 897 2147 989 2187; x_wconf 86' lang='lat' dir='ltr'><strong>spiri-</strong></span> 
     </span>
     <span class='ocr_line' id='line_1_38' title="bbox 207 2201 988 2244; baseline -0.012 -5"><span class='ocrx_word' id='word_1_230' title='bbox 207 2207 292 2239; x_wconf 86' lang='lat' dir='ltr'><strong>tuale</strong></span> <span class='ocrx_word' id='word_1_231' title='bbox 307 2206 468 2243; x_wconf 83' lang='lat' dir='ltr'><strong>solatium,</strong></span> <span class='ocrx_word' id='word_1_232' title='bbox 489 2205 542 2236; x_wconf 84' lang='lat' dir='ltr'><strong>sed</strong></span> <span class='ocrx_word' id='word_1_233' title='bbox 563 2204 668 2244; x_wconf 82' lang='lat' dir='ltr'><strong>potius</strong></span> <span class='ocrx_word' id='word_1_234' title='bbox 684 2201 841 2242; x_wconf 74' lang='lat' dir='ltr'><strong>pecualem</strong></span> <span class='ocrx_word' id='word_1_235' title='bbox 862 2201 988 2231; x_wconf 82' lang='lat' dir='ltr'><strong>crucia-</strong></span> 
     </span>
     <span class='ocr_line' id='line_1_39' title="bbox 206 2256 990 2300; baseline -0.011 -6"><span class='ocrx_word' id='word_1_236' title='bbox 206 2267 288 2300; x_wconf 88' lang='lat' dir='ltr'><strong>tum,</strong></span> <span class='ocrx_word' id='word_1_237' title='bbox 313 2261 436 2293; x_wconf 85' lang='lat' dir='ltr'><strong>ratione</strong></span> <span class='ocrx_word' id='word_1_238' title='bbox 452 2261 545 2299; x_wconf 84' lang='lat' dir='ltr'><strong>cnjus</strong></span> <span class='ocrx_word' id='word_1_239' title='bbox 565 2258 723 2298; x_wconf 66' lang='lat' dir='ltr'><strong>Propheta</strong></span> <span class='ocrx_word' id='word_1_240' title='bbox 745 2265 815 2287; x_wconf 83' lang='lat' dir='ltr'><strong>eam</strong></span> <span class='ocrx_word' id='word_1_241' title='bbox 836 2256 990 2296; x_wconf 75' lang='lat' dir='ltr'><strong>impreca-</strong></span> 
     </span>
     <span class='ocr_line' id='line_1_40' title="bbox 204 2309 985 2355; baseline -0.01 -7"><span class='ocrx_word' id='word_1_242' title='bbox 204 2320 259 2348; x_wconf 85' lang='lat' dir='ltr'><strong>tur</strong></span> <span class='ocrx_word' id='word_1_243' title='bbox 275 2316 348 2347; x_wconf 83' lang='lat' dir='ltr'><strong>filiis</strong></span> <span class='ocrx_word' id='word_1_244' title='bbox 364 2315 550 2355; x_wconf 84' lang='lat' dir='ltr'><strong>impiorum,</strong></span> <span class='ocrx_word' id='word_1_245' title='bbox 567 2322 641 2342; x_wconf 87' lang='grc'><strong>(·11111</strong></span> <span class='ocrx_word' id='word_1_246' title='bbox 662 2312 694 2341; x_wconf 89' lang='grc'><strong>111</strong></span> <span class='ocrx_word' id='word_1_247' title='bbox 711 2309 845 2341; x_wconf 75' lang='lat' dir='ltr'><strong>Psalmis</strong></span> <span class='ocrx_word' id='word_1_248' title='bbox 860 2309 935 2339; x_wconf 86' lang='lat' dir='ltr'><strong>dicit</strong></span> <span class='ocrx_word' id='word_1_249' title='bbox 950 2310 959 2325; x_wconf 82' lang='lat'><strong>³</strong></span> <span class='ocrx_word' id='word_1_250' title='bbox 977 2318 985 2340; x_wconf 72' lang='grc' dir='ltr'><strong><em>ι</em></strong></span> 
     </span>
     <span class='ocr_line' id='line_1_41' title="bbox 204 2363 987 2407; baseline -0.01 -4"><span class='ocrx_word' id='word_1_251' title='bbox 204 2372 365 2405; x_wconf 72' lang='lat' dir='ltr'><strong>Nutantes</strong></span> <span class='ocrx_word' id='word_1_252' title='bbox 377 2369 619 2407; x_wconf 71' lang='lat' dir='ltr'><strong>transferantur</strong></span> <span class='ocrx_word' id='word_1_253' title='bbox 634 2366 698 2404; x_wconf 71' lang='lat' dir='ltr'><strong>filii</strong></span> <span class='ocrx_word' id='word_1_254' title='bbox 723 2364 791 2403; x_wconf 74' lang='lat' dir='ltr'><strong>eJ&#39;us</strong></span> <span class='ocrx_word' id='word_1_255' title='bbox 810 2367 840 2396; x_wconf 77' lang='lat' dir='ltr'><strong>et</strong></span> <span class='ocrx_word' id='word_1_256' title='bbox 868 2363 987 2395; x_wconf 73' lang='lat' dir='ltr'><strong>mendi-</strong></span> 
     </span>
     <span class='ocr_line' id='line_1_42' title="bbox 202 2417 987 2457; baseline -0.014 0"><span class='ocrx_word' id='word_1_257' title='bbox 202 2429 287 2457; x_wconf 74' lang='lat' dir='ltr'><strong>cent.</strong></span> <span class='ocrx_word' id='word_1_258' title='bbox 302 2424 340 2455; x_wconf 76' lang='lat' dir='ltr'><strong>Et</strong></span> <span class='ocrx_word' id='word_1_259' title='bbox 351 2423 430 2454; x_wconf 85' lang='lat' dir='ltr'><strong>sacri</strong></span> <span class='ocrx_word' id='word_1_260' title='bbox 440 2423 581 2453; x_wconf 78' lang='lat' dir='ltr'><strong>Canones</strong></span> <span class='ocrx_word' id='word_1_261' title='bbox 592 2419 825 2450; x_wconf 76' lang='lat' dir='ltr'><strong>mcmlicanteiu</strong></span> <span class='ocrx_word' id='word_1_262' title='bbox 834 2417 987 2448; x_wconf 74' lang='lat' dir='ltr'><strong>clericum</strong></span> 
     </span>
     <span class='ocr_line' id='line_1_43' title="bbox 207 2471 988 2512; baseline -0.008 -3"><span class='ocrx_word' id='word_1_263' title='bbox 207 2480 353 2510; x_wconf 77' lang='lat' dir='ltr'><strong>asserunt</strong></span> <span class='ocrx_word' id='word_1_264' title='bbox 369 2477 539 2507; x_wconf 76' lang='lat' dir='ltr'><strong>infelicem.</strong></span> <span class='ocrx_word' id='word_1_265' title='bbox 563 2474 611 2505; x_wconf 83' lang='lat' dir='ltr'><strong>Ad</strong></span> <span class='ocrx_word' id='word_1_266' title='bbox 626 2474 718 2512; x_wconf 68' lang='lat' dir='ltr'><strong>cujus</strong></span> <span class='ocrx_word' id='word_1_267' title='bbox 733 2471 944 2502; x_wconf 78' lang='lat' dir='ltr'><strong>cavillationis</strong></span> <span class='ocrx_word' id='word_1_268' title='bbox 957 2474 988 2503; x_wconf 88' lang='lat' dir='ltr'><strong>et</strong></span> 
     </span>
     <span class='ocr_line' id='line_1_44' title="bbox 205 2525 988 2570; baseline -0.013 -6"><span class='ocrx_word' id='word_1_269' title='bbox 205 2532 420 2564; x_wconf 82' lang='lat' dir='ltr'><strong>consimilium</strong></span> <span class='ocrx_word' id='word_1_270' title='bbox 450 2528 665 2570; x_wconf 78' lang='lat' dir='ltr'><strong>repellendam</strong></span> <span class='ocrx_word' id='word_1_271' title='bbox 694 2525 887 2556; x_wconf 85' lang='lat' dir='ltr'><strong>calumniam</strong></span> <span class='ocrx_word' id='word_1_272' title='bbox 902 2549 910 2563; x_wconf 91' lang='lat'><strong>,</strong></span> <span class='ocrx_word' id='word_1_273' title='bbox 942 2526 988 2556; x_wconf 88' lang='lat' dir='ltr'><strong>in-</strong></span> 
     </span>
    </p>
   </div>
   <div class='ocr_carea' id='block_1_3' title="bbox 196 2588 987 2735">
    <p class='ocr_par' dir='ltr' id='par_1_3' title="bbox 196 2588 987 2735">
     <span class='ocr_line' id='line_1_45' title="bbox 234 2588 986 2625; baseline -0.011 -6"><span class='ocrx_word' id='word_1_274' title='bbox 234 2596 240 2612; x_wconf 94' lang='lat'>¹</span> <span class='ocrx_word' id='word_1_275' title='bbox 258 2596 327 2625; x_wconf 62' lang='lat' dir='ltr'><strong>Luc„</strong></span> <span class='ocrx_word' id='word_1_276' title='bbox 340 2600 393 2625; x_wconf 72' lang='lat' dir='ltr'><strong>xxi,</strong></span> <span class='ocrx_word' id='word_1_277' title='bbox 409 2595 448 2617; x_wconf 79' lang='grc'><strong>11.</strong></span> <span class='ocrx_word' id='word_1_278' title='bbox 463 2605 488 2609; x_wconf 87' lang='lat'><strong>-—</strong></span> <span class='ocrx_word' id='word_1_279' title='bbox 507 2592 515 2606; x_wconf 77' lang='lat'>²</span> <span class='ocrx_word' id='word_1_280' title='bbox 530 2592 599 2622; x_wconf 56' lang='lat' dir='ltr'><strong>Luc„</strong></span> <span class='ocrx_word' id='word_1_281' title='bbox 619 2596 695 2618; x_wconf 76' lang='lat' dir='ltr'><strong>xviii,</strong></span> <span class='ocrx_word' id='word_1_282' title='bbox 711 2590 724 2612; x_wconf 80' lang='lat'><strong>3</strong></span> <span class='ocrx_word' id='word_1_283' title='bbox 739 2590 763 2612; x_wconf 85' lang='lat' dir='ltr'><strong>ct</strong></span> <span class='ocrx_word' id='word_1_284' title='bbox 781 2595 880 2618; x_wconf 59' lang='grc' dir='ltr'><strong>51η,-</strong></span> <span class='ocrx_word' id='word_1_285' title='bbox 898 2588 907 2603; x_wconf 78' lang='lat'><strong>³</strong></span> <span class='ocrx_word' id='word_1_286' title='bbox 920 2589 986 2612; x_wconf 77' lang='lat' dir='ltr'><strong>Psal.</strong></span> 
     </span>
     <span class='ocr_line' id='line_1_46' title="bbox 198 2624 987 2662; baseline -0.01 -7"><span class='ocrx_word' id='word_1_287' title='bbox 198 2638 271 2662; x_wconf 77' lang='lat' dir='ltr'><strong>evin,</strong></span> <span class='ocrx_word' id='word_1_288' title='bbox 288 2633 328 2655; x_wconf 79' lang='grc'><strong>111.</strong></span> <span class='ocrx_word' id='word_1_289' title='bbox 348 2643 379 2647; x_wconf 91' lang='lat'><strong>——-</strong></span> <span class='ocrx_word' id='word_1_290' title='bbox 398 2629 408 2645; x_wconf 59' lang='grc' dir='ltr'>δ</span> <span class='ocrx_word' id='word_1_291' title='bbox 429 2630 512 2659; x_wconf 58' lang='lat' dir='ltr'><strong>Proin,</strong></span> <span class='ocrx_word' id='word_1_292' title='bbox 531 2634 599 2657; x_wconf 89' lang='lat' dir='ltr'><strong>xxx,</strong></span> <span class='ocrx_word' id='word_1_293' title='bbox 615 2628 638 2656; x_wconf 88' lang='lat' dir='ltr'><strong>S,</strong></span> <span class='ocrx_word' id='word_1_294' title='bbox 656 2628 678 2649; x_wconf 77' lang='lat'><strong>0.</strong></span> <span class='ocrx_word' id='word_1_295' title='bbox 695 2638 725 2643; x_wconf 88' lang='lat'>—</span> <span class='ocrx_word' id='word_1_296' title='bbox 745 2625 752 2638; x_wconf 79' lang='lat'><strong>⁵</strong></span> <span class='ocrx_word' id='word_1_297' title='bbox 773 2624 842 2654; x_wconf 75' lang='grc'><strong>15111,</strong></span> <span class='ocrx_word' id='word_1_298' title='bbox 863 2624 987 2655; x_wconf 61' lang='grc' dir='ltr'><strong>ΕΙῃιιιοΙ.,</strong></span> 
     </span>
     <span class='ocr_line' id='line_1_47' title="bbox 196 2660 984 2698; baseline -0.011 -7"><span class='ocrx_word' id='word_1_299' title='bbox 196 2664 239 2691; x_wconf 57' lang='lat' dir='ltr'><strong>ln»</strong></span> <span class='ocrx_word' id='word_1_300' title='bbox 250 2668 280 2698; x_wconf 79' lang='lat' dir='ltr'><strong>X,</strong></span> <span class='ocrx_word' id='word_1_301' title='bbox 290 2666 378 2690; x_wconf 81' lang='lat' dir='ltr'><strong>verbo</strong></span> <span class='ocrx_word' id='word_1_302' title='bbox 392 2665 526 2689; x_wconf 60' lang='lat' dir='ltr'><strong>Mendfvns.</strong></span> <span class='ocrx_word' id='word_1_303' title='bbox 541 2677 566 2681; x_wconf 92' lang='lat'><strong>—-</strong></span> <span class='ocrx_word' id='word_1_304' title='bbox 581 2663 590 2679; x_wconf 78' lang='lat'><strong>⁶</strong></span> <span class='ocrx_word' id='word_1_305' title='bbox 602 2662 658 2691; x_wconf 76' lang='lat' dir='ltr'><strong>Job,</strong></span> <span class='ocrx_word' id='word_1_306' title='bbox 670 2666 745 2691; x_wconf 66' lang='lat' dir='ltr'><strong>xviii,</strong></span> <span class='ocrx_word' id='word_1_307' title='bbox 755 2661 795 2684; x_wconf 69' lang='lat'><strong>22.</strong></span> <span class='ocrx_word' id='word_1_308' title='bbox 807 2672 838 2677; x_wconf 94' lang='lat'><em>—</em></span> <span class='ocrx_word' id='word_1_309' title='bbox 849 2660 859 2676; x_wconf 90' lang='lat'>⁷</span> <span class='ocrx_word' id='word_1_310' title='bbox 874 2661 879 2683; x_wconf 93' lang='grc'><strong>1</strong></span> <span class='ocrx_word' id='word_1_311' title='bbox 895 2661 984 2690; x_wconf 54' lang='lat' dir='ltr'><strong>Thess„</strong></span> 
     </span>
     <span class='ocr_line' id='line_1_48' title="bbox 197 2701 585 2735; baseline -0.013 -8"><span class='ocrx_word' id='word_1_312' title='bbox 197 2710 232 2735; x_wconf 77' lang='lat' dir='ltr'><strong>iv,</strong></span> <span class='ocrx_word' id='word_1_313' title='bbox 250 2707 285 2727; x_wconf 85' lang='lat'><strong>11.</strong></span> <span class='ocrx_word' id='word_1_314' title='bbox 301 2716 330 2720; x_wconf 90' lang='lat'><strong>--</strong></span> <span class='ocrx_word' id='word_1_315' title='bbox 348 2702 358 2718; x_wconf 82' lang='lat'>⁸</span> <span class='ocrx_word' id='word_1_316' title='bbox 374 2701 479 2731; x_wconf 66' lang='lat' dir='ltr'><strong>Eplws.‚</strong></span> <span class='ocrx_word' id='word_1_317' title='bbox 495 2706 531 2730; x_wconf 58' lang='grc'><strong>111,</strong></span> <span class='ocrx_word' id='word_1_318' title='bbox 546 2701 585 2724; x_wconf 70' lang='lat'><strong>28.</strong></span> 
     </span>
    </p>
   </div>
   <div class='ocr_carea' id='block_1_4' title="bbox 1041 252 1946 2617">
    <p class='ocr_par' dir='ltr' id='par_1_4' title="bbox 1041 252 1946 2617">
     <span class='ocr_line' id='line_1_49' title="bbox 1045 252 1946 296; baseline 0 -9"><span class='ocrx_word' id='word_1_319' title='bbox 1045 255 1260 296; x_wconf 83' lang='lat' dir='ltr'><strong>telligendum</strong></span> <span class='ocrx_word' id='word_1_320' title='bbox 1279 255 1338 293; x_wconf 88' lang='lat' dir='ltr'><strong>est,</strong></span> <span class='ocrx_word' id='word_1_321' title='bbox 1355 252 1441 295; x_wconf 86' lang='lat' dir='ltr'><strong>quod</strong></span> <span class='ocrx_word' id='word_1_322' title='bbox 1464 252 1655 294; x_wconf 86' lang='lat' dir='ltr'><strong>quintuplex</strong></span> <span class='ocrx_word' id='word_1_323' title='bbox 1677 255 1824 287; x_wconf 71' lang='grc'><strong>05110011-</strong></span> <span class='ocrx_word' id='word_1_324' title='bbox 1859 264 1946 287; x_wconf 71' lang='lat' dir='ltr'><strong>Mendi-</strong></span> 
     </span>
     <span class='ocr_line' id='line_1_50' title="bbox 1045 297 1944 350; baseline 0.003 -9"><span class='ocrx_word' id='word_1_325' title='bbox 1045 310 1180 341; x_wconf 73' lang='lat' dir='ltr'><strong>dicitatis</strong></span> <span class='ocrx_word' id='word_1_326' title='bbox 1201 308 1390 348; x_wconf 79' lang='lat' dir='ltr'><strong>differentia,</strong></span> <span class='ocrx_word' id='word_1_327' title='bbox 1414 307 1551 347; x_wconf 77' lang='lat' dir='ltr'><strong>origine,</strong></span> <span class='ocrx_word' id='word_1_328' title='bbox 1575 307 1682 347; x_wconf 78' lang='lat' dir='ltr'><strong>modo,</strong></span> <span class='ocrx_word' id='word_1_329' title='bbox 1703 317 1741 340; x_wconf 81' lang='lat' dir='ltr'><strong>ac</strong></span> <span class='ocrx_word' id='word_1_330' title='bbox 1754 310 1823 341; x_wconf 83' lang='lat' dir='ltr'><strong>effi·</strong></span> <span class='ocrx_word' id='word_1_331' title='bbox 1837 297 1944 350; x_wconf 46' lang='grc' dir='ltr'><strong>«ἓξὲξ-</strong></span> 
     </span>
     <span class='ocr_line' id='line_1_51' title="bbox 1045 359 1946 418; baseline -0.001 -23"><span class='ocrx_word' id='word_1_332' title='bbox 1045 364 1142 403; x_wconf 88' lang='lat' dir='ltr'><strong>cacia,</strong></span> <span class='ocrx_word' id='word_1_333' title='bbox 1160 374 1179 395; x_wconf 89' lang='lat' dir='ltr'><strong>a</strong></span> <span class='ocrx_word' id='word_1_334' title='bbox 1200 373 1233 395; x_wconf 90' lang='lat' dir='ltr'><strong>se</strong></span> <span class='ocrx_word' id='word_1_335' title='bbox 1254 363 1395 394; x_wconf 86' lang='lat' dir='ltr'><strong>invicem</strong></span> <span class='ocrx_word' id='word_1_336' title='bbox 1410 362 1556 402; x_wconf 85' lang='lat' dir='ltr'><strong>separata</strong></span> <span class='ocrx_word' id='word_1_337' title='bbox 1571 361 1624 401; x_wconf 82' lang='grc' dir='ltr'><strong>(α).</strong></span> <span class='ocrx_word' id='word_1_338' title='bbox 1647 360 1756 393; x_wconf 87' lang='lat' dir='ltr'><strong>Prima</strong></span> <span class='ocrx_word' id='word_1_339' title='bbox 1778 365 1825 394; x_wconf 90' lang='lat' dir='ltr'><strong>est</strong></span> <span class='ocrx_word' id='word_1_340' title='bbox 1837 359 1946 418; x_wconf 42' lang='lat' dir='ltr'><strong>&amp;pff-</strong></span> 
     </span>
     <span class='ocr_line' id='line_1_52' title="bbox 1046 414 1823 458; baseline -0.001 -9"><span class='ocrx_word' id='word_1_341' title='bbox 1046 427 1145 458; x_wconf 83' lang='lat' dir='ltr'><strong>quam</strong></span> <span class='ocrx_word' id='word_1_342' title='bbox 1158 417 1242 458; x_wconf 85' lang='lat' dir='ltr'><strong>parit</strong></span> <span class='ocrx_word' id='word_1_343' title='bbox 1256 417 1294 457; x_wconf 79' lang='grc' dir='ltr'><strong>(ὁ)</strong></span> <span class='ocrx_word' id='word_1_344' title='bbox 1311 415 1485 454; x_wconf 85' lang='lat' dir='ltr'><strong>calamitas,</strong></span> <span class='ocrx_word' id='word_1_345' title='bbox 1501 416 1534 446; x_wconf 85' lang='lat' dir='ltr'><strong>et</strong></span> <span class='ocrx_word' id='word_1_346' title='bbox 1547 414 1619 446; x_wconf 81' lang='lat' dir='ltr'><strong>liaec</strong></span> <span class='ocrx_word' id='word_1_347' title='bbox 1641 416 1736 447; x_wconf 86' lang='lat' dir='ltr'><strong>estin</strong></span> <span class='ocrx_word' id='word_1_348' title='bbox 1751 425 1823 457; x_wconf 88' lang='lat' dir='ltr'><strong>per-</strong></span> 
     </span>
     <span class='ocr_line' id='line_1_53' title="bbox 1046 469 1825 509; baseline -0.003 -7"><span class='ocrx_word' id='word_1_349' title='bbox 1046 471 1132 503; x_wconf 89' lang='lat' dir='ltr'><strong>sonis</strong></span> <span class='ocrx_word' id='word_1_350' title='bbox 1147 470 1382 502; x_wconf 86' lang='lat' dir='ltr'><strong>miserabilibus</strong></span> <span class='ocrx_word' id='word_1_351' title='bbox 1395 472 1427 500; x_wconf 85' lang='lat' dir='ltr'><strong>et</strong></span> <span class='ocrx_word' id='word_1_352' title='bbox 1441 469 1562 509; x_wconf 84' lang='lat' dir='ltr'><strong>egenis,</strong></span> <span class='ocrx_word' id='word_1_353' title='bbox 1585 478 1750 501; x_wconf 82' lang='lat' dir='ltr'><strong>annexum</strong></span> <span class='ocrx_word' id='word_1_354' title='bbox 1764 470 1825 501; x_wconf 88' lang='lat' dir='ltr'><strong>ha·-</strong></span> 
     </span>
     <span class='ocr_line' id='line_1_54' title="bbox 1041 523 1825 565; baseline -0.001 -9"><span class='ocrx_word' id='word_1_355' title='bbox 1041 525 1125 556; x_wconf 88' lang='lat' dir='ltr'><strong>bens</strong></span> <span class='ocrx_word' id='word_1_356' title='bbox 1137 524 1296 565; x_wconf 84' lang='lat' dir='ltr'><strong>poenalem</strong></span> <span class='ocrx_word' id='word_1_357' title='bbox 1304 523 1482 557; x_wconf 83' lang='lat' dir='ltr'><strong>cruciatum</strong></span> <span class='ocrx_word' id='word_1_358' title='bbox 1495 533 1502 554; x_wconf 82' lang='lat' dir='ltr'><strong><em>z</em></strong></span> <span class='ocrx_word' id='word_1_359' title='bbox 1516 531 1591 554; x_wconf 89' lang='lat' dir='ltr'><strong>cum</strong></span> <span class='ocrx_word' id='word_1_360' title='bbox 1605 523 1732 563; x_wconf 87' lang='lat' dir='ltr'><strong>merito,</strong></span> <span class='ocrx_word' id='word_1_361' title='bbox 1748 533 1825 555; x_wconf 91' lang='lat' dir='ltr'><strong>cum</strong></span> 
     </span>
     <span class='ocr_line' id='line_1_55' title="bbox 1044 576 1824 619; baseline 0.001 -10"><span class='ocrx_word' id='word_1_362' title='bbox 1044 579 1081 609; x_wconf 85' lang='lat' dir='ltr'><strong>fit</strong></span> <span class='ocrx_word' id='word_1_363' title='bbox 1099 587 1175 609; x_wconf 85' lang='lat' dir='ltr'><strong>eum</strong></span> <span class='ocrx_word' id='word_1_364' title='bbox 1188 578 1350 619; x_wconf 86' lang='lat' dir='ltr'><strong>patientia,</strong></span> <span class='ocrx_word' id='word_1_365' title='bbox 1367 577 1470 618; x_wconf 92' lang='lat' dir='ltr'><strong>qualis</strong></span> <span class='ocrx_word' id='word_1_366' title='bbox 1486 576 1547 608; x_wconf 85' lang='lat' dir='ltr'><strong>fuit</strong></span> <span class='ocrx_word' id='word_1_367' title='bbox 1561 577 1749 609; x_wconf 85' lang='lat' dir='ltr'><strong>mendicitas</strong></span> <span class='ocrx_word' id='word_1_368' title='bbox 1763 577 1824 610; x_wconf 86' lang='lat' dir='ltr'><strong>La-</strong></span> 
     </span>
     <span class='ocr_line' id='line_1_56' title="bbox 1046 630 1825 672; baseline 0 -9"><span class='ocrx_word' id='word_1_369' title='bbox 1046 632 1111 663; x_wconf 87' lang='lat' dir='ltr'><strong>zari</strong></span> <span class='ocrx_word' id='word_1_370' title='bbox 1133 632 1268 663; x_wconf 79' lang='lat' dir='ltr'><strong>ulcerosi</strong></span> <span class='ocrx_word' id='word_1_371' title='bbox 1291 633 1322 663; x_wconf 87' lang='lat' dir='ltr'><strong>et</strong></span> <span class='ocrx_word' id='word_1_372' title='bbox 1346 630 1507 672; x_wconf 55' lang='lat' dir='ltr'><strong>paupera,</strong></span> <span class='ocrx_word' id='word_1_373' title='bbox 1525 631 1660 671; x_wconf 88' lang='lat' dir='ltr'><strong>jacentis</strong></span> <span class='ocrx_word' id='word_1_374' title='bbox 1683 633 1759 663; x_wconf 85' lang='lat' dir='ltr'><strong>ante</strong></span> <span class='ocrx_word' id='word_1_375' title='bbox 1777 633 1825 672; x_wconf 65' lang='grc'><strong>311-</strong></span> 
     </span>
     <span class='ocr_line' id='line_1_57' title="bbox 1045 684 1824 726; baseline 0.001 -9"><span class='ocrx_word' id='word_1_376' title='bbox 1045 695 1146 717; x_wconf 88' lang='lat' dir='ltr'><strong>nuam</strong></span> <span class='ocrx_word' id='word_1_377' title='bbox 1161 685 1268 717; x_wconf 87' lang='lat' dir='ltr'><strong>divitis</strong></span> <span class='ocrx_word' id='word_1_378' title='bbox 1284 685 1450 726; x_wconf 87' lang='lat' dir='ltr'><strong>epulonis;</strong></span> <span class='ocrx_word' id='word_1_379' title='bbox 1476 684 1527 717; x_wconf 89' lang='lat' dir='ltr'><strong>vel</strong></span> <span class='ocrx_word' id='word_1_380' title='bbox 1547 694 1622 716; x_wconf 90' lang='lat' dir='ltr'><strong>cum</strong></span> <span class='ocrx_word' id='word_1_381' title='bbox 1636 688 1776 726; x_wconf 88' lang='lat' dir='ltr'><strong>peccato,</strong></span> <span class='ocrx_word' id='word_1_382' title='bbox 1797 686 1824 718; x_wconf 93' lang='lat' dir='ltr'><strong>si</strong></span> 
     </span>
     <span class='ocr_line' id='line_1_58' title="bbox 1045 739 1825 781; baseline 0.003 -10"><span class='ocrx_word' id='word_1_383' title='bbox 1045 741 1081 771; x_wconf 85' lang='lat' dir='ltr'><strong>fit</strong></span> <span class='ocrx_word' id='word_1_384' title='bbox 1110 749 1184 771; x_wconf 90' lang='lat' dir='ltr'><strong>cum</strong></span> <span class='ocrx_word' id='word_1_385' title='bbox 1211 739 1422 781; x_wconf 80' lang='lat' dir='ltr'><strong>impatientia.</strong></span> <span class='ocrx_word' id='word_1_386' title='bbox 1454 739 1494 771; x_wconf 86' lang='lat' dir='ltr'><strong>Et</strong></span> <span class='ocrx_word' id='word_1_387' title='bbox 1518 739 1601 771; x_wconf 85' lang='lat' dir='ltr'><strong>hanc</strong></span> <span class='ocrx_word' id='word_1_388' title='bbox 1628 740 1825 781; x_wconf 86' lang='lat' dir='ltr'><strong>imprecatur</strong></span> 
     </span>
     <span class='ocr_line' id='line_1_59' title="bbox 1044 793 1824 836; baseline 0.003 -11"><span class='ocrx_word' id='word_1_389' title='bbox 1044 794 1214 835; x_wconf 86' lang='lat' dir='ltr'><strong>Propheta,</strong></span> <span class='ocrx_word' id='word_1_390' title='bbox 1238 796 1270 825; x_wconf 88' lang='lat' dir='ltr'><strong>et</strong></span> <span class='ocrx_word' id='word_1_391' title='bbox 1284 794 1478 825; x_wconf 86' lang='lat' dir='ltr'><strong>abhorrebat</strong></span> <span class='ocrx_word' id='word_1_392' title='bbox 1493 793 1619 834; x_wconf 86' lang='lat' dir='ltr'><strong>sapiens</strong></span> <span class='ocrx_word' id='word_1_393' title='bbox 1633 794 1685 827; x_wconf 87' lang='lat' dir='ltr'><strong>vir</strong></span> <span class='ocrx_word' id='word_1_394' title='bbox 1699 795 1734 826; x_wconf 89' lang='lat' dir='ltr'><strong>in</strong></span> <span class='ocrx_word' id='word_1_395' title='bbox 1748 805 1824 836; x_wconf 76' lang='lat' dir='ltr'><strong>per-</strong></span> 
     </span>
     <span class='ocr_line' id='line_1_60' title="bbox 1044 848 1824 889; baseline 0 -8"><span class='ocrx_word' id='word_1_396' title='bbox 1044 858 1122 881; x_wconf 86' lang='lat' dir='ltr'><strong>sona</strong></span> <span class='ocrx_word' id='word_1_397' title='bbox 1144 849 1278 889; x_wconf 88' lang='lat' dir='ltr'><strong>loquens</strong></span> <span class='ocrx_word' id='word_1_398' title='bbox 1302 848 1443 880; x_wconf 89' lang='lat' dir='ltr'><strong>hominis</strong></span> <span class='ocrx_word' id='word_1_399' title='bbox 1466 848 1604 887; x_wconf 90' lang='lat' dir='ltr'><strong>infirmi,</strong></span> <span class='ocrx_word' id='word_1_400' title='bbox 1629 850 1661 880; x_wconf 84' lang='lat' dir='ltr'><strong>et</strong></span> <span class='ocrx_word' id='word_1_401' title='bbox 1682 849 1824 881; x_wconf 88' lang='lat' dir='ltr'><strong>timentis</strong></span> 
     </span>
     <span class='ocr_line' id='line_1_61' title="bbox 1042 902 1824 944; baseline 0.001 -10"><span class='ocrx_word' id='word_1_402' title='bbox 1042 912 1100 944; x_wconf 84' lang='lat' dir='ltr'><strong>per</strong></span> <span class='ocrx_word' id='word_1_403' title='bbox 1124 905 1301 943; x_wconf 81' lang='lat' dir='ltr'><strong>egestatem</strong></span> <span class='ocrx_word' id='word_1_404' title='bbox 1324 902 1577 934; x_wconf 84' lang='lat' dir='ltr'><strong>involuntariam</strong></span> <span class='ocrx_word' id='word_1_405' title='bbox 1599 903 1640 934; x_wconf 87' lang='lat' dir='ltr'><strong>ad</strong></span> <span class='ocrx_word' id='word_1_406' title='bbox 1655 902 1824 944; x_wconf 87' lang='lat' dir='ltr'><strong>impatien-</strong></span> 
     </span>
     <span class='ocr_line' id='line_1_62' title="bbox 1043 956 1820 997; baseline 0.001 -9"><span class='ocrx_word' id='word_1_407' title='bbox 1043 958 1122 989; x_wconf 87' lang='lat' dir='ltr'><strong>tiam</strong></span> <span class='ocrx_word' id='word_1_408' title='bbox 1137 957 1295 997; x_wconf 89' lang='lat' dir='ltr'><strong>eompelli.</strong></span> <span class='ocrx_word' id='word_1_409' title='bbox 1316 956 1405 987; x_wconf 89' lang='lat' dir='ltr'><strong>Unde</strong></span> <span class='ocrx_word' id='word_1_410' title='bbox 1427 958 1598 997; x_wconf 81' lang='lat' dir='ltr'><strong>postquam</strong></span> <span class='ocrx_word' id='word_1_411' title='bbox 1617 957 1820 997; x_wconf 76' lang='lat' dir='ltr'><strong>praemisit⁴z</strong></span> 
     </span>
     <span class='ocr_line' id='line_1_63' title="bbox 1043 1009 1822 1051; baseline 0 -7"><span class='ocrx_word' id='word_1_412' title='bbox 1043 1011 1288 1044; x_wconf 75' lang='lat' dir='ltr'><strong>Mendicitatem</strong></span> <span class='ocrx_word' id='word_1_413' title='bbox 1305 1018 1344 1042; x_wconf 82' lang='lat' dir='ltr'><strong>ne</strong></span> <span class='ocrx_word' id='word_1_414' title='bbox 1368 1009 1496 1042; x_wconf 77' lang='lat' dir='ltr'><strong>dederis</strong></span> <span class='ocrx_word' id='word_1_415' title='bbox 1518 1010 1613 1050; x_wconf 80' lang='lat' dir='ltr'><strong>mihi,</strong></span> <span class='ocrx_word' id='word_1_416' title='bbox 1629 1011 1822 1051; x_wconf 85' lang='lat' dir='ltr'><strong>subjungit:</strong></span> 
     </span>
     <span class='ocr_line' id='line_1_64' title="bbox 1043 1064 1824 1106; baseline 0.004 -10"><span class='ocrx_word' id='word_1_417' title='bbox 1043 1074 1082 1097; x_wconf 78' lang='lat' dir='ltr'><strong>ne</strong></span> <span class='ocrx_word' id='word_1_418' title='bbox 1097 1065 1278 1106; x_wconf 78' lang='lat' dir='ltr'><strong>compulsus</strong></span> <span class='ocrx_word' id='word_1_419' title='bbox 1293 1068 1428 1106; x_wconf 72' lang='lat' dir='ltr'><strong>eqescate</strong></span> <span class='ocrx_word' id='word_1_420' title='bbox 1444 1065 1544 1104; x_wconf 73' lang='lat' dir='ltr'><strong>furer,</strong></span> <span class='ocrx_word' id='word_1_421' title='bbox 1560 1067 1590 1097; x_wconf 77' lang='lat' dir='ltr'><strong>et</strong></span> <span class='ocrx_word' id='word_1_422' title='bbox 1601 1064 1763 1106; x_wconf 73' lang='lat' dir='ltr'><strong>perjurem</strong></span> <span class='ocrx_word' id='word_1_423' title='bbox 1770 1073 1824 1099; x_wconf 79' lang='grc' dir='ltr'><strong>ηο-</strong></span> 
     </span>
     <span class='ocr_line' id='line_1_65' title="bbox 1043 1119 1822 1160; baseline 0.001 -10"><span class='ocrx_word' id='word_1_424' title='bbox 1043 1128 1115 1152; x_wconf 83' lang='lat' dir='ltr'><strong>men</strong></span> <span class='ocrx_word' id='word_1_425' title='bbox 1130 1121 1188 1152; x_wconf 72' lang='lat' dir='ltr'><strong>Dee&#39;</strong></span> <span class='ocrx_word' id='word_1_426' title='bbox 1200 1120 1274 1152; x_wconf 82' lang='lat' dir='ltr'><strong>mei.</strong></span> <span class='ocrx_word' id='word_1_427' title='bbox 1295 1119 1334 1150; x_wconf 87' lang='lat' dir='ltr'><strong>Et</strong></span> <span class='ocrx_word' id='word_1_428' title='bbox 1350 1119 1420 1150; x_wconf 83' lang='lat' dir='ltr'><strong>haec</strong></span> <span class='ocrx_word' id='word_1_429' title='bbox 1434 1121 1481 1150; x_wconf 86' lang='lat' dir='ltr'><strong>est</strong></span> <span class='ocrx_word' id='word_1_430' title='bbox 1495 1119 1622 1160; x_wconf 86' lang='lat' dir='ltr'><strong>proprie</strong></span> <span class='ocrx_word' id='word_1_431' title='bbox 1634 1119 1718 1150; x_wconf 87' lang='lat' dir='ltr'><strong>dicta</strong></span> <span class='ocrx_word' id='word_1_432' title='bbox 1731 1128 1822 1151; x_wconf 88' lang='lat' dir='ltr'><strong>men-</strong></span> 
     </span>
     <span class='ocr_line' id='line_1_66' title="bbox 1043 1172 1823 1214; baseline 0.001 -9"><span class='ocrx_word' id='word_1_433' title='bbox 1043 1173 1164 1213; x_wconf 77' lang='lat' dir='ltr'><strong>dicitas,</strong></span> <span class='ocrx_word' id='word_1_434' title='bbox 1187 1175 1280 1214; x_wconf 77' lang='lat' dir='ltr'><strong>juxta</strong></span> <span class='ocrx_word' id='word_1_435' title='bbox 1295 1173 1379 1214; x_wconf 90' lang='lat' dir='ltr'><strong>quod</strong></span> <span class='ocrx_word' id='word_1_436' title='bbox 1399 1172 1474 1204; x_wconf 86' lang='lat' dir='ltr'><strong>dicit</strong></span> <span class='ocrx_word' id='word_1_437' title='bbox 1490 1172 1641 1211; x_wconf 88' lang='lat' dir='ltr'><strong>Isidorus,</strong></span> <span class='ocrx_word' id='word_1_438' title='bbox 1657 1173 1823 1214; x_wconf 77' lang='lat' dir='ltr'><strong>Etymolo-</strong></span> 
     </span>
     <span class='ocr_line' id='line_1_67' title="bbox 1043 1226 1823 1268; baseline 0 -8"><span class='ocrx_word' id='word_1_439' title='bbox 1043 1229 1172 1268; x_wconf 64' lang='grc' dir='ltr'><strong>θίαν-11111</strong></span> <span class='ocrx_word' id='word_1_440' title='bbox 1186 1228 1196 1245; x_wconf 73' lang='lat'><strong>³</strong></span> <span class='ocrx_word' id='word_1_441' title='bbox 1213 1238 1221 1260; x_wconf 90' lang='lat'><strong>:</strong></span> <span class='ocrx_word' id='word_1_442' title='bbox 1236 1239 1251 1256; x_wconf 90' lang='lat'>«</span> <span class='ocrx_word' id='word_1_443' title='bbox 1265 1227 1432 1259; x_wconf 67' lang='lat' dir='ltr'><strong>Mencztczcs</strong></span> <span class='ocrx_word' id='word_1_444' title='bbox 1442 1226 1545 1258; x_wconf 87' lang='lat' dir='ltr'><strong>dictus</strong></span> <span class='ocrx_word' id='word_1_445' title='bbox 1553 1230 1600 1258; x_wconf 88' lang='lat' dir='ltr'><strong>est</strong></span> <span class='ocrx_word' id='word_1_446' title='bbox 1610 1228 1704 1268; x_wconf 88' lang='lat' dir='ltr'><strong>quasi</strong></span> <span class='ocrx_word' id='word_1_447' title='bbox 1714 1229 1823 1260; x_wconf 79' lang='lat' dir='ltr'><strong>minus</strong></span> 
     </span>
     <span class='ocr_line' id='line_1_68' title="bbox 1044 1280 1824 1322; baseline 0.001 -9"><span class='ocrx_word' id='word_1_448' title='bbox 1044 1282 1165 1313; x_wconf 79' lang='lat' dir='ltr'><strong>habens</strong></span> <span class='ocrx_word' id='word_1_449' title='bbox 1177 1281 1263 1313; x_wconf 90' lang='lat' dir='ltr'><strong>unde</strong></span> <span class='ocrx_word' id='word_1_450' title='bbox 1283 1281 1390 1322; x_wconf 67' lang='lat' dir='ltr'><strong>(leym,</strong></span> <span class='ocrx_word' id='word_1_451' title='bbox 1406 1280 1458 1312; x_wconf 87' lang='lat' dir='ltr'><strong>vel</strong></span> <span class='ocrx_word' id='word_1_452' title='bbox 1479 1280 1570 1321; x_wconf 84' lang='lat' dir='ltr'><strong>quasi</strong></span> <span class='ocrx_word' id='word_1_453' title='bbox 1589 1289 1688 1313; x_wconf 83' lang='lat' dir='ltr'><strong>manu</strong></span> <span class='ocrx_word' id='word_1_454' title='bbox 1712 1281 1824 1314; x_wconf 75' lang='lat' dir='ltr'><strong>dicens</strong></span> 
     </span>
     <span class='ocr_line' id='line_1_69' title="bbox 1043 1334 1826 1376; baseline 0 -10"><span class='ocrx_word' id='word_1_455' title='bbox 1043 1335 1264 1367; x_wconf 84' lang='lat' dir='ltr'><strong>necessitatem</strong></span> <span class='ocrx_word' id='word_1_456' title='bbox 1277 1344 1380 1366; x_wconf 86' lang='lat' dir='ltr'><strong>suam.</strong></span> <span class='ocrx_word' id='word_1_457' title='bbox 1393 1346 1408 1363; x_wconf 91' lang='lat'>»</span> <span class='ocrx_word' id='word_1_458' title='bbox 1417 1334 1563 1366; x_wconf 87' lang='lat' dir='ltr'><strong>Secunda</strong></span> <span class='ocrx_word' id='word_1_459' title='bbox 1572 1337 1735 1375; x_wconf 87' lang='lat' dir='ltr'><strong>est,quam</strong></span> <span class='ocrx_word' id='word_1_460' title='bbox 1741 1334 1826 1376; x_wconf 88' lang='lat' dir='ltr'><strong>parit</strong></span> 
     </span>
     <span class='ocr_line' id='line_1_70' title="bbox 1043 1388 1825 1430; baseline 0 -10"><span class='ocrx_word' id='word_1_461' title='bbox 1043 1390 1212 1430; x_wconf 82' lang='lat' dir='ltr'><strong>cupiditas,</strong></span> <span class='ocrx_word' id='word_1_462' title='bbox 1229 1392 1260 1420; x_wconf 86' lang='lat' dir='ltr'><strong>ct</strong></span> <span class='ocrx_word' id='word_1_463' title='bbox 1274 1389 1344 1420; x_wconf 73' lang='grc' dir='ltr'><strong>11ωο</strong></span> <span class='ocrx_word' id='word_1_464' title='bbox 1356 1390 1404 1419; x_wconf 84' lang='grc'><strong>051</strong></span> <span class='ocrx_word' id='word_1_465' title='bbox 1426 1389 1460 1419; x_wconf 87' lang='grc'><strong>111</strong></span> <span class='ocrx_word' id='word_1_466' title='bbox 1483 1388 1677 1429; x_wconf 87' lang='lat' dir='ltr'><strong>pauperibus</strong></span> <span class='ocrx_word' id='word_1_467' title='bbox 1695 1388 1825 1420; x_wconf 90' lang='lat' dir='ltr'><strong>simula-</strong></span> 
     </span>
     <span class='ocr_line' id='line_1_71' title="bbox 1043 1442 1822 1483; baseline 0 -9"><span class='ocrx_word' id='word_1_468' title='bbox 1043 1443 1093 1482; x_wconf 81' lang='lat' dir='ltr'><strong>tis,</strong></span> <span class='ocrx_word' id='word_1_469' title='bbox 1110 1443 1232 1474; x_wconf 88' lang='lat' dir='ltr'><strong>habens</strong></span> <span class='ocrx_word' id='word_1_470' title='bbox 1249 1451 1413 1474; x_wconf 78' lang='lat' dir='ltr'><strong>annexum</strong></span> <span class='ocrx_word' id='word_1_471' title='bbox 1427 1443 1605 1473; x_wconf 70' lang='lat' dir='ltr'><strong>cruciatum</strong></span> <span class='ocrx_word' id='word_1_472' title='bbox 1619 1442 1822 1483; x_wconf 83' lang='lat' dir='ltr'><strong>culpabilem,</strong></span> 
     </span>
     <span class='ocr_line' id='line_1_72' title="bbox 1042 1495 1824 1538; baseline 0 -10"><span class='ocrx_word' id='word_1_473' title='bbox 1042 1507 1108 1538; x_wconf 87' lang='lat' dir='ltr'><strong>quo</strong></span> <span class='ocrx_word' id='word_1_474' title='bbox 1124 1499 1316 1537; x_wconf 79' lang='lat' dir='ltr'><strong>torquentur</strong></span> <span class='ocrx_word' id='word_1_475' title='bbox 1332 1505 1444 1527; x_wconf 85' lang='lat' dir='ltr'><strong>omnes</strong></span> <span class='ocrx_word' id='word_1_476' title='bbox 1459 1495 1550 1527; x_wconf 89' lang='lat' dir='ltr'><strong>avari</strong></span> <span class='ocrx_word' id='word_1_477' title='bbox 1565 1498 1596 1527; x_wconf 89' lang='lat' dir='ltr'><strong>et</strong></span> <span class='ocrx_word' id='word_1_478' title='bbox 1616 1496 1734 1537; x_wconf 91' lang='lat' dir='ltr'><strong>cupidi,</strong></span> <span class='ocrx_word' id='word_1_479' title='bbox 1759 1506 1824 1528; x_wconf 92' lang='lat' dir='ltr'><strong>non</strong></span> 
     </span>
     <span class='ocr_line' id='line_1_73' title="bbox 1042 1550 1825 1591; baseline -0.001 -9"><span class='ocrx_word' id='word_1_480' title='bbox 1042 1553 1108 1582; x_wconf 86' lang='lat' dir='ltr'><strong>tam</strong></span> <span class='ocrx_word' id='word_1_481' title='bbox 1123 1552 1207 1582; x_wconf 89' lang='lat' dir='ltr'><strong>same</strong></span> <span class='ocrx_word' id='word_1_482' title='bbox 1222 1550 1395 1591; x_wconf 84' lang='lat' dir='ltr'><strong>corporalis</strong></span> <span class='ocrx_word' id='word_1_483' title='bbox 1411 1550 1537 1589; x_wconf 84' lang='lat' dir='ltr'><strong>iuediae,</strong></span> <span class='ocrx_word' id='word_1_484' title='bbox 1554 1559 1652 1591; x_wconf 85' lang='lat' dir='ltr'><strong>quam</strong></span> <span class='ocrx_word' id='word_1_485' title='bbox 1677 1550 1825 1591; x_wconf 87' lang='lat' dir='ltr'><strong>spiritua-</strong></span> 
     </span>
     <span class='ocr_line' id='line_1_74' title="bbox 1042 1605 1826 1646; baseline 0 -9"><span class='ocrx_word' id='word_1_486' title='bbox 1042 1606 1082 1637; x_wconf 91' lang='lat' dir='ltr'><strong>lis</strong></span> <span class='ocrx_word' id='word_1_487' title='bbox 1097 1605 1251 1646; x_wconf 78' lang='lat' dir='ltr'><strong>nequitiae</strong></span> <span class='ocrx_word' id='word_1_488' title='bbox 1269 1614 1326 1646; x_wconf 83' lang='lat' dir='ltr'><strong>per</strong></span> <span class='ocrx_word' id='word_1_489' title='bbox 1349 1605 1559 1636; x_wconf 82' lang='lat' dir='ltr'><strong>insatiabilem</strong></span> <span class='ocrx_word' id='word_1_490' title='bbox 1573 1605 1718 1637; x_wconf 85' lang='lat' dir='ltr'><strong>avaritiae</strong></span> <span class='ocrx_word' id='word_1_491' title='bbox 1732 1614 1826 1637; x_wconf 87' lang='lat' dir='ltr'><strong>vora-</strong></span> 
     </span>
     <span class='ocr_line' id='line_1_75' title="bbox 1044 1659 1825 1700; baseline 0 -9"><span class='ocrx_word' id='word_1_492' title='bbox 1044 1661 1184 1698; x_wconf 79' lang='lat' dir='ltr'><strong>citatem,</strong></span> <span class='ocrx_word' id='word_1_493' title='bbox 1197 1661 1294 1700; x_wconf 78' lang='lat' dir='ltr'><strong>Juxta</strong></span> <span class='ocrx_word' id='word_1_494' title='bbox 1308 1659 1385 1690; x_wconf 86' lang='lat' dir='ltr'><strong>illud</strong></span> <span class='ocrx_word' id='word_1_495' title='bbox 1409 1659 1468 1691; x_wconf 89' lang='lat' dir='ltr'><strong>Job</strong></span> <span class='ocrx_word' id='word_1_496' title='bbox 1481 1659 1491 1676; x_wconf 76' lang='lat'><strong>⁶</strong></span> <span class='ocrx_word' id='word_1_497' title='bbox 1507 1670 1514 1690; x_wconf 76' lang='lat' dir='ltr'><em>z</em></span> <span class='ocrx_word' id='word_1_498' title='bbox 1533 1660 1724 1692; x_wconf 79' lang='lat' dir='ltr'><strong>Attemaetur</strong></span> <span class='ocrx_word' id='word_1_499' title='bbox 1743 1660 1825 1698; x_wconf 76' lang='lat' dir='ltr'><strong>fame</strong></span> 
     </span>
     <span class='ocr_line' id='line_1_76' title="bbox 1043 1713 1823 1753; baseline 0 -7"><span class='ocrx_word' id='word_1_500' title='bbox 1043 1715 1139 1747; x_wconf 79' lang='lat' dir='ltr'><strong>robur</strong></span> <span class='ocrx_word' id='word_1_501' title='bbox 1154 1714 1235 1753; x_wconf 75' lang='lat' dir='ltr'><strong>rjus,</strong></span> <span class='ocrx_word' id='word_1_502' title='bbox 1261 1717 1291 1746; x_wconf 80' lang='lat' dir='ltr'><strong>ec</strong></span> <span class='ocrx_word' id='word_1_503' title='bbox 1307 1713 1420 1745; x_wconf 77' lang='lat' dir='ltr'><strong>inedia</strong></span> <span class='ocrx_word' id='word_1_504' title='bbox 1444 1713 1581 1745; x_wconf 74' lang='lat' dir='ltr'><strong>invadat</strong></span> <span class='ocrx_word' id='word_1_505' title='bbox 1603 1716 1705 1746; x_wconf 78' lang='lat' dir='ltr'><strong>costas</strong></span> <span class='ocrx_word' id='word_1_506' title='bbox 1720 1713 1823 1746; x_wconf 78' lang='lat' dir='ltr'><strong>illius.</strong></span> 
     </span>
     <span class='ocr_line' id='line_1_77' title="bbox 1042 1767 1826 1808; baseline -0.001 -8"><span class='ocrx_word' id='word_1_507' title='bbox 1042 1769 1081 1800; x_wconf 85' lang='lat' dir='ltr'><strong>Et</strong></span> <span class='ocrx_word' id='word_1_508' title='bbox 1094 1769 1177 1800; x_wconf 83' lang='lat' dir='ltr'><strong>hanc</strong></span> <span class='ocrx_word' id='word_1_509' title='bbox 1194 1768 1356 1800; x_wconf 87' lang='lat' dir='ltr'><strong>dissuadet</strong></span> <span class='ocrx_word' id='word_1_510' title='bbox 1377 1768 1550 1808; x_wconf 85' lang='lat' dir='ltr'><strong>Apostolus</strong></span> <span class='ocrx_word' id='word_1_511' title='bbox 1564 1768 1603 1799; x_wconf 88' lang='lat' dir='ltr'><strong>ad</strong></span> <span class='ocrx_word' id='word_1_512' title='bbox 1626 1767 1826 1800; x_wconf 86' lang='lat' dir='ltr'><strong>Thessaloni-</strong></span> 
     </span>
     <span class='ocr_line' id='line_1_78' title="bbox 1043 1821 1827 1862; baseline 0.001 -9"><span class='ocrx_word' id='word_1_513' title='bbox 1043 1831 1152 1854; x_wconf 86' lang='lat' dir='ltr'><strong>censes</strong></span> <span class='ocrx_word' id='word_1_514' title='bbox 1167 1825 1176 1842; x_wconf 62' lang='grc' dir='ltr'><strong><em>Ἰ</em></strong></span> <span class='ocrx_word' id='word_1_515' title='bbox 1197 1833 1204 1853; x_wconf 77' lang='lat' dir='ltr'>z</span> <span class='ocrx_word' id='word_1_516' title='bbox 1222 1822 1356 1855; x_wconf 78' lang='lat' dir='ltr'><strong>Nullius</strong></span> <span class='ocrx_word' id='word_1_517' title='bbox 1371 1822 1501 1862; x_wconf 77' lang='lat' dir='ltr'><strong>aliquid</strong></span> <span class='ocrx_word' id='word_1_518' title='bbox 1516 1821 1709 1855; x_wconf 75' lang='lat' dir='ltr'><strong>desideretis</strong></span> <span class='ocrx_word' id='word_1_519' title='bbox 1716 1831 1730 1862; x_wconf 90' lang='lat'><em>;</em></span> <span class='ocrx_word' id='word_1_520' title='bbox 1743 1822 1827 1854; x_wconf 88' lang='lat' dir='ltr'><strong>Glos-</strong></span> 
     </span>
     <span class='ocr_line' id='line_1_79' title="bbox 1042 1875 1826 1914; baseline 0 -8"><span class='ocrx_word' id='word_1_521' title='bbox 1042 1885 1077 1906; x_wconf 85' lang='lat' dir='ltr'><strong>sa</strong></span> <span class='ocrx_word' id='word_1_522' title='bbox 1099 1887 1106 1906; x_wconf 90' lang='lat'>:</span> <span class='ocrx_word' id='word_1_523' title='bbox 1134 1888 1148 1905; x_wconf 87' lang='lat'>«</span> <span class='ocrx_word' id='word_1_524' title='bbox 1173 1875 1298 1907; x_wconf 88' lang='lat' dir='ltr'><strong>Nedum</strong></span> <span class='ocrx_word' id='word_1_525' title='bbox 1322 1877 1357 1913; x_wconf 85' lang='lat' dir='ltr'><strong>(c)</strong></span> <span class='ocrx_word' id='word_1_526' title='bbox 1379 1875 1501 1914; x_wconf 81' lang='lat' dir='ltr'><strong>rogetis</strong></span> <span class='ocrx_word' id='word_1_527' title='bbox 1523 1876 1575 1906; x_wconf 87' lang='lat' dir='ltr'><strong>vel</strong></span> <span class='ocrx_word' id='word_1_528' title='bbox 1600 1875 1716 1906; x_wconf 84' lang='lat' dir='ltr'><strong>tollatis</strong></span> <span class='ocrx_word' id='word_1_529' title='bbox 1733 1886 1740 1907; x_wconf 89' lang='lat'>:</span> <span class='ocrx_word' id='word_1_530' title='bbox 1756 1886 1771 1904; x_wconf 89' lang='lat'>»</span> <span class='ocrx_word' id='word_1_531' title='bbox 1790 1875 1826 1906; x_wconf 87' lang='lat' dir='ltr'><strong>in</strong></span> 
     </span>
     <span class='ocr_line' id='line_1_80' title="bbox 1043 1930 1826 1971; baseline 0 -10"><span class='ocrx_word' id='word_1_532' title='bbox 1043 1939 1108 1971; x_wconf 90' lang='lat' dir='ltr'><strong>qno</strong></span> <span class='ocrx_word' id='word_1_533' title='bbox 1123 1930 1317 1962; x_wconf 84' lang='lat' dir='ltr'><strong>desiderium</strong></span> <span class='ocrx_word' id='word_1_534' title='bbox 1332 1930 1481 1970; x_wconf 88' lang='lat' dir='ltr'><strong>prohibet</strong></span> <span class='ocrx_word' id='word_1_535' title='bbox 1497 1930 1677 1970; x_wconf 87' lang='lat' dir='ltr'><strong>cupiditatis</strong></span> <span class='ocrx_word' id='word_1_536' title='bbox 1691 1930 1737 1961; x_wconf 86' lang='lat' dir='ltr'><strong>rei</strong></span> <span class='ocrx_word' id='word_1_537' title='bbox 1753 1930 1826 1961; x_wconf 89' lang='lat' dir='ltr'><strong>alie-</strong></span> 
     </span>
     <span class='ocr_line' id='line_1_81' title="bbox 1042 1984 1826 2025; baseline -0.001 -9"><span class='ocrx_word' id='word_1_538' title='bbox 1042 1994 1105 2024; x_wconf 65' lang='lat' dir='ltr'><strong>nae,</strong></span> <span class='ocrx_word' id='word_1_539' title='bbox 1121 1987 1152 2016; x_wconf 82' lang='lat' dir='ltr'><strong>ct</strong></span> <span class='ocrx_word' id='word_1_540' title='bbox 1167 1985 1352 2025; x_wconf 84' lang='lat' dir='ltr'><strong>petitionem</strong></span> <span class='ocrx_word' id='word_1_541' title='bbox 1368 1993 1408 2015; x_wconf 80' lang='lat' dir='ltr'><strong>ex</strong></span> <span class='ocrx_word' id='word_1_542' title='bbox 1427 1984 1495 2024; x_wconf 87' lang='lat' dir='ltr'><strong>ipsa</strong></span> <span class='ocrx_word' id='word_1_543' title='bbox 1520 1984 1715 2023; x_wconf 86' lang='lat' dir='ltr'><strong>venientem,</strong></span> <span class='ocrx_word' id='word_1_544' title='bbox 1731 1985 1826 2024; x_wconf 81' lang='lat' dir='ltr'><strong>juxta</strong></span> 
     </span>
     <span class='ocr_line' id='line_1_82' title="bbox 1043 2038 1825 2078; baseline 0 -9"><span class='ocrx_word' id='word_1_545' title='bbox 1043 2039 1121 2070; x_wconf 83' lang='lat' dir='ltr'><strong>illud</strong></span> <span class='ocrx_word' id='word_1_546' title='bbox 1137 2039 1175 2069; x_wconf 83' lang='lat' dir='ltr'><strong>ad</strong></span> <span class='ocrx_word' id='word_1_547' title='bbox 1191 2038 1346 2078; x_wconf 83' lang='lat' dir='ltr'><strong>Ephesios</strong></span> <span class='ocrx_word' id='word_1_548' title='bbox 1360 2040 1370 2057; x_wconf 83' lang='lat'>⁸</span> <span class='ocrx_word' id='word_1_549' title='bbox 1387 2049 1393 2069; x_wconf 77' lang='lat' dir='ltr'>z</span> <span class='ocrx_word' id='word_1_550' title='bbox 1412 2038 1663 2077; x_wconf 67' lang='grc' dir='ltr'><strong>Οιιῑΐωῃῦαταν,</strong></span> <span class='ocrx_word' id='word_1_551' title='bbox 1673 2038 1745 2078; x_wconf 73' lang='lat' dir='ltr'><strong>jam</strong></span> <span class='ocrx_word' id='word_1_552' title='bbox 1760 2046 1825 2070; x_wconf 78' lang='lat' dir='ltr'><strong>non</strong></span> 
     </span>
     <span class='ocr_line' id='line_1_83' title="bbox 1042 2091 1825 2132; baseline 0.001 -9"><span class='ocrx_word' id='word_1_553' title='bbox 1042 2093 1190 2132; x_wconf 78' lang='lat' dir='ltr'><strong>fm·ecw·;</strong></span> <span class='ocrx_word' id='word_1_554' title='bbox 1206 2093 1311 2132; x_wconf 70' lang='lat' dir='ltr'><strong>maqis</strong></span> <span class='ocrx_word' id='word_1_555' title='bbox 1333 2095 1438 2124; x_wconf 75' lang='lat' dir='ltr'><strong>aulem</strong></span> <span class='ocrx_word' id='word_1_556' title='bbox 1453 2091 1571 2124; x_wconf 74' lang='lat' dir='ltr'><strong>laboret</strong></span> <span class='ocrx_word' id='word_1_557' title='bbox 1586 2092 1735 2125; x_wconf 74' lang='lat' dir='ltr'><strong>manibus</strong></span> <span class='ocrx_word' id='word_1_558' title='bbox 1755 2092 1825 2124; x_wconf 76' lang='lat' dir='ltr'><strong>suis</strong></span> 
     </span>
     <span class='ocr_line' id='line_1_84' title="bbox 1043 2145 1827 2187; baseline -0.001 -8"><span class='ocrx_word' id='word_1_559' title='bbox 1043 2146 1214 2187; x_wconf 79' lang='lat' dir='ltr'><strong>operando,</strong></span> <span class='ocrx_word' id='word_1_560' title='bbox 1233 2149 1268 2178; x_wconf 76' lang='lat' dir='ltr'><strong>nc</strong></span> <span class='ocrx_word' id='word_1_561' title='bbox 1285 2146 1398 2178; x_wconf 76' lang='lat' dir='ltr'><strong>habeat</strong></span> <span class='ocrx_word' id='word_1_562' title='bbox 1412 2145 1498 2178; x_wconf 71' lang='lat' dir='ltr'><strong>uncle</strong></span> <span class='ocrx_word' id='word_1_563' title='bbox 1515 2146 1638 2179; x_wconf 76' lang='lat' dir='ltr'><strong>trz&#39;buat</strong></span> <span class='ocrx_word' id='word_1_564' title='bbox 1657 2148 1827 2179; x_wconf 73' lang='lat' dir='ltr'><strong>necessita-</strong></span> 
     </span>
     <span class='ocr_line' id='line_1_85' title="bbox 1043 2200 1828 2241; baseline -0.003 -8"><span class='ocrx_word' id='word_1_565' title='bbox 1043 2205 1103 2233; x_wconf 75' lang='lat' dir='ltr'><strong>tem</strong></span> <span class='ocrx_word' id='word_1_566' title='bbox 1126 2200 1280 2241; x_wconf 72' lang='lat' dir='ltr'><strong>pacienti.</strong></span> <span class='ocrx_word' id='word_1_567' title='bbox 1307 2200 1414 2231; x_wconf 84' lang='lat' dir='ltr'><strong>Tertia</strong></span> <span class='ocrx_word' id='word_1_568' title='bbox 1432 2202 1480 2231; x_wconf 85' lang='lat' dir='ltr'><strong>est</strong></span> <span class='ocrx_word' id='word_1_569' title='bbox 1501 2209 1600 2240; x_wconf 84' lang='lat' dir='ltr'><strong>quam</strong></span> <span class='ocrx_word' id='word_1_570' title='bbox 1616 2201 1699 2241; x_wconf 85' lang='lat' dir='ltr'><strong>parit</strong></span> <span class='ocrx_word' id='word_1_571' title='bbox 1724 2201 1765 2240; x_wconf 76' lang='lat' dir='ltr'><strong>(d)</strong></span> <span class='ocrx_word' id='word_1_572' title='bbox 1784 2200 1828 2241; x_wconf 91' lang='lat' dir='ltr'><strong>pi-</strong></span> 
     </span>
     <span class='ocr_line' id='line_1_86' title="bbox 1043 2254 1828 2295; baseline 0 -10"><span class='ocrx_word' id='word_1_573' title='bbox 1043 2256 1153 2295; x_wconf 81' lang='lat' dir='ltr'><strong>gritia,</strong></span> <span class='ocrx_word' id='word_1_574' title='bbox 1170 2257 1201 2286; x_wconf 79' lang='grc'><strong>01</strong></span> <span class='ocrx_word' id='word_1_575' title='bbox 1218 2255 1288 2285; x_wconf 79' lang='lat' dir='ltr'><strong>haec</strong></span> <span class='ocrx_word' id='word_1_576' title='bbox 1310 2254 1405 2285; x_wconf 85' lang='lat' dir='ltr'><strong>estin</strong></span> <span class='ocrx_word' id='word_1_577' title='bbox 1426 2254 1621 2294; x_wconf 87' lang='lat' dir='ltr'><strong>pauperibus</strong></span> <span class='ocrx_word' id='word_1_578' title='bbox 1641 2254 1828 2285; x_wconf 87' lang='lat' dir='ltr'><strong>mendican-</strong></span> 
     </span>
     <span class='ocr_line' id='line_1_87' title="bbox 1044 2308 1827 2346; baseline 0 -7"><span class='ocrx_word' id='word_1_579' title='bbox 1044 2310 1129 2340; x_wconf 88' lang='lat' dir='ltr'><strong>tibus</strong></span> <span class='ocrx_word' id='word_1_580' title='bbox 1154 2309 1267 2340; x_wconf 85' lang='lat' dir='ltr'><strong>validis</strong></span> <span class='ocrx_word' id='word_1_581' title='bbox 1295 2310 1326 2339; x_wconf 81' lang='lat' dir='ltr'><strong>et</strong></span> <span class='ocrx_word' id='word_1_582' title='bbox 1350 2308 1479 2346; x_wconf 87' lang='lat' dir='ltr'><strong>otiosis,</strong></span> <span class='ocrx_word' id='word_1_583' title='bbox 1512 2308 1635 2339; x_wconf 89' lang='lat' dir='ltr'><strong>habens</strong></span> <span class='ocrx_word' id='word_1_584' title='bbox 1660 2317 1827 2339; x_wconf 81' lang='lat' dir='ltr'><strong>annexum</strong></span> 
     </span>
     <span class='ocr_line' id='line_1_88' title="bbox 1044 2361 1824 2400; baseline 0 -7"><span class='ocrx_word' id='word_1_585' title='bbox 1044 2373 1117 2394; x_wconf 86' lang='grc'><strong>011111</strong></span> <span class='ocrx_word' id='word_1_586' title='bbox 1133 2363 1275 2394; x_wconf 83' lang='lat' dir='ltr'><strong>cruciatu</strong></span> <span class='ocrx_word' id='word_1_587' title='bbox 1292 2362 1461 2400; x_wconf 85' lang='lat' dir='ltr'><strong>solatium,</strong></span> <span class='ocrx_word' id='word_1_588' title='bbox 1484 2361 1639 2393; x_wconf 80' lang='lat' dir='ltr'><strong>vitiosum</strong></span> <span class='ocrx_word' id='word_1_589' title='bbox 1654 2365 1760 2393; x_wconf 88' lang='lat' dir='ltr'><strong>tamen</strong></span> <span class='ocrx_word' id='word_1_590' title='bbox 1776 2363 1824 2392; x_wconf 83' lang='lat' dir='ltr'><strong>at-</strong></span> 
     </span>
     <span class='ocr_line' id='line_1_89' title="bbox 1043 2415 1826 2457; baseline -0.004 -9"><span class='ocrx_word' id='word_1_591' title='bbox 1043 2426 1105 2457; x_wconf 89' lang='lat' dir='ltr'><strong>que</strong></span> <span class='ocrx_word' id='word_1_592' title='bbox 1115 2416 1360 2457; x_wconf 82' lang='lat' dir='ltr'><strong>phantasticum.</strong></span> <span class='ocrx_word' id='word_1_593' title='bbox 1370 2415 1556 2447; x_wconf 86' lang='lat' dir='ltr'><strong>Studiosum</strong></span> <span class='ocrx_word' id='word_1_594' title='bbox 1569 2416 1654 2447; x_wconf 89' lang='lat' dir='ltr'><strong>enim</strong></span> <span class='ocrx_word' id='word_1_595' title='bbox 1666 2416 1826 2455; x_wconf 81' lang='lat' dir='ltr'><strong>refugien-</strong></span> 
     </span>
     <span class='ocr_line' id='line_1_90' title="bbox 1043 2469 1825 2510; baseline -0.005 -8"><span class='ocrx_word' id='word_1_596' title='bbox 1043 2474 1090 2502; x_wconf 86' lang='lat' dir='ltr'><strong>tes</strong></span> <span class='ocrx_word' id='word_1_597' title='bbox 1105 2471 1258 2508; x_wconf 75' lang='lat' dir='ltr'><strong>laborem,</strong></span> <span class='ocrx_word' id='word_1_598' title='bbox 1283 2472 1314 2500; x_wconf 81' lang='lat' dir='ltr'><strong>et</strong></span> <span class='ocrx_word' id='word_1_599' title='bbox 1335 2469 1469 2500; x_wconf 84' lang='lat' dir='ltr'><strong>otiosam</strong></span> <span class='ocrx_word' id='word_1_600' title='bbox 1485 2472 1667 2510; x_wconf 84' lang='lat' dir='ltr'><strong>appetentes</strong></span> <span class='ocrx_word' id='word_1_601' title='bbox 1682 2469 1825 2501; x_wconf 83' lang='lat' dir='ltr'><strong>vacatio-</strong></span> 
     </span>
     <span class='ocr_line' id='line_1_91' title="bbox 1043 2523 1823 2563; baseline -0.003 -7"><span class='ocrx_word' id='word_1_602' title='bbox 1043 2535 1129 2562; x_wconf 83' lang='lat' dir='ltr'><strong>nem,</strong></span> <span class='ocrx_word' id='word_1_603' title='bbox 1147 2526 1343 2555; x_wconf 84' lang='lat' dir='ltr'><strong>fructuosam</strong></span> <span class='ocrx_word' id='word_1_604' title='bbox 1362 2523 1502 2563; x_wconf 84' lang='lat' dir='ltr'><strong>quietem</strong></span> <span class='ocrx_word' id='word_1_605' title='bbox 1527 2524 1680 2563; x_wconf 88' lang='lat' dir='ltr'><strong>perdunt,</strong></span> <span class='ocrx_word' id='word_1_606' title='bbox 1706 2525 1737 2554; x_wconf 87' lang='lat' dir='ltr'><strong>et</strong></span> <span class='ocrx_word' id='word_1_607' title='bbox 1752 2532 1823 2563; x_wconf 88' lang='lat' dir='ltr'><strong>per-</strong></span> 
     </span>
     <span class='ocr_line' id='line_1_92' title="bbox 1043 2576 1824 2617; baseline -0.004 -7"><span class='ocrx_word' id='word_1_608' title='bbox 1043 2579 1196 2610; x_wconf 83' lang='lat' dir='ltr'><strong>niciosam</strong></span> <span class='ocrx_word' id='word_1_609' title='bbox 1211 2577 1432 2617; x_wconf 81' lang='lat' dir='ltr'><strong>fatigationem</strong></span> <span class='ocrx_word' id='word_1_610' title='bbox 1447 2576 1627 2615; x_wconf 88' lang='lat' dir='ltr'><strong>incurrunt,</strong></span> <span class='ocrx_word' id='word_1_611' title='bbox 1645 2576 1824 2607; x_wconf 85' lang='lat' dir='ltr'><strong>seeundum</strong></span> 
     </span>
    </p>
   </div>
   <div class='ocr_carea' id='block_1_5' title="bbox 1043 2658 1823 2727">
    <p class='ocr_par' dir='ltr' id='par_1_5' title="bbox 1043 2658 1823 2727">
     <span class='ocr_line' id='line_1_93' title="bbox 1075 2658 1823 2692; baseline -0.003 -8"><span class='ocrx_word' id='word_1_612' title='bbox 1075 2662 1107 2692; x_wconf 75' lang='lat' dir='ltr'><strong>(a)</strong></span> <span class='ocrx_word' id='word_1_613' title='bbox 1125 2661 1184 2684; x_wconf 65' lang='lat' dir='ltr'><strong>Ccel.</strong></span> <span class='ocrx_word' id='word_1_614' title='bbox 1199 2659 1258 2683; x_wconf 73' lang='lat' dir='ltr'><strong>edit.</strong></span> <span class='ocrx_word' id='word_1_615' title='bbox 1275 2659 1418 2689; x_wconf 79' lang='lat' dir='ltr'><strong>desperata.</strong></span> <span class='ocrx_word' id='word_1_616' title='bbox 1433 2671 1460 2676; x_wconf 84' lang='lat'><strong>—-</strong></span> <span class='ocrx_word' id='word_1_617' title='bbox 1477 2658 1508 2690; x_wconf 84' lang='lat' dir='ltr'><strong>(b)</strong></span> <span class='ocrx_word' id='word_1_618' title='bbox 1522 2659 1582 2683; x_wconf 80' lang='lat' dir='ltr'><strong>Item</strong></span> <span class='ocrx_word' id='word_1_619' title='bbox 1595 2658 1665 2689; x_wconf 83' lang='lat' dir='ltr'><strong>petit.</strong></span> <span class='ocrx_word' id='word_1_620' title='bbox 1677 2671 1707 2676; x_wconf 91' lang='lat'><em>-</em></span> <span class='ocrx_word' id='word_1_621' title='bbox 1720 2658 1750 2690; x_wconf 84' lang='lat' dir='ltr'><strong>(c)</strong></span> <span class='ocrx_word' id='word_1_622' title='bbox 1763 2659 1823 2684; x_wconf 74' lang='lat' dir='ltr'><strong>Item</strong></span> 
     </span>
     <span class='ocr_line' id='line_1_94' title="bbox 1043 2695 1432 2727; baseline -0.008 -6"><span class='ocrx_word' id='word_1_623' title='bbox 1043 2697 1166 2721; x_wconf 82' lang='lat' dir='ltr'><strong>Ncednm.</strong></span> <span class='ocrx_word' id='word_1_624' title='bbox 1180 2709 1210 2714; x_wconf 91' lang='lat'>—</span> <span class='ocrx_word' id='word_1_625' title='bbox 1227 2696 1264 2727; x_wconf 84' lang='lat' dir='ltr'><strong>(d)</strong></span> <span class='ocrx_word' id='word_1_626' title='bbox 1284 2696 1344 2720; x_wconf 79' lang='lat' dir='ltr'><strong>[tem</strong></span> <span class='ocrx_word' id='word_1_627' title='bbox 1359 2695 1432 2726; x_wconf 82' lang='lat' dir='ltr'><strong>petit.</strong></span> 
     </span>
    </p>
   </div>
  </div>
 </body>
</html>
