2060 3052
536 242 586 275 DE
607 240 802 275 PLURlBUS
826 240 882 273 SS.
905 239 1175 273 MARTYRIBUS.
1200 239 1334 272 SERMO
1355 239 1394 272 V.
1734 240 1772 270 57

152 314 231 343 enim
248 313 400 349 Dominus,
421 312 504 350 quod
525 310 696 348 passionem
718 309 781 346 ejus
795 310 934 346 poterant

151 361 259 390 imitari
266 371 274 397 ;
290 361 343 389 sed
361 361 418 389 hoe
440 359 520 394 dicit,
536 360 568 387 ut
589 358 654 394 ipso
676 358 887 393 interrogante,
907 358 935 385 et

151 409 222 446 ipsis
241 407 504 445 respondentibus,
530 405 689 434 audiamus
708 412 822 438 omnes,
848 404 933 441 quod

151 456 252 484 nullus
264 463 332 484 eum
342 454 454 483 Christo
470 461 593 489 regnare
608 454 714 489 potest,
730 452 787 480 nisi
802 452 855 489 qui
866 460 934 488 pas-

152 504 266 532 sionem
281 502 344 538 eJus
358 501 445 530 fuerit
456 500 595 529 imitatus.
607 511 620 526 »
633 499 702 535 Quis
714 508 850 536 unquam
862 500 935 528 ami-

152 558 256 579 corum
276 549 324 577 Dei
351 555 405 584 per
430 547 511 575 viam
540 546 752 575 consolationis
777 546 934 574 ascendit?

151 597 268 626 Judith¹
287 606 293 624 :
311 606 324 622 ι(
339 597 481 624 Memores
506 603 568 623 esse
590 594 753 629 debemus,
777 593 934 630 quomodo

151 644 300 673 Abraham
315 645 398 680 pater
411 644 511 670 noster
521 643 665 678 probatus
682 643 733 676 est,
751 642 778 669 et
791 649 844 677 per
860 641 936 669 mul-

152 694 194 720 tas
219 691 425 720 tribulationes
446 690 609 727 probatus,
634 689 747 718 amicus
770 689 820 716 Dei
842 689 935 717 sactus

151 740 194 768 est
210 749 217 768 :
233 739 274 767 sic
286 740 378 774 Isaac,
396 738 437 766 sic
452 738 554 772 Jacob,
565 748 578 763 ι)
599 739 653 765 etc.
670 738 746 772 Ergo
760 744 815 764 nos
830 744 935 772 pecca-

151 789 230 815 tores
243 787 301 815 alio
317 786 410 814 modo
423 785 600 814 intrabimus
610 786 624 812 ‘?

186 834 291 869 Tertio,
304 833 459 871 passiones
477 834 585 861 nostrae
603 840 665 860 non
682 833 750 860 sunt
766 832 934 867 condignae,

152 882 223 919 quia
237 883 305 910 sunt
314 881 496 918 permodicae
508 889 544 908 ex
555 881 637 917 parte
649 879 705 914 sui,
718 887 753 907 eo
769 879 853 916 quod
868 880 937 907 sunt

151 929 334 964 transitoriae,
357 928 520 965 affligentes
542 927 664 956 modico
689 928 833 963 tempore.
851 928 934 961 Nam,

151 977 226 1006 sicut
245 977 373 1005 habetur
398 976 428 1004 in
457 975 595 1011 Legenda
627 974 720 1002 sancti
745 974 869 1002 Andreae
890 975 900 990 ²
928 983 934 1001 :

155 1035 168 1051 «
182 1026 289 1054 Omnes
305 1024 384 1052 enim
400 1023 553 1060 passiones
566 1024 617 1050 aut
631 1023 699 1050 sunt
710 1021 802 1056 leves,
823 1023 850 1049 et
865 1029 936 1058 por-

153 1072 205 1100 tari
221 1073 358 1108 possunt,
382 1072 432 1099 aut
456 1078 578 1106 graves,
602 1071 630 1097 et
652 1069 707 1097 cito
729 1069 861 1097 animam
884 1069 936 1104 eji-

152 1120 241 1148 ciunt.
262 1130 276 1145 »
291 1120 402 1153 Quare,
426 1118 450 1146 si
474 1126 570 1154 poenae
589 1118 656 1145 sunt
678 1116 855 1151 tremendae,
879 1116 936 1144 illae

153 1167 254 1203 utique
278 1168 345 1194 sun-t
369 1165 583 1200 formidandae,
608 1173 674 1200 quae
698 1166 765 1191 sunt
784 1163 936 1192 durabiles

152 1215 214 1242 sine
228 1214 296 1242 fine.
318 1216 365 1251 Hae
391 1215 491 1241 autem
514 1221 610 1249 poenae
633 1214 701 1240 sunt
721 1220 839 1248 parvae,
866 1212 937 1248 quia

152 1261 345 1296 transitoriae,
373 1263 402 1288 et
426 1261 465 1288 ad
491 1262 678 1288 momentum
702 1259 864 1288 durabiles.
887 1260 937 1287 Sa-

149 1311 259 1346 pientia
275 1310 285 1327 3
300 1318 306 1337 ;
326 1319 339 1335 «
355 1308 382 1337 Si
398 1317 500 1337 coram
512 1307 685 1336 hominibus
701 1309 848 1335 tormenta
857 1308 937 1343 passi

153 1359 230 1391 sunt,
244 1365 310 1393 spes
331 1365 436 1384 eorum
459 1355 680 1383 immortalitate
701 1355 790 1390 plena
807 1356 858 1382 est.
875 1365 888 1381 »
907 1356 939 1382 Et

154 1404 238 1432 addit
254 1413 260 1431 ε
286 1413 298 1429 κ
313 1405 344 1431 ln
358 1403 461 1439 paucis
477 1402 585 1437 vexati,
601 1402 632 1429 in
652 1402 751 1429 multis
766 1410 837 1430 vero
860 1401 936 1430 bene

156 1451 359 1487 disponentur.
377 1461 389 1476 ι)
405 1451 415 1467 '0
432 1460 445 1476 «
462 1450 493 1478 ld
508 1450 590 1486 quod
608 1449 638 1476 in
659 1449 795 1485 praesenti
817 1451 860 1477 est
874 1458 938 1477 mo-

155 1500 356 1532 mentaneum,
373 1499 401 1525 et
416 1497 481 1525 leve
503 1496 700 1525 tribulationis
715 1499 832 1528 nostrae,
849 1508 862 1521 υ
881 1499 934 1524 etc.

154 1546 185 1572 ln
201 1553 262 1581 quo
277 1545 369 1572 verbo
386 1544 524 1579 ostendit,
542 1544 625 1580 quod
640 1552 736 1580 poenae
751 1546 858 1572 nostrae
871 1546 938 1572 sunt

154 1591 470 1620 incommensurabiles
491 1591 593 1626 gloriae
615 1600 621 1618 :
654 1593 717 1618 tum
745 1591 816 1627 quia
841 1591 937 1626 leves,

154 1641 216 1667 tum
231 1639 302 1675 quia
317 1639 433 1673 breves,
451 1640 512 1666 tum
528 1638 599 1674 quia
610 1637 758 1674 partiales.
773 1638 829 1666 Sed
841 1638 937 1674 gloria

153 1686 214 1714 haec
231 1687 273 1714 est
295 1693 420 1721 magna,
445 1685 516 1721 quia
541 1686 660 1719 aeterna,
687 1687 714 1712 et
733 1684 890 1713 immensa.
907 1687 937 1713 Et

151 1733 209 1761 hoc
227 1734 284 1767 est,
305 1733 389 1769 quod
413 1732 520 1760 dicitur
540 1740 558 1760 a
576 1734 658 1760 Petro
685 1733 694 1748 ⁵
722 1741 727 1759 :
755 1742 768 1757 «
788 1732 936 1760 Modicum

153 1782 268 1817 oportet
282 1788 361 1807 nunc
377 1779 542 1807 contristari
561 1779 591 1806 in
606 1778 693 1807 variis
713 1779 935 1814 tentationibus,

151 1829 183 1855 ut
206 1827 344 1863 probatio
373 1826 443 1854 fidei
473 1828 574 1854 vestrae
603 1827 697 1854 multo
722 1826 879 1862 pretiosior
901 1827 937 1855 sit

152 1882 237 1909 auro,
259 1874 343 1910 quod
366 1882 418 1910 per
440 1874 540 1909 ignem
558 1874 713 1909 probatur.
736 1884 749 1900 »
767 1874 848 1901 Unde
865 1873 936 1901 dici-

153 1922 199 1948 tur
214 1921 320 1949 animae
336 1921 450 1948 afflictae
464 1922 474 1938 ⁶
489 1931 494 1948 2
514 1931 527 1946 α
544 1921 587 1949 Ad
608 1923 752 1957 punctum
770 1923 797 1949 et
821 1921 851 1948 in
869 1929 934 1949 mo-

152 1968 219 1996 dico
237 1968 382 2004 dereliqui
402 1970 439 2002 te,
460 1970 486 1995 et
510 1968 540 1995 in
556 1968 796 1995 miserationibus
812 1976 935 2003 congre-

152 2015 231 2050 gabo
247 2016 274 2042 te
292 2024 298 2043 :
319 2015 349 2042 in
374 2015 527 2043 momento
551 2015 764 2050 indignationis
790 2015 934 2043 abscondi

150 2062 256 2090 faciem
269 2071 367 2090 meam
379 2070 542 2098 parumper
557 2071 574 2090 a
588 2064 626 2097 te,
643 2064 670 2090 et
682 2062 711 2090 in
729 2063 935 2091 misericordia

151 2110 329 2146 sempiterna
353 2110 489 2137 misertus
513 2119 578 2138 sum
602 2110 653 2138 tui.
675 2120 687 2137 ι)
707 2111 883 2147 Exemplum
898 2111 934 2139 de

151 2159 179 2184 B.
201 2157 364 2191 Anastasio,
386 2165 477 2193 quem
501 2166 568 2184 cum
590 2157 701 2185 vellent
718 2166 785 2185 cum
808 2158 934 2186 restibus

151 2204 306 2239 suffocare,
324 2204 373 2232 ille
395 2204 586 2232 considerans
602 2213 722 2241 paenam
745 2208 805 2233 tam
825 2206 933 2241 levem,

151 2253 177 2278 et
196 2252 257 2279 tam
270 2251 409 2279 velociter
425 2253 636 2286 transeuntem,
651 2252 691 2280 ait
705 2253 744 2280 ad
760 2252 912 2280 carnifices
926 2262 931 2280 :

154 2300 242 2333 «Ego
264 2306 319 2334 pro
342 2298 446 2326 Christi
470 2307 571 2326 amore
595 2307 612 2327 a
634 2299 720 2327 vobis
743 2300 934 2328 membratim

152 2345 269 2373 concidi
284 2347 467 2381 optaveram.
480 2347 700 2380 Verumtamen,
711 2347 733 2373 si
746 2347 931 2382 hujusmodi,

151 2400 241 2428 quem
266 2400 319 2419 vos
348 2392 519 2426 minamini,
551 2393 648 2420 obitus
674 2402 722 2421 me
748 2395 933 2427 commanet,

150 2439 259 2474 gratias
275 2440 332 2466 Deo
349 2447 417 2466 meo
434 2439 623 2467 inexhaustas
643 2440 770 2476 replico,
787 2441 871 2477 quod
886 2449 933 2468 me

151 2494 274 2514 suorum
292 2487 452 2522 Martyrum
475 2486 649 2522 participem
671 2488 772 2521 gloriae
796 2488 934 2524 (lignatus

151 2533 296 2561 estfacere
309 2535 368 2561 tam
381 2541 473 2569 parvo
486 2533 667 2569 supplicio.»
682 2537 713 2562 Et
724 2535 813 2563 beata
821 2537 934 2571 Agatha

151 2580 269 2608 dicebat
285 2589 291 2608 ε
312 2591 325 2604 «
339 2581 416 2609 Sicut
431 2580 612 2608 frumentum
628 2589 688 2609 non
703 2585 798 2618 potest
815 2584 887 2619 poni
903 2584 934 2612 in

186 2657 192 2671 ¹
212 2655 308 2686 chclz'tlt,
333 2661 395 2684 vni,
416 2658 495 2680 22-255.
517 2669 546 2674 —-
566 2658 575 2672 Ξ
595 2657 697 2687 surius,
719 2658 759 2682 die
776 2659 804 2682 :³0
826 2666 888 2683 now
904 2673 934 2677 --

155 2690 241 2721 ³Sap.,
256 2697 299 2721 ιιι,
313 2692 335 2722 4,
350 2693 372 2715 5.
388 2705 418 2709 —-
430 2692 471 2715 ⁵11
491 2692 710 2721 C0›·.,1v,17.—
729 2694 854 2723 ⁵1Petr·.‚
874 2701 891 2724 1,
910 2696 933 2718 7.

153 2739 182 2743 --
203 2726 211 2739 ’ἶ
232 2727 292 2758 Isca,
310 2733 360 2756 Lm,
383 2729 447 2752 8-10.
463 2741 494 2746 —
517 2729 526 2744 ⁷
548 2729 553 2751 t
577 2729 644 2759 Cor.⁷
670 2735 712 2760 111,
729 2731 751 2754 8.
773 2743 804 2748 --
824 2732 832 2744 ⁸
849 2731 933 2762 Dect„

988 309 1141 343 horreum,
1155 308 1211 336 nisi
1231 309 1294 344 eJ'us
1308 308 1395 336 theca
1416 306 1504 335 fuerit
1521 306 1634 335 fortiter
1654 305 1775 335 concul-

990 357 1054 385 cata
1077 356 1108 384 in
1132 356 1243 392 paleis3
1272 355 1313 383 sic
1342 354 1399 382 nisi
1427 362 1481 391 per
1501 353 1636 382 miserias
1666 361 1775 390 corpus

989 411 1091 431 meum
1117 403 1229 432 fortiter
1255 411 1273 431 a
1297 401 1487 431 carnificibus
1511 402 1689 436 attrectetur,
1712 409 1774 429 non

988 452 1085 487 potest
1100 450 1200 478 anima
1215 458 1283 478 mea
1292 449 1323 478 in
1333 457 1460 485 regnum
1471 449 1580 476 intrare
1592 456 1662 476 cum
1671 448 1775 485 palma

989 498 1133 535 martyrii.
1151 508 1164 524 »
1183 500 1212 526 Β.
1235 497 1365 533 Ignatius
1381 495 1571 524 desiderabat
1591 503 1653 524 non
1676 495 1774 523 solnm

989 545 1090 574 bestiis
1105 545 1143 573 ad
1163 545 1373 573 devorandum
1386 544 1464 572 tradi
1472 554 1480 580 3
1502 543 1555 572 sed
1571 551 1691 572 carnem
1706 551 1775 580 pec-

991 594 1101 622 tinibus
1112 593 1212 621 t'erreis
1226 592 1363 628 discerpi,
1380 594 1475 620 costas
1489 591 1597 621 nudari
1613 594 1641 620 et
1654 592 1731 626 radi,
1747 593 1776 620 et

991 641 1092 670 omnia
1108 649 1174 669 ossa
1191 639 1355 668 comminui
1375 649 1380 667 :
1397 642 1510 668 tantum
1524 641 1556 667 ut
1571 639 1717 668 Christum
1730 639 1775 667 his

990 688 1143 725 suppliciis
1158 689 1257 724 posset
1273 680 1407 723 adipisci.
1433 687 1549 715 Sciebat
1568 687 1648 714 enim
1669 695 1776 716 verum

991 744 1065 770 esse,
1081 735 1165 772 quod
1181 737 1210 763 Β.
1235 735 1367 763 Andreas
1391 734 1421 761 in
1441 742 1495 761 sua
1515 734 1654 770 passione
1666 736 1776 770 -protu-

990 784 1065 811 lerat
1080 783 1181 811 dicens
1196 793 1204 810 .-
1224 792 1238 809 a
1259 783 1350 810 Tanto
1367 780 1438 816 Regi
1453 789 1520 808 meo
1545 789 1596 808 ero
1615 781 1774 818 acceptior,

992 833 1103 868 quanto
1119 838 1174 867 pro
1188 831 1254 866 ejus
1270 836 1371 857 amore
1382 828 1467 856 fuero
1483 836 1662 864 permanens
1677 828 1776 857 intor-

991 878 1098 906 mentis
1113 877 1274 906 confessor.
1289 886 1302 902 »
1316 876 1361 905 Sic
1371 875 1452 904 enim
1465 877 1540 903 Deus
1551 877 1594 903 est
1607 876 1776 912 promptior

991 926 1031 954 ad
1047 925 1262 959 miserandum,
1280 932 1371 960 quam
1386 923 1426 951 ad
1450 923 1726 951 condemnandum.
1744 925 1777 951 Et

988 973 1072 1008 juxta
1092 972 1268 1009 Apostolum
1282 972 1303 1006 ⁷,
1328 981 1341 996 ι(
1361 971 1567 1007 unusquisque
1584 971 1669 1006 juxta
1691 970 1777 999 labo-

991 1029 1055 1048 rem
1070 1028 1158 1048 suum
1178 1022 1220 1047 est
1239 1018 1409 1047 mercedem
1432 1020 1615 1054 recepturus.
1633 1027 1646 1044 n
1670 1018 1749 1046 SIcut
1767 1019 1777 1035 ⁸

995 1077 1007 1095 (ι
1027 1068 1111 1104 juxta
1134 1075 1305 1095 mensuram
1330 1066 1441 1102 peccati
1465 1067 1508 1093 est
1533 1065 1692 1101 plagarum
1711 1074 1776 1094 mo-

993 1116 1062 1148 dus,
1079 1125 1093 1142 ›>
1108 1115 1149 1143 sic
1165 1115 1259 1142 multo
1278 1114 1392 1148 fortius,
1409 1115 1521 1150 quanto
1533 1113 1620 1141 labor
1637 1112 1668 1140 in
1682 1113 1778 1149 poenis

992 1164 1098 1199 major,
1111 1164 1192 1190 tanto
1204 1164 1231 1190 et
1245 1169 1357 1189 merces
1370 1160 1538 1188 sublimior.
1560 1160 1604 1188 Ad
1621 1160 1698 1188 hanc
1713 1160 1778 1196 glo-

992 1211 1102 1239 riosam
1114 1210 1282 1239 mercedem
1298 1210 1442 1246 perducat
1452 1217 1507 1237 nos
1519 1211 1604 1244 Deus,
1620 1210 1675 1237 etc.

1280 1289 1409 1319 sERMO
1432 1290 1459 1318 V
1471 1292 1493 1319 ⁹.

1028 1354 1101 1380 Justz‘
1123 1354 1212 1380 <tutem
1236 1354 1265 1379 in
1285 1354 1445 1388 perpetuum
1466 1353 1557 1379 vivent
1573 1352 1605 1379 ¹⁰.
1629 1353 1777 1386 Quantum

993 1401 1109 1429 bonum
1132 1400 1169 1427 sit
1194 1400 1262 1434 vita,
1284 1399 1351 1436 quis
1372 1400 1519 1435 exprimat
1541 1399 1644 1434 lingua
1659 1401 1777 1427 carnis‘?

993 1450 1066 1476 Nam
1092 1448 1151 1476 vita
1171 1450 1214 1475 est
1239 1449 1354 1475 tantum
1378 1447 1511 1479 bonum,
1536 1446 1619 1482 quod
1642 1447 1778 1482 quamvis

994 1495 1103 1523 coelum
1127 1496 1162 1523 sit
1186 1503 1294 1531 corpus
1317 1494 1550 1528 nobilissimum,
1567 1502 1602 1521 ex
1625 1494 1692 1522 luce
1717 1494 1778 1522 for-

993 1545 1118 1576 matum,
1129 1543 1186 1570 situ
1201 1542 1389 1576 altissimum,
1401 1544 1429 1570 et
1442 1541 1596 1569 influentia
1611 1542 1778 1570 maximum

996 1589 1078 1626 (quia
1095 1589 1192 1617 omnis
1208 1589 1408 1625 generationis
1423 1588 1558 1625 quodam
1568 1589 1661 1616 modo
1676 1597 1776 1623 causa,

994 1639 1021 1664 et
1036 1636 1216 1672 principium
1227 1637 1295 1672 est);
1313 1637 1413 1663 tamen
1430 1644 1465 1663 eo
1481 1637 1524 1663 est
1538 1636 1670 1663 nobilius
1683 1636 1778 1672 quod-

993 1692 1122 1719 cumque
1138 1683 1239 1711 vivum
1250 1704 1258 1717 ,
1274 1683 1304 1710 in
1320 1685 1466 1719 quantum
1487 1683 1599 1710 vivum.
1617 1683 1697 1711 Unde
1718 1685 1778 1711 tam

992 1733 1190 1769 Philosophus
1206 1732 1238 1768 ¹¹,
1256 1741 1348 1769 quam
1365 1732 1470 1760 doctor
1496 1732 1622 1760 eximius
1642 1733 1778 1768 Augusti-

992 1789 1048 1808 nus
1063 1780 1094 1815 12,
1111 1780 1142 1808 in
1156 1780 1212 1808 hac
1227 1780 1371 1808 sententia
1386 1779 1450 1816 pari
1466 1782 1563 1808 mente
1579 1780 1777 1815 concordant,

993 1828 1076 1864 quod
1096 1827 1192 1855 omnis
1208 1827 1373 1855 substantia
1388 1826 1492 1855 vivens
1514 1829 1557 1855 est
1578 1827 1736 1856 sublimior
1751 1831 1778 1856 et

992 1875 1125 1902 nobilior
1149 1874 1231 1902 omni
1259 1874 1422 1902 substantia
1450 1882 1511 1902 non
1542 1874 1670 1902 vivente.
1705 1877 1777 1903 Nam

992 1922 1057 1950 vitae
1072 1922 1213 1949 nobilitas
1231 1929 1266 1948 ex
1290 1921 1356 1957 ipso
1379 1921 1510 1957 appetitu
1532 1922 1644 1949 naturas
1669 1922 1778 1957 proba-

992 1972 1039 1997 tur
1057 1979 1062 1996 :
1087 1977 1155 1996 cum
1179 1968 1281 1996 omnia
1303 1969 1444 2003 viventia,
1463 1971 1495 1996 ut
1514 1977 1691 1996 conservare
1710 1977 1778 2005 pos-

992 2016 1049 2043 sint
1064 2016 1172 2049 vitam,
1192 2016 1293 2043 omnia
1316 2016 1465 2051 refugiunt
1486 2015 1553 2043 vitae
1575 2016 1733 2050 contraria,
1750 2019 1778 2045 et

992 2065 1134 2100 appetunt
1149 2063 1214 2090 vitae
1232 2063 1447 2098 conservativa,
1469 2063 1544 2090 sicut
1564 2066 1664 2099 patere
1684 2065 1778 2099 potest

991 2111 1030 2139 ad
1046 2118 1166 2138 sensum
1189 2110 1364 2138 discurrenti
1381 2118 1434 2146 per
1453 2110 1578 2146 singula.
1602 2110 1681 2138 Unde
1697 2111 1777 2138 enim

991 2159 1070 2186 tanta
1099 2166 1169 2185 cura
1190 2157 1345 2185 humana?
1367 2158 1406 2185 ad
1432 2157 1503 2193 quid
1526 2159 1567 2185 tot
1593 2157 1776 2186 cibariorum

992 2206 1118 2241 genera?
1148 2205 1186 2232 ad
1211 2204 1283 2240 quid
1306 2205 1376 2232 vina
1400 2206 1459 2232 tam
1481 2204 1616 2240 optima?
1641 2205 1680 2232 ad
1701 2205 1775 2241 quid

991 2253 1120 2288 plurima
1153 2251 1325 2279 vestimenta
1339 2252 1352 2278 ἶ)
1389 2252 1425 2279 ad
1467 2251 1540 2287 quid
1569 2254 1611 2279 tot
1643 2252 1775 2280 medica-

992 2302 1161 2327 mentorum
1186 2307 1313 2333 genera,
1338 2298 1394 2326 nisi
1418 2301 1450 2326 ut
1479 2299 1648 2327 conservari
1678 2299 1776 2327 valeat

992 2347 1071 2374 vita?
1093 2347 1232 2381 Magnum
1255 2346 1371 2373 bonum
1395 2348 1437 2373 est
1459 2346 1536 2380 vita,
1556 2354 1610 2382 pro
1633 2355 1694 2382 qua
1714 2355 1775 2374 ser-

991 2394 1100 2427 vanda,
1118 2395 1197 2421 tanta
1213 2401 1283 2421 cura
1300 2396 1342 2420 est
1356 2395 1478 2421 natnrae.
1502 2395 1534 2420 Et
1550 2394 1573 2420 si
1590 2396 1649 2421 tam
1664 2394 1775 2421 nobilis

992 2443 1034 2469 est
1059 2441 1119 2469 vita
1142 2441 1217 2472 ima,
1246 2449 1337 2476 quam
1359 2440 1468 2468 nobilis
1490 2443 1531 2468 est
1552 2441 1611 2468 vita
1636 2443 1774 2469 summa?

991 2488 1047 2516 Sed
1062 2488 1085 2515 si
1101 2488 1142 2515 sic
1158 2490 1273 2515 amatur
1296 2488 1357 2515 vita
1377 2488 1501 2515 miseriis
1518 2488 1615 2523 plena,
1637 2488 1711 2524 quid
1732 2490 1775 2516 est

991 2536 1051 2563 vita
1067 2535 1169 2563 omnia
1184 2535 1337 2563 continens
1352 2535 1383 2562 in
1399 2543 1428 2563 se
1444 2535 1536 2569 bona,
1552 2537 1579 2562 et
1595 2535 1678 2563 nulla
1693 2536 1774 2571 peni-

991 2585 1036 2610 tus
1051 2582 1153 2611 mala?
1168 2583 1195 2610 Si
1212 2584 1254 2610 est
1270 2583 1310 2610 sic
1330 2583 1389 2610 vita
1408 2584 1536 2616 terrena,
1555 2591 1621 2618 quae
1634 2582 1691 2611 cito
1708 2583 1774 2610 des-

992 2664 1052 2687 Ην,
1073 2659 1095 2681 2.
1114 2671 1139 2674 -—
1164 2658 1172 2672 ⁹
1190 2658 1262 2681 Hunc
1285 2657 1363 2681 habet
1382 2657 1441 2681 edit.
1463 2658 1578 2688 Hageno.
1597 2664 1639 2681 au.
1658 2659 1727 2682 1496.
1743 2650 1783 2676 —V

992 2696 1011 2711 ¹⁰
1028 2695 1099 2725 Sap,
1122 2700 1145 2724 V,
1169 2695 1204 2717 16.
1222 2707 1250 2711 -—-
1269 2694 1285 2710 ¹¹
1305 2693 1379 2717 Arist.
1400 2706 1429 2711 -
1450 2693 1470 2709 ¹²
1484 2694 1559 2723 Aug.‚
1575 2693 1604 2717 (le
1624 2693 1676 2717 Lib.
1699 2693 1770 2723 Arb„

992 2730 1034 2754 lib.
1054 2731 1085 2759 11,
1101 2737 1122 2753 e.
1140 2736 1179 2760 ιιι,
1195 2736 1221 2753 n.
1236 2731 1258 2760 7,
1276 2731 1300 2753 ct
1317 2729 1346 2753 <le
1361 2729 1436 2753 Cz‘vz't.
1454 2730 1506 2757 Dei,
1523 2729 1566 2753 lib.
1584 2730 1637 2760 Vll,
1654 2736 1675 2753 c.
1693 2735 1731 2755 ιιῐ.
