2029 3052
592 229 633 263 IN
655 226 846 262 REGULAM
867 225 1061 259 FRATRUM
1081 226 1278 260 MINORUM.

133 303 165 334 et
176 300 263 342 apud
277 299 489 338 Bernardum‚
505 298 644 330 secundo
659 297 699 330 de
716 295 910 329 considera-

133 355 241 394 tione,¹
255 366 263 386 :
285 365 299 384 (ι
313 353 377 386 Nec
390 355 437 386 est
451 354 539 385 locus
554 353 630 391 otio,
646 351 703 384 ubi
718 349 828 383 sedula
854 357 909 380 ur-

134 410 189 449 get
203 408 384 440 sollicitudo
405 407 553 439 omnium
580 405 803 438 Ecclesiarum.
830 402 911 434 Nam

135 463 211 504 quid
226 462 282 494 tibi
294 462 414 494 dimisit
429 462 461 494 S.
478 461 613 493 Petrus?
631 459 724 500 Quod
738 458 846 497 habeo,
864 458 910 488 in-

137 516 207 557 quit
216 517 240 555 ⁸,
258 515 321 549 tibi
341 515 394 549 do.
420 515 500 554 Quid
515 517 561 547 est
575 514 679 546 illud?
693 513 800 545 Unum
816 511 882 543 scio
901 522 908 542 :

136 579 242 610 neque
257 579 386 609 aurum,
409 578 513 610 neque
535 570 722 609 argentum,
747 575 821 598 cum
845 566 913 606 ipse

136 623 217 655 dicat
235 634 242 654 z
260 624 439 664 Arqentum
451 625 480 656 et
494 631 623 661 aurum,
639 623 698 653 etc.
716 621 790 652 Esto
805 619 912 651 utalia

139 686 344 718 quacumque
367 678 489 709 ratione
511 677 573 709 hoc
595 675 654 707 tibi
668 675 828 713 vendices,
856 673 911 705 sed

137 740 204 762 non
216 732 387 772 apostolico
398 733 484 772 jure·,
499 740 558 762 nec
571 730 630 762 tibi
645 730 731 768 dare,
749 727 834 769 quod
848 735 913 758 non

138 785 262 824 habuit,
278 786 395 826 potuit.
410 796 424 814 »³
444 785 520 816 Haec
530 784 726 816 Bernardus.

179 838 228 870 Ad
241 839 372 870 tertium
386 839 567 877 dicendum,
584 837 670 878 quod
686 835 810 877 praelati
825 835 864 866 ad
879 834 915 865 il-

137 892 203 924 lam
215 892 315 924 vitam
329 901 396 924 non
410 893 571 930 tenentur,
594 891 670 931 quia
693 889 912 921 indifferenter

137 945 288 977 omnibus
303 946 493 987 proponitur
502 955 574 977 eam
585 944 767 976 volentibus
781 942 912 974 imitari.

139 998 228 1031 Unde
245 999 477 1041 Hieronymus³
494 1011 500 1031 :
525 1011 539 1029 (ι
564 999 618 1032 Vis
632 998 772 1040 perfecta
786 1007 865 1036 esse,
883 998 915 1028 et

139 1053 174 1084 in
188 1054 293 1095 primo
315 1056 399 1086 stare
419 1054 547 1094 fastigio
564 1053 741 1094 dignitatis,
768 1053 816 1084 sac
830 1051 916 1093 quod

139 1107 282 1140 fecerunt
309 1109 463 1150 Apostoli.
488 1108 595 1141 Vende
621 1108 732 1139 omnia
754 1116 828 1148 quae
857 1106 918 1138 ha-

139 1161 206 1201 bes,
223 1173 237 1191 n
255 1164 315 1194 etc.

180 1215 229 1247 Ad
244 1218 396 1256 quartum
409 1217 596 1256 dicendum,
613 1216 699 1257 quod
713 1216 774 1247 ista
789 1216 916 1256 aposto-

141 1269 202 1301 lica
216 1271 367 1311 perfectio
382 1280 450 1302 non
464 1272 510 1302 est
525 1270 631 1302 solum
655 1271 688 1301 in
711 1270 836 1307 itinere,
863 1268 918 1300 sed

141 1323 229 1355 domi
246 1324 342 1355 etiam
358 1325 568 1363 observanda,
585 1326 621 1355 ut
642 1323 769 1355 nullum
794 1323 920 1363 deposi-

141 1379 214 1410 tum
231 1378 376 1419 pecuniae
391 1379 546 1410 habeatur
561 1379 602 1410 ab
616 1379 668 1409 his
684 1378 741 1419 qui
754 1377 918 1418 perfectio-

142 1432 193 1463 nis
203 1432 354 1472 regulam
365 1432 545 1464 imitantur.
562 1432 650 1464 Unde
661 1432 919 1472 Chrysostomus,

143 1494 239 1526 super
254 1486 415 1526 Mattltoeo,
431 1487 564 1518 homilia
577 1495 692 1525 xxxni,
709 1486 743 1517 in
754 1487 817 1517 fine
827 1494 922 1526 expo·

144 1540 269 1572 sitionis
299 1541 458 1579 litteralis,
482 1541 520 1573 de
543 1550 610 1573 non
635 1540 837 1582 possidendo,
864 1542 921 1571 aut

144 1595 300 1635 portando
316 1605 434 1627 aurum
444 1620 452 1635 ,
467 1595 519 1627 vel
539 1597 727 1636 argentum,
743 1595 818 1626 dicit
832 1595 877 1625 sic
887 1595 897 1611 ⁶
912 1605 918 1625 :

150 1659 164 1678 a
179 1648 213 1680 Si
227 1649 261 1679 in
274 1649 378 1680 aliena
400 1649 503 1690 patria
525 1649 709 1688 existentes,
732 1649 772 1680 ad
792 1649 922 1688 ignotos

145 1701 310 1741 abeuntes,
327 1703 407 1733 nihil
427 1703 567 1743 amplius
581 1705 705 1744 oportet
720 1705 827 1744 petere
841 1712 920 1743 quo-

144 1756 265 1788 tidiano
280 1757 362 1796 cibo,
379 1757 482 1789 multo
496 1758 601 1798 magis
615 1758 702 1789 domi
722 1759 915 1789 manentes.»

146 1809 225 1841 Item
248 1819 345 1850 super
366 1811 484 1842 illud⁵x
501 1812 597 1846 Nunc
619 1813 676 1852 qui
694 1812 787 1844 habet
809 1819 923 1844 saccu-

146 1864 223 1903 lum,
251 1864 325 1895 dicit
353 1864 482 1896 Glossa:
514 1877 528 1895 «
558 1865 594 1896 In
623 1866 683 1896 hoc
709 1865 801 1896 nobis
829 1866 923 1896 datur

147 1917 344 1958 exemplum,
355 1920 468 1949 utnon
476 1928 656 1959 nunquam,
666 1928 761 1950 causa
770 1919 921 1957 instante,

147 1971 297 2012 quaedam
324 1971 363 2002 de
396 1972 496 2003 nostri
528 1973 681 2013 propositi
709 1973 819 2012 rigore
856 1973 925 2004 sine

147 2026 405 2067 culpapossimus
415 2027 635 2058 intermittere.
646 2025 742 2058 Verbi
753 2026 858 2066 gratia
870 2037 877 2057 ι
892 2026 926 2058 Si

149 2089 205 2120 per
219 2080 427 2120 inhospitales
438 2080 589 2120 regiones
603 2081 663 2112 iter
675 2081 815 2120 agimus,
832 2080 926 2121 plura

148 2134 255 2166 viatici
267 2143 362 2165 causa
375 2134 447 2165 licet
457 2135 588 2174 portari,
601 2144 698 2174 quam
711 2135 798 2166 domi
812 2135 926 2166 habea-

150 2197 234 2219 mus.
243 2199 257 2217 »
268 2187 459 2228 Etexpresse
469 2189 503 2219 in
511 2188 686 2228 Evangelio
698 2191 805 2230 aperte
814 2189 926 2229 prohi-

149 2242 203 2273 bet
215 2241 374 2282 Apostolis
388 2242 549 2282 possidere
558 2243 728 2283 pecuniam
739 2245 770 2274 et
782 2244 926 2284 portare,

150 2298 187 2327 ut
202 2298 287 2336 patet
300 2305 341 2327 ex
355 2295 551 2337 Hieronymo
566 2304 662 2338 super
678 2296 929 2330 Matthoeumibi-

151 2349 236 2387 dem,
253 2351 284 2380 et
297 2349 448 2381 Rabano:
466 2362 481 2379 «
494 2350 568 2382 Haec
584 2351 642 2382 fuit
656 2353 825 2392 paupertas
840 2359 930 2391 apos-

152 2404 245 2434 tolica
259 2405 332 2434 ante
347 2404 537 2444 passionem,
551 2407 581 2435 et
595 2407 666 2445 post
680 2405 718 2436 ad
733 2407 871 2445 tempus,
883 2407 930 2436 ta-

154 2467 231 2489 men
243 2457 348 2489 medio
357 2460 499 2498 tempore
510 2459 677 2499 paululum
692 2459 928 2500 dispensatione

156 2511 282 2543 Domini
301 2512 490 2552 interrupta.
506 2524 520 2542 »
549 2513 612 2545 Nec
625 2516 733 2545 tamen
754 2523 876 2553 omnes,
894 2516 930 2545 ut

158 2565 277 2597 dictum
288 2568 345 2605 est,
357 2566 397 2597 ad
406 2566 467 2597 hoc
480 2568 638 2599 tenentur.
656 2567 695 2598 Et
707 2567 785 2599 illud
795 2568 930 2600 verbum

158 2619 345 2660 Augustini,
361 2621 522 2661 loquentis
536 2621 574 2653 de
588 2622 754 2654 communi
768 2625 854 2654 statu
866 2632 934 2654 om-

193 2702 198 2718 ¹
218 2702 302 2732 Rern,
318 2702 348 2726 de
364 2703 503 2734 Consz'dezn,
514 2704 558 2728 lib.
576 2705 606 2736 ll,
619 2712 641 2730 c.
658 2711 694 2736 vl,
710 2712 736 2730 n.
755 2709 791 2730 10.
805 2719 834 2724 —
849 2707 934 2735 ²Act.,

161 2743 206 2768 ιιι,
223 2739 246 2762 6.
264 2751 294 2756 -
311 2738 321 2755 ³
341 2739 457 2771 Hieron„
476 2740 510 2764 acl
525 2741 624 2772 Hedib.,
644 2742 715 2773 epist.
733 2748 777 2773 eL,
794 2750 817 2774 q.
842 2746 867 2773 1,
884 2744 934 2768 col.

1685 232 1743 262 579

966 294 1068 334 nium,
1084 295 1336 336 praecedentibus
1351 305 1416 327 non
1431 299 1601 337 repugnat.
1619 297 1679 329 Sed
1698 297 1741 329 is-

966 351 1036 380 tum
1060 350 1185 390 regulae
1209 350 1382 382 articulum
1404 350 1518 382 fratres
1542 351 1744 391 praevaricari

966 403 1130 442 videntur,
1147 404 1227 435 dum
1254 404 1413 445 recipiunt
1427 404 1482 435 alii
1508 414 1663 446 pauperes
1684 405 1745 436 sibi

956 457 1117 497 ‘pecunias
1141 460 1301 498 erogatas.
1329 458 1362 490 Si
1377 459 1463 490 enim
1479 458 1532 490 ille
1552 459 1628 490 facit
1651 460 1746 499 cujus

967 511 1155 543 auctoritate
1180 513 1226 550 fit,
1252 512 1396 553 ipsorum
1426 514 1535 544 autem
1560 513 1747 545 auctoritate

968 574 1026 605 pro
1036 565 1127 596 libitu
1144 575 1257 597 eorum
1281 567 1347 597 suis
1371 566 1580 598 familiaribus
1603 567 1748 607 pecuniae

968 619 1088 660 pluries
1117 620 1384 652 commendantur
1396 645 1406 659 ,
1438 621 1630 662 aliquotiens
1657 624 1749 653 extra

969 673 1089 704 domini
1106 675 1303 713 potestatem,
1332 683 1412 714 ergo
1429 674 1489 715 ipsi
1505 675 1674 715 pecuniam
1696 684 1748 707 re-

969 726 1100 766 cipiunt,
1117 730 1155 758 ut
1167 727 1305 758 videtur.
1326 727 1375 758 Ad
1397 728 1457 759 hoc
1471 730 1556 768 patet
1571 729 1747 769 responsio,

969 781 1122 821 quoniam
1137 780 1227 819 dare,
1244 783 1276 812 et
1289 782 1438 822 recipere,
1451 785 1658 822 opponuntur
1670 783 1750 814 rela-

970 834 1045 866 tive.
1066 834 1170 874 Igitur
1183 835 1222 866 de
1236 835 1433 874 necessitate,
1450 836 1531 867 sicut
1548 836 1626 868 dare
1645 845 1678 867 se
1695 836 1750 867 ha-

970 887 1024 918 bet
1034 888 1073 919 ad
1084 888 1216 920 dominii
1228 889 1480 929 translationem,
1497 893 1529 922 et
1538 890 1750 930 privationem

971 941 1085 981 dantis,
1100 942 1144 973 ita
1157 952 1190 974 se
1198 943 1293 975 habet
1301 945 1438 985 recipere
1449 945 1487 976 ad
1496 945 1628 976 dominii
1639 945 1749 986 acqui-

971 996 1131 1028 sitionem.
1147 996 1234 1029 Sicut
1246 1007 1325 1038 ergo
1339 999 1449 1030 nullus
1464 999 1518 1030 dat
1541 999 1674 1040 aliquid,
1690 999 1752 1030 nisi

971 1049 1116 1081 intendat
1137 1060 1170 1082 se
1188 1051 1310 1092 privari
1325 1052 1468 1084 dominio
1492 1054 1562 1093 eJus
1585 1053 1668 1094 quod
1685 1053 1750 1092 dat,

973 1107 1003 1136 et
1017 1104 1124 1145 ipsum
1138 1107 1310 1138 transferre
1325 1107 1359 1138 in
1371 1107 1484 1146 alium,
1509 1107 1554 1138 sic
1569 1116 1628 1139 nec
1642 1107 1754 1148 recipit

974 1159 1102 1199 proprie
1117 1160 1236 1200 aliquid
1251 1161 1429 1193 secundum
1442 1162 1528 1202 quod
1543 1162 1683 1202 receptio
1694 1171 1752 1202 op-

973 1213 1104 1253 ponitur
1117 1214 1292 1255 donationi‚
1311 1216 1373 1247 nisi
1383 1216 1468 1256 quod
1482 1216 1617 1248 intendit
1633 1216 1694 1247 sibi
1707 1216 1754 1247 rei

975 1267 1156 1300 dominium
1170 1269 1345 1310 acquirere.
1371 1269 1510 1302 Versus:

1009 1349 1067 1372 Non
1082 1349 1129 1373 tibi
1143 1350 1186 1373 dat
1200 1350 1345 1382 quisquam,
1357 1351 1407 1375 nisi
1421 1359 1472 1383 quo
1485 1352 1540 1376 vult
1554 1353 1721 1384 expmpriari,

1009 1385 1063 1409 Nec
1080 1387 1108 1409 tu
1122 1386 1183 1417 quid
1200 1386 1309 1417 recipis,
1325 1387 1373 1412 nisi
1389 1388 1454 1412 velis
1472 1389 1496 1412 ei
1511 1389 1648 1413 dominari.

1009 1422 1126 1453 Namque
1141 1425 1254 1455 recepta,
1269 1424 1336 1455 data,
1353 1425 1401 1449 sibi
1416 1427 1475 1450 sunt
1488 1426 1597 1450 adversa
1610 1426 1699 1451 relata.

1008 1458 1078 1482 Dans
1092 1466 1138 1483 sua
1152 1459 1276 1491 privatur,
1292 1461 1383 1492 recipit
1398 1461 1440 1493 qui
1455 1464 1514 1493 post
1528 1462 1683 1487 dominatur.

1018 1540 1259 1580 Argumentum
1275 1546 1384 1574 autem
1398 1543 1518 1574 factum
1533 1553 1573 1575 ex
1593 1544 1670 1575 salsa
1684 1554 1757 1585 sup-

979 1594 1135 1633 positione
1159 1596 1310 1635 procedit,
1338 1596 1414 1637 quia
1437 1606 1503 1628 non
1524 1598 1672 1635 fratrum,
1702 1599 1756 1630 sed

979 1647 1175 1679 mittentium
1200 1649 1389 1682 auctoritate
1411 1651 1547 1692 pecunia
1567 1652 1753 1684 custoditur.

979 1700 1068 1732 Unde
1083 1702 1263 1734 dominium
1278 1705 1362 1745 apud
1386 1705 1548 1737 mittentes
1571 1715 1698 1747 semper
1714 1707 1758 1738 ibi

979 1759 1133 1796 remanet,
1151 1757 1251 1789 donec
1265 1759 1305 1790 sit
1321 1769 1379 1799 pro
1405 1760 1542 1791 fratrum
1565 1761 1759 1793 necessitati-

980 1812 1041 1843 bus
1065 1815 1275 1852 commutata;
1300 1815 1387 1855 quod
1409 1817 1574 1856 probatur,
1593 1817 1670 1857 quia
1684 1818 1760 1849 dicit

979 1865 1032 1896 lex
1043 1890 1052 1901 ,
1082 1866 1118 1897 ff.
1149 1867 1193 1898 De
1221 1868 1418 1908 acquirendo
1448 1877 1555 1901 rerum
1584 1870 1729 1903 dominio
1748 1880 1759 1902 :

986 1930 1000 1948 (ι
1014 1919 1101 1952 idem
1116 1920 1150 1951 in
1164 1921 1256 1952 bonis
1269 1923 1385 1954 nostris
1400 1924 1518 1956 habere
1533 1925 1758 1966 intelligimur,

981 1974 1106 2018 quoties
1135 1976 1330 2015 possidentes
1358 1979 1579 2019 exceptionem
1603 1980 1654 2020 (α)
1667 2005 1674 2019 ,
1705 1983 1761 2011 aut

982 2028 1174 2069 amittentes,
1190 2030 1229 2061 ad
1239 2033 1496 2076 recuperandum
1505 2042 1588 2073 eam,
1601 2034 1761 2065 actionem

982 2083 1150 2115 habemus.
1168 2095 1183 2113 ι)
1201 2084 1281 2116 Cum
1296 2094 1376 2125 ergo
1390 2086 1454 2125 ille,
1471 2087 1528 2128 qui
1554 2088 1641 2119 misit
1661 2097 1761 2129 pecu-

982 2137 1082 2176 niam,
1109 2138 1135 2168 si
1158 2138 1254 2176 vivit,
1281 2139 1378 2180 possit
1407 2149 1478 2171 eam
1508 2143 1651 2182 repetere
1680 2143 1763 2173 sicut

983 2200 1086 2230 suam,
1103 2198 1307 2232 nunquam‘a
1321 2193 1462 2225 dominio
1477 2204 1537 2226 suo
1550 2197 1689 2236 recessit,
1706 2206 1763 2228 nec

983 2245 1017 2275 in
1029 2246 1084 2285 Jus
1100 2246 1227 2277 transiit
1255 2246 1409 2279 alienum.
1436 2248 1531 2280 Forte
1555 2250 1650 2290 dices,
1678 2251 1764 2291 quod

985 2299 1116 2330 mittens
1130 2301 1311 2340 pecuniam,
1327 2301 1472 2333 intendat
1487 2312 1520 2334 se
1539 2304 1661 2344 privari
1675 2304 1763 2335 illius

985 2352 1138 2385 dominio.
1155 2354 1278 2395 Fateor,
1289 2356 1375 2396 quod
1392 2366 1507 2388 verum
1523 2360 1586 2395 est;
1604 2358 1659 2389 sed
1669 2359 1764 2390 modo

985 2407 1083 2447 licito,
1101 2410 1132 2440 et
1145 2409 1297 2441 fratribus
1306 2410 1452 2442 honesto.
1468 2411 1547 2442 Cum
1562 2412 1648 2442 enim
1664 2412 1765 2443 inten-

987 2461 1041 2493 dat
1056 2462 1169 2494 fratres
1183 2463 1303 2495 habere
1319 2464 1403 2505 apud
1413 2464 1514 2495 Deum
1529 2465 1764 2504 intercessores,

988 2525 1053 2547 non
1067 2516 1202 2548 intendit
1216 2526 1270 2548 eos
1287 2518 1327 2549 ob
1343 2527 1439 2549 usum
1453 2519 1597 2558 pecuniae
1612 2529 1679 2552 suae
1694 2530 1767 2552 con-

989 2569 1120 2601 stituere
1134 2572 1406 2611 praevaricatores.
1425 2572 1529 2605 Manet
1544 2583 1622 2614 ergo
1640 2584 1768 2616 semper

991 2663 1025 2681 m.
1049 2658 1104 2682 224.
1125 2671 1154 2675 —
1175 2659 1185 2675 ὁ
1205 2659 1346 2690 Chrysost.,
1365 2660 1392 2683 in
1413 2661 1516 2692 Matth.‚
1536 2661 1609 2686 hom.
1634 2668 1718 2693 xxxn,
1737 2663 1768 2687 al.

991 2698 1086 2724 xxxin,
1101 2700 1127 2717 n.
1143 2695 1167 2718 5.
1180 2707 1210 2712 —
1226 2696 1236 2712 ⁵
1250 2696 1319 2724 Luc„
1336 2702 1401 2726 xxm,
1417 2697 1455 2721 36.

1026 2745 1057 2773 (α)
1075 2744 1134 2769 Caet.
1151 2745 1213 2769 edit.
1231 2746 1399 2776 ereptionem.
