2029 3052
873 206 1003 239 CAPUT
1025 207 1092 240 VII.

172 275 291 315 gaudio
302 300 309 314 ,
325 277 362 308 ut
377 277 460 317 pote,
481 276 537 317 qui
551 276 633 308 nihil
646 276 680 307 in
694 284 727 307 se
744 275 951 307 salutandum

172 329 358 362 hominibus
369 332 434 362 tam
444 330 582 362 libenter
592 330 735 368 haberet,
752 338 850 370 quam
867 328 953 369 quod

173 382 236 414 illae
259 384 475 417 decreverant.
494 384 606 416 Subito
622 384 858 425 disparentibus
877 383 950 422 illis,

173 438 407 470 considerantes
421 438 534 470 fratres
556 438 632 470 socii
651 439 718 469 tam
730 437 953 469 admirabilem

173 490 208 522 in
222 491 267 523 eis
281 491 543 532 similitudinem,
559 491 770 531 salutationis,
789 499 951 529 occursus,

174 545 205 575 et
219 545 422 586 disparentiae
438 546 623 585 novitatem,
640 545 812 586 mysticum
834 544 955 584 aliquid

174 597 339 638 designari
357 599 440 630 circa
459 599 568 631 virum
583 600 731 630 sanetum
750 608 815 630 non
829 597 955 629 irratio-

174 653 321 684 nabiliter
337 654 586 695 perpenderunt.
609 653 691 685 Sane
712 663 769 694 per
786 653 856 684 illas
877 654 953 691 tres,

174 709 210 739 ut
225 707 392 740 videbatur
402 733 410 748 ,
426 709 577 740 mulieres
593 707 805 749 pauperculas
821 708 866 738 sie
881 707 955 738 uni-

174 761 268 792 formi
289 762 368 794 faeie
388 764 600 801 occurrentes,
618 762 662 793 sic
677 762 851 793 salutantes
865 761 956 792 11150-

173 815 239 854 lite,
256 815 302 846 sic
317 816 422 847 subito
441 816 649 857 disparentes,
667 816 866 855 evangelicae
881 825 954 856 per-

173 869 318 900 fectionis
336 869 529 909 formositas,
546 871 704 910 quantum
723 869 763 901 ad
778 869 956 901 castitatem

175 923 305 963 scilicet,
330 924 546 956 obedientiam
569 926 600 955 et
621 926 856 965 paupertatem,
880 924 957 955 satis

175 978 402 1009 convenienter
416 978 596 1009 ostenditur
610 978 644 1008 in
660 978 729 1010 viro
745 977 799 1009 Dei
816 978 885 1018 pari
896 979 957 1009 for-

175 1040 229 1062 ma
245 1032 380 1072 perfecte
395 1032 531 1071 fulsisse,
545 1032 619 1063 licet
633 1031 764 1071 gloriari
780 1032 956 1072 praeelege-

176 1085 219 1116 rit
241 1086 274 1116 in
295 1086 468 1126 privilegio
491 1086 708 1127 paupertatis,
737 1095 834 1126 quam
860 1086 956 1117 modo

176 1142 311 1171 matrem
320 1165 327 1179 ,
345 1140 439 1172 modo
451 1149 612 1181 sponsam,
625 1140 719 1171 modo
727 1139 959 1171 dominamno-

177 1194 300 1226 minare
308 1194 439 1225 solebat.
453 1193 490 1225 In
500 1194 561 1225 hac
571 1195 702 1225 caeteros
712 1193 859 1234 cupiebat
869 1203 959 1225 exce-

176 1248 261 1287 dere,
281 1249 336 1289 qui
353 1258 394 1279 ex
404 1248 473 1288 ipsa
481 1248 634 1279 didicerat
646 1248 831 1279 inferiorem
843 1257 876 1279 se
887 1258 958 1280 om-

177 1301 273 1333 nibus
291 1303 450 1342 reputare.
474 1301 506 1333 Si
526 1301 654 1342 quando
682 1302 907 1342 pauperiorem
925 1311 958 1333 se

177 1356 363 1396 quempiam
389 1355 567 1387 secundum
596 1355 789 1387 exteriorem
812 1356 959 1387 habitum

177 1412 332 1448 cerneret,
349 1410 557 1450 semetipsum
582 1410 729 1450 protinus
744 1419 886 1450 arguens
901 1420 958 1442 ex-

178 1464 294 1495 citabat
308 1464 348 1495 ad
367 1464 490 1503 simile,
507 1466 662 1505 tanquam
687 1465 712 1495 si
736 1465 856 1496 aemula
881 1475 959 1505 pau-

178 1520 299 1558 pertate
324 1520 523 1556 concertans,
538 1519 625 1550 vinci
648 1528 681 1550 se
702 1519 828 1550 timeret
843 1518 877 1549 in
892 1519 958 1550 illo.

179 1572 300 1604 Accidit
315 1573 401 1604 enim
418 1576 453 1604 ut
465 1573 698 1613 pauperculum
714 1573 887 1613 quemdam
903 1573 961 1604 ob-

179 1625 268 1657 vium
289 1626 423 1657 haberet
447 1626 480 1657 in
502 1627 570 1665 via,
587 1627 680 1667 cujus
695 1636 769 1658 cum
783 1626 961 1657 nuditatem

179 1679 343 1720 aspiceret,
356 1681 568 1720 compunctus
581 1680 686 1719 corde,
698 1680 896 1711 lamentabili
907 1690 962 1712 vo-

179 1742 213 1764 ce
223 1733 304 1764 dixit
314 1733 354 1764 ad
362 1733 486 1765 socium
498 1745 504 1765 :
515 1733 668 1773 Magnam
680 1733 905 1766 verecundiam
914 1734 961 1764 in-

179 1786 252 1817 tulit
263 1786 353 1817 nobis
364 1787 464 1827 huius
473 1786 591 1827 inopia,
606 1787 682 1826 quia
689 1795 747 1817 nos
760 1795 817 1826 pro
834 1786 962 1826 magnis

180 1840 302 1872 divitiis
318 1842 539 1880 paupertatem
552 1840 722 1880 eligemus,
735 1842 765 1871 et
776 1849 848 1871 ecce
856 1841 962 1880 magis

180 1893 300 1925 relucet
320 1894 354 1924 in
378 1894 448 1925 isto.
473 1893 606 1934 Propter
627 1896 745 1925 sanctae
766 1894 962 1934 paupertatis

181 1957 324 1978 amorem
340 1947 567 1988 omnipotentis
582 1947 635 1978 Dei
652 1947 806 1986 famulus,
825 1948 963 1979 eleemo-

182 2001 270 2042 synis
280 2001 419 2032 ostiatim
431 2001 575 2041 quaesitis
586 2001 736 2032 utebatur
747 2001 850 2032 multo
860 2001 962 2032 liben-

183 2055 257 2094 tius,
270 2064 367 2095 quam
387 2054 512 2086 oblatis.
529 2054 699 2095 Siquando
711 2055 796 2086 enim
811 2055 964 2086 invitatus

184 2119 202 2140 a
212 2110 340 2149 magnis
349 2109 501 2150 personiS,
512 2109 632 2140 mensis
642 2112 723 2141 esset
730 2110 965 2150 profusioribus

183 2162 402 2201 honorandus,
411 2163 500 2203 prius
511 2173 565 2203 per
575 2164 773 2204 propinquas
783 2163 964 2195 vicinorum

184 2216 293 2247 domos
308 2226 428 2256 panum
444 2217 626 2257 fragmenta
646 2217 783 2257 petebat,
801 2227 836 2248 ac
851 2217 964 2248 deinde

185 2271 230 2301 sic
246 2270 365 2301 ditatus
384 2271 490 2310 inopia
510 2271 740 2303 discumbebat.
760 2271 798 2303 Et
814 2281 888 2302 cum
905 2271 963 2302 ali-

185 2325 312 2364 quando
332 2325 364 2355 id
383 2324 518 2363 fecisset,
536 2325 689 2356 invitatus
705 2334 723 2355 a
738 2325 867 2356 domino
884 2325 963 2357 Hos-

185 2378 296 2416 tiense,
313 2379 368 2418 qui
384 2387 559 2418 pauperem
575 2378 690 2409 Christi
706 2379 871 2419 praecipuo
883 2389 966 2410 com-

185 2422 375 2472 plexabatur
403 2432 518 2463 affectu
533 2457 540 2469 ,
565 2433 773 2472 conquerenti
799 2432 963 2473 Episcopo,

186 2487 271 2527 quod
296 2496 354 2518 5110
370 2487 557 2526 derogasset
574 2486 700 2524 honori,
719 2488 829 2526 utpote
845 2487 912 2527 qui,
932 2487 967 2518 111

187 2541 255 2580 ejus
265 2543 465 2572 comesturus
475 2541 582 2579 domo,
594 2549 652 2580 pro
660 2540 869 2580 eleemosynis
880 2540 964 2580 isset,

188 2602 299 2625 servus
316 2594 368 2625 Dei
383 2594 544 2635 respondit
557 2604 563 2625 :
574 2593 743 2633 Magnum,
760 2593 803 2623 mi
819 2593 965 2633 Domine,

188 2648 279 2679 vobis
294 2648 450 2680 honorem
475 2647 627 2686 exhibui,
644 2647 722 2678 dum
740 2648 894 2687 majorem
910 2648 967 2680 Do-

191 2702 312 2732 minum
335 2701 503 2733 honoravi.
537 2701 702 2741 Siquidem
732 2701 966 2741 beneplacitum

1735 211 1792 241 317

1010 276 1057 306 est
1081 275 1214 307 Domino
1237 275 1273 307 in
1293 277 1496 317 paupertate,
1518 278 1550 308 et
1573 286 1612 308 ea
1633 276 1788 315 maxime,

1010 338 1083 369 quae
1098 328 1281 369 voluntaria
1301 338 1359 370 pro
1382 329 1505 362 Christo
1528 330 1715 362 mendicitas
1730 331 1788 362 est.

1011 382 1099 413 Hanc
1119 383 1311 423 dignitatem
1331 384 1492 424 regalem,
1510 393 1609 425 quam
1629 383 1686 425 pro
1702 384 1794 415 nobis

1010 437 1165 468 Dominus
1188 437 1280 469 Jesus
1302 448 1424 478 egenus
1438 439 1538 470 factus
1552 438 1742 479 assumpsit,
1758 439 1795 469 ut

1010 499 1070 522 sua
1086 500 1144 522 nos
1157 491 1271 522 ditaret
1284 492 1403 532 inopia,
1422 502 1458 524 00
1473 501 1549 524 vere
1564 501 1723 533 pauperes
1733 491 1795 532 spi-

1010 544 1075 576 ritu
1091 545 1186 584 regni
1204 545 1360 577 coelorum
1380 555 1473 586 reges
1487 547 1669 578 institueret
1683 547 1714 577 et
1729 545 1796 577 hae-

1010 598 1112 637 redes,
1129 597 1203 629 nolo
1222 598 1405 639 relinquere
1424 609 1482 640 pro
1498 600 1594 631 feudo
1609 599 1796 632 divitiarum

1011 652 1165 683 falsarum
1182 652 1274 683 vobis
1289 653 1328 684 ad
1343 653 1459 684 horam
1471 663 1630 685 concesso.
1645 653 1799 686 Nonnun-

1012 715 1111 747 quam
1139 706 1252 737 fratres
1284 706 1324 738 ad
1355 707 1530 747 petendum
1561 708 1799 749 eleemosynam

1012 760 1164 799 hortans,
1190 760 1296 792 verbis
1329 761 1482 792 utebatur
1510 761 1698 801 hujusmodi
1716 773 1722 793 :
1740 762 1799 801 Ite,

1013 813 1130 854 inquit,
1152 813 1308 854 quoniam
1324 814 1385 845 1100
1400 815 1577 847 novissima
1592 815 1672 846 hora
1686 815 1801 847 fratres

1014 869 1156 900 minores
1171 869 1364 900 commodati
1379 873 1454 901 sunt
1466 865 1602 909 mundo,
1613 872 1649 902 ut
1662 871 1752 902 electi
1767 871 1801 902 in

1014 923 1059 953 eis
1075 923 1247 963 impleant,
1259 923 1350 954 vnde
1365 932 1384 954 a
1394 924 1505 963 judice
1520 925 1800 964 commendentur,

1013 977 1093 1008 illud
1136 976 1302 1008 audientes
1335 978 1564 1010 suavissimum
1598 979 1735 1011 verbum
1792 990 1798 1010 :

1017 1031 1177 1072 Quamdiu
1198 1032 1322 1071 fecistis
1348 1033 1409 1064 um
1424 1040 1465 1064 ezr
1479 1033 1530 1064 his
1547 1033 1705 1072 fratribus
1722 1033 1802 1066 meis

1014 1087 1183 1125 minimis,
1200 1086 1282 1118 milti
1305 1086 1440 1125 fecistis.
1466 1086 1651 1118 Jucundum
1667 1088 1802 1128 proinde

1015 1140 1140 1171 dicebat
1163 1140 1223 1171 sub
1248 1139 1398 1170 Fratrum
1422 1140 1585 1172 Minorum
1601 1141 1694 1173 titulo
1709 1151 1801 1173 men-

1014 1194 1131 1232 dicare,
1144 1202 1241 1234 quem
1255 1193 1289 1224 in
1300 1193 1512 1225 retributione
1521 1195 1687 1233 justorum
1701 1204 1801 1227 evan-

1015 1248 1128 1289 gelicae
1139 1247 1282 1280 veritatis
1294 1247 1447 1287 Magister
1460 1257 1515 1279 ore
1525 1257 1584 1279 suo
1597 1249 1663 1279 tam
1672 1249 1801 1289 signan-

1016 1304 1063 1333 ter
1078 1301 1243 1342 expressit.
1254 1301 1290 1332 In
1305 1301 1391 1332 festis
1407 1310 1536 1342 quoque
1550 1303 1731 1343 praecipuis,
1746 1304 1801 1335 ubi

1015 1356 1237 1397 opportunitas
1256 1355 1377 1393 aderat,
1400 1356 1579 1387 mendicare
1595 1357 1706 1388 solitus
1720 1360 1800 1397 erat,

1015 1410 1123 1441 dicens
1149 1411 1181 1440 111
1205 1403 1321 1440 50110115
1353 1409 1549 1449 pauperibus
1577 1411 1801 1451 propheticum

1015 1463 1094 1495 illud
1118 1463 1246 1503 impleri
1296 1474 1303 1494 z
1321 1463 1442 1495 Panem
1463 1464 1648 1504 anqelorum
1666 1466 1803 1498 mandu-

1016 1518 1101 1550 cavit
1124 1518 1226 1550 homo.
1253 1517 1347 1549 Illum
1373 1528 1457 1559 sane
1476 1528 1593 1559 panem
1617 1520 1802 1559 angelicum

1017 1581 1086 1603 esse
1108 1572 1249 1610 dicebat,
1267 1581 1363 1612 quem
1384 1581 1442 1612 pro
1458 1572 1511 1603 Dei
1526 1573 1664 1613 petitum
1679 1584 1801 1614 amore,

1018 1627 1048 1656 et
1073 1625 1173 1656 beatis
1198 1626 1452 1665 suggerentibus
1476 1627 1600 1666 angelis
1622 1637 1680 1668 pro
1701 1628 1804 1668 ipsius

1018 1679 1174 1710 charitate
1188 1679 1358 1719 largitum,
1372 1681 1480 1711 sancta
1493 1683 1665 1721 paupertas
1679 1682 1804 1722 colligit

1018 1733 1170 1764 ostiatim.
1199 1733 1288 1764 Unde
1310 1743 1384 1764 cum
1410 1734 1508 1765 semel
1532 1735 1583 1766 die
1601 1738 1709 1767 sancto
1725 1736 1802 1767 Pas-

1017 1787 1086 1818 chae
1110 1796 1236 1818 moram
1258 1787 1375 1818 faceret
1396 1788 1430 1818 111
1453 1788 1637 1820 eremitorio
1662 1790 1802 1829 quodam

1019 1842 1097 1872 adeo
1113 1842 1152 1872 ab
1167 1841 1340 1872 hominum
1356 1841 1552 1873 habitatione
1565 1844 1701 1881 remoto,
1718 1844 1804 1883 quod

1017 1895 1184 1926 commode
1219 1895 1400 1925 mendicare
1432 1904 1495 1925 non
1528 1898 1651 1935 posset,
1679 1906 1804 1928 memor

1018 1949 1124 1987 1111115,
1151 1949 1206 1989 qui
1233 1948 1395 1988 discipulis
1419 1949 1571 1980 euntibus
1595 1949 1628 1980 in
1650 1949 1804 1982 Emmaus

1018 2003 1086 2043 ipso
1111 2002 1161 2033 die
1185 2002 1217 2032 in
1243 2002 1348 2042 specie
1370 2003 1533 2042 peregrini
1548 2004 1696 2043 apparuit
1717 2005 1738 2043 ,
1764 2005 1804 2036 ab

1020 2057 1098 2097 ipsis
1123 2056 1275 2087 fratribus
1300 2056 1537 2096 eleemosynam
1554 2058 1643 2097 petiit
1657 2060 1694 2089 ut
1710 2068 1804 2099 pere-

1021 2112 1137 2151 grinus
1150 2113 1181 2142 et
1198 2119 1329 2150 pauper.
1348 2110 1449 2147 Quam
1467 2120 1542 2141 cum
1558 2111 1727 2151 accepisset
1742 2113 1805 2144 hu

1021 2165 1152 2203 militer,
1169 2164 1266 2195 sacris
1280 2174 1333 2195 eos
1348 2164 1534 2196 informavit
1549 2165 1700 2205 eloquiis,
1718 2167 1805 2207 quod

1020 2220 1224 2250 transeuntes
1247 2227 1302 2258 per
1328 2218 1441 2249 mundi
1463 2218 1626 2250 desertum
1649 2223 1804 2261 tanquam

1021 2272 1185 2313 peregrini
1202 2274 1232 2302 et
1249 2272 1382 2304 advenae
1393 2296 1402 2310 ,
1420 2272 1554 2313 verique
1569 2273 1707 2313 Hebraei,
1726 2274 1802 2305 Pas-

1021 2326 1080 2356 cha
1096 2325 1231 2364 Domini,
1248 2325 1308 2356 hoc
1317 2327 1364 2356 est
1380 2326 1552 2358 transitum
1564 2337 1604 2358 ex
1613 2328 1675 2359 hoc
1684 2328 1804 2360 mundo

1021 2380 1061 2411 ad
1075 2379 1201 2410 Patrem
1215 2403 1224 2417 ,
1243 2379 1275 2409 in
1297 2383 1484 2420 paupertate
1505 2381 1638 2421 spiritus
1653 2383 1804 2413 continue

1021 2434 1229 2465 celebrarent.
1248 2433 1287 2464 Et
1302 2434 1456 2474 quoniam
1473 2435 1505 2465 in
1514 2435 1658 2475 petendis
1670 2436 1805 2467 eleemo-

1021 2488 1110 2528 synis
1134 2496 1199 2518 non
1222 2490 1364 2528 quaestus
1388 2489 1548 2528 agebatur
1566 2489 1732 2529 cupidine,
1751 2490 1805 2521 sed

1022 2541 1154 2582 spiritus
1190 2541 1334 2573 libertate
1390 2531 1483 2573 Pater
1507 2552 1687 2583 pauperum
1722 2543 1810 2575 Deus

1022 2595 1190 2636 specialem
1206 2595 1243 2626 de
1264 2596 1333 2636 ipso
1354 2605 1465 2627 curam
1492 2605 1606 2635 gerere
1620 2597 1802 2630 videbatur.

1078 2676 1179 2706 iham
1197 2682 1255 2707 xxv,
1279 2678 1313 2701 10.
1332 2690 1357 2694 -
1399 2676 1469 2701 Psal.
1488 2683 1593 2708 Lixwr,
1611 2679 1649 2702 25.
1664 2692 1694 2696 --
1738 2679 1805 2709 Luc

1023 2719 1096 2743 miv,
1116 2714 1154 2737 13.
