2029 3052
239 258 299 289 516

237 322 369 365 peribus
392 321 480 355 veris
501 322 534 353 et
562 318 742 352 humilibus
773 325 939 349 annexum
969 316 1018 347 est

239 386 315 409 cum
335 376 516 408 extrinseco
538 373 684 406 cruciatu
703 371 915 403 intrinsecum
937 378 1018 409 gau-

238 431 343 471 dium,
359 431 431 462 ideo
446 428 624 461 secundum
634 427 896 467 Chrysostomum
910 425 918 441 ¹
932 425 1017 455 recte

237 485 428 526 designatur
453 492 510 524 per
537 482 630 513 illum
661 480 825 512 caminum
855 479 889 510 in
918 486 1016 519 quem

237 541 331 582 pueri
346 538 583 576 descendentes,
596 546 637 568 ne
651 539 789 567 statuam
803 539 935 566 auream
945 533 1017 564 ado-

236 596 357 633 rarent,
377 592 502 625 coelitus
524 590 659 622 irrorari
679 590 878 621 meruerunt.
900 587 1017 627 Hujus-

237 648 326 681 modi
338 645 502 688 spirituale
518 644 679 682 solatium,
694 643 779 684 quod
794 642 856 674 viri
873 641 1016 672 carnales

236 703 400 743 ignorant,
416 701 550 740 ejusque
568 697 759 736 laudatores,
777 695 1015 727 Pharisaeorum

236 766 338 796 more,
355 754 445 787 avari
458 753 614 791 derident,
636 751 752 782 mulier
770 750 898 781 eximiae
915 749 1016 781 virtu-

235 810 289 850 tis,
311 809 412 842 Paula
431 807 561 844 scilicet,
580 805 721 846 experiri
744 804 904 844 cupiebat,
921 803 1016 843 juxta

236 864 324 905 quod
337 863 552 902 Hieronymus
565 868 654 891 sacer
667 859 701 890 in
714 858 813 899 ipsius
829 857 977 889 laudibus
989 857 1013 896 ²,

236 918 278 949 ob
292 918 353 949 hoc
366 916 511 957 ejusdem
521 913 715 946 desiderium
730 912 918 943 admirabile
933 921 1015 952 prze-

236 971 362 1010 dicans‚
390 970 557 1010 ipsamque
580 967 779 1005 collaudans,
807 966 900 1004 dicit,
930 965 1014 1005 quod

241 1037 256 1055 a
270 1025 333 1057 hoc
346 1024 484 1056 habebat
498 1023 576 1062 voti,
591 1023 629 1053 ut
643 1020 828 1052 mendicans
847 1029 904 1060 pro
923 1019 1016 1050 Chri-

236 1081 285 1111 sto
298 1080 489 1116 moreretur,
505 1079 536 1108 et
555 1085 658 1108 unum
672 1083 845 1106 nummum
860 1073 935 1104 filiae
950 1082 1016 1104 non

236 1133 443 1173 relinqueret,
459 1133 491 1162 et
510 1131 544 1162 in
558 1130 669 1161 funere
688 1138 747 1160 suo
762 1127 866 1159 aliena
882 1126 1016 1158 sindone

236 1186 467 1217 involveretur.
499 1195 514 1214 i>
540 1183 751 1224 Nequaquam
772 1182 890 1221 igitur,
911 1183 946 1212 ut
967 1189 1016 1211 ca-

235 1239 411 1271 lumniator
425 1241 569 1270 astruere
584 1237 708 1275 nititur,
729 1245 767 1267 ea
785 1235 852 1266 sola
867 1234 1018 1266 mendici-

236 1295 284 1325 tas
293 1292 506 1334 approbabilis
516 1293 575 1329 est,
585 1301 658 1332 quae
669 1300 710 1322 ex
721 1299 809 1321 mera
818 1289 1015 1327 necessitate,

236 1347 290 1379 vel
303 1347 481 1378 calamitate
496 1346 648 1387 procedit,
666 1354 723 1386 pro
739 1353 788 1382 eo,
805 1344 891 1384 quod
914 1342 1016 1374 multo

237 1401 428 1433 laudabilior
442 1403 490 1432 est
512 1402 683 1440 paupertas
702 1397 895 1435 voluntaria,
918 1406 1016 1436 quam

238 1458 346 1487 coacta
362 1466 368 1485 :
387 1454 449 1485 nisi
463 1454 535 1494 quis
549 1454 594 1484 ita
608 1452 753 1493 desipiat,
769 1455 805 1482 ut
820 1452 852 1482 iu
867 1451 1018 1491 operibus

238 1508 532 1550 supererogationis
544 1530 552 1545 ,
584 1505 781 1538 necessitatis
820 1505 1017 1536 coactionem

238 1563 387 1604 praet'erat
399 1560 642 1602 promptitudini
659 1559 833 1591 voluntatis
850 1570 856 1590 :
874 1558 959 1599 quod
975 1559 1018 1589 ita

238 1609 414 1648 absurdum
425 1618 483 1653 cst,
495 1614 766 1656 quemadmodum
778 1613 803 1643 si
818 1613 1017 1653 passionibus

239 1672 422 1711 martyrum
445 1671 611 1709 praeponat
632 1668 704 1708 quis
729 1667 901 1707 suspendia
918 1668 957 1706 (a)
974 1666 1019 1697 la-

239 1727 381 1763 tronum,
398 1724 477 1755 dum
495 1724 653 1762 martyres
670 1721 861 1759 voluntarie,
879 1721 1017 1751 latrones

239 1778 455 1810 involuntarie
465 1777 641 1817 patiuntur.
653 1775 751 1807 Porro
760 1776 784 1805 si
794 1775 867 1815 quis
875 1777 1017 1805 astruere

239 1832 317 1864 velit
335 1831 572 1875 mendicitatem
594 1839 659 1861 non
678 1839 746 1860 csse
767 1829 805 1859 de
826 1838 944 1868 genere
959 1828 1017 1859 ho-

240 1888 404 1918 nestorum
415 1887 445 1916 et
459 1884 681 1922 laudabilium,
698 1883 851 1924 quoniam
866 1882 905 1914 ad
915 1883 1017 1923 ipsam

239 1949 281 1971 ex
294 1940 401 1980 inopia
420 1948 530 1970 rerum
554 1940 585 1969 ct
603 1938 767 1977 exigentia
786 1939 911 1967 naturae
931 1946 1017 1967 com-

240 1994 402 2035 pellimur,
422 1993 581 2024 consimili
604 1993 726 2023 ratione
747 2001 805 2022 nec
826 1991 1017 2031 martyrium

239 2049 424 2079 sanctorum
450 2046 510 2077 fuit
537 2046 729 2086 persectnml,
758 2054 816 2075 nec
840 2044 1016 2082 laudabile,

238 2101 393 2142 quonlam
406 2101 445 2132 ad
456 2101 533 2131 illud
545 2100 770 2140 perferendum
787 2098 1018 2138 compelleban-

238 2157 293 2186 tur
317 2164 373 2195 per
398 2154 584 2186 violentiam
610 2153 791 2193 improbam
812 2152 1019 2191 malignitatis

240 2209 372 2240 alienae:
394 2218 468 2240 cum
487 2209 583 2239 etiam
605 2208 709 2247 magis
731 2209 835 2238 teneat
861 2206 1017 2237 rationem

239 2263 431 2296 voluntariae
446 2263 641 2303 paupertatis
661 2262 805 2302 penuria,
829 2270 926 2301 quam
950 2270 1016 2300 poe-

240 2317 355 2349 nalitas
368 2317 532 2358 passionis,
549 2325 606 2356 pro
623 2324 659 2346 eo
674 2315 759 2355 quod
775 2315 827 2345 illa
839 2314 1018 2346 voluntarie

240 2372 429 2408 assumitur,
446 2372 477 2401 et
493 2369 672 2401 voluntarie
689 2369 861 2408 perfertur,
879 2368 948 2398 haec
963 2377 1019 2398 au-

240 2428 304 2457 tem
328 2425 457 2457 aliunde
482 2424 637 2456 violenter
661 2423 822 2461 infligitur
843 2422 894 2460 (b),
918 2431 1018 2462 quan-

239 2490 338 2520 quam
353 2478 534 2511 voluntarie
555 2477 740 2517 perseratnr.
766 2476 818 2506 Est
834 2478 865 2506 ct
885 2475 947 2506 alia
966 2485 1017 2506 ca-

239 2534 372 2571 villatio,
390 2542 455 2573 qua
472 2532 586 2563 nobilis
612 2533 642 2561 et
667 2530 788 2561 Christo
808 2530 941 2560 Domino
966 2539 1019 2560 ac-

239 2591 329 2630 cepta
340 2588 527 2620 mendicitas
539 2585 735 2617 calumniose
748 2585 909 2623 arguitur,
927 2584 1018 2624 quasi

271 2689 279 2706 ¹
294 2688 426 2720 Chrysost.
443 2700 473 2705 —-
487 2687 496 2701 ²
511 2686 628 2715 Hieron.y
644 2683 677 2708 ad
692 2683 822 2714 Eustoch„
844 2683 918 2714 epist.
934 2689 1017 2714 xxiii,

239 2725 288 2750 col.
304 2732 340 2749 m.
356 2726 410 2748 229.
423 2737 453 2742 —
468 2723 478 2740 ³
492 2723 558 2753 Act„
574 2727 618 2752 xx,
633 2722 673 2745 35.
686 2733 717 2738 -—·
736 2720 746 2736 Β
761 2719 876 2750 Hieron„
892 2719 925 2742 ml
940 2720 1018 2750 Nesso-

239 2762 314 2790 lz'zm.,
333 2760 405 2791 epist.
426 2766 460 2790 11,
479 2758 527 2783 col.
548 2765 582 2782 m.
604 2759 641 2782 19.
661 2770 691 2775 —
712 2757 720 2770 ⁵
736 2756 810 2787 Aug„
832 2757 856 2779 in
874 2756 942 2779 Psal.
960 2761 1016 2785 elil,

813 246 1023 281 APOLOGIAE
1046 244 1266 278 PAUPERUM

1073 322 1234 346 annexam
1252 312 1370 344 haheat
1389 321 1454 345 non
1477 313 1699 355 evangelicam
1716 313 1851 347 heatitu-

1074 369 1194 406 dinem,
1211 367 1266 399 sed
1283 367 1454 399 mentalem
1468 367 1754 409 imperfectionem,
1774 377 1849 400 cum

1073 422 1108 453 in
1123 422 1254 454 Actibus
1269 421 1489 461 Apostolorum
1503 423 1654 454 scribitur
1667 423 1677 440 ³
1695 431 1704 454 ι
1719 423 1852 455 Beatius

1074 478 1120 508 est
1134 476 1238 516 maqz's
1252 473 1341 512 dare,
1366 483 1463 515 quam
1478 477 1628 516 accipere.
1645 476 1692 508 Ex
1713 485 1779 516 quo
1800 485 1850 507 se-

1074 529 1130 570 qui
1148 529 1287 567 videtur,
1303 528 1390 569 quod
1412 529 1570 561 beatiores
1594 532 1626 562 et
1649 530 1852 571 perfectiores

1074 586 1179 615 essent
1191 583 1378 624 hujusmodi
1390 593 1557 624 pauperes,
1570 585 1593 615 si
1606 587 1712 616 essent
1724 585 1758 616 in
1767 586 1852 616 statu

1073 637 1291 678 eleemosynas
1311 637 1475 676 dantium,
1500 648 1598 679 quam
1622 639 1686 670 sint
1707 639 1742 670 in
1767 641 1853 671 statu

1074 691 1315 732 accipientium;
1336 691 1493 723 beatiores
1509 692 1637 733 utique,
1659 693 1686 724 si
1701 695 1805 724 essent
1818 693 1853 724 in

1073 747 1158 777 statu
1170 755 1294 784 eorum,
1311 746 1367 786 qui
1386 745 1606 788 eleemosynas
1622 748 1795 780 liberaliter
1810 747 1854 779 of-

1073 799 1196 839 ferunt,
1221 809 1321 840 quam
1344 800 1400 840 qui
1420 803 1552 841 petunt;
1578 811 1652 833 cum
1673 802 1755 833 dicat
1781 801 1854 834 Hie-

1074 863 1232 894 ronymus
1256 854 1294 885 ad
1325 853 1539 894 Nepotianum
1567 857 1578 874 ¹·
1605 866 1611 886 :
1639 867 1654 886 α
1680 854 1852 896 Nunquam

1073 910 1230 948 petentes,
1249 917 1324 939 raro
1345 907 1539 948 accipiamus
1562 909 1679 948 rogati.
1700 920 1716 938 r>
1734 909 1773 940 Et
1787 909 1853 941 Au-

1049 989 1051 991 .
1073 962 1224 1001 gustinus
1236 964 1246 981 ⁶
1264 972 1271 993 :
1292 973 1307 992 α
1325 961 1361 992 111
1381 961 1493 992 loculis
1511 961 1677 1002 habendis,
1694 963 1773 994 etin
1786 963 1854 994 exi-

1074 1015 1180 1055 genda
1196 1015 1434 1056 quodammodo
1453 1025 1597 1055 annona,
1623 1016 1765 1048 Christus
1786 1026 1853 1048 non

1073 1069 1220 1109 petendo,
1238 1069 1291 1100 sed
1307 1069 1479 1109 praebendo
1499 1070 1550 1110 (c),
1574 1070 1768 1110 indigentias
1784 1079 1852 1102 sus-

1074 1123 1166 1163 cepit.
1195 1134 1210 1151 »
1234 1123 1281 1154 Ex
1307 1123 1424 1163 quibus
1451 1123 1580 1155 videtur
1606 1133 1697 1164 posse
1721 1125 1850 1164 inferri,

1074 1177 1160 1217 quod
1184 1179 1286 1208 status
1308 1177 1496 1208 clericorum
1519 1178 1708 1218 praebendas
1730 1179 1852 1210 haben-

1074 1231 1156 1262 tium
1173 1230 1296 1262 Cbristo
1309 1231 1350 1261 sit
1365 1231 1510 1271 similior,
1527 1234 1558 1262 et
1571 1232 1750 1272 perfectior,
1766 1234 1852 1264 statu

1075 1285 1326 1316 mendicantium
1342 1294 1534 1326 pauperum.
1556 1285 1677 1317 Verum
1696 1286 1722 1317 si
1741 1286 1853 1326 hujiis-

1077 1339 1161 1369 modi
1185 1339 1433 1370 ratiocinationis
1452 1339 1696 1371 fundamentum
1718 1340 1854 1379 vigilan-

1077 1392 1138 1423 tius
1155 1392 1333 1423 discussum
1349 1393 1460 1431 suerit,
1484 1392 1591 1432 magis
1610 1396 1712 1434 potest
1732 1402 1773 1425 ex
1793 1393 1854 1425 hoc

1075 1447 1276 1486 oppositum,
1302 1456 1400 1486 quam
1429 1447 1629 1487 propositum
1659 1447 1781 1478 inferri.
1819 1446 1854 1478 Si

1075 1500 1161 1531 enim
1177 1500 1298 1531 beatius
1313 1503 1360 1531 est
1369 1501 1473 1540 magis
1484 1500 1569 1539 dare,
1587 1510 1684 1541 quam
1699 1500 1852 1541 accipere,

1076 1554 1128 1585 ille
1144 1554 1276 1585 minime
1287 1554 1398 1585 beatus
1411 1557 1468 1591 est,
1483 1555 1537 1595 qui
1553 1555 1637 1586 bona
1651 1555 1790 1595 plurima
1805 1563 1854 1585 ac-

1076 1608 1163 1648 cipit,
1182 1613 1212 1639 et
1231 1617 1331 1648 pauca
1351 1608 1502 1647 largitur.
1524 1608 1603 1639 Cum
1623 1608 1724 1648 igitur
1746 1608 1854 1640 omnia

1076 1662 1295 1700 ecclesiastica,
1313 1662 1395 1693 sicut
1414 1662 1487 1692 dicit
1502 1661 1637 1702 Prosper
1647 1663 1668 1701 ⁶,
1678 1663 1741 1693 sint
1754 1665 1854 1694 «vota

1076 1716 1231 1753 fidelium,
1248 1716 1349 1755 pretia
1372 1718 1585 1756 peccatorum,
1610 1718 1641 1746 et
1662 1716 1855 1756 patrimonia

1076 1779 1268 1810 pauperum,
1280 1781 1293 1797 υ
1309 1769 1454 1810 sequitur
1471 1769 1556 1809 quod
1571 1770 1767 1810 quicumque
1781 1770 1854 1801 red-

1075 1823 1161 1854 ditus
1185 1824 1409 1854 ecclesiasticos
1433 1824 1543 1861 habet,
1566 1833 1641 1855 cnm
1662 1824 1758 1864 longe
1782 1825 1856 1865 plus

1076 1880 1225 1920 accipiat,
1251 1889 1348 1920 quam
1373 1879 1442 1910 aliis
1463 1879 1642 1919 largiatur,
1667 1881 1771 1920 magis
1795 1881 1856 1912 erit

1076 1934 1191 1974 pingui
1206 1934 1389 1974 acceptione
1411 1933 1520 1972 miser,
1544 1943 1642 1974 quam
1659 1934 1735 1965 exili
1759 1934 1855 1966 dona-

1076 1989 1161 2019 tione
1182 1988 1303 2019 beatus.
1327 1987 1365 2018 Et
1387 1997 1403 2018 e
1420 1988 1578 2018 contrario
1602 1997 1699 2019 verus
1717 1997 1850 2029 pauper,

1075 2043 1129 2083 qui
1145 2042 1253 2073 omnia
1273 2044 1402 2082 propter
1424 2041 1588 2072 Christum
1603 2042 1728 2081 deserit,
1745 2044 1776 2073 et
1794 2042 1852 2073 dis-

1075 2097 1181 2137 pergit
1202 2106 1266 2127 non
1287 2096 1391 2127 solum
1412 2105 1485 2136 quae
1510 2096 1633 2135 habuit,
1660 2096 1714 2127 sed
1731 2098 1762 2127 et
1777 2105 1851 2137 quae

1074 2150 1298 2190 concupiscere
1313 2150 1427 2190 potnit,
1444 2152 1475 2181 et
1491 2150 1599 2190 paucis
1614 2152 1644 2181 et
1664 2150 1795 2182 modicis
1807 2152 1853 2181 est

1074 2204 1113 2235 ad
1140 2204 1402 2235 sustentationem
1427 2206 1550 2235 naturae
1581 2205 1767 2243 contentus,
1793 2203 1853 2235 erit

1075 2258 1251 2289 secundum
1274 2258 1357 2288 hanc
1372 2258 1528 2288 rationem
1543 2258 1724 2298 acceptione
1739 2257 1853 2297 parcis-

1075 2312 1156 2342 sima
1172 2312 1304 2342 minime
1319 2311 1427 2350 miser,
1450 2313 1481 2343 et
1502 2311 1673 2343 donatione
1699 2311 1852 2350 largiflua

1075 2366 1216 2396 maxime
1232 2366 1353 2396 heatus.
1379 2365 1434 2396 Cui
1452 2365 1547 2396 etiam
1563 2365 1754 2396 concordare
1768 2365 1852 2395 vide-

1074 2422 1127 2451 tur
1142 2420 1349 2459 evangelicus
1363 2422 1478 2457 textus,
1494 2419 1548 2459 qui
1564 2419 1741 2450 secundum
1757 2417 1852 2458 Chry-

1074 2478 1251 2505 sosloninm
1265 2474 1359 2504 hahet
1374 2474 1407 2503 in
1419 2473 1548 2504 Graeco⁷
1566 2484 1572 2503 :
1592 2474 1684 2504 Beati·
1698 2471 1849 2510 mendici,

1075 2530 1228 2568 quoniam
1242 2529 1385 2568 ipsorum
1399 2531 1444 2559 esc
1461 2535 1593 2567 reanum
1611 2526 1758 2558 coelorum
1772 2534 1783 2556 .·
1797 2525 1851 2556 ubi

1074 2582 1205 2613 Latinus
1219 2582 1315 2612 habet
1331 2592 1337 2611 :
1355 2581 1447 2612 Beati
1458 2588 1613 2620 pauperes
1630 2581 1762 2619 spirim.
1779 2579 1851 2617 Qui-

1075 2648 1148 2665 conc.
1166 2647 1205 2671 111,
1221 2648 1246 2664 n.
1262 2642 1299 2664 11.
1314 2654 1343 2657 —
1359 2641 1367 2654 r,
1380 2641 1480 2670 Prosp.,
1495 2639 1525 2663 (le
1542 2639 1591 2663 rit.
1605 2639 1748 2670 contempl„
1762 2639 1804 2665 lib.
1819 2639 1849 2669 ll,

1075 2685 1098 2702 c.
1114 2684 1151 2701 ix.
1166 2690 1197 2694 —
1212 2677 1218 2691 ⁷
1235 2676 1375 2708 chrysost„
1391 2677 1416 2699 in
1431 2675 1538 2705 Mattl1.,
1551 2674 1622 2699 hom.
1638 2681 1681 2705 xv,
1697 2681 1723 2700 n.
1741 2678 1762 2700 ί.

1108 2720 1139 2750 (ιι)
1156 2719 1218 2743 th.
1239 2718 1300 2742 edit.
1321 2717 1455 2749 stipendia.
1470 2728 1500 2734 —
1519 2715 1554 2747 (b)
1574 2716 1635 2741 leem
1650 2715 1806 2748 intelligitur.
1821 2728 1852 2735 -

1077 2756 1105 2785 (c)
1123 2755 1162 2779 etl.
1180 2762 1230 2778 non
1247 2754 1366 2785 petenda,
1380 2753 1425 2778 sed
1439 2752 1587 2784 praebenda.
