2060 3052
795 173 842 206 DE
864 173 918 206 SS.
943 174 1173 208 APOSTOLIS.
1198 174 1332 208 SERMO
1353 174 1390 207 X.
1856 179 1894 209 27

278 243 325 270 tur
344 242 380 278 (a)
401 241 576 271 aeternaliter
599 241 662 270 sine
691 242 759 271 tine.
784 241 946 278 Diligamus
969 242 1058 278 igitur

277 289 465 325 proximum,
482 289 510 317 et:
527 288 685 317 audiamus
701 289 848 317 dicentem
863 288 1009 317 Christum
1025 290 1033 306 ¹
1049 298 1055 317 ι

279 346 294 361 «
308 337 338 365 In
349 336 407 364 hoc
421 337 600 372 cognoscent
615 344 729 370 omneS,
744 336 880 373 quiamei
891 336 958 364 estis
971 335 1058 364 disci-

275 383 350 420 puli,
360 383 383 410 si
394 382 584 411 dilectionem
591 383 754 411 habueritis
765 383 971 411 adinvicem.»
981 384 1056 418 Ergo

275 429 329 458 ubi
343 429 409 458 talis
424 438 509 458 amor
531 438 592 458 non
617 432 680 464 est,
707 429 749 458 ibi
773 429 876 458 Christi
893 429 1056 466 discipulus

275 484 338 505 esse
365 484 427 505 non
451 478 566 513 potest,
590 477 661 514 quia
686 485 740 505 nec
762 476 803 505 ibi
829 478 902 505 Deus
925 478 977 505 est.
1003 477 1055 505 Ubi

275 523 356 551 enim
370 523 495 552 charitas
514 525 557 552 cst
571 526 599 552 et
613 532 716 559 amor,
739 524 780 552 ibi
797 525 870 552 Deus
893 527 945 559 est,
962 526 990 552 et
1003 532 1056 560 per

276 579 461 608 consequens
472 579 561 600 omne
577 571 702 599 bonum.

311 619 432 653 Quarto,
446 618 564 646 dilectio
586 618 715 647 fraterna
739 620 782 646 est
805 618 943 655 supplicii
967 618 1076 647 infer--

275 666 350 694 nalis
373 665 567 701 declinativa,
595 667 623 693 et
644 665 754 693 summi
775 665 847 693 boni
869 666 1054 703 acquisitiva.

274 715 330 742 lsta
345 712 423 741 enim
445 713 506 740 duo
523 712 656 741 similiter
671 715 739 741 sunt
754 713 917 748 tractanda,
934 713 1006 750 quia
1020 713 1056 741 si-

274 764 323 790 cut
343 761 373 789 in
395 761 548 789 elementis
568 760 718 797 corruptio
735 761 822 788 unius
842 763 884 788 est
903 761 1054 796 generatio

274 808 404 844 alterius,
421 808 461 836 sic
476 807 609 845 paradisi
625 807 757 835 exclusio
777 809 818 835 est
834 807 939 835 inferni
953 808 1054 844 acqui-

274 855 339 883 sitio
357 864 363 883 :
379 855 467 891 quia,
495 855 569 883 sicut
596 854 666 883 dicit
688 854 869 890 Augustinus
884 855 903 888 ²,
922 864 935 880 «
952 863 1056 883 omnes

274 905 360 930 erunt
374 902 541 936 ininfern0‚
556 903 607 938 qui
623 910 753 938 superno
770 910 831 930 non
847 901 956 930 fuerint
969 910 1054 930 eons-

274 949 349 978 tituti
381 949 411 977 in
450 957 578 985 regno.»
610 949 725 977 Utinam
764 957 834 985 ergo
872 949 1056 978 attenderent

273 996 446 1031 ChriStiani,
470 999 497 1024 et
516 996 704 1024 revolverent
729 998 826 1024 mente
850 996 953 1032 fideli,
981 997 1055 1033 quid

273 1044 411 1080 perdunt,
427 1045 455 1072 et
469 1052 522 1080 per
539 1051 725 1080 consequens
749 1043 823 1080 quid
848 1044 1016 1080 acquirunt,
1030 1045 1055 1072 si

273 1091 445 1127 proximum
460 1091 583 1125 odiunt,
609 1092 636 1118 et
657 1099 719 1118 non
741 1091 878 1126 diligunt.
901 1091 949 1119 Dic
971 1099 1053 1127 ergo,

272 1138 452 1173 Christiane,
478 1138 553 1174 quid
572 1138 695 1174 perdis,
721 1138 743 1165 si
766 1138 939 1174 proximum
964 1138 1055 1166 odis?

272 1185 422 1221 Numquid
445 1193 507 1213 non
533 1193 551 1213 a
575 1193 692 1213 summo
712 1185 793 1213 bono
818 1185 977 1220 divideris,
995 1188 1023 1213 et
1038 1195 1055 1214 a

271 1232 419 1260 consortio
428 1232 585 1260 beatorum
597 1232 784 1268 separaberis
797 1234 941 1268 perpetuo
952 1232 966 1259 ‘i
977 1233 1054 1267 Quid

271 1278 328 1306 hoc
339 1279 536 1306 damnosius?
552 1278 627 1315 quid
646 1279 752 1307 animae
768 1279 911 1314 gravius?
926 1279 954 1307 Si
970 1280 1054 1308 times

271 1326 396 1361 perdere
419 1326 596 1362 pecuniam,
619 1326 788 1354 necessario
817 1327 981 1362 aliquando
1007 1327 1053 1355 di-

271 1373 456 1408 mittendam,
473 1375 501 1401 et
517 1373 601 1401 times
611 1374 799 1410 corporalem
814 1374 940 1410 perdere
951 1375 1053 1409 vitam,

271 1420 446 1456 aliquando,
461 1420 521 1448 sive
536 1421 609 1448 velis
621 1442 629 1455 ,
646 1421 707 1448 sive
732 1421 825 1455 nolis,
847 1421 1050 1456 perdendam;

272 1475 324 1494 cur
341 1475 402 1494 non
424 1467 510 1495 times
532 1468 659 1504 perdere
676 1468 766 1495 vitam
788 1468 924 1502 beatam,
947 1469 1052 1503 jucun-

272 1513 359 1548 dam,
379 1514 471 1542 vitam
500 1523 650 1549 securam,
675 1514 767 1543 vitam
797 1515 938 1543 omnibus
965 1515 1053 1543 bonis

270 1560 401 1596 plenam,
419 1569 473 1589 nee
486 1561 523 1589 ad
539 1563 656 1598 tempus
668 1583 674 1594 ,
699 1562 752 1590 sed
771 1564 915 1598 perpetuo
931 1563 1053 1591 duratu-

269 1609 358 1636 ram?
372 1608 420 1636 Dic
441 1609 533 1642 mihi,
559 1609 634 1645 quid
658 1609 804 1645 acquiris,
832 1610 855 1637 si
881 1611 1051 1646 proximum

270 1656 354 1682 tuum
369 1655 453 1689 odis,
472 1657 577 1691 praeter
600 1656 675 1692 hoe,
692 1657 775 1692 quod
798 1657 828 1684 in
848 1657 903 1685 hac
921 1658 981 1685 vita
995 1659 1053 1686 tor-

269 1702 378 1738 queris,
393 1704 421 1730 et
436 1702 540 1730 dolore
556 1703 734 1738 extenderis,
755 1703 828 1731 dum
844 1712 914 1732 eum
929 1713 1051 1741 prospe-

268 1749 308 1777 ris
322 1749 411 1777 rebus
426 1749 580 1777 abundare
596 1750 706 1785 cernis,
732 1751 788 1778 nisi
806 1751 889 1787 quod
916 1752 1051 1779 exclusus

268 1797 306 1824 ab
323 1797 463 1825 omuibus
489 1797 593 1831 bonis,
618 1800 679 1825 tam
706 1797 934 1833 temporalibus,
959 1807 1051 1835 quam

268 1843 393 1877 aeternis,
409 1844 533 1872 traderis
547 1844 671 1872 summis
683 1845 779 1879 malis,
795 1845 890 1881 poeuis
901 1846 1049 1881 maximis,

268 1891 444 1918 aeternaliter
459 1891 609 1918 duraturis
620 1892 633 1918 ἵ)
648 1892 728 1918 Tunc
743 1891 860 1919 dolebis
875 1893 1049 1928 cogentibus

268 1937 363 1972 poenis
382 1946 390 1971 ;
416 1939 485 1965 tunc
508 1937 777 1973 irrecuperabiliter
798 1939 954 1974 plorabis;
981 1942 1049 1967 tunc

269 1984 360 2012 vitam
372 1986 452 2012 tuam
460 1984 614 2020 pristinam
623 1985 858 2021 blasphemabis,
865 1987 947 2022 quod
954 1987 1050 2022 proxi-

256 2039 351 2058 ‘mum
366 2039 426 2058 non
443 2031 588 2059 amaveris
605 2041 611 2058 :
629 2032 682 2059 sed
696 2032 770 2059 nihil
782 2034 851 2060 tunc
872 2034 925 2061 tibi
942 2035 1048 2070 prode-

267 2078 314 2111 rit,
331 2078 383 2105 ubi
395 2078 478 2106 locus
489 2078 519 2105 in
531 2081 709 2114 perpetuum
720 2080 897 2115 poenitentiae
910 2089 971 2108 non
984 2082 1046 2110 erit.

266 2125 389 2152 Attende
406 2133 487 2160 ergo,
514 2127 541 2153 et
562 2133 647 2153 cerne
663 2126 790 2161 crimen3
808 2130 835 2155 et
849 2136 928 2155 nunc
944 2129 1047 2164 proxi-

267 2179 349 2199 mum
363 2172 463 2207 dilige,
475 2172 497 2199 si
514 2172 558 2199 vis
574 2174 701 2200 mortem
722 2175 862 2201 aeternam
884 2174 1003 2210 fugere,
1021 2180 1048 2205 et

266 2218 357 2245 vitam
377 2219 589 2254 sempiternam
609 2220 773 2256 acquirere.
791 2221 836 2248 Sic
859 2221 938 2249 enim
961 2224 1048 2250 Joan-

266 2272 318 2292 nes
341 2265 412 2292 dicit
431 2266 464 2292 ³:
485 2276 497 2291 «
520 2268 577 2294 Nos
598 2267 706 2294 scimus
720 2288 728 2302 ,
748 2268 891 2303 quoniam
916 2270 1047 2298 translati

267 2320 370 2339 sumus
385 2312 422 2339 de
438 2315 532 2340 morte
547 2313 586 2341 ad
603 2314 708 2348 vitam,
734 2316 878 2350 quoniam
894 2316 1046 2351 diligimus

266 2358 380 2386 fratres.
392 2368 404 2384 «
416 2359 469 2392 Qui
479 2359 558 2386 enim
573 2368 633 2388 non
650 2361 902 2397 diligit‚manetin
913 2365 1018 2398 morte,
1031 2374 1043 2389 ι)

266 2406 337 2442 quia
352 2406 398 2434 liic
417 2408 552 2434 mortuus
571 2410 614 2434 est
633 2410 727 2436 morte
749 2409 861 2445 culpae,
885 2413 913 2438 et
939 2411 1046 2439 morie-

297 2467 305 2483 ¹
326 2468 408 2496 loten„
432 2473 495 2498 xm,
520 2468 559 2492 35.
580 2481 611 2485 —
632 2469 642 2485 ²
662 2469 780 2500 August„
805 2470 834 2494 de
858 2470 923 2494 verb.
947 2472 1046 2502 Aposl„

266 2510 343 2527 serm.
373 2509 432 2534 Xiv,
462 2504 493 2528 at.
523 2510 628 2534 ecxcuv,
655 2511 680 2529 n.
709 2506 737 2534 3,
767 2507 851 2537 quoad
878 2514 990 2532 sensum.
1016 2521 1045 2526 —

266 2538 274 2552 ³
288 2539 296 2561 l
312 2539 393 2568 Jocm„
410 2544 454 2569 ιιι,
472 2540 509 2563 14.
525 2553 555 2557 -
571 2540 579 2553 ⁴
596 2540 650 2564 Hoc
668 2541 814 2572 exemplum
834 2543 865 2566 de
881 2544 989 2568 mustela
1005 2545 1046 2568 da-

265 2576 320 2598 tum
342 2574 387 2598 fuit
406 2575 438 2599 de
460 2575 595 2600 hirundine
615 2576 641 2600 iu
660 2583 737 2600 serm.
759 2583 793 2607 ii,
815 2578 846 2602 de
866 2580 1044 2611 Evangelistis,

266 2610 348 2640 (iufra)
371 2618 429 2641 pag.
452 2612 490 2641 37,
519 2612 568 2636 col.
600 2615 619 2636 l.
636 2626 666 2630 -—
684 2613 692 2626 ⁵
713 2613 786 2637 Hunc
810 2621 863 2638 nou
881 2615 958 2639 habet
983 2616 1042 2640 edit.

267 2646 382 2677 flagelio.
394 2653 435 2670 au.
449 2648 552 2673 1496.—
563 2648 571 2660 '³
581 2649 664 2679 lomi„
678 2654 720 2679 XV,
733 2650 803 2672 14.—
819 2651 825 2664 ⁷
842 2650 904 2681 Cic.⁷
921 2651 946 2674 iii
959 2652 1041 2677 laelio.

1115 244 1162 271 tur
1175 242 1281 271 ultimo
1296 244 1391 271 morte
1404 241 1606 272 damnationis
1619 245 1743 272 aeternee.
1752 243 1775 272 Ο
1791 244 1896 272 odium

1114 290 1340 325 detestandum,
1356 298 1416 326 quo
1439 289 1573 326 perditur
1596 299 1747 319 summum
1768 291 1895 326 bonum,

1114 338 1142 365 et
1161 337 1324 374 aequiritur
1351 345 1503 365 summum
1529 337 1660 365 malum!
1688 338 1764 372 Quid
1780 338 1896 366 stultius

1113 383 1234 412 homine
1256 386 1451 420 cognoscente
1467 392 1521 413 sua
1535 384 1631 419 mala,
1657 387 1683 413 ct
1708 393 1743 413 ea
1766 385 1896 421 effugere

1113 439 1174 460 non
1187 435 1323 468 curante3
1341 441 1409 460 cnm
1428 433 1516 461 bruta
1538 432 1679 460 animalia
1694 432 1796 460 omnia
1815 432 1896 460 solli-

1113 479 1166 507 cite
1182 482 1316 516 quaerant
1328 480 1473 514 remedia,
1489 481 1516 508 et
1526 479 1640 515 fugiant
1651 487 1711 508 suffe
1723 479 1809 508 saluti
1826 487 1896 508 eon-

1112 526 1222 554 traria?
1247 528 1319 555 Nam
1343 527 1469 555 mustela
1485 528 1505 562 t,
1522 527 1545 555 si
1570 527 1633 562 ejus
1650 526 1703 554 tilii
1719 527 1791 554 fiant
1805 535 1897 554 excae-

1112 573 1180 608 cati,
1195 573 1243 601 vel
1265 574 1373 602 mortui
1386 595 1394 608 ,
1414 574 1518 610 quaerit
1539 574 1665 602 herbam
1685 574 1769 610 cujus
1790 573 1896 602 virtute

1113 628 1163 648 eos
1180 620 1262 647 vivos
1287 620 1430 649 restituat.
1448 623 1522 657 Ergo
1546 621 1672 649 mustela
1692 620 1751 648 suis¹
1767 620 1835 649 filiis
1848 629 1896 649 sa-

1111 666 1203 694 lutem
1219 667 1341 703 quaerit,
1368 669 1396 695 et
1420 670 1461 702 tu,
1484 668 1576 696 homo
1601 668 1769 703 rationalis,
1794 668 1896 704 proxi-

1111 722 1195 741 mum
1212 714 1291 748 odis,
1307 722 1368 750 quo
1384 715 1423 742 ad
1438 717 1579 751 perpetua
1596 715 1734 743 incendia
1755 715 1897 743 devolva-

1111 761 1172 789 r1s‘?
1188 761 1314 789 Laborat
1338 761 1465 789 bestiola
1485 761 1564 790 filios
1585 762 1656 790 darc
1681 762 1757 796 luci,
1772 765 1799 790 et
1814 762 1896 790 resti-

1111 811 1192 838 tuere
1209 810 1291 845 vitae3
1317 812 1345 838 et
1370 812 1400 838 tu
1423 810 1522 838 niteris
1551 812 1612 838 toto
1632 818 1718 846 posse
1746 810 1864 838 excludi
1879 818 1897 838 a

1111 857 1187 891 luce,
1209 865 1264 885 nec
1289 857 1480 894 dispendium
1496 857 1562 885 vitae
1585 857 1690 885 times?
1714 857 1811 893 Diligit
1826 858 1896 886 bru—

1111 905 1174 932 tum
1189 913 1275 932 suum
1292 904 1470 939 remedium,
1484 913 1544 941 quo
1559 904 1634 940 fugit
1648 904 1806 940 nocivum3
1823 907 1851 933 et
1865 907 1896 933 tu

1112 951 1277 979 contemnis
1293 951 1428 979 divinum
1452 953 1652 988 praeeeptum,
1674 952 1779 980 odiens
1796 952 1896 988 proxi-

1111 1007 1196 1026 mum
1211 1000 1307 1032 tuum,
1324 1007 1386 1034 quo
1403 998 1500 1026 solum
1513 1000 1624 1033 amato,
1640 1000 1725 1035 potes
1740 1000 1895 1036 pervenire

1111 1047 1150 1074 ad
1167 1047 1311 1082 regnum?
1328 1046 1424 1082 Diligit
1446 1047 1567 1075 brutum
1589 1047 1680 1075 vitam
1703 1055 1804 1082 suam,
1824 1051 1851 1076 et
1866 1051 1896 1076 tu

1112 1102 1246 1122 amorem
1273 1093 1355 1128 odis,
1378 1094 1430 1130 qui
1450 1094 1556 1122 animae
1579 1095 1637 1123 vita
1657 1094 1774 1122 existit?
1799 1097 1895 1131 Roge-

1112 1149 1189 1175 mus,
1206 1143 1261 1169 ete.

1401 1219 1529 1249 SERMO
1552 1219 1577 1248 X
1594 1221 1615 1249 ⁵.

1151 1285 1201 1311 Vos
1217 1285 1297 1312 «imici
1311 1286 1364 1312 mei
1378 1286 1452 1319 estis,
1465 1286 1491 1311 εἰ
1503 1286 1624 1317 feceritis
1637 1293 1697 1320 quae
1707 1287 1836 1320 praecipz'o
1848 1294 1892 1313 vo-

1111 1331 1150 1357 bis
1165 1330 1185 1358 ⁶.
1202 1331 1277 1358 Nihil
1297 1331 1328 1359 in
1349 1331 1405 1359 hac
1426 1331 1486 1359 vita
1512 1331 1645 1365 dulcius,
1667 1332 1741 1359 nihil
1762 1332 1893 1368 suavius,

1109 1377 1157 1404 vel
1172 1377 1349 1405 fructuosius
1364 1378 1492 1406 amicitia
1508 1378 1603 1413 bona,
1616 1378 1751 1415 nihilque
1766 1379 1895 1407 amicitia

1109 1424 1190 1452 mala
1204 1426 1300 1461 pejus,
1316 1425 1450 1461 nihilque
1467 1426 1651 1461 damnosius,
1668 1426 1691 1454 si
1707 1428 1803 1454 tamen
1818 1427 1894 1455 ami-

1109 1472 1176 1499 citia
1192 1472 1271 1500 mala
1288 1473 1416 1501 amicitia
1432 1475 1483 1507 est,
1500 1481 1585 1508 cum,
1602 1474 1768 1501 secundum
1787 1474 1894 1502 Tullia-

1109 1526 1180 1546 nam
1202 1519 1368 1547 doctrinam
1391 1521 1419 1554 7,
1446 1531 1459 1544 «
1483 1520 1557 1548 nihil
1581 1521 1660 1548 aliud
1690 1521 1725 1548 sit
1747 1521 1892 1556 amicitia,

1109 1573 1200 1600 quam
1216 1566 1426 1599 humanarum,
1455 1567 1686 1603 divinarumque
1703 1576 1813 1602 rerum,
1828 1569 1893 1604 pari

1109 1620 1177 1640 cum
1206 1613 1432 1647 benevolentia,
1462 1616 1490 1642 et
1513 1614 1670 1649 charitate,
1699 1623 1861 1642 consensus
1885 1624 1891 1642 z

1108 1661 1140 1687 ut
1154 1660 1190 1687 sit
1208 1660 1289 1687 idem
1308 1660 1397 1694 velle,
1423 1662 1451 1688 et
1470 1660 1550 1688 idem
1572 1661 1652 1689 nolle
1675 1661 1705 1688 iu
1730 1662 1821 1689 rebus
1836 1662 1891 1690 ho-

1109 1707 1206 1734 nestis.
1224 1719 1236 1732 »
1257 1707 1337 1735 Unde
1363 1708 1478 1736 Boetius
1498 1708 1508 1724 ⁸
1532 1708 1636 1742 docet,
1659 1708 1742 1744 quod
1764 1709 1892 1737 amicitia

1107 1762 1169 1781 non
1189 1754 1263 1781 inter
1282 1755 1407 1782 l'ortunze
1433 1755 1532 1789 bona,
1559 1755 1612 1783 sed
1636 1755 1711 1783 inter
1734 1756 1816 1783 bona
1838 1756 1892 1784 ho-

1107 1803 1189 1828 nesta
1209 1804 1236 1828 et
1252 1802 1383 1829 virtuosa
1398 1804 1440 1829 est
1456 1802 1668 1838 computanda.
1691 1803 1719 1830 Si
1741 1811 1812 1838 ergo
1828 1805 1890 1831 tau—

1107 1849 1169 1875 tum
1183 1848 1297 1876 bonum
1313 1851 1354 1876 est
1368 1849 1498 1876 amicitia
1517 1849 1660 1883 humana,
1677 1852 1822 1885 quantum
1836 1851 1891 1878 bo-

1106 1902 1179 1922 num
1201 1897 1243 1923 est
1266 1895 1396 1923 amicitia
1418 1896 1538 1924 divina?
1561 1896 1639 1924 Beati
1662 1905 1750 1931 ergo,
1775 1899 1802 1924 et
1822 1897 1890 1933 plus

1106 1950 1197 1978 quam
1219 1943 1296 1970 beati
1318 1943 1376 1970 dici
1401 1945 1540 1979 possunt,
1568 1943 1678 1979 quibus
1706 1944 1819 1971 dictum
1849 1947 1890 1972 est

1105 1997 1176 2016 voce
1194 1990 1241 2017 Dei
1256 1999 1262 2017 :
1283 1991 1334 2017 Vos
1350 1991 1430 2017 amici
1443 1991 1497 2017 mei
1512 1992 1585 2017 estis.
1602 1992 1632 2017 ln
1649 1999 1709 2026 quo
1726 1990 1818 2018 verbo
1835 1999 1889 2019 no-

1104 2037 1203 2064 tantur
1218 2036 1347 2064 maxime
1363 2037 1423 2064 duo
1439 2046 1445 2064 2
1463 2045 1533 2065 nam
1548 2037 1646 2073 primo
1663 2038 1803 2065 describit
1817 2038 1889 2066 ami-

1105 2083 1203 2111 citiam
1219 2086 1364 2120 quantum
1387 2084 1426 2111 ad
1450 2084 1556 2112 mentis
1576 2084 1730 2119 affectum;
1755 2085 1887 2113 secundo

1105 2129 1244 2158 describit
1256 2139 1320 2158 eain
1333 2133 1480 2166 quantum
1495 2131 1534 2158 ad
1544 2132 1725 2167 operationis
1738 2132 1885 2160 effectum.

1104 2177 1233 2204 Primum
1255 2177 1375 2213 respicit
1398 2178 1513 2205 bonum
1538 2178 1648 2206 amoris
1672 2178 1808 2214 interius,
1834 2179 1887 2207 sed

1103 2223 1277 2258 secundum,
1294 2224 1409 2251 bonum
1432 2224 1614 2260 operationis
1638 2225 1773 2253 exterius
1800 2227 1886 2254 Caete-

1102 2279 1168 2298 rum
1185 2271 1313 2298 amicitia
1328 2271 1437 2305 cordiS,
1458 2272 1568 2299 amoris
1584 2274 1625 2299 est
1648 2273 1814 2306 incensiva;
1833 2274 1886 2301 sed

1103 2318 1232 2345 amicitia
1254 2318 1362 2354 operis,
1386 2318 1532 2346 interioris
1553 2321 1595 2347 est
1616 2319 1750 2347 amicitiae
1772 2321 1884 2356 proba-

1102 2364 1170 2392 tiva.
1189 2366 1310 2392 Notatur
1325 2373 1395 2400 ergo
1411 2366 1540 2393 amicitia
1561 2366 1669 2401 primo,
1688 2370 1832 2402 quantum
1845 2368 1883 2395 ad

1102 2412 1240 2439 affectum
1256 2411 1286 2438 iu
1301 2411 1402 2446 corde,
1424 2420 1491 2439 cum
1506 2412 1612 2440 dicitur
1628 2422 1634 2439 :
1660 2414 1710 2440 Vos
1735 2416 1817 2441 amz'cc
1833 2417 1885 2442 mei

1103 2500 1172 2524 idem
1194 2500 1269 2524 etiam
1289 2501 1322 2525 ait
1343 2501 1496 2532 Augustinus
1518 2503 1604 2525 conti-a
1630 2502 1762 2531 Academi„
1780 2503 1823 2527 lib.
1842 2505 1884 2535 ΙΙΙ,

1102 2536 1178 2565 louge
1194 2539 1253 2567 post
1272 2536 1381 2565 initium,
1398 2538 1422 2560 et
1438 2537 1463 2560 in
1479 2537 1551 2568 epist.
1569 2544 1638 2568 ουν,
1654 2538 1683 2561 de
1698 2546 1755 2562 vera
1770 2540 1884 2569 Amicii„

1101 2572 1190 2632 getulia.
1218 2572 1292 2596 unico
1316 2573 1346 2597 de
1367 2573 1488 2596 Amicitia
1507 2573 1532 2596 in
1551 2574 1694 2605 principio,
1718 2577 1743 2599 et
1765 2574 1833 2599 alibi.
1855 2589 1885 2593 —-

1133 2654 1166 2683 (a)
1184 2654 1239 2685 Lars.
1257 2653 1449 2678 inveniuntur...
1467 2654 1626 2685 abjicientur.
