<?xml version="1.0" encoding="UTF-8"?>
<!DOCTYPE html PUBLIC "-//W3C//DTD XHTML 1.0 Transitional//EN"
    "http://www.w3.org/TR/xhtml1/DTD/xhtml1-transitional.dtd">
<html xmlns="http://www.w3.org/1999/xhtml" xml:lang="en" lang="en">
 <head>
  <title>
</title>
<meta http-equiv="Content-Type" content="text/html;charset=utf-8" />
  <meta name='ocr-system' content='tesseract 3.04.00' />
  <meta name='ocr-capabilities' content='ocr_page ocr_carea ocr_par ocr_line ocrx_word'/>
</head>
<body>
  <div class='ocr_page' id='page_1' title='image "./operaomniasixtiv14bonauoft/operaomniasixtiv14bonauoft_0462.png"; bbox 0 0 2029 3052; ppageno 0'>
   <div class='ocr_carea' id='block_1_1' title="bbox 187 232 246 262">
    <p class='ocr_par' dir='ltr' id='par_1_1' title="bbox 187 232 246 262">
     <span class='ocr_line' id='line_1_1' title="bbox 187 232 246 262; baseline -0.034 0"><span class='ocrx_word' id='word_1_1' title='bbox 187 232 246 262; x_wconf 70' lang='lat'><strong>424</strong></span> 
     </span>
    </p>
   </div>
   <div class='ocr_carea' id='block_1_2' title="bbox 160 293 979 2600">
    <p class='ocr_par' dir='ltr' id='par_1_2' title="bbox 160 293 979 2600">
     <span class='ocr_line' id='line_1_2' title="bbox 187 293 962 337; baseline -0.006 -8"><span class='ocrx_word' id='word_1_2' title='bbox 187 297 364 330; x_wconf 90' lang='lat' dir='ltr'><strong>secundum</strong></span> <span class='ocrx_word' id='word_1_3' title='bbox 373 296 533 337; x_wconf 84' lang='lat' dir='ltr'><strong>duplicem</strong></span> <span class='ocrx_word' id='word_1_4' title='bbox 545 296 657 335; x_wconf 86' lang='lat' dir='ltr'><strong>vitam,</strong></span> <span class='ocrx_word' id='word_1_5' title='bbox 668 293 815 327; x_wconf 89' lang='lat' dir='ltr'><strong>videlicet</strong></span> <span class='ocrx_word' id='word_1_6' title='bbox 824 293 962 326; x_wconf 86' lang='lat' dir='ltr'><strong>activam</strong></span> 
     </span>
     <span class='ocr_line' id='line_1_3' title="bbox 187 347 963 392; baseline -0.006 -9"><span class='ocrx_word' id='word_1_7' title='bbox 187 353 218 384; x_wconf 90' lang='lat' dir='ltr'><strong>et</strong></span> <span class='ocrx_word' id='word_1_8' title='bbox 231 351 522 392; x_wconf 81' lang='lat' dir='ltr'>contemplativam,</span> <span class='ocrx_word' id='word_1_9' title='bbox 539 351 575 381; x_wconf 92' lang='lat' dir='ltr'><strong>in</strong></span> <span class='ocrx_word' id='word_1_10' title='bbox 588 349 715 381; x_wconf 91' lang='lat' dir='ltr'><strong>duobus</strong></span> <span class='ocrx_word' id='word_1_11' title='bbox 739 348 892 386; x_wconf 85' lang='lat' dir='ltr'><strong>consistit,</strong></span> <span class='ocrx_word' id='word_1_12' title='bbox 916 347 963 378; x_wconf 91' lang='lat' dir='ltr'><strong>vi-</strong></span> 
     </span>
     <span class='ocr_line' id='line_1_4' title="bbox 187 401 960 443; baseline -0.006 -6"><span class='ocrx_word' id='word_1_13' title='bbox 187 405 299 437; x_wconf 88' lang='lat' dir='ltr'><strong>delicet</strong></span> <span class='ocrx_word' id='word_1_14' title='bbox 323 405 358 436; x_wconf 92' lang='lat' dir='ltr'><strong>in</strong></span> <span class='ocrx_word' id='word_1_15' title='bbox 389 403 653 436; x_wconf 81' lang='lat' dir='ltr'><strong>condescensione</strong></span> <span class='ocrx_word' id='word_1_16' title='bbox 684 403 724 434; x_wconf 91' lang='lat' dir='ltr'><strong>ad</strong></span> <span class='ocrx_word' id='word_1_17' title='bbox 757 401 960 443; x_wconf 87' lang='lat' dir='ltr'><strong>proximum,</strong></span> 
     </span>
     <span class='ocr_line' id='line_1_5' title="bbox 187 455 964 492; baseline -0.006 -1"><span class='ocrx_word' id='word_1_18' title='bbox 187 461 219 492; x_wconf 88' lang='lat' dir='ltr'><strong>et</strong></span> <span class='ocrx_word' id='word_1_19' title='bbox 241 460 276 490; x_wconf 92' lang='lat' dir='ltr'><strong>in</strong></span> <span class='ocrx_word' id='word_1_20' title='bbox 298 458 552 491; x_wconf 89' lang='lat' dir='ltr'><strong>sursumactione</strong></span> <span class='ocrx_word' id='word_1_21' title='bbox 568 456 684 488; x_wconf 88' lang='lat' dir='ltr'><strong>mentis</strong></span> <span class='ocrx_word' id='word_1_22' title='bbox 698 456 732 487; x_wconf 91' lang='lat' dir='ltr'><strong>in</strong></span> <span class='ocrx_word' id='word_1_23' title='bbox 747 455 858 487; x_wconf 89' lang='lat' dir='ltr'><strong>Deum.</strong></span> <span class='ocrx_word' id='word_1_24' title='bbox 887 455 964 486; x_wconf 89' lang='lat' dir='ltr'><strong>Con-</strong></span> 
     </span>
     <span class='ocr_line' id='line_1_6' title="bbox 187 509 964 552; baseline -0.008 -6"><span class='ocrx_word' id='word_1_25' title='bbox 187 514 270 546; x_wconf 90' lang='lat' dir='ltr'><strong>sistit</strong></span> <span class='ocrx_word' id='word_1_26' title='bbox 300 515 409 545; x_wconf 80' lang='lat' dir='ltr'><strong>autem</strong></span> <span class='ocrx_word' id='word_1_27' title='bbox 441 510 707 552; x_wconf 86' lang='lat' dir='ltr'><strong>supererogativa</strong></span> <span class='ocrx_word' id='word_1_28' title='bbox 741 509 964 541; x_wconf 83' lang='lat' dir='ltr'><strong>condescensio</strong></span> 
     </span>
     <span class='ocr_line' id='line_1_7' title="bbox 187 564 964 607; baseline -0.008 -7"><span class='ocrx_word' id='word_1_29' title='bbox 187 567 349 600; x_wconf 84' lang='lat' dir='ltr'><strong>charitatis</strong></span> <span class='ocrx_word' id='word_1_30' title='bbox 365 567 405 598; x_wconf 92' lang='lat' dir='ltr'><strong>ad</strong></span> <span class='ocrx_word' id='word_1_31' title='bbox 429 565 618 607; x_wconf 85' lang='lat' dir='ltr'><strong>proximum</strong></span> <span class='ocrx_word' id='word_1_32' title='bbox 640 565 676 596; x_wconf 89' lang='lat' dir='ltr'><strong>in</strong></span> <span class='ocrx_word' id='word_1_33' title='bbox 696 564 770 604; x_wconf 79' lang='lat' dir='ltr'><strong>hoe,</strong></span> <span class='ocrx_word' id='word_1_34' title='bbox 793 565 829 595; x_wconf 89' lang='lat' dir='ltr'><strong>ut</strong></span> <span class='ocrx_word' id='word_1_35' title='bbox 850 572 964 595; x_wconf 85' lang='lat' dir='ltr'><strong>secun-</strong></span> 
     </span>
     <span class='ocr_line' id='line_1_8' title="bbox 187 618 966 662; baseline -0.006 -8"><span class='ocrx_word' id='word_1_36' title='bbox 187 623 266 654; x_wconf 92' lang='lat' dir='ltr'><strong>dum</strong></span> <span class='ocrx_word' id='word_1_37' title='bbox 278 622 385 662; x_wconf 88' lang='lat' dir='ltr'><strong>legem</strong></span> <span class='ocrx_word' id='word_1_38' title='bbox 395 620 527 662; x_wconf 76' lang='lat' dir='ltr'><strong>justitiae</strong></span> <span class='ocrx_word' id='word_1_39' title='bbox 542 621 573 651; x_wconf 90' lang='lat' dir='ltr'><strong>et</strong></span> <span class='ocrx_word' id='word_1_40' title='bbox 587 619 825 658; x_wconf 75' lang='lat' dir='ltr'><strong>misericordiae,</strong></span> <span class='ocrx_word' id='word_1_41' title='bbox 847 618 966 650; x_wconf 89' lang='lat' dir='ltr'><strong>amoris</strong></span> 
     </span>
     <span class='ocr_line' id='line_1_9' title="bbox 188 673 964 716; baseline -0.005 -9"><span class='ocrx_word' id='word_1_42' title='bbox 188 676 283 716; x_wconf 83' lang='lat' dir='ltr'><strong>signa</strong></span> <span class='ocrx_word' id='word_1_43' title='bbox 296 678 327 707; x_wconf 88' lang='lat' dir='ltr'><strong>et</strong></span> <span class='ocrx_word' id='word_1_44' title='bbox 341 674 494 706; x_wconf 82' lang='lat' dir='ltr'><strong>beneficia</strong></span> <span class='ocrx_word' id='word_1_45' title='bbox 508 683 573 705; x_wconf 91' lang='lat' dir='ltr'><strong>non</strong></span> <span class='ocrx_word' id='word_1_46' title='bbox 588 673 693 705; x_wconf 88' lang='lat' dir='ltr'><strong>solum</strong></span> <span class='ocrx_word' id='word_1_47' title='bbox 705 673 745 705; x_wconf 89' lang='lat' dir='ltr'><strong>ad</strong></span> <span class='ocrx_word' id='word_1_48' title='bbox 762 673 891 712; x_wconf 82' lang='lat' dir='ltr'><strong>amicOS,</strong></span> <span class='ocrx_word' id='word_1_49' title='bbox 908 681 964 704; x_wconf 87' lang='lat' dir='ltr'><strong>ve-</strong></span> 
     </span>
     <span class='ocr_line' id='line_1_10' title="bbox 188 726 968 767; baseline -0.005 -6"><span class='ocrx_word' id='word_1_50' title='bbox 188 739 265 761; x_wconf 88' lang='lat' dir='ltr'><strong>rum</strong></span> <span class='ocrx_word' id='word_1_51' title='bbox 279 729 376 760; x_wconf 87' lang='lat' dir='ltr'><strong>etiam</strong></span> <span class='ocrx_word' id='word_1_52' title='bbox 391 728 431 760; x_wconf 89' lang='lat' dir='ltr'><strong>ad</strong></span> <span class='ocrx_word' id='word_1_53' title='bbox 442 728 597 766; x_wconf 88' lang='lat' dir='ltr'><strong>inimicos,</strong></span> <span class='ocrx_word' id='word_1_54' title='bbox 607 727 758 767; x_wconf 84' lang='lat' dir='ltr'><strong>largiflua</strong></span> <span class='ocrx_word' id='word_1_55' title='bbox 770 726 968 766; x_wconf 81' lang='lat' dir='ltr'><strong>benignitate</strong></span> 
     </span>
     <span class='ocr_line' id='line_1_11' title="bbox 188 781 965 823; baseline -0.001 -9"><span class='ocrx_word' id='word_1_56' title='bbox 188 783 440 823; x_wconf 78' lang='lat' dir='ltr'><strong>protendantur,</strong></span> <span class='ocrx_word' id='word_1_57' title='bbox 470 781 648 813; x_wconf 88' lang='lat' dir='ltr'><strong>secundum</strong></span> <span class='ocrx_word' id='word_1_58' title='bbox 671 781 750 813; x_wconf 87' lang='lat' dir='ltr'><strong>illud</strong></span> <span class='ocrx_word' id='word_1_59' title='bbox 774 782 783 798; x_wconf 84' lang='lat'>¹</span> <span class='ocrx_word' id='word_1_60' title='bbox 805 792 812 812; x_wconf 71' lang='grc' dir='ltr'>ε</span> <span class='ocrx_word' id='word_1_61' title='bbox 832 781 965 822; x_wconf 63' lang='lat' dir='ltr'><strong>Diligite</strong></span> 
     </span>
     <span class='ocr_line' id='line_1_12' title="bbox 190 835 968 876; baseline -0.004 -6"><span class='ocrx_word' id='word_1_62' title='bbox 190 838 340 870; x_wconf 77' lang='lat' dir='ltr'><strong>inimicos</strong></span> <span class='ocrx_word' id='word_1_63' title='bbox 352 839 483 875; x_wconf 83' lang='lat' dir='ltr'><strong>vestros,</strong></span> <span class='ocrx_word' id='word_1_64' title='bbox 498 836 672 875; x_wconf 76' lang='lat' dir='ltr'><strong>benefacite</strong></span> <span class='ocrx_word' id='word_1_65' title='bbox 687 835 751 874; x_wconf 81' lang='lat' dir='ltr'><strong>his,</strong></span> <span class='ocrx_word' id='word_1_66' title='bbox 764 837 822 876; x_wconf 79' lang='lat' dir='ltr'><strong>qui</strong></span> <span class='ocrx_word' id='word_1_67' title='bbox 831 835 968 868; x_wconf 80' lang='lat' dir='ltr'><strong>oderunt</strong></span> 
     </span>
     <span class='ocr_line' id='line_1_13' title="bbox 191 890 969 931; baseline -0.003 -7"><span class='ocrx_word' id='word_1_68' title='bbox 191 899 257 924; x_wconf 83' lang='lat' dir='ltr'><strong>vos.</strong></span> <span class='ocrx_word' id='word_1_69' title='bbox 274 891 312 922; x_wconf 89' lang='lat' dir='ltr'><strong>Et</strong></span> <span class='ocrx_word' id='word_1_70' title='bbox 329 892 399 931; x_wconf 86' lang='lat' dir='ltr'><strong>post</strong></span> <span class='ocrx_word' id='word_1_71' title='bbox 415 900 422 922; x_wconf 94' lang='lat'>:</span> <span class='ocrx_word' id='word_1_72' title='bbox 440 891 544 923; x_wconf 83' lang='lat' dir='ltr'><strong>Estote</strong></span> <span class='ocrx_word' id='word_1_73' title='bbox 559 890 702 930; x_wconf 74' lang='lat' dir='ltr'><strong>perfecti,</strong></span> <span class='ocrx_word' id='word_1_74' title='bbox 727 890 811 922; x_wconf 80' lang='lat' dir='ltr'><strong>sicut</strong></span> <span class='ocrx_word' id='word_1_75' title='bbox 830 892 858 922; x_wconf 86' lang='lat' dir='ltr'><strong>et</strong></span> <span class='ocrx_word' id='word_1_76' title='bbox 876 890 969 922; x_wconf 86' lang='lat' dir='ltr'><strong>Pater</strong></span> 
     </span>
     <span class='ocr_line' id='line_1_14' title="bbox 191 944 967 985; baseline -0.004 -7"><span class='ocrx_word' id='word_1_77' title='bbox 191 949 295 979; x_wconf 83' lang='lat' dir='ltr'><strong>vester</strong></span> <span class='ocrx_word' id='word_1_78' title='bbox 304 944 439 978; x_wconf 78' lang='lat' dir='ltr'><strong>coelestis</strong></span> <span class='ocrx_word' id='word_1_79' title='bbox 451 945 613 985; x_wconf 75' lang='lat' dir='ltr'><strong>perfectus</strong></span> <span class='ocrx_word' id='word_1_80' title='bbox 627 947 684 977; x_wconf 80' lang='lat' dir='ltr'><strong>est.</strong></span> <span class='ocrx_word' id='word_1_81' title='bbox 699 944 759 976; x_wconf 88' lang='lat' dir='ltr'><strong>Per</strong></span> <span class='ocrx_word' id='word_1_82' title='bbox 769 945 856 976; x_wconf 89' lang='lat' dir='ltr'><strong>hunc</strong></span> <span class='ocrx_word' id='word_1_83' title='bbox 870 946 967 976; x_wconf 86' lang='lat' dir='ltr'><strong>etiam</strong></span> 
     </span>
     <span class='ocr_line' id='line_1_15' title="bbox 192 998 969 1040; baseline -0.003 -9"><span class='ocrx_word' id='word_1_84' title='bbox 192 999 325 1031; x_wconf 87' lang='lat' dir='ltr'><strong>modum</strong></span> <span class='ocrx_word' id='word_1_85' title='bbox 351 998 613 1040; x_wconf 85' lang='lat' dir='ltr'><strong>supererogativa</strong></span> <span class='ocrx_word' id='word_1_86' title='bbox 625 999 838 1030; x_wconf 86' lang='lat' dir='ltr'><strong>sursumactio</strong></span> <span class='ocrx_word' id='word_1_87' title='bbox 853 998 969 1030; x_wconf 89' lang='lat' dir='ltr'><strong>mentis</strong></span> 
     </span>
     <span class='ocr_line' id='line_1_16' title="bbox 192 1053 968 1092; baseline -0.003 -6"><span class='ocrx_word' id='word_1_88' title='bbox 192 1055 226 1086; x_wconf 89' lang='lat' dir='ltr'><strong>in</strong></span> <span class='ocrx_word' id='word_1_89' title='bbox 240 1054 340 1085; x_wconf 91' lang='lat' dir='ltr'><strong>Deum</strong></span> <span class='ocrx_word' id='word_1_90' title='bbox 355 1053 389 1084; x_wconf 90' lang='grc'><strong>111</strong></span> <span class='ocrx_word' id='word_1_91' title='bbox 404 1053 465 1084; x_wconf 89' lang='lat' dir='ltr'><strong>hoc</strong></span> <span class='ocrx_word' id='word_1_92' title='bbox 479 1053 664 1092; x_wconf 84' lang='lat' dir='ltr'><strong>attenditur,</strong></span> <span class='ocrx_word' id='word_1_93' title='bbox 680 1055 718 1084; x_wconf 91' lang='lat' dir='ltr'><strong>ut</strong></span> <span class='ocrx_word' id='word_1_94' title='bbox 732 1053 908 1084; x_wconf 88' lang='lat' dir='ltr'><strong>secundum</strong></span> <span class='ocrx_word' id='word_1_95' title='bbox 922 1053 968 1084; x_wconf 89' lang='lat' dir='ltr'><strong>le-</strong></span> 
     </span>
     <span class='ocr_line' id='line_1_17' title="bbox 192 1107 970 1148; baseline -0.001 -10"><span class='ocrx_word' id='word_1_96' title='bbox 192 1117 269 1148; x_wconf 83' lang='lat' dir='ltr'><strong>gem</strong></span> <span class='ocrx_word' id='word_1_97' title='bbox 289 1107 436 1138; x_wconf 81' lang='lat' dir='ltr'><strong>mentalis</strong></span> <span class='ocrx_word' id='word_1_98' title='bbox 457 1107 636 1145; x_wconf 68' lang='lat' dir='ltr'><strong>munditiae,</strong></span> <span class='ocrx_word' id='word_1_99' title='bbox 662 1116 698 1138; x_wconf 85' lang='lat' dir='ltr'><strong>ac</strong></span> <span class='ocrx_word' id='word_1_100' title='bbox 721 1107 806 1147; x_wconf 82' lang='lat' dir='ltr'><strong>pacis</strong></span> <span class='ocrx_word' id='word_1_101' title='bbox 826 1115 970 1137; x_wconf 90' lang='lat' dir='ltr'><strong>amorem</strong></span> 
     </span>
     <span class='ocr_line' id='line_1_18' title="bbox 193 1159 972 1200; baseline -0.003 -8"><span class='ocrx_word' id='word_1_102' title='bbox 193 1161 389 1199; x_wconf 87' lang='lat' dir='ltr'><strong>ecstaticum,</strong></span> <span class='ocrx_word' id='word_1_103' title='bbox 405 1161 438 1191; x_wconf 90' lang='lat' dir='ltr'><strong>in</strong></span> <span class='ocrx_word' id='word_1_104' title='bbox 452 1160 577 1192; x_wconf 91' lang='lat' dir='ltr'><strong>divinos</strong></span> <span class='ocrx_word' id='word_1_105' title='bbox 595 1159 779 1200; x_wconf 86' lang='lat' dir='ltr'><strong>splendores</strong></span> <span class='ocrx_word' id='word_1_106' title='bbox 794 1162 825 1191; x_wconf 91' lang='lat' dir='ltr'><strong>et</strong></span> <span class='ocrx_word' id='word_1_107' title='bbox 843 1160 972 1191; x_wconf 87' lang='lat' dir='ltr'><strong>ardores</strong></span> 
     </span>
     <span class='ocr_line' id='line_1_19' title="bbox 194 1214 969 1254; baseline -0.001 -8"><span class='ocrx_word' id='word_1_108' title='bbox 194 1224 283 1246; x_wconf 88' lang='lat' dir='ltr'><strong>sacra</strong></span> <span class='ocrx_word' id='word_1_109' title='bbox 298 1223 389 1246; x_wconf 90' lang='lat' dir='ltr'><strong>mens</strong></span> <span class='ocrx_word' id='word_1_110' title='bbox 405 1214 520 1247; x_wconf 84' lang='lat' dir='ltr'><strong>devota</strong></span> <span class='ocrx_word' id='word_1_111' title='bbox 534 1214 648 1245; x_wconf 85' lang='lat' dir='ltr'><strong>sentiat</strong></span> <span class='ocrx_word' id='word_1_112' title='bbox 662 1216 693 1245; x_wconf 87' lang='lat' dir='ltr'><strong>et</strong></span> <span class='ocrx_word' id='word_1_113' title='bbox 709 1214 848 1254; x_wconf 86' lang='lat' dir='ltr'><strong>patiatur</strong></span> <span class='ocrx_word' id='word_1_114' title='bbox 861 1223 969 1245; x_wconf 79' lang='lat' dir='ltr'><strong>exces-</strong></span> 
     </span>
     <span class='ocr_line' id='line_1_20' title="bbox 194 1268 968 1308; baseline -0.003 -8"><span class='ocrx_word' id='word_1_115' title='bbox 194 1277 278 1307; x_wconf 85' lang='lat' dir='ltr'><strong>sum,</strong></span> <span class='ocrx_word' id='word_1_116' title='bbox 299 1269 395 1308; x_wconf 75' lang='lat' dir='ltr'><strong>Juxta</strong></span> <span class='ocrx_word' id='word_1_117' title='bbox 416 1268 494 1299; x_wconf 93' lang='lat' dir='ltr'><strong>illud</strong></span> <span class='ocrx_word' id='word_1_118' title='bbox 516 1268 658 1308; x_wconf 81' lang='lat' dir='ltr'><strong>Apostoli</strong></span> <span class='ocrx_word' id='word_1_119' title='bbox 681 1268 721 1299; x_wconf 91' lang='lat' dir='ltr'><strong>ad</strong></span> <span class='ocrx_word' id='word_1_120' title='bbox 746 1268 944 1299; x_wconf 81' lang='lat' dir='ltr'><strong>Corinthios²</strong></span> <span class='ocrx_word' id='word_1_121' title='bbox 962 1279 968 1298; x_wconf 93' lang='lat'>:</span> 
     </span>
     <span class='ocr_line' id='line_1_21' title="bbox 160 1322 970 1361; baseline -0.002 -6"><span class='ocrx_word' id='word_1_122' title='bbox 160 1322 162 1324; x_wconf 79' lang='grc'><strong>’</strong></span> <span class='ocrx_word' id='word_1_123' title='bbox 196 1324 274 1355; x_wconf 80' lang='lat' dir='ltr'><strong>Sive</strong></span> <span class='ocrx_word' id='word_1_124' title='bbox 288 1326 390 1355; x_wconf 79' lang='lat' dir='ltr'><strong>mente</strong></span> <span class='ocrx_word' id='word_1_125' title='bbox 404 1322 600 1361; x_wconf 69' lang='lat' dir='ltr'><strong>excedimus,</strong></span> <span class='ocrx_word' id='word_1_126' title='bbox 619 1323 696 1360; x_wconf 85' lang='lat' dir='ltr'><strong>De0;</strong></span> <span class='ocrx_word' id='word_1_127' title='bbox 713 1322 780 1354; x_wconf 76' lang='lat' dir='ltr'><strong>sive</strong></span> <span class='ocrx_word' id='word_1_128' title='bbox 796 1322 895 1354; x_wconf 67' lang='lat' dir='ltr'><strong>sobi-tt</strong></span> <span class='ocrx_word' id='word_1_129' title='bbox 916 1330 970 1354; x_wconf 82' lang='lat' dir='ltr'><strong>stt—</strong></span> 
     </span>
     <span class='ocr_line' id='line_1_22' title="bbox 196 1376 974 1416; baseline -0.003 -7"><span class='ocrx_word' id='word_1_130' title='bbox 196 1386 278 1416; x_wconf 80' lang='lat' dir='ltr'><strong>mus,</strong></span> <span class='ocrx_word' id='word_1_131' title='bbox 301 1376 401 1409; x_wconf 78' lang='lat' dir='ltr'><strong>vobis.</strong></span> <span class='ocrx_word' id='word_1_132' title='bbox 420 1376 457 1408; x_wconf 82' lang='lat' dir='ltr'><strong>Et</strong></span> <span class='ocrx_word' id='word_1_133' title='bbox 472 1377 512 1408; x_wconf 82' lang='lat' dir='ltr'><strong>ad</strong></span> <span class='ocrx_word' id='word_1_134' title='bbox 532 1377 684 1408; x_wconf 81' lang='lat' dir='ltr'><strong>Ilehraeos</strong></span> <span class='ocrx_word' id='word_1_135' title='bbox 699 1379 709 1395; x_wconf 81' lang='lat'><strong>³</strong></span> <span class='ocrx_word' id='word_1_136' title='bbox 726 1387 732 1407; x_wconf 82' lang='lat' dir='ltr'><strong><em>z</em></strong></span> <span class='ocrx_word' id='word_1_137' title='bbox 757 1377 974 1415; x_wconf 73' lang='lat' dir='ltr'><strong>Persectorwn</strong></span> 
     </span>
     <span class='ocr_line' id='line_1_23' title="bbox 197 1429 969 1470; baseline -0.005 -6"><span class='ocrx_word' id='word_1_138' title='bbox 197 1435 244 1464; x_wconf 83' lang='lat' dir='ltr'><strong>est</strong></span> <span class='ocrx_word' id='word_1_139' title='bbox 264 1429 353 1464; x_wconf 70' lang='lat' dir='ltr'><strong>cibus</strong></span> <span class='ocrx_word' id='word_1_140' title='bbox 376 1430 512 1463; x_wconf 72' lang='lat' dir='ltr'><strong>solidus.</strong></span> <span class='ocrx_word' id='word_1_141' title='bbox 534 1430 639 1461; x_wconf 85' lang='lat' dir='ltr'><strong>Tertia</strong></span> <span class='ocrx_word' id='word_1_142' title='bbox 663 1430 802 1470; x_wconf 86' lang='lat' dir='ltr'><strong>denique</strong></span> <span class='ocrx_word' id='word_1_143' title='bbox 828 1439 969 1469; x_wconf 81' lang='lat' dir='ltr'><strong>evange-</strong></span> 
     </span>
     <span class='ocr_line' id='line_1_24' title="bbox 196 1484 974 1525; baseline -0.003 -9"><span class='ocrx_word' id='word_1_144' title='bbox 196 1485 266 1516; x_wconf 87' lang='lat' dir='ltr'><strong>licae</strong></span> <span class='ocrx_word' id='word_1_145' title='bbox 286 1484 485 1525; x_wconf 82' lang='lat' dir='ltr'><strong>perfectionis</strong></span> <span class='ocrx_word' id='word_1_146' title='bbox 503 1484 606 1524; x_wconf 89' lang='lat' dir='ltr'><strong>portio</strong></span> <span class='ocrx_word' id='word_1_147' title='bbox 627 1484 769 1514; x_wconf 85' lang='lat' dir='ltr'><strong>consistit</strong></span> <span class='ocrx_word' id='word_1_148' title='bbox 790 1484 824 1514; x_wconf 91' lang='lat' dir='ltr'><strong>in</strong></span> <span class='ocrx_word' id='word_1_149' title='bbox 845 1493 974 1524; x_wconf 89' lang='lat' dir='ltr'><strong>supere-</strong></span> 
     </span>
     <span class='ocr_line' id='line_1_25' title="bbox 198 1538 975 1579; baseline -0.003 -9"><span class='ocrx_word' id='word_1_150' title='bbox 198 1539 345 1579; x_wconf 80' lang='lat' dir='ltr'><strong>rogativa</strong></span> <span class='ocrx_word' id='word_1_151' title='bbox 359 1538 562 1579; x_wconf 84' lang='lat' dir='ltr'><strong>perpessione</strong></span> <span class='ocrx_word' id='word_1_152' title='bbox 578 1538 704 1569; x_wconf 82' lang='lat' dir='ltr'><strong>adversi</strong></span> <span class='ocrx_word' id='word_1_153' title='bbox 719 1549 726 1568; x_wconf 87' lang='lat'><strong>:</strong></span> <span class='ocrx_word' id='word_1_154' title='bbox 750 1547 823 1578; x_wconf 85' lang='lat' dir='ltr'><strong>quae</strong></span> <span class='ocrx_word' id='word_1_155' title='bbox 844 1538 975 1578; x_wconf 85' lang='lat' dir='ltr'><strong>quidem</strong></span> 
     </span>
     <span class='ocr_line' id='line_1_26' title="bbox 198 1591 974 1632; baseline -0.001 -9"><span class='ocrx_word' id='word_1_156' title='bbox 198 1593 384 1631; x_wconf 87' lang='lat' dir='ltr'><strong>attenditur,</strong></span> <span class='ocrx_word' id='word_1_157' title='bbox 411 1601 475 1622; x_wconf 89' lang='lat' dir='ltr'><strong>nou</strong></span> <span class='ocrx_word' id='word_1_158' title='bbox 494 1591 599 1622; x_wconf 83' lang='lat' dir='ltr'><strong>solum</strong></span> <span class='ocrx_word' id='word_1_159' title='bbox 618 1591 649 1621; x_wconf 92' lang='lat' dir='ltr'><strong>in</strong></span> <span class='ocrx_word' id='word_1_160' title='bbox 670 1591 742 1630; x_wconf 88' lang='lat' dir='ltr'><strong>hoc,</strong></span> <span class='ocrx_word' id='word_1_161' title='bbox 767 1594 802 1622; x_wconf 91' lang='lat' dir='ltr'><strong>ut</strong></span> <span class='ocrx_word' id='word_1_162' title='bbox 824 1592 896 1632; x_wconf 90' lang='lat' dir='ltr'><strong>quis</strong></span> <span class='ocrx_word' id='word_1_163' title='bbox 919 1601 974 1632; x_wconf 88' lang='lat' dir='ltr'><strong>pa-</strong></span> 
     </span>
     <span class='ocr_line' id='line_1_27' title="bbox 198 1646 976 1686; baseline -0.005 -7"><span class='ocrx_word' id='word_1_164' title='bbox 198 1648 312 1679; x_wconf 86' lang='lat' dir='ltr'><strong>tienter</strong></span> <span class='ocrx_word' id='word_1_165' title='bbox 326 1646 459 1677; x_wconf 84' lang='lat' dir='ltr'><strong>adversa</strong></span> <span class='ocrx_word' id='word_1_166' title='bbox 480 1646 627 1686; x_wconf 83' lang='lat' dir='ltr'><strong>perferat,</strong></span> <span class='ocrx_word' id='word_1_167' title='bbox 650 1655 723 1676; x_wconf 90' lang='lat' dir='ltr'><strong>cum</strong></span> <span class='ocrx_word' id='word_1_168' title='bbox 746 1646 805 1675; x_wconf 84' lang='lat' dir='ltr'><strong>sibi</strong></span> <span class='ocrx_word' id='word_1_169' title='bbox 825 1655 976 1685; x_wconf 77' lang='lat' dir='ltr'><strong>superve-</strong></span> 
     </span>
     <span class='ocr_line' id='line_1_28' title="bbox 199 1699 975 1741; baseline -0.004 -9"><span class='ocrx_word' id='word_1_170' title='bbox 199 1701 315 1740; x_wconf 88' lang='lat' dir='ltr'><strong>nerint,</strong></span> <span class='ocrx_word' id='word_1_171' title='bbox 332 1709 405 1741; x_wconf 80' lang='lat' dir='ltr'><strong>quae</strong></span> <span class='ocrx_word' id='word_1_172' title='bbox 428 1700 603 1730; x_wconf 78' lang='lat' dir='ltr'><strong>secundum</strong></span> <span class='ocrx_word' id='word_1_173' title='bbox 626 1699 733 1737; x_wconf 82' lang='lat' dir='ltr'><strong>legem</strong></span> <span class='ocrx_word' id='word_1_174' title='bbox 753 1699 805 1729; x_wconf 77' lang='lat' dir='ltr'><strong>Dei</strong></span> <span class='ocrx_word' id='word_1_175' title='bbox 825 1700 975 1729; x_wconf 83' lang='lat' dir='ltr'><strong>declinari</strong></span> 
     </span>
     <span class='ocr_line' id='line_1_29' title="bbox 200 1753 975 1795; baseline -0.005 -8"><span class='ocrx_word' id='word_1_176' title='bbox 200 1764 265 1787; x_wconf 85' lang='lat' dir='ltr'><strong>non</strong></span> <span class='ocrx_word' id='word_1_177' title='bbox 280 1757 423 1795; x_wconf 79' lang='lat' dir='ltr'><strong>possunt,</strong></span> <span class='ocrx_word' id='word_1_178' title='bbox 439 1753 592 1794; x_wconf 87' lang='lat' dir='ltr'><strong>quoniam</strong></span> <span class='ocrx_word' id='word_1_179' title='bbox 609 1753 646 1784; x_wconf 88' lang='lat' dir='ltr'><strong>ad</strong></span> <span class='ocrx_word' id='word_1_180' title='bbox 663 1753 723 1784; x_wconf 86' lang='lat' dir='ltr'><strong>hoc</strong></span> <span class='ocrx_word' id='word_1_181' title='bbox 738 1762 849 1783; x_wconf 84' lang='lat' dir='ltr'><strong>omnes</strong></span> <span class='ocrx_word' id='word_1_182' title='bbox 867 1755 975 1784; x_wconf 86' lang='lat' dir='ltr'><strong>tenen-</strong></span> 
     </span>
     <span class='ocr_line' id='line_1_30' title="bbox 201 1807 978 1847; baseline -0.004 -6"><span class='ocrx_word' id='word_1_183' title='bbox 201 1812 269 1847; x_wconf 88' lang='lat' dir='ltr'><strong>tur;</strong></span> <span class='ocrx_word' id='word_1_184' title='bbox 293 1808 503 1841; x_wconf 82' lang='lat' dir='ltr'><strong>verumetiam</strong></span> <span class='ocrx_word' id='word_1_185' title='bbox 530 1816 570 1838; x_wconf 80' lang='lat' dir='ltr'><strong>ex</strong></span> <span class='ocrx_word' id='word_1_186' title='bbox 598 1807 722 1838; x_wconf 78' lang='lat' dir='ltr'><strong>fervore</strong></span> <span class='ocrx_word' id='word_1_187' title='bbox 742 1807 842 1837; x_wconf 86' lang='lat' dir='ltr'><strong>divini</strong></span> <span class='ocrx_word' id='word_1_188' title='bbox 859 1808 978 1838; x_wconf 86' lang='lat' dir='ltr'><strong>amoris</strong></span> 
     </span>
     <span class='ocr_line' id='line_1_31' title="bbox 202 1861 975 1902; baseline -0.004 -8"><span class='ocrx_word' id='word_1_189' title='bbox 202 1872 323 1902; x_wconf 81' lang='lat' dir='ltr'><strong>magno</strong></span> <span class='ocrx_word' id='word_1_190' title='bbox 341 1862 494 1893; x_wconf 84' lang='lat' dir='ltr'><strong>desiderio</strong></span> <span class='ocrx_word' id='word_1_191' title='bbox 509 1861 563 1891; x_wconf 89' lang='lat' dir='ltr'><strong>illa</strong></span> <span class='ocrx_word' id='word_1_192' title='bbox 577 1863 741 1901; x_wconf 76' lang='lat' dir='ltr'><strong>praeoptet,</strong></span> <span class='ocrx_word' id='word_1_193' title='bbox 763 1863 794 1891; x_wconf 84' lang='lat' dir='ltr'><strong>et</strong></span> <span class='ocrx_word' id='word_1_194' title='bbox 813 1870 887 1891; x_wconf 82' lang='lat' dir='ltr'><strong>eum</strong></span> <span class='ocrx_word' id='word_1_195' title='bbox 909 1870 975 1891; x_wconf 85' lang='lat' dir='ltr'><strong>ma-</strong></span> 
     </span>
     <span class='ocr_line' id='line_1_32' title="bbox 202 1914 977 1957; baseline -0.003 -9"><span class='ocrx_word' id='word_1_196' title='bbox 202 1926 267 1957; x_wconf 84' lang='lat' dir='ltr'><strong>gno</strong></span> <span class='ocrx_word' id='word_1_197' title='bbox 294 1916 412 1956; x_wconf 81' lang='lat' dir='ltr'><strong>gaudio</strong></span> <span class='ocrx_word' id='word_1_198' title='bbox 434 1915 488 1945; x_wconf 89' lang='lat' dir='ltr'><strong>illa</strong></span> <span class='ocrx_word' id='word_1_199' title='bbox 510 1915 674 1952; x_wconf 70' lang='lat' dir='ltr'><strong>sustineat,</strong></span> <span class='ocrx_word' id='word_1_200' title='bbox 700 1914 875 1945; x_wconf 80' lang='lat' dir='ltr'><strong>secundum</strong></span> <span class='ocrx_word' id='word_1_201' title='bbox 899 1915 977 1946; x_wconf 86' lang='lat' dir='ltr'><strong>illud</strong></span> 
     </span>
     <span class='ocr_line' id='line_1_33' title="bbox 201 1969 979 2009; baseline -0.003 -5"><span class='ocrx_word' id='word_1_202' title='bbox 201 1971 308 2004; x_wconf 86' lang='lat' dir='ltr'><strong>Jacobi</strong></span> <span class='ocrx_word' id='word_1_203' title='bbox 323 1971 358 2002; x_wconf 89' lang='grc'><strong>”;</strong></span> <span class='ocrx_word' id='word_1_204' title='bbox 383 1971 478 2002; x_wconf 78' lang='lat' dir='ltr'><strong>Onme</strong></span> <span class='ocrx_word' id='word_1_205' title='bbox 500 1969 657 2009; x_wconf 59' lang='lat' dir='ltr'><strong>actualium</strong></span> <span class='ocrx_word' id='word_1_206' title='bbox 684 1970 880 2007; x_wconf 69' lang='lat' dir='ltr'><strong>eoez&#39;ste‘mate,</strong></span> <span class='ocrx_word' id='word_1_207' title='bbox 914 1970 979 2008; x_wconf 78' lang='lat' dir='ltr'><strong>frct-</strong></span> 
     </span>
     <span class='ocr_line' id='line_1_34' title="bbox 203 2022 976 2064; baseline -0.005 -6"><span class='ocrx_word' id='word_1_208' title='bbox 203 2031 277 2064; x_wconf 79' lang='lat' dir='ltr'><strong>tres,</strong></span> <span class='ocrx_word' id='word_1_209' title='bbox 294 2034 365 2057; x_wconf 84' lang='lat' dir='ltr'><strong>cum</strong></span> <span class='ocrx_word' id='word_1_210' title='bbox 388 2025 424 2056; x_wconf 80' lang='lat' dir='ltr'><strong>in</strong></span> <span class='ocrx_word' id='word_1_211' title='bbox 450 2024 640 2056; x_wconf 76' lang='lat' dir='ltr'><strong>tentationes</strong></span> <span class='ocrx_word' id='word_1_212' title='bbox 654 2023 765 2054; x_wconf 67' lang='lat' dir='ltr'><strong>venias</strong></span> <span class='ocrx_word' id='word_1_213' title='bbox 781 2022 976 2056; x_wconf 71' lang='lat' dir='ltr'><strong>incideritis.</strong></span> 
     </span>
     <span class='ocr_line' id='line_1_35' title="bbox 202 2077 977 2119; baseline -0.004 -8"><span class='ocrx_word' id='word_1_214' title='bbox 202 2080 241 2111; x_wconf 80' lang='lat' dir='ltr'><strong>Et</strong></span> <span class='ocrx_word' id='word_1_215' title='bbox 255 2081 344 2119; x_wconf 84' lang='lat' dir='ltr'><strong>post:</strong></span> <span class='ocrx_word' id='word_1_216' title='bbox 365 2078 526 2110; x_wconf 72' lang='lat' dir='ltr'><strong>Patientia</strong></span> <span class='ocrx_word' id='word_1_217' title='bbox 538 2085 616 2117; x_wconf 76' lang='lat' dir='ltr'><strong>opus</strong></span> <span class='ocrx_word' id='word_1_218' title='bbox 629 2077 800 2116; x_wconf 69' lang='lat' dir='ltr'><strong>perfectam</strong></span> <span class='ocrx_word' id='word_1_219' title='bbox 814 2077 906 2109; x_wconf 75' lang='lat' dir='ltr'><strong>habet</strong></span> <span class='ocrx_word' id='word_1_220' title='bbox 924 2078 977 2116; x_wconf 76' lang='lat' dir='ltr'><strong>(a),</strong></span> 
     </span>
     <span class='ocr_line' id='line_1_36' title="bbox 203 2130 977 2172; baseline -0.004 -7"><span class='ocrx_word' id='word_1_221' title='bbox 203 2136 237 2165; x_wconf 74' lang='lat' dir='ltr'><strong>tet</strong></span> <span class='ocrx_word' id='word_1_222' title='bbox 252 2133 323 2164; x_wconf 75' lang='lat' dir='ltr'><strong>sitis</strong></span> <span class='ocrx_word' id='word_1_223' title='bbox 343 2132 487 2172; x_wconf 71' lang='lat' dir='ltr'><strong>perfecti,</strong></span> <span class='ocrx_word' id='word_1_224' title='bbox 513 2134 543 2163; x_wconf 89' lang='lat' dir='ltr'><strong>et</strong></span> <span class='ocrx_word' id='word_1_225' title='bbox 567 2130 698 2170; x_wconf 72' lang='lat' dir='ltr'><strong>inteqn&#39;,</strong></span> <span class='ocrx_word' id='word_1_226' title='bbox 725 2131 761 2161; x_wconf 75' lang='lat' dir='ltr'><strong>tn</strong></span> <span class='ocrx_word' id='word_1_227' title='bbox 785 2130 870 2162; x_wconf 78' lang='lat' dir='ltr'><strong>mdto</strong></span> <span class='ocrx_word' id='word_1_228' title='bbox 893 2131 977 2170; x_wconf 73' lang='lat' dir='ltr'><strong>cleli-</strong></span> 
     </span>
     <span class='ocr_line' id='line_1_37' title="bbox 202 2185 977 2225; baseline -0.004 -6"><span class='ocrx_word' id='word_1_229' title='bbox 202 2188 333 2219; x_wconf 79' lang='lat' dir='ltr'><strong>cz&#39;entes.</strong></span> <span class='ocrx_word' id='word_1_230' title='bbox 351 2186 407 2216; x_wconf 82' lang='lat' dir='ltr'><strong>llic</strong></span> <span class='ocrx_word' id='word_1_231' title='bbox 431 2194 570 2224; x_wconf 84' lang='lat' dir='ltr'><strong>namque</strong></span> <span class='ocrx_word' id='word_1_232' title='bbox 587 2186 633 2214; x_wconf 85' lang='lat' dir='ltr'><strong>est</strong></span> <span class='ocrx_word' id='word_1_233' title='bbox 655 2185 889 2215; x_wconf 77' lang='lat' dir='ltr'><strong>consummatio</strong></span> <span class='ocrx_word' id='word_1_234' title='bbox 905 2195 977 2225; x_wconf 83' lang='lat' dir='ltr'><strong>per-</strong></span> 
     </span>
     <span class='ocr_line' id='line_1_38' title="bbox 201 2237 975 2277; baseline -0.003 -5"><span class='ocrx_word' id='word_1_235' title='bbox 201 2240 345 2272; x_wconf 82' lang='lat' dir='ltr'><strong>fectionis</strong></span> <span class='ocrx_word' id='word_1_236' title='bbox 357 2242 388 2270; x_wconf 84' lang='lat' dir='ltr'><strong>et</strong></span> <span class='ocrx_word' id='word_1_237' title='bbox 403 2238 573 2274; x_wconf 47' lang='lat' dir='ltr'><strong>charitati&amp;</strong></span> <span class='ocrx_word' id='word_1_238' title='bbox 589 2239 685 2277; x_wconf 76' lang='lat' dir='ltr'><strong>juxta</strong></span> <span class='ocrx_word' id='word_1_239' title='bbox 700 2237 776 2269; x_wconf 91' lang='lat' dir='ltr'><strong>illud</strong></span> <span class='ocrx_word' id='word_1_240' title='bbox 795 2238 925 2269; x_wconf 70' lang='lat' dir='ltr'><strong>loannis</strong></span> <span class='ocrx_word' id='word_1_241' title='bbox 969 2251 975 2270; x_wconf 90' lang='lat'>:</span> 
     </span>
     <span class='ocr_line' id='line_1_39' title="bbox 202 2292 977 2333; baseline -0.006 -6"><span class='ocrx_word' id='word_1_242' title='bbox 202 2295 342 2333; x_wconf 74' lang='lat' dir='ltr'><strong>Perfecta</strong></span> <span class='ocrx_word' id='word_1_243' title='bbox 356 2293 498 2324; x_wconf 67' lang='lat' dir='ltr'><strong>charitas</strong></span> <span class='ocrx_word' id='word_1_244' title='bbox 520 2292 606 2330; x_wconf 68' lang='lat' dir='ltr'><strong>{eras</strong></span> <span class='ocrx_word' id='word_1_245' title='bbox 626 2292 730 2323; x_wconf 68' lang='lat' dir='ltr'><strong>mittit</strong></span> <span class='ocrx_word' id='word_1_246' title='bbox 745 2292 901 2323; x_wconf 75' lang='lat' dir='ltr'><strong>[intorem.</strong></span> <span class='ocrx_word' id='word_1_247' title='bbox 921 2293 977 2323; x_wconf 79' lang='lat' dir='ltr'><strong>Se-</strong></span> 
     </span>
     <span class='ocr_line' id='line_1_40' title="bbox 202 2346 978 2387; baseline -0.004 -7"><span class='ocrx_word' id='word_1_248' title='bbox 202 2349 343 2380; x_wconf 89' lang='lat' dir='ltr'><strong>cundum</strong></span> <span class='ocrx_word' id='word_1_249' title='bbox 358 2347 459 2387; x_wconf 80' lang='lat' dir='ltr'><strong>igitur</strong></span> <span class='ocrx_word' id='word_1_250' title='bbox 474 2346 533 2376; x_wconf 77' lang='lat' dir='ltr'><strong>hoe</strong></span> <span class='ocrx_word' id='word_1_251' title='bbox 548 2355 621 2376; x_wconf 81' lang='lat' dir='ltr'><strong>arca</strong></span> <span class='ocrx_word' id='word_1_252' title='bbox 631 2346 805 2385; x_wconf 82' lang='lat' dir='ltr'><strong>spiritualis</strong></span> <span class='ocrx_word' id='word_1_253' title='bbox 819 2347 978 2386; x_wconf 70' lang='lat' dir='ltr'><strong>perfectio—</strong></span> 
     </span>
     <span class='ocr_line' id='line_1_41' title="bbox 202 2399 977 2441; baseline -0.004 -7"><span class='ocrx_word' id='word_1_254' title='bbox 202 2403 263 2441; x_wconf 82' lang='lat' dir='ltr'><strong>nis,</strong></span> <span class='ocrx_word' id='word_1_255' title='bbox 280 2411 355 2433; x_wconf 87' lang='lat' dir='ltr'><strong>cum</strong></span> <span class='ocrx_word' id='word_1_256' title='bbox 370 2400 502 2431; x_wconf 80' lang='lat' dir='ltr'><strong>interius</strong></span> <span class='ocrx_word' id='word_1_257' title='bbox 517 2399 556 2429; x_wconf 84' lang='lat' dir='ltr'><strong>sit</strong></span> <span class='ocrx_word' id='word_1_258' title='bbox 570 2399 781 2437; x_wconf 71' lang='lat' dir='ltr'><strong>tricamerata,</strong></span> <span class='ocrx_word' id='word_1_259' title='bbox 799 2402 829 2429; x_wconf 80' lang='lat' dir='ltr'><strong>ct</strong></span> <span class='ocrx_word' id='word_1_260' title='bbox 842 2400 977 2431; x_wconf 70' lang='lat' dir='ltr'><strong>bicame-</strong></span> 
     </span>
     <span class='ocr_line' id='line_1_42' title="bbox 202 2452 977 2492; baseline -0.003 -6"><span class='ocrx_word' id='word_1_261' title='bbox 202 2458 269 2486; x_wconf 87' lang='lat' dir='ltr'><strong>rata</strong></span> <span class='ocrx_word' id='word_1_262' title='bbox 285 2456 317 2486; x_wconf 90' lang='lat' dir='ltr'><strong>in</strong></span> <span class='ocrx_word' id='word_1_263' title='bbox 334 2455 450 2492; x_wconf 85' lang='lat' dir='ltr'><strong>medio,</strong></span> <span class='ocrx_word' id='word_1_264' title='bbox 472 2453 503 2484; x_wconf 90' lang='grc'><strong>111</strong></span> <span class='ocrx_word' id='word_1_265' title='bbox 516 2452 624 2483; x_wconf 86' lang='lat' dir='ltr'><strong>cubito</strong></span> <span class='ocrx_word' id='word_1_266' title='bbox 639 2455 892 2483; x_wconf 78' lang='lat' dir='ltr'><strong>consummatur.</strong></span> <span class='ocrx_word' id='word_1_267' title='bbox 912 2453 977 2484; x_wconf 65' lang='grc' dir='ltr'><strong>11ομ-</strong></span> 
     </span>
     <span class='ocr_line' id='line_1_43' title="bbox 199 2506 973 2550; baseline -0.006 -8"><span class='ocrx_word' id='word_1_268' title='bbox 199 2520 272 2542; x_wconf 87' lang='lat' dir='ltr'><strong>sane</strong></span> <span class='ocrx_word' id='word_1_269' title='bbox 294 2508 494 2550; x_wconf 66' lang='lat' dir='ltr'><strong>perfeetionis</strong></span> <span class='ocrx_word' id='word_1_270' title='bbox 513 2516 665 2538; x_wconf 83' lang='lat' dir='ltr'><strong>arcanum</strong></span> <span class='ocrx_word' id='word_1_271' title='bbox 694 2506 839 2537; x_wconf 77' lang='lat' dir='ltr'><strong>Salvator</strong></span> <span class='ocrx_word' id='word_1_272' title='bbox 867 2510 973 2538; x_wconf 77' lang='lat' dir='ltr'><strong>noster</strong></span> 
     </span>
     <span class='ocr_line' id='line_1_44' title="bbox 202 2561 976 2600; baseline -0.005 -5"><span class='ocrx_word' id='word_1_273' title='bbox 202 2564 393 2596; x_wconf 81' lang='lat' dir='ltr'><strong>monstravit</strong></span> <span class='ocrx_word' id='word_1_274' title='bbox 408 2563 440 2592; x_wconf 88' lang='lat' dir='ltr'><strong>in</strong></span> <span class='ocrx_word' id='word_1_275' title='bbox 456 2561 636 2600; x_wconf 81' lang='lat' dir='ltr'><strong>semetipso,</strong></span> <span class='ocrx_word' id='word_1_276' title='bbox 655 2562 806 2599; x_wconf 81' lang='lat' dir='ltr'><strong>tanquam</strong></span> <span class='ocrx_word' id='word_1_277' title='bbox 826 2561 856 2590; x_wconf 89' lang='grc'><strong>111</strong></span> <span class='ocrx_word' id='word_1_278' title='bbox 870 2563 976 2591; x_wconf 82' lang='lat' dir='ltr'><strong>monte</strong></span> 
     </span>
    </p>
   </div>
   <div class='ocr_carea' id='block_1_3' title="bbox 202 2659 976 2764">
    <p class='ocr_par' dir='ltr' id='par_1_3' title="bbox 202 2659 976 2764">
     <span class='ocr_line' id='line_1_45' title="bbox 234 2659 976 2691; baseline -0.004 -6"><span class='ocrx_word' id='word_1_279' title='bbox 234 2664 239 2678; x_wconf 94' lang='lat'><strong>¹</strong></span> <span class='ocrx_word' id='word_1_280' title='bbox 256 2661 357 2691; x_wconf 63' lang='lat' dir='ltr'><strong>Matth„</strong></span> <span class='ocrx_word' id='word_1_281' title='bbox 375 2668 397 2691; x_wconf 70' lang='lat' dir='ltr'><strong>v,</strong></span> <span class='ocrx_word' id='word_1_282' title='bbox 415 2662 452 2691; x_wconf 65' lang='lat' dir='ltr'><strong>sisi,</strong></span> <span class='ocrx_word' id='word_1_283' title='bbox 471 2662 505 2685; x_wconf 66' lang='lat'><strong>28,</strong></span> <span class='ocrx_word' id='word_1_284' title='bbox 522 2673 548 2677; x_wconf 86' lang='lat'><em>-</em></span> <span class='ocrx_word' id='word_1_285' title='bbox 565 2661 575 2675; x_wconf 68' lang='lat'><strong>*2</strong></span> <span class='ocrx_word' id='word_1_286' title='bbox 595 2660 612 2683; x_wconf 86' lang='lat' dir='ltr'><strong>il</strong></span> <span class='ocrx_word' id='word_1_287' title='bbox 633 2660 702 2688; x_wconf 65' lang='lat' dir='ltr'><strong>Cor..</strong></span> <span class='ocrx_word' id='word_1_288' title='bbox 718 2665 741 2688; x_wconf 81' lang='lat' dir='ltr'><strong>v,</strong></span> <span class='ocrx_word' id='word_1_289' title='bbox 764 2660 798 2683; x_wconf 76' lang='lat'><strong>13.</strong></span> <span class='ocrx_word' id='word_1_290' title='bbox 820 2672 846 2676; x_wconf 87' lang='lat'>-</span> <span class='ocrx_word' id='word_1_291' title='bbox 865 2660 875 2675; x_wconf 81' lang='lat'><strong>³</strong></span> <span class='ocrx_word' id='word_1_292' title='bbox 890 2659 976 2689; x_wconf 59' lang='grc' dir='ltr'><strong>ΙΙιἸηκ,</strong></span> 
     </span>
     <span class='ocr_line' id='line_1_46' title="bbox 202 2695 976 2728; baseline -0.005 -7"><span class='ocrx_word' id='word_1_293' title='bbox 202 2704 225 2728; x_wconf 84' lang='lat' dir='ltr'><strong>v,</strong></span> <span class='ocrx_word' id='word_1_294' title='bbox 240 2699 277 2721; x_wconf 65' lang='lat' dir='ltr'><strong>lsi.</strong></span> <span class='ocrx_word' id='word_1_295' title='bbox 290 2711 320 2715; x_wconf 93' lang='lat'><strong>—</strong></span> <span class='ocrx_word' id='word_1_296' title='bbox 337 2698 346 2714; x_wconf 50' lang='grc' dir='ltr'><strong>ὅ</strong></span> <span class='ocrx_word' id='word_1_297' title='bbox 360 2699 422 2726; x_wconf 75' lang='grc' dir='ltr'><strong>.1(ι(“.,</strong></span> <span class='ocrx_word' id='word_1_298' title='bbox 440 2703 458 2725; x_wconf 85' lang='lat'><strong>1,</strong></span> <span class='ocrx_word' id='word_1_299' title='bbox 470 2699 494 2725; x_wconf 72' lang='lat'><strong>12,</strong></span> <span class='ocrx_word' id='word_1_300' title='bbox 508 2698 529 2720; x_wconf 70' lang='grc'><strong>11.</strong></span> <span class='ocrx_word' id='word_1_301' title='bbox 545 2709 573 2712; x_wconf 93' lang='grc'>-</span> <span class='ocrx_word' id='word_1_302' title='bbox 590 2696 599 2711; x_wconf 68' lang='lat'><strong>¹5</strong></span> <span class='ocrx_word' id='word_1_303' title='bbox 617 2696 623 2718; x_wconf 92' lang='grc' dir='ltr'>Ι</span> <span class='ocrx_word' id='word_1_304' title='bbox 639 2696 720 2725; x_wconf 66' lang='lat' dir='ltr'><strong>doun„</strong></span> <span class='ocrx_word' id='word_1_305' title='bbox 739 2701 770 2724; x_wconf 67' lang='lat' dir='ltr'><strong>tv,</strong></span> <span class='ocrx_word' id='word_1_306' title='bbox 791 2696 871 2721; x_wconf 72' lang='grc'><strong>18..-</strong></span> <span class='ocrx_word' id='word_1_307' title='bbox 883 2695 892 2710; x_wconf 70' lang='lat'><strong>‘³</strong></span> <span class='ocrx_word' id='word_1_308' title='bbox 910 2696 976 2725; x_wconf 57' lang='lat' dir='ltr'><strong>Luta,</strong></span> 
     </span>
     <span class='ocr_line' id='line_1_47' title="bbox 202 2732 662 2764; baseline -0.007 -7"><span class='ocrx_word' id='word_1_309' title='bbox 202 2740 237 2764; x_wconf 69' lang='lat' dir='ltr'><strong>Vl,</strong></span> <span class='ocrx_word' id='word_1_310' title='bbox 254 2735 291 2757; x_wconf 66' lang='lat'><strong>10,</strong></span> <span class='ocrx_word' id='word_1_311' title='bbox 307 2747 332 2750; x_wconf 97' lang='lat'>—</span> <span class='ocrx_word' id='word_1_312' title='bbox 351 2733 358 2748; x_wconf 76' lang='lat'>7</span> <span class='ocrx_word' id='word_1_313' title='bbox 378 2732 480 2761; x_wconf 49' lang='lat' dir='ltr'><strong>Mamm,</strong></span> <span class='ocrx_word' id='word_1_314' title='bbox 497 2738 520 2762; x_wconf 85' lang='lat' dir='ltr'><strong>V,</strong></span> <span class='ocrx_word' id='word_1_315' title='bbox 538 2734 550 2755; x_wconf 77' lang='lat'><strong>3</strong></span> <span class='ocrx_word' id='word_1_316' title='bbox 567 2733 591 2755; x_wconf 71' lang='lat' dir='ltr'><strong>ot</strong></span> <span class='ocrx_word' id='word_1_317' title='bbox 606 2739 662 2762; x_wconf 77' lang='lat' dir='ltr'><strong>seq.</strong></span> 
     </span>
    </p>
   </div>
   <div class='ocr_carea' id='block_1_4' title="bbox 769 223 1222 258">
    <p class='ocr_par' dir='ltr' id='par_1_4' title="bbox 769 223 1222 258">
     <span class='ocr_line' id='line_1_48' title="bbox 769 223 1222 258; baseline -0.004 0"><span class='ocrx_word' id='word_1_318' title='bbox 769 224 980 258; x_wconf 81' lang='lat' dir='ltr'><strong>APOLOGIAE</strong></span> <span class='ocrx_word' id='word_1_319' title='bbox 1001 223 1222 257; x_wconf 86' lang='lat' dir='ltr'><strong>PAUPERUM</strong></span> 
     </span>
    </p>
   </div>
   <div class='ocr_carea' id='block_1_5' title="bbox 1020 292 1847 2762">
    <p class='ocr_par' dir='ltr' id='par_1_5' title="bbox 1020 292 1847 2762">
     <span class='ocr_line' id='line_1_49' title="bbox 1020 292 1796 334; baseline 0.003 -11"><span class='ocrx_word' id='word_1_320' title='bbox 1020 292 1165 332; x_wconf 89' lang='lat' dir='ltr'><strong>sublimi,</strong></span> <span class='ocrx_word' id='word_1_321' title='bbox 1195 292 1253 333; x_wconf 88' lang='lat' dir='ltr'><strong>qui</strong></span> <span class='ocrx_word' id='word_1_322' title='bbox 1276 292 1373 324; x_wconf 91' lang='lat' dir='ltr'><strong>totius</strong></span> <span class='ocrx_word' id='word_1_323' title='bbox 1396 293 1597 334; x_wconf 79' lang='lat' dir='ltr'><strong>perfectionis</strong></span> <span class='ocrx_word' id='word_1_324' title='bbox 1621 294 1668 325; x_wconf 87' lang='lat' dir='ltr'><strong>est</strong></span> <span class='ocrx_word' id='word_1_325' title='bbox 1686 293 1796 334; x_wconf 87' lang='lat' dir='ltr'><strong>splen-</strong></span> 
     </span>
     <span class='ocr_line' id='line_1_50' title="bbox 1021 346 1847 388; baseline 0.001 -10"><span class='ocrx_word' id='word_1_326' title='bbox 1021 346 1090 384; x_wconf 85' lang='lat' dir='ltr'><strong>dor,</strong></span> <span class='ocrx_word' id='word_1_327' title='bbox 1110 346 1277 386; x_wconf 85' lang='lat' dir='ltr'><strong>speculum</strong></span> <span class='ocrx_word' id='word_1_328' title='bbox 1290 348 1322 377; x_wconf 89' lang='lat' dir='ltr'><strong>et</strong></span> <span class='ocrx_word' id='word_1_329' title='bbox 1330 347 1512 387; x_wconf 86' lang='lat' dir='ltr'><strong>exemplar,</strong></span> <span class='ocrx_word' id='word_1_330' title='bbox 1520 348 1617 387; x_wconf 70' lang='lat' dir='ltr'><strong>,iuxta</strong></span> <span class='ocrx_word' id='word_1_331' title='bbox 1630 347 1716 388; x_wconf 90' lang='lat' dir='ltr'><strong>quod</strong></span> <span class='ocrx_word' id='word_1_332' title='bbox 1729 347 1798 388; x_wconf 86' lang='lat' dir='ltr'><strong>ipse</strong></span> <span class='ocrx_word' id='word_1_333' title='bbox 1837 350 1847 360; x_wconf 93' lang='lat'>&#39;</span> 
     </span>
     <span class='ocr_line' id='line_1_51' title="bbox 1020 400 1798 442; baseline 0.003 -10"><span class='ocrx_word' id='word_1_334' title='bbox 1020 402 1154 432; x_wconf 85' lang='lat' dir='ltr'><strong>testatur</strong></span> <span class='ocrx_word' id='word_1_335' title='bbox 1166 401 1202 431; x_wconf 88' lang='lat' dir='ltr'><strong>in</strong></span> <span class='ocrx_word' id='word_1_336' title='bbox 1213 400 1299 432; x_wconf 84' lang='lat' dir='ltr'><strong>Luca</strong></span> <span class='ocrx_word' id='word_1_337' title='bbox 1309 404 1320 421; x_wconf 76' lang='lat'>⁶</span> <span class='ocrx_word' id='word_1_338' title='bbox 1339 411 1346 432; x_wconf 73' lang='grc' dir='ltr'><strong>ε</strong></span> <span class='ocrx_word' id='word_1_339' title='bbox 1369 400 1530 441; x_wconf 79' lang='lat' dir='ltr'><strong>Perfectus</strong></span> <span class='ocrx_word' id='word_1_340' title='bbox 1542 401 1724 442; x_wconf 76' lang='lat' dir='ltr'><strong>discipulus</strong></span> <span class='ocrx_word' id='word_1_341' title='bbox 1734 409 1798 434; x_wconf 87' lang='lat' dir='ltr'><strong>om-</strong></span> 
     </span>
     <span class='ocr_line' id='line_1_52' title="bbox 1020 455 1798 495; baseline 0 -8"><span class='ocrx_word' id='word_1_342' title='bbox 1020 456 1074 488; x_wconf 83' lang='lat' dir='ltr'><strong>nis</strong></span> <span class='ocrx_word' id='word_1_343' title='bbox 1088 455 1161 493; x_wconf 79' lang='lat' dir='ltr'><strong>erit,</strong></span> <span class='ocrx_word' id='word_1_344' title='bbox 1175 455 1206 487; x_wconf 78' lang='grc' dir='ltr'><strong>εἰ</strong></span> <span class='ocrx_word' id='word_1_345' title='bbox 1220 455 1264 487; x_wconf 81' lang='lat' dir='ltr'><strong>sit</strong></span> <span class='ocrx_word' id='word_1_346' title='bbox 1276 455 1362 488; x_wconf 77' lang='lat' dir='ltr'><strong>sicut</strong></span> <span class='ocrx_word' id='word_1_347' title='bbox 1375 456 1530 495; x_wconf 73' lang='lat' dir='ltr'><strong>maytster</strong></span> <span class='ocrx_word' id='word_1_348' title='bbox 1539 455 1620 495; x_wconf 71' lang='lat' dir='ltr'><strong>ejus.</strong></span> <span class='ocrx_word' id='word_1_349' title='bbox 1634 455 1673 487; x_wconf 88' lang='lat' dir='ltr'><strong>Et</strong></span> <span class='ocrx_word' id='word_1_350' title='bbox 1681 455 1753 488; x_wconf 90' lang='lat' dir='ltr'><strong>ideo</strong></span> <span class='ocrx_word' id='word_1_351' title='bbox 1763 455 1798 487; x_wconf 89' lang='lat' dir='ltr'><strong>in</strong></span> 
     </span>
     <span class='ocr_line' id='line_1_53' title="bbox 1020 509 1797 551; baseline 0.004 -12"><span class='ocrx_word' id='word_1_352' title='bbox 1020 509 1121 550; x_wconf 77' lang='lat' dir='ltr'><strong>huJus</strong></span> <span class='ocrx_word' id='word_1_353' title='bbox 1134 509 1399 548; x_wconf 84' lang='lat' dir='ltr'><strong>designationem,</strong></span> <span class='ocrx_word' id='word_1_354' title='bbox 1415 518 1490 541; x_wconf 89' lang='lat' dir='ltr'><strong>cum</strong></span> <span class='ocrx_word' id='word_1_355' title='bbox 1499 509 1584 541; x_wconf 86' lang='lat' dir='ltr'><strong>hanc</strong></span> <span class='ocrx_word' id='word_1_356' title='bbox 1596 510 1710 542; x_wconf 90' lang='lat' dir='ltr'><strong>docere</strong></span> <span class='ocrx_word' id='word_1_357' title='bbox 1721 519 1797 551; x_wconf 84' lang='lat' dir='ltr'><strong>apo-</strong></span> 
     </span>
     <span class='ocr_line' id='line_1_54' title="bbox 1022 561 1799 603; baseline 0.004 -10"><span class='ocrx_word' id='word_1_358' title='bbox 1022 562 1119 594; x_wconf 87' lang='lat' dir='ltr'><strong>stolos</strong></span> <span class='ocrx_word' id='word_1_359' title='bbox 1144 561 1255 600; x_wconf 80' lang='lat' dir='ltr'><strong>voluit,</strong></span> <span class='ocrx_word' id='word_1_360' title='bbox 1278 561 1314 593; x_wconf 90' lang='lat' dir='ltr'><strong>in</strong></span> <span class='ocrx_word' id='word_1_361' title='bbox 1342 563 1485 594; x_wconf 91' lang='lat' dir='ltr'><strong>montem</strong></span> <span class='ocrx_word' id='word_1_362' title='bbox 1509 563 1702 603; x_wconf 86' lang='lat' dir='ltr'><strong>conscendit,</strong></span> <span class='ocrx_word' id='word_1_363' title='bbox 1732 573 1799 596; x_wconf 90' lang='lat' dir='ltr'><strong>non</strong></span> 
     </span>
     <span class='ocr_line' id='line_1_55' title="bbox 1022 616 1801 658; baseline 0.001 -10"><span class='ocrx_word' id='word_1_364' title='bbox 1022 616 1134 648; x_wconf 85' lang='lat' dir='ltr'><strong>turbas</strong></span> <span class='ocrx_word' id='word_1_365' title='bbox 1149 616 1350 656; x_wconf 83' lang='lat' dir='ltr'><strong>imperfectas</strong></span> <span class='ocrx_word' id='word_1_366' title='bbox 1364 616 1540 657; x_wconf 81' lang='lat' dir='ltr'><strong>alloquens,</strong></span> <span class='ocrx_word' id='word_1_367' title='bbox 1556 617 1612 648; x_wconf 90' lang='lat' dir='ltr'><strong>sed</strong></span> <span class='ocrx_word' id='word_1_368' title='bbox 1631 617 1801 658; x_wconf 89' lang='lat' dir='ltr'><strong>discipulos</strong></span> 
     </span>
     <span class='ocr_line' id='line_1_56' title="bbox 1024 670 1802 711; baseline 0.004 -10"><span class='ocrx_word' id='word_1_369' title='bbox 1024 679 1110 709; x_wconf 91' lang='lat' dir='ltr'><strong>suos,</strong></span> <span class='ocrx_word' id='word_1_370' title='bbox 1127 679 1207 711; x_wconf 89' lang='lat' dir='ltr'><strong>quos</strong></span> <span class='ocrx_word' id='word_1_371' title='bbox 1229 670 1270 701; x_wconf 86' lang='lat' dir='ltr'><strong>ad</strong></span> <span class='ocrx_word' id='word_1_372' title='bbox 1290 670 1492 711; x_wconf 77' lang='lat' dir='ltr'><strong>perfectionis</strong></span> <span class='ocrx_word' id='word_1_373' title='bbox 1514 671 1642 702; x_wconf 87' lang='lat' dir='ltr'><strong>culmen</strong></span> <span class='ocrx_word' id='word_1_374' title='bbox 1661 671 1802 704; x_wconf 83' lang='lat' dir='ltr'><strong>exaltare</strong></span> 
     </span>
     <span class='ocr_line' id='line_1_57' title="bbox 1024 723 1802 767; baseline 0.003 -11"><span class='ocrx_word' id='word_1_375' title='bbox 1024 724 1217 756; x_wconf 86' lang='lat' dir='ltr'><strong>decreverat.</strong></span> <span class='ocrx_word' id='word_1_376' title='bbox 1227 723 1266 755; x_wconf 93' lang='lat' dir='ltr'><strong>Et</strong></span> <span class='ocrx_word' id='word_1_377' title='bbox 1280 726 1447 765; x_wconf 83' lang='lat' dir='ltr'><strong>propterea</strong></span> <span class='ocrx_word' id='word_1_378' title='bbox 1461 733 1517 756; x_wconf 86' lang='lat' dir='ltr'><strong>sex</strong></span> <span class='ocrx_word' id='word_1_379' title='bbox 1531 726 1664 766; x_wconf 83' lang='lat' dir='ltr'><strong>praet&#39;ata</strong></span> <span class='ocrx_word' id='word_1_380' title='bbox 1679 735 1727 765; x_wconf 88' lang='lat' dir='ltr'><strong>eo,</strong></span> <span class='ocrx_word' id='word_1_381' title='bbox 1737 735 1802 767; x_wconf 87' lang='lat' dir='ltr'><strong>quo</strong></span> 
     </span>
     <span class='ocr_line' id='line_1_58' title="bbox 1024 777 1799 820; baseline 0.004 -12"><span class='ocrx_word' id='word_1_382' title='bbox 1024 777 1144 809; x_wconf 87' lang='lat' dir='ltr'><strong>dictum</strong></span> <span class='ocrx_word' id='word_1_383' title='bbox 1154 780 1212 816; x_wconf 89' lang='lat' dir='ltr'><strong>est,</strong></span> <span class='ocrx_word' id='word_1_384' title='bbox 1224 778 1335 810; x_wconf 89' lang='lat' dir='ltr'><strong>ordine</strong></span> <span class='ocrx_word' id='word_1_385' title='bbox 1345 779 1445 810; x_wconf 90' lang='lat' dir='ltr'><strong>docet.</strong></span> <span class='ocrx_word' id='word_1_386' title='bbox 1457 778 1538 810; x_wconf 91' lang='lat' dir='ltr'><strong>Nam</strong></span> <span class='ocrx_word' id='word_1_387' title='bbox 1547 779 1651 820; x_wconf 89' lang='lat' dir='ltr'><strong>primo</strong></span> <span class='ocrx_word' id='word_1_388' title='bbox 1662 779 1799 811; x_wconf 82' lang='lat' dir='ltr'><strong>dicens⁷:</strong></span> 
     </span>
     <span class='ocr_line' id='line_1_59' title="bbox 1025 832 1802 875; baseline 0.003 -11"><span class='ocrx_word' id='word_1_389' title='bbox 1025 832 1118 864; x_wconf 84' lang='lat' dir='ltr'><strong>Beati</strong></span> <span class='ocrx_word' id='word_1_390' title='bbox 1129 840 1286 872; x_wconf 78' lang='lat' dir='ltr'><strong>pauperes</strong></span> <span class='ocrx_word' id='word_1_391' title='bbox 1300 833 1431 872; x_wconf 73' lang='lat' dir='ltr'><strong>spiritu,</strong></span> <span class='ocrx_word' id='word_1_392' title='bbox 1448 833 1562 865; x_wconf 85' lang='lat' dir='ltr'><strong>invitat</strong></span> <span class='ocrx_word' id='word_1_393' title='bbox 1577 834 1615 865; x_wconf 88' lang='lat' dir='ltr'><strong>ad</strong></span> <span class='ocrx_word' id='word_1_394' title='bbox 1630 834 1802 875; x_wconf 77' lang='lat' dir='ltr'><strong>perfectam</strong></span> 
     </span>
     <span class='ocr_line' id='line_1_60' title="bbox 1025 885 1799 927; baseline 0.005 -11"><span class='ocrx_word' id='word_1_395' title='bbox 1025 885 1257 917; x_wconf 86' lang='lat' dir='ltr'><strong>abdicationem</strong></span> <span class='ocrx_word' id='word_1_396' title='bbox 1287 886 1512 926; x_wconf 78' lang='lat' dir='ltr'><strong>temporalium</strong></span> <span class='ocrx_word' id='word_1_397' title='bbox 1550 889 1799 927; x_wconf 88' lang='lat' dir='ltr'><strong>possessionum.</strong></span> 
     </span>
     <span class='ocr_line' id='line_1_61' title="bbox 1026 939 1802 980; baseline 0.005 -10"><span class='ocrx_word' id='word_1_398' title='bbox 1026 939 1173 971; x_wconf 83' lang='lat' dir='ltr'><strong>Secundo</strong></span> <span class='ocrx_word' id='word_1_399' title='bbox 1198 939 1339 971; x_wconf 85' lang='lat' dir='ltr'><strong>addens:</strong></span> <span class='ocrx_word' id='word_1_400' title='bbox 1364 941 1456 972; x_wconf 77' lang='lat' dir='ltr'><strong>Beati</strong></span> <span class='ocrx_word' id='word_1_401' title='bbox 1479 941 1592 980; x_wconf 81' lang='lat' dir='ltr'><strong>mites,</strong></span> <span class='ocrx_word' id='word_1_402' title='bbox 1614 942 1737 974; x_wconf 91' lang='lat' dir='ltr'><strong>inducit</strong></span> <span class='ocrx_word' id='word_1_403' title='bbox 1762 943 1802 974; x_wconf 90' lang='lat' dir='ltr'><strong>ad</strong></span> 
     </span>
     <span class='ocr_line' id='line_1_62' title="bbox 1026 991 1806 1034; baseline 0.006 -11"><span class='ocrx_word' id='word_1_404' title='bbox 1026 993 1275 1032; x_wconf 83' lang='lat' dir='ltr'><strong>abnegationem</strong></span> <span class='ocrx_word' id='word_1_405' title='bbox 1303 994 1507 1034; x_wconf 87' lang='lat' dir='ltr'><strong>propriarum</strong></span> <span class='ocrx_word' id='word_1_406' title='bbox 1535 991 1740 1027; x_wconf 85' lang='lat' dir='ltr'><strong>voluntatum</strong></span> <span class='ocrx_word' id='word_1_407' title='bbox 1773 998 1806 1028; x_wconf 89' lang='lat' dir='ltr'><strong>et</strong></span> 
     </span>
     <span class='ocr_line' id='line_1_63' title="bbox 1026 1046 1802 1090; baseline 0.006 -13"><span class='ocrx_word' id='word_1_408' title='bbox 1026 1055 1192 1084; x_wconf 89' lang='lat' dir='ltr'><strong>sensuum,</strong></span> <span class='ocrx_word' id='word_1_409' title='bbox 1215 1046 1332 1087; x_wconf 88' lang='lat' dir='ltr'><strong>quibus</strong></span> <span class='ocrx_word' id='word_1_410' title='bbox 1355 1047 1426 1087; x_wconf 86' lang='lat' dir='ltr'><strong>quis</strong></span> <span class='ocrx_word' id='word_1_411' title='bbox 1440 1047 1573 1079; x_wconf 90' lang='lat' dir='ltr'><strong>immitis</strong></span> <span class='ocrx_word' id='word_1_412' title='bbox 1587 1051 1618 1080; x_wconf 87' lang='lat' dir='ltr'><strong>et</strong></span> <span class='ocrx_word' id='word_1_413' title='bbox 1632 1051 1802 1090; x_wconf 85' lang='lat' dir='ltr'><strong>protervus</strong></span> 
     </span>
     <span class='ocr_line' id='line_1_64' title="bbox 1026 1100 1803 1145; baseline 0.009 -15"><span class='ocrx_word' id='word_1_414' title='bbox 1026 1100 1172 1131; x_wconf 79' lang='lat' dir='ltr'><strong>efficitur.</strong></span> <span class='ocrx_word' id='word_1_415' title='bbox 1190 1100 1295 1132; x_wconf 86' lang='lat' dir='ltr'><strong>Tertio</strong></span> <span class='ocrx_word' id='word_1_416' title='bbox 1310 1101 1449 1132; x_wconf 87' lang='lat' dir='ltr'><strong>subdens</strong></span> <span class='ocrx_word' id='word_1_417' title='bbox 1465 1111 1474 1132; x_wconf 72' lang='grc' dir='ltr'>ε</span> <span class='ocrx_word' id='word_1_418' title='bbox 1493 1103 1584 1135; x_wconf 79' lang='lat' dir='ltr'><strong>Beati</strong></span> <span class='ocrx_word' id='word_1_419' title='bbox 1601 1104 1659 1143; x_wconf 75' lang='lat' dir='ltr'><strong>qui</strong></span> <span class='ocrx_word' id='word_1_420' title='bbox 1680 1103 1803 1145; x_wconf 69' lang='grc' dir='ltr'><strong>ιιιῃεητ,</strong></span> 
     </span>
     <span class='ocr_line' id='line_1_65' title="bbox 1028 1154 1806 1195; baseline 0.006 -11"><span class='ocrx_word' id='word_1_421' title='bbox 1028 1154 1137 1185; x_wconf 83' lang='lat' dir='ltr'><strong>incitat</strong></span> <span class='ocrx_word' id='word_1_422' title='bbox 1158 1154 1329 1194; x_wconf 71' lang='lat' dir='ltr'><strong>adingam</strong></span> <span class='ocrx_word' id='word_1_423' title='bbox 1353 1155 1524 1195; x_wconf 85' lang='lat' dir='ltr'><strong>perfectam</strong></span> <span class='ocrx_word' id='word_1_424' title='bbox 1547 1157 1724 1188; x_wconf 85' lang='lat' dir='ltr'><strong>carnalium</strong></span> <span class='ocrx_word' id='word_1_425' title='bbox 1747 1167 1806 1190; x_wconf 91' lang='lat' dir='ltr'><strong>vo-</strong></span> 
     </span>
     <span class='ocr_line' id='line_1_66' title="bbox 1027 1208 1808 1253; baseline 0.009 -15"><span class='ocrx_word' id='word_1_426' title='bbox 1027 1208 1196 1249; x_wconf 87' lang='lat' dir='ltr'><strong>luptatum.</strong></span> <span class='ocrx_word' id='word_1_427' title='bbox 1223 1209 1343 1240; x_wconf 89' lang='lat' dir='ltr'><strong>Dehinc</strong></span> <span class='ocrx_word' id='word_1_428' title='bbox 1367 1210 1572 1250; x_wconf 82' lang='lat' dir='ltr'><strong>subjungens</strong></span> <span class='ocrx_word' id='word_1_429' title='bbox 1592 1222 1599 1242; x_wconf 86' lang='lat'><strong>:</strong></span> <span class='ocrx_word' id='word_1_430' title='bbox 1630 1213 1724 1244; x_wconf 81' lang='lat' dir='ltr'><strong>Beati</strong></span> <span class='ocrx_word' id='word_1_431' title='bbox 1748 1214 1808 1253; x_wconf 81' lang='lat' dir='ltr'><strong>qui</strong></span> 
     </span>
     <span class='ocr_line' id='line_1_67' title="bbox 1029 1263 1806 1303; baseline 0.006 -9"><span class='ocrx_word' id='word_1_432' title='bbox 1029 1263 1179 1295; x_wconf 78' lang='lat' dir='ltr'><strong>esuriunt</strong></span> <span class='ocrx_word' id='word_1_433' title='bbox 1195 1267 1223 1295; x_wconf 90' lang='lat' dir='ltr'><strong>et</strong></span> <span class='ocrx_word' id='word_1_434' title='bbox 1237 1264 1354 1296; x_wconf 74' lang='lat' dir='ltr'><strong>siccant</strong></span> <span class='ocrx_word' id='word_1_435' title='bbox 1369 1263 1550 1303; x_wconf 73' lang='lat' dir='ltr'><strong>justitiam,</strong></span> <span class='ocrx_word' id='word_1_436' title='bbox 1567 1268 1598 1296; x_wconf 88' lang='lat' dir='ltr'><strong>et</strong></span> <span class='ocrx_word' id='word_1_437' title='bbox 1614 1276 1621 1297; x_wconf 78' lang='lat' dir='ltr'>z</span> <span class='ocrx_word' id='word_1_438' title='bbox 1639 1266 1730 1298; x_wconf 78' lang='lat' dir='ltr'><strong>Beati</strong></span> <span class='ocrx_word' id='word_1_439' title='bbox 1743 1267 1806 1299; x_wconf 78' lang='lat' dir='ltr'><strong>mi-</strong></span> 
     </span>
     <span class='ocr_line' id='line_1_68' title="bbox 1028 1317 1807 1360; baseline 0.005 -12"><span class='ocrx_word' id='word_1_440' title='bbox 1028 1317 1212 1356; x_wconf 77' lang='lat' dir='ltr'><strong>sericordes,</strong></span> <span class='ocrx_word' id='word_1_441' title='bbox 1234 1318 1365 1348; x_wconf 87' lang='lat' dir='ltr'><strong>attrahit</strong></span> <span class='ocrx_word' id='word_1_442' title='bbox 1380 1318 1419 1349; x_wconf 87' lang='lat' dir='ltr'><strong>ad</strong></span> <span class='ocrx_word' id='word_1_443' title='bbox 1430 1320 1564 1358; x_wconf 74' lang='lat' dir='ltr'><strong>Justam,</strong></span> <span class='ocrx_word' id='word_1_444' title='bbox 1585 1319 1671 1360; x_wconf 85' lang='lat' dir='ltr'><strong>piam</strong></span> <span class='ocrx_word' id='word_1_445' title='bbox 1685 1322 1716 1351; x_wconf 86' lang='lat' dir='ltr'><strong>et</strong></span> <span class='ocrx_word' id='word_1_446' title='bbox 1729 1329 1807 1352; x_wconf 91' lang='lat' dir='ltr'><strong>con-</strong></span> 
     </span>
     <span class='ocr_line' id='line_1_69' title="bbox 1030 1370 1805 1413; baseline 0.006 -13"><span class='ocrx_word' id='word_1_447' title='bbox 1030 1370 1246 1402; x_wconf 88' lang='lat' dir='ltr'><strong>descensivam</strong></span> <span class='ocrx_word' id='word_1_448' title='bbox 1272 1372 1493 1411; x_wconf 80' lang='lat' dir='ltr'><strong>proximorum</strong></span> <span class='ocrx_word' id='word_1_449' title='bbox 1517 1373 1805 1413; x_wconf 86' lang='lat' dir='ltr'><strong>supportationem.</strong></span> 
     </span>
     <span class='ocr_line' id='line_1_70' title="bbox 1033 1424 1808 1466; baseline 0.006 -11"><span class='ocrx_word' id='word_1_450' title='bbox 1033 1424 1104 1455; x_wconf 83' lang='lat' dir='ltr'><strong>Post</strong></span> <span class='ocrx_word' id='word_1_451' title='bbox 1120 1425 1189 1455; x_wconf 54' lang='lat' dir='ltr'><strong>haec</strong></span> <span class='ocrx_word' id='word_1_452' title='bbox 1203 1425 1418 1465; x_wconf 86' lang='lat' dir='ltr'><strong>superaddens</strong></span> <span class='ocrx_word' id='word_1_453' title='bbox 1433 1435 1440 1457; x_wconf 87' lang='lat'>:</span> <span class='ocrx_word' id='word_1_454' title='bbox 1461 1427 1553 1459; x_wconf 79' lang='lat' dir='ltr'><strong>Beati</strong></span> <span class='ocrx_word' id='word_1_455' title='bbox 1568 1426 1687 1460; x_wconf 81' lang='lat' dir='ltr'><strong>mundo</strong></span> <span class='ocrx_word' id='word_1_456' title='bbox 1702 1427 1808 1466; x_wconf 82' lang='lat' dir='ltr'><strong>corde,</strong></span> 
     </span>
     <span class='ocr_line' id='line_1_71' title="bbox 1031 1479 1808 1519; baseline 0.004 -10"><span class='ocrx_word' id='word_1_457' title='bbox 1031 1481 1062 1509; x_wconf 85' lang='lat' dir='ltr'><strong>et</strong></span> <span class='ocrx_word' id='word_1_458' title='bbox 1079 1489 1086 1508; x_wconf 74' lang='grc' dir='ltr'>ε</span> <span class='ocrx_word' id='word_1_459' title='bbox 1109 1479 1200 1511; x_wconf 74' lang='lat' dir='ltr'><strong>Beati</strong></span> <span class='ocrx_word' id='word_1_460' title='bbox 1219 1479 1364 1519; x_wconf 74' lang='lat' dir='ltr'><strong>pacifici,</strong></span> <span class='ocrx_word' id='word_1_461' title='bbox 1384 1479 1480 1511; x_wconf 86' lang='lat' dir='ltr'><strong>allicit</strong></span> <span class='ocrx_word' id='word_1_462' title='bbox 1499 1480 1538 1511; x_wconf 90' lang='lat' dir='ltr'><strong>ad</strong></span> <span class='ocrx_word' id='word_1_463' title='bbox 1557 1490 1688 1512; x_wconf 84' lang='lat' dir='ltr'><strong>sursum</strong></span> <span class='ocrx_word' id='word_1_464' title='bbox 1709 1481 1808 1513; x_wconf 88' lang='lat' dir='ltr'><strong>actio-</strong></span> 
     </span>
     <span class='ocr_line' id='line_1_72' title="bbox 1032 1532 1806 1575; baseline 0.004 -12"><span class='ocrx_word' id='word_1_465' title='bbox 1032 1541 1105 1563; x_wconf 75' lang='lat' dir='ltr'><strong>nem</strong></span> <span class='ocrx_word' id='word_1_466' title='bbox 1121 1532 1287 1573; x_wconf 82' lang='lat' dir='ltr'><strong>limpidam</strong></span> <span class='ocrx_word' id='word_1_467' title='bbox 1310 1534 1343 1564; x_wconf 93' lang='lat' dir='ltr'><strong>in</strong></span> <span class='ocrx_word' id='word_1_468' title='bbox 1366 1534 1538 1573; x_wconf 87' lang='lat' dir='ltr'><strong>intellectu,</strong></span> <span class='ocrx_word' id='word_1_469' title='bbox 1553 1537 1584 1566; x_wconf 88' lang='lat' dir='ltr'><strong>et</strong></span> <span class='ocrx_word' id='word_1_470' title='bbox 1599 1535 1806 1575; x_wconf 83' lang='lat' dir='ltr'><strong>tranquillam</strong></span> 
     </span>
     <span class='ocr_line' id='line_1_73' title="bbox 1031 1587 1808 1629; baseline 0.004 -12"><span class='ocrx_word' id='word_1_471' title='bbox 1031 1587 1097 1618; x_wconf 84' lang='lat' dir='ltr'><strong>sive</strong></span> <span class='ocrx_word' id='word_1_472' title='bbox 1113 1587 1276 1626; x_wconf 70' lang='lat' dir='ltr'><strong>pacificam</strong></span> <span class='ocrx_word' id='word_1_473' title='bbox 1292 1588 1324 1618; x_wconf 90' lang='lat' dir='ltr'><strong>iu</strong></span> <span class='ocrx_word' id='word_1_474' title='bbox 1340 1587 1466 1626; x_wconf 79' lang='lat' dir='ltr'><strong>aflectu,</strong></span> <span class='ocrx_word' id='word_1_475' title='bbox 1480 1588 1599 1628; x_wconf 82' lang='lat' dir='ltr'><strong>quibus</strong></span> <span class='ocrx_word' id='word_1_476' title='bbox 1613 1589 1721 1619; x_wconf 86' lang='lat' dir='ltr'><strong>anima</strong></span> <span class='ocrx_word' id='word_1_477' title='bbox 1735 1598 1808 1629; x_wconf 87' lang='lat' dir='ltr'><strong>per-</strong></span> 
     </span>
     <span class='ocr_line' id='line_1_74' title="bbox 1032 1641 1809 1683; baseline 0.005 -13"><span class='ocrx_word' id='word_1_478' title='bbox 1032 1641 1102 1671; x_wconf 84' lang='lat' dir='ltr'><strong>fecti</strong></span> <span class='ocrx_word' id='word_1_479' title='bbox 1115 1641 1175 1672; x_wconf 87' lang='lat' dir='ltr'><strong>viri</strong></span> <span class='ocrx_word' id='word_1_480' title='bbox 1187 1641 1384 1672; x_wconf 86' lang='lat' dir='ltr'><strong>Hierusalem</strong></span> <span class='ocrx_word' id='word_1_481' title='bbox 1395 1642 1565 1672; x_wconf 76' lang='lat' dir='ltr'><strong>conformis</strong></span> <span class='ocrx_word' id='word_1_482' title='bbox 1575 1642 1721 1681; x_wconf 78' lang='lat' dir='ltr'><strong>eflicitur,</strong></span> <span class='ocrx_word' id='word_1_483' title='bbox 1735 1652 1809 1683; x_wconf 80' lang='lat' dir='ltr'><strong>quae</strong></span> 
     </span>
     <span class='ocr_line' id='line_1_75' title="bbox 1033 1695 1811 1735; baseline 0.003 -9"><span class='ocrx_word' id='word_1_484' title='bbox 1033 1695 1117 1726; x_wconf 72' lang='lat' dir='ltr'><strong>visio</strong></span> <span class='ocrx_word' id='word_1_485' title='bbox 1143 1696 1233 1735; x_wconf 72' lang='lat' dir='ltr'><strong>pacis</strong></span> <span class='ocrx_word' id='word_1_486' title='bbox 1257 1696 1494 1735; x_wconf 76' lang='lat' dir='ltr'><strong>interpretatur.</strong></span> <span class='ocrx_word' id='word_1_487' title='bbox 1516 1696 1657 1727; x_wconf 83' lang='lat' dir='ltr'><strong>Tandem</strong></span> <span class='ocrx_word' id='word_1_488' title='bbox 1681 1697 1811 1728; x_wconf 91' lang='lat' dir='ltr'><strong>conclu-</strong></span> 
     </span>
     <span class='ocr_line' id='line_1_76' title="bbox 1032 1748 1805 1790; baseline 0.005 -12"><span class='ocrx_word' id='word_1_489' title='bbox 1032 1748 1132 1779; x_wconf 77' lang='lat' dir='ltr'><strong>dens:</strong></span> <span class='ocrx_word' id='word_1_490' title='bbox 1160 1750 1262 1787; x_wconf 68' lang='lat' dir='ltr'><strong>Beati,</strong></span> <span class='ocrx_word' id='word_1_491' title='bbox 1288 1751 1345 1789; x_wconf 77' lang='lat' dir='ltr'><strong>qut·</strong></span> <span class='ocrx_word' id='word_1_492' title='bbox 1371 1751 1614 1789; x_wconf 67' lang='lat' dir='ltr'><strong>persecutionem</strong></span> <span class='ocrx_word' id='word_1_493' title='bbox 1632 1751 1805 1790; x_wconf 78' lang='lat' dir='ltr'><strong>patiuntur</strong></span> 
     </span>
     <span class='ocr_line' id='line_1_77' title="bbox 1033 1803 1810 1844; baseline 0.003 -10"><span class='ocrx_word' id='word_1_494' title='bbox 1033 1805 1161 1842; x_wconf 76' lang='lat' dir='ltr'><strong>propter</strong></span> <span class='ocrx_word' id='word_1_495' title='bbox 1170 1803 1349 1843; x_wconf 44' lang='lat' dir='ltr'><strong>,ints-titiana</strong></span> <span class='ocrx_word' id='word_1_496' title='bbox 1368 1805 1522 1844; x_wconf 71' lang='lat' dir='ltr'><strong>quoniam</strong></span> <span class='ocrx_word' id='word_1_497' title='bbox 1538 1805 1680 1843; x_wconf 75' lang='lat' dir='ltr'><strong>ipsorum</strong></span> <span class='ocrx_word' id='word_1_498' title='bbox 1696 1807 1742 1836; x_wconf 87' lang='lat' dir='ltr'><strong>est</strong></span> <span class='ocrx_word' id='word_1_499' title='bbox 1760 1813 1810 1836; x_wconf 84' lang='lat' dir='ltr'><strong>re-</strong></span> 
     </span>
     <span class='ocr_line' id='line_1_78' title="bbox 1035 1858 1812 1898; baseline 0.003 -10"><span class='ocrx_word' id='word_1_500' title='bbox 1035 1866 1133 1897; x_wconf 68' lang='lat' dir='ltr'><strong>ymtm</strong></span> <span class='ocrx_word' id='word_1_501' title='bbox 1147 1858 1304 1897; x_wconf 73' lang='lat' dir='ltr'><strong>ca‘lorum,</strong></span> <span class='ocrx_word' id='word_1_502' title='bbox 1321 1858 1412 1898; x_wconf 81' lang='lat' dir='ltr'><strong>quasi</strong></span> <span class='ocrx_word' id='word_1_503' title='bbox 1428 1858 1583 1889; x_wconf 83' lang='lat' dir='ltr'><strong>circulum</strong></span> <span class='ocrx_word' id='word_1_504' title='bbox 1599 1858 1715 1889; x_wconf 75' lang='lat' dir='ltr'><strong>taciens</strong></span> <span class='ocrx_word' id='word_1_505' title='bbox 1731 1859 1812 1890; x_wconf 88' lang='lat' dir='ltr'><strong>redit</strong></span> 
     </span>
     <span class='ocr_line' id='line_1_79' title="bbox 1034 1911 1811 1952; baseline 0.003 -11"><span class='ocrx_word' id='word_1_506' title='bbox 1034 1911 1072 1941; x_wconf 89' lang='lat' dir='ltr'><strong>ad</strong></span> <span class='ocrx_word' id='word_1_507' title='bbox 1090 1911 1292 1951; x_wconf 80' lang='lat' dir='ltr'><strong>principium,</strong></span> <span class='ocrx_word' id='word_1_508' title='bbox 1305 1911 1380 1952; x_wconf 87' lang='lat' dir='ltr'><strong>quia</strong></span> <span class='ocrx_word' id='word_1_509' title='bbox 1392 1912 1424 1942; x_wconf 92' lang='lat' dir='ltr'><strong>in</strong></span> <span class='ocrx_word' id='word_1_510' title='bbox 1435 1912 1495 1942; x_wconf 87' lang='lat' dir='ltr'><strong>hoc</strong></span> <span class='ocrx_word' id='word_1_511' title='bbox 1507 1921 1573 1942; x_wconf 91' lang='lat' dir='ltr'><strong>uno</strong></span> <span class='ocrx_word' id='word_1_512' title='bbox 1584 1921 1710 1943; x_wconf 88' lang='lat' dir='ltr'><strong>summa</strong></span> <span class='ocrx_word' id='word_1_513' title='bbox 1724 1921 1811 1943; x_wconf 89' lang='lat' dir='ltr'><strong>com-</strong></span> 
     </span>
     <span class='ocr_line' id='line_1_80' title="bbox 1035 1955 1811 2006; baseline 0.003 -11"><span class='ocrx_word' id='word_1_514' title='bbox 1035 1965 1139 2005; x_wconf 80' lang='lat' dir='ltr'><strong>pletur</strong></span> <span class='ocrx_word' id='word_1_515' title='bbox 1153 1966 1391 2003; x_wconf 85' lang='lat' dir='ltr'><strong>universorum,</strong></span> <span class='ocrx_word' id='word_1_516' title='bbox 1408 1975 1444 1996; x_wconf 85' lang='lat' dir='ltr'><strong>ae</strong></span> <span class='ocrx_word' id='word_1_517' title='bbox 1459 1975 1515 2006; x_wconf 88' lang='lat' dir='ltr'><strong>per</strong></span> <span class='ocrx_word' id='word_1_518' title='bbox 1532 1966 1591 1996; x_wconf 91' lang='lat' dir='ltr'><strong>hoc</strong></span> <span class='ocrx_word' id='word_1_519' title='bbox 1604 1965 1728 1997; x_wconf 87' lang='lat' dir='ltr'><strong>senaria</strong></span> <span class='ocrx_word' id='word_1_520' title='bbox 1741 1955 1811 2006; x_wconf 80' lang='lat' dir='ltr'><strong>per-</strong></span> 
     </span>
     <span class='ocr_line' id='line_1_81' title="bbox 1037 2019 1810 2059; baseline 0.001 -10"><span class='ocrx_word' id='word_1_521' title='bbox 1037 2019 1126 2049; x_wconf 82' lang='lat' dir='ltr'><strong>fectio</strong></span> <span class='ocrx_word' id='word_1_522' title='bbox 1143 2020 1276 2049; x_wconf 84' lang='lat' dir='ltr'><strong>minoris</strong></span> <span class='ocrx_word' id='word_1_523' title='bbox 1300 2020 1408 2050; x_wconf 88' lang='lat' dir='ltr'><strong>mundi</strong></span> <span class='ocrx_word' id='word_1_524' title='bbox 1425 2020 1458 2050; x_wconf 90' lang='lat' dir='ltr'><strong>in</strong></span> <span class='ocrx_word' id='word_1_525' title='bbox 1474 2029 1541 2050; x_wconf 82' lang='lat' dir='ltr'><strong>esse</strong></span> <span class='ocrx_word' id='word_1_526' title='bbox 1556 2019 1763 2059; x_wconf 81' lang='lat' dir='ltr'><strong>reparationis</strong></span> <span class='ocrx_word' id='word_1_527' title='bbox 1781 2021 1810 2050; x_wconf 89' lang='lat' dir='ltr'><strong>et</strong></span> 
     </span>
     <span class='ocr_line' id='line_1_82' title="bbox 1037 2073 1810 2113; baseline 0.001 -10"><span class='ocrx_word' id='word_1_528' title='bbox 1037 2073 1162 2112; x_wconf 58' lang='lat' dir='ltr'><strong>gratiae,</strong></span> <span class='ocrx_word' id='word_1_529' title='bbox 1190 2074 1305 2104; x_wconf 75' lang='lat' dir='ltr'><strong>directe</strong></span> <span class='ocrx_word' id='word_1_530' title='bbox 1330 2073 1551 2113; x_wconf 81' lang='lat' dir='ltr'><strong>correspondet</strong></span> <span class='ocrx_word' id='word_1_531' title='bbox 1575 2073 1709 2104; x_wconf 60' lang='lat' dir='ltr'><strong>senaria}</strong></span> <span class='ocrx_word' id='word_1_532' title='bbox 1736 2082 1810 2112; x_wconf 87' lang='lat' dir='ltr'><strong>pro-</strong></span> 
     </span>
     <span class='ocr_line' id='line_1_83' title="bbox 1035 2126 1809 2157; baseline 0 0"><span class='ocrx_word' id='word_1_533' title='bbox 1035 2127 1175 2157; x_wconf 84' lang='lat' dir='ltr'><strong>ductioni</strong></span> <span class='ocrx_word' id='word_1_534' title='bbox 1188 2127 1358 2157; x_wconf 81' lang='lat' dir='ltr'><strong>mundialis</strong></span> <span class='ocrx_word' id='word_1_535' title='bbox 1375 2127 1531 2157; x_wconf 66' lang='lat' dir='ltr'><strong>machina}</strong></span> <span class='ocrx_word' id='word_1_536' title='bbox 1546 2126 1578 2157; x_wconf 90' lang='lat' dir='ltr'><strong>in</strong></span> <span class='ocrx_word' id='word_1_537' title='bbox 1595 2136 1661 2157; x_wconf 87' lang='lat' dir='ltr'><strong>esse</strong></span> <span class='ocrx_word' id='word_1_538' title='bbox 1672 2129 1809 2157; x_wconf 65' lang='lat' dir='ltr'><strong>naturae.</strong></span> 
     </span>
     <span class='ocr_line' id='line_1_84' title="bbox 1037 2180 1812 2220; baseline 0.001 -10"><span class='ocrx_word' id='word_1_539' title='bbox 1037 2180 1123 2211; x_wconf 83' lang='lat' dir='ltr'><strong>Unde</strong></span> <span class='ocrx_word' id='word_1_540' title='bbox 1145 2181 1225 2211; x_wconf 86' lang='lat' dir='ltr'><strong>sicut</strong></span> <span class='ocrx_word' id='word_1_541' title='bbox 1244 2181 1373 2211; x_wconf 86' lang='lat' dir='ltr'><strong>illorum</strong></span> <span class='ocrx_word' id='word_1_542' title='bbox 1397 2181 1457 2211; x_wconf 87' lang='lat' dir='ltr'><strong>tria</strong></span> <span class='ocrx_word' id='word_1_543' title='bbox 1474 2180 1578 2220; x_wconf 82' lang='lat' dir='ltr'><strong>prima</strong></span> <span class='ocrx_word' id='word_1_544' title='bbox 1597 2180 1756 2220; x_wconf 84' lang='lat' dir='ltr'><strong>pertinent</strong></span> <span class='ocrx_word' id='word_1_545' title='bbox 1771 2180 1812 2211; x_wconf 87' lang='lat' dir='ltr'><strong>ad</strong></span> 
     </span>
     <span class='ocr_line' id='line_1_85' title="bbox 1034 2235 1810 2275; baseline 0 -10"><span class='ocrx_word' id='word_1_546' title='bbox 1034 2236 1279 2273; x_wconf 78' lang='lat' dir='ltr'><strong>distinctionem,</strong></span> <span class='ocrx_word' id='word_1_547' title='bbox 1306 2235 1365 2265; x_wconf 73' lang='lat' dir='ltr'><strong>tria</strong></span> <span class='ocrx_word' id='word_1_548' title='bbox 1389 2235 1553 2275; x_wconf 82' lang='lat' dir='ltr'><strong>sequentia</strong></span> <span class='ocrx_word' id='word_1_549' title='bbox 1578 2235 1617 2266; x_wconf 87' lang='lat' dir='ltr'><strong>ad</strong></span> <span class='ocrx_word' id='word_1_550' title='bbox 1641 2237 1810 2274; x_wconf 82' lang='lat' dir='ltr'><strong>ornatum;</strong></span> 
     </span>
     <span class='ocr_line' id='line_1_86' title="bbox 1035 2288 1809 2328; baseline -0.001 -9"><span class='ocrx_word' id='word_1_551' title='bbox 1035 2289 1078 2319; x_wconf 84' lang='lat' dir='ltr'><strong>sic</strong></span> <span class='ocrx_word' id='word_1_552' title='bbox 1104 2289 1199 2319; x_wconf 72' lang='lat' dir='ltr'><strong>ctiam</strong></span> <span class='ocrx_word' id='word_1_553' title='bbox 1226 2289 1258 2318; x_wconf 89' lang='lat' dir='ltr'><strong>iu</strong></span> <span class='ocrx_word' id='word_1_554' title='bbox 1281 2289 1331 2319; x_wconf 73' lang='lat' dir='ltr'><strong>liis</strong></span> <span class='ocrx_word' id='word_1_555' title='bbox 1355 2288 1415 2319; x_wconf 87' lang='lat' dir='ltr'><strong>tria</strong></span> <span class='ocrx_word' id='word_1_556' title='bbox 1439 2289 1560 2328; x_wconf 82' lang='lat' dir='ltr'><strong>prima,</strong></span> <span class='ocrx_word' id='word_1_557' title='bbox 1585 2288 1676 2328; x_wconf 82' lang='lat' dir='ltr'><strong>quasi</strong></span> <span class='ocrx_word' id='word_1_558' title='bbox 1698 2288 1809 2319; x_wconf 89' lang='lat' dir='ltr'><strong>distin-</strong></span> 
     </span>
     <span class='ocr_line' id='line_1_87' title="bbox 1035 2342 1808 2382; baseline 0 -10"><span class='ocrx_word' id='word_1_559' title='bbox 1035 2343 1175 2382; x_wconf 81' lang='lat' dir='ltr'><strong>gncudo,</strong></span> <span class='ocrx_word' id='word_1_560' title='bbox 1193 2345 1338 2382; x_wconf 79' lang='lat' dir='ltr'><strong>separant</strong></span> <span class='ocrx_word' id='word_1_561' title='bbox 1353 2343 1469 2372; x_wconf 69' lang='lat' dir='ltr'><strong>animm.</strong></span> <span class='ocrx_word' id='word_1_562' title='bbox 1486 2342 1571 2372; x_wconf 87' lang='lat' dir='ltr'><strong>vires</strong></span> <span class='ocrx_word' id='word_1_563' title='bbox 1592 2342 1632 2372; x_wconf 89' lang='lat' dir='ltr'><strong>ab</strong></span> <span class='ocrx_word' id='word_1_564' title='bbox 1648 2342 1808 2372; x_wconf 89' lang='lat' dir='ltr'><strong>universi-</strong></span> 
     </span>
     <span class='ocr_line' id='line_1_88' title="bbox 1034 2395 1808 2435; baseline -0.001 -9"><span class='ocrx_word' id='word_1_565' title='bbox 1034 2398 1095 2426; x_wconf 84' lang='lat' dir='ltr'><strong>tate</strong></span> <span class='ocrx_word' id='word_1_566' title='bbox 1112 2396 1280 2434; x_wconf 89' lang='lat' dir='ltr'><strong>malorum,</strong></span> <span class='ocrx_word' id='word_1_567' title='bbox 1299 2398 1333 2426; x_wconf 90' lang='lat' dir='ltr'><strong>ut</strong></span> <span class='ocrx_word' id='word_1_568' title='bbox 1347 2405 1415 2426; x_wconf 84' lang='lat' dir='ltr'><strong>esse</strong></span> <span class='ocrx_word' id='word_1_569' title='bbox 1428 2395 1566 2426; x_wconf 82' lang='lat' dir='ltr'><strong>habeant</strong></span> <span class='ocrx_word' id='word_1_570' title='bbox 1582 2404 1700 2435; x_wconf 87' lang='lat' dir='ltr'><strong>purum</strong></span> <span class='ocrx_word' id='word_1_571' title='bbox 1713 2397 1808 2435; x_wconf 78' lang='lat' dir='ltr'><strong>atque</strong></span> 
     </span>
     <span class='ocr_line' id='line_1_89' title="bbox 1034 2449 1806 2489; baseline -0.003 -9"><span class='ocrx_word' id='word_1_572' title='bbox 1034 2450 1216 2480; x_wconf 83' lang='lat' dir='ltr'><strong>distinctum</strong></span> <span class='ocrx_word' id='word_1_573' title='bbox 1230 2461 1237 2488; x_wconf 84' lang='lat'><strong>·,</strong></span> <span class='ocrx_word' id='word_1_574' title='bbox 1252 2450 1310 2480; x_wconf 83' lang='lat' dir='ltr'><strong>tria</strong></span> <span class='ocrx_word' id='word_1_575' title='bbox 1323 2449 1498 2489; x_wconf 70' lang='lat' dir='ltr'><strong>sequentia,</strong></span> <span class='ocrx_word' id='word_1_576' title='bbox 1512 2449 1600 2489; x_wconf 86' lang='lat' dir='ltr'><strong>quasi</strong></span> <span class='ocrx_word' id='word_1_577' title='bbox 1611 2449 1806 2486; x_wconf 82' lang='lat' dir='ltr'><strong>adornando,</strong></span> 
     </span>
     <span class='ocr_line' id='line_1_90' title="bbox 1033 2503 1808 2541; baseline -0.001 -7"><span class='ocrx_word' id='word_1_578' title='bbox 1033 2504 1159 2534; x_wconf 82' lang='lat' dir='ltr'><strong>easdem</strong></span> <span class='ocrx_word' id='word_1_579' title='bbox 1172 2504 1329 2535; x_wconf 85' lang='lat' dir='ltr'><strong>reducunt</strong></span> <span class='ocrx_word' id='word_1_580' title='bbox 1346 2503 1379 2533; x_wconf 93' lang='lat' dir='ltr'><strong>in</strong></span> <span class='ocrx_word' id='word_1_581' title='bbox 1402 2503 1512 2541; x_wconf 82' lang='lat' dir='ltr'><strong>Deum,</strong></span> <span class='ocrx_word' id='word_1_582' title='bbox 1530 2506 1565 2534; x_wconf 89' lang='lat' dir='ltr'><strong>ut</strong></span> <span class='ocrx_word' id='word_1_583' title='bbox 1584 2503 1720 2534; x_wconf 78' lang='lat' dir='ltr'><strong>habeant</strong></span> <span class='ocrx_word' id='word_1_584' title='bbox 1740 2511 1808 2533; x_wconf 87' lang='lat' dir='ltr'><strong>esse</strong></span> 
     </span>
     <span class='ocr_line' id='line_1_91' title="bbox 1034 2556 1808 2599; baseline -0.001 -10"><span class='ocrx_word' id='word_1_585' title='bbox 1034 2561 1183 2591; x_wconf 84' lang='lat' dir='ltr'><strong>decorum</strong></span> <span class='ocrx_word' id='word_1_586' title='bbox 1199 2562 1295 2599; x_wconf 84' lang='lat' dir='ltr'><strong>atque</strong></span> <span class='ocrx_word' id='word_1_587' title='bbox 1310 2560 1494 2599; x_wconf 84' lang='lat' dir='ltr'><strong>perfectum.</strong></span> <span class='ocrx_word' id='word_1_588' title='bbox 1518 2558 1612 2588; x_wconf 88' lang='lat' dir='ltr'><strong>Porro</strong></span> <span class='ocrx_word' id='word_1_589' title='bbox 1632 2557 1658 2587; x_wconf 87' lang='lat' dir='ltr'><strong>si</strong></span> <span class='ocrx_word' id='word_1_590' title='bbox 1677 2556 1808 2588; x_wconf 88' lang='lat' dir='ltr'><strong>descen-</strong></span> 
     </span>
     <span class='ocr_line' id='line_1_92' title="bbox 1034 2612 1807 2651; baseline -0.005 -6"><span class='ocrx_word' id='word_1_591' title='bbox 1034 2615 1127 2645; x_wconf 76' lang='lat' dir='ltr'><strong>datur</strong></span> <span class='ocrx_word' id='word_1_592' title='bbox 1141 2614 1179 2644; x_wconf 87' lang='lat' dir='ltr'><strong>ad</strong></span> <span class='ocrx_word' id='word_1_593' title='bbox 1203 2613 1339 2651; x_wconf 54' lang='lat' dir='ltr'><strong>singem,</strong></span> <span class='ocrx_word' id='word_1_594' title='bbox 1365 2615 1429 2643; x_wconf 75' lang='lat' dir='ltr'><strong>tam</strong></span> <span class='ocrx_word' id='word_1_595' title='bbox 1453 2612 1534 2642; x_wconf 88' lang='lat' dir='ltr'><strong>mira</strong></span> <span class='ocrx_word' id='word_1_596' title='bbox 1557 2613 1603 2642; x_wconf 88' lang='lat' dir='ltr'><strong>est</strong></span> <span class='ocrx_word' id='word_1_597' title='bbox 1622 2620 1807 2651; x_wconf 88' lang='lat' dir='ltr'><strong>correspon-</strong></span> 
     </span>
     <span class='ocr_line' id='line_1_93' title="bbox 1033 2664 1804 2706; baseline -0.004 -7"><span class='ocrx_word' id='word_1_598' title='bbox 1033 2668 1139 2699; x_wconf 80' lang='lat' dir='ltr'><strong>dentia</strong></span> <span class='ocrx_word' id='word_1_599' title='bbox 1153 2667 1282 2704; x_wconf 78' lang='lat' dir='ltr'><strong>ordinis,</strong></span> <span class='ocrx_word' id='word_1_600' title='bbox 1307 2668 1466 2706; x_wconf 63' lang='lat' dir='ltr'><strong>tantaeque</strong></span> <span class='ocrx_word' id='word_1_601' title='bbox 1481 2664 1695 2696; x_wconf 86' lang='lat' dir='ltr'><strong>similitudinis</strong></span> <span class='ocrx_word' id='word_1_602' title='bbox 1716 2675 1804 2705; x_wconf 83' lang='lat' dir='ltr'><strong>sym-</strong></span> 
     </span>
     <span class='ocr_line' id='line_1_94' title="bbox 1065 2728 1362 2762; baseline -0.01 -9"><span class='ocrx_word' id='word_1_603' title='bbox 1065 2730 1099 2762; x_wconf 79' lang='lat'><em>(11)</em></span> <span class='ocrx_word' id='word_1_604' title='bbox 1115 2730 1176 2754; x_wconf 59' lang='lat' dir='ltr'><strong>Cant.</strong></span> <span class='ocrx_word' id='word_1_605' title='bbox 1192 2729 1251 2753; x_wconf 73' lang='lat' dir='ltr'><strong>edit.</strong></span> <span class='ocrx_word' id='word_1_606' title='bbox 1267 2728 1362 2752; x_wconf 75' lang='lat' dir='ltr'><strong>habeat.</strong></span> 
     </span>
    </p>
   </div>
  </div>
 </body>
</html>
