<?xml version="1.0" encoding="UTF-8"?>
<!DOCTYPE html PUBLIC "-//W3C//DTD XHTML 1.0 Transitional//EN"
    "http://www.w3.org/TR/xhtml1/DTD/xhtml1-transitional.dtd">
<html xmlns="http://www.w3.org/1999/xhtml" xml:lang="en" lang="en">
 <head>
  <title>
</title>
<meta http-equiv="Content-Type" content="text/html;charset=utf-8" />
  <meta name='ocr-system' content='tesseract 3.04.00' />
  <meta name='ocr-capabilities' content='ocr_page ocr_carea ocr_par ocr_line ocrx_word'/>
</head>
<body>
  <div class='ocr_page' id='page_1' title='image "./operaomniasixtiv14bonauoft_0435.png"; bbox 0 0 2029 3052; ppageno 0'>
   <div class='ocr_carea' id='block_1_1' title="bbox 679 212 1361 248">
    <p class='ocr_par' dir='ltr' id='par_1_1' title="bbox 679 212 1361 248">
     <span class='ocr_line' id='line_1_1' title="bbox 679 212 1361 248; baseline -0.003 0"><span class='ocrx_word' id='word_1_1' title='bbox 679 213 836 248; x_wconf 81' lang='lat' dir='ltr'>CONTRA</span> <span class='ocrx_word' id='word_1_2' title='bbox 857 213 886 245; x_wconf 92' lang='lat' dir='ltr'><strong>M</strong></span> <span class='ocrx_word' id='word_1_3' title='bbox 890 212 1093 246; x_wconf 83' lang='lat' dir='ltr'>AGISTRUM</span> <span class='ocrx_word' id='word_1_4' title='bbox 1116 215 1361 248; x_wconf 86' lang='lat' dir='ltr'>GUILELMUM.</span> 
     </span>
    </p>
   </div>
   <div class='ocr_carea' id='block_1_2' title="bbox 211 283 997 2586">
    <p class='ocr_par' dir='ltr' id='par_1_2' title="bbox 211 283 990 746">
     <span class='ocr_line' id='line_1_2' title="bbox 211 283 988 324; baseline -0.003 -8"><span class='ocrx_word' id='word_1_5' title='bbox 211 284 293 324; x_wconf 88' lang='lat' dir='ltr'>1em;</span> <span class='ocrx_word' id='word_1_6' title='bbox 321 284 348 316; x_wconf 88' lang='lat' dir='ltr'>si</span> <span class='ocrx_word' id='word_1_7' title='bbox 372 284 527 317; x_wconf 88' lang='lat' dir='ltr'>Summus</span> <span class='ocrx_word' id='word_1_8' title='bbox 550 284 696 317; x_wconf 83' lang='lat' dir='ltr'><strong>Pontifex</strong></span> <span class='ocrx_word' id='word_1_9' title='bbox 719 283 851 316; x_wconf 86' lang='lat' dir='ltr'>Ordines</span> <span class='ocrx_word' id='word_1_10' title='bbox 869 285 988 315; x_wconf 85' lang='lat' dir='ltr'>statuat</span> 
     </span>
     <span class='ocr_line' id='line_1_3' title="bbox 212 336 988 380; baseline -0.003 -10"><span class='ocrx_word' id='word_1_11' title='bbox 212 347 379 379; x_wconf 82' lang='lat' dir='ltr'>pauperes,</span> <span class='ocrx_word' id='word_1_12' title='bbox 396 338 451 380; x_wconf 90' lang='lat' dir='ltr'>qui</span> <span class='ocrx_word' id='word_1_13' title='bbox 466 338 646 380; x_wconf 73' lang='lat' dir='ltr'>spiritualia</span> <span class='ocrx_word' id='word_1_14' title='bbox 657 337 824 376; x_wconf 81' lang='lat' dir='ltr'>seminent,</span> <span class='ocrx_word' id='word_1_15' title='bbox 840 339 871 368; x_wconf 91' lang='lat' dir='ltr'>et</span> <span class='ocrx_word' id='word_1_16' title='bbox 884 336 923 368; x_wconf 91' lang='lat' dir='ltr'>de</span> <span class='ocrx_word' id='word_1_17' title='bbox 937 346 988 369; x_wconf 91' lang='lat' dir='ltr'>eo-</span> 
     </span>
     <span class='ocr_line' id='line_1_4' title="bbox 212 390 990 434; baseline -0.001 -11"><span class='ocrx_word' id='word_1_18' title='bbox 212 401 299 431; x_wconf 89' lang='lat' dir='ltr'>rum,</span> <span class='ocrx_word' id='word_1_19' title='bbox 314 401 394 434; x_wconf 86' lang='lat' dir='ltr'>quos</span> <span class='ocrx_word' id='word_1_20' title='bbox 407 392 566 424; x_wconf 83' lang='lat' dir='ltr'>aedisscant</span> <span class='ocrx_word' id='word_1_21' title='bbox 579 392 678 424; x_wconf 89' lang='lat' dir='ltr'>verbo</span> <span class='ocrx_word' id='word_1_22' title='bbox 693 393 724 423; x_wconf 86' lang='lat' dir='ltr'>et</span> <span class='ocrx_word' id='word_1_23' title='bbox 737 391 895 432; x_wconf 85' lang='lat' dir='ltr'>exemplo,</span> <span class='ocrx_word' id='word_1_24' title='bbox 909 390 990 422; x_wconf 89' lang='lat' dir='ltr'>elee-</span> 
     </span>
     <span class='ocr_line' id='line_1_5' title="bbox 214 444 984 487; baseline -0.003 -10"><span class='ocrx_word' id='word_1_25' title='bbox 214 446 354 487; x_wconf 89' lang='lat' dir='ltr'>mosynis</span> <span class='ocrx_word' id='word_1_26' title='bbox 377 445 525 486; x_wconf 75' lang='lat' dir='ltr'>gratuitis</span> <span class='ocrx_word' id='word_1_27' title='bbox 548 445 672 486; x_wconf 86' lang='lat' dir='ltr'>petitis,</span> <span class='ocrx_word' id='word_1_28' title='bbox 689 454 745 477; x_wconf 92' lang='lat' dir='ltr'>seu</span> <span class='ocrx_word' id='word_1_29' title='bbox 759 445 844 476; x_wconf 90' lang='lat' dir='ltr'>ultro</span> <span class='ocrx_word' id='word_1_30' title='bbox 859 444 984 483; x_wconf 87' lang='lat' dir='ltr'>oblatis,</span> 
     </span>
     <span class='ocr_line' id='line_1_6' title="bbox 212 498 985 540; baseline -0.001 -10"><span class='ocrx_word' id='word_1_31' title='bbox 212 499 334 538; x_wconf 86' lang='lat' dir='ltr'>vivant,</span> <span class='ocrx_word' id='word_1_32' title='bbox 352 499 392 530; x_wconf 91' lang='lat' dir='ltr'>ab</span> <span class='ocrx_word' id='word_1_33' title='bbox 406 499 557 540; x_wconf 89' lang='lat' dir='ltr'>Apostolo</span> <span class='ocrx_word' id='word_1_34' title='bbox 572 499 605 530; x_wconf 88' lang='lat' dir='ltr'>in</span> <span class='ocrx_word' id='word_1_35' title='bbox 619 499 708 531; x_wconf 92' lang='lat' dir='ltr'>nullo</span> <span class='ocrx_word' id='word_1_36' title='bbox 721 507 851 540; x_wconf 90' lang='lat' dir='ltr'>prorsus</span> <span class='ocrx_word' id='word_1_37' title='bbox 865 498 985 530; x_wconf 88' lang='lat' dir='ltr'>discor-</span> 
     </span>
     <span class='ocr_line' id='line_1_7' title="bbox 212 552 987 594; baseline -0.001 -10"><span class='ocrx_word' id='word_1_38' title='bbox 212 553 275 591; x_wconf 88' lang='lat' dir='ltr'>dat,</span> <span class='ocrx_word' id='word_1_39' title='bbox 288 553 366 594; x_wconf 90' lang='lat' dir='ltr'>quin</span> <span class='ocrx_word' id='word_1_40' title='bbox 376 553 483 594; x_wconf 91' lang='lat' dir='ltr'>potius</span> <span class='ocrx_word' id='word_1_41' title='bbox 497 553 677 591; x_wconf 78' lang='lat' dir='ltr'>concordat,</span> <span class='ocrx_word' id='word_1_42' title='bbox 689 562 764 584; x_wconf 91' lang='lat' dir='ltr'>cum</span> <span class='ocrx_word' id='word_1_43' title='bbox 774 554 894 584; x_wconf 87' lang='lat' dir='ltr'>tantam</span> <span class='ocrx_word' id='word_1_44' title='bbox 906 552 987 583; x_wconf 86' lang='lat' dir='ltr'>sicut</span> 
     </span>
     <span class='ocr_line' id='line_1_8' title="bbox 212 606 987 648; baseline -0.001 -10"><span class='ocrx_word' id='word_1_45' title='bbox 212 607 295 648; x_wconf 88' lang='lat' dir='ltr'>ipse,</span> <span class='ocrx_word' id='word_1_46' title='bbox 319 608 350 638; x_wconf 91' lang='lat' dir='ltr'>et</span> <span class='ocrx_word' id='word_1_47' title='bbox 370 607 526 647; x_wconf 72' lang='lat' dir='ltr'>maiorem</span> <span class='ocrx_word' id='word_1_48' title='bbox 547 608 734 647; x_wconf 89' lang='lat' dir='ltr'>potestatem</span> <span class='ocrx_word' id='word_1_49' title='bbox 748 606 863 638; x_wconf 88' lang='lat' dir='ltr'>habeat</span> <span class='ocrx_word' id='word_1_50' title='bbox 876 606 909 637; x_wconf 91' lang='lat' dir='ltr'>in</span> <span class='ocrx_word' id='word_1_51' title='bbox 924 615 987 646; x_wconf 82' lang='lat' dir='ltr'>gu-</span> 
     </span>
     <span class='ocr_line' id='line_1_9' title="bbox 211 659 986 701; baseline 0 -9"><span class='ocrx_word' id='word_1_52' title='bbox 211 660 375 692; x_wconf 87' lang='lat' dir='ltr'>bernando</span> <span class='ocrx_word' id='word_1_53' title='bbox 410 662 441 692; x_wconf 89' lang='lat' dir='ltr'>et</span> <span class='ocrx_word' id='word_1_54' title='bbox 472 660 668 701; x_wconf 88' lang='lat' dir='ltr'>disponendo</span> <span class='ocrx_word' id='word_1_55' title='bbox 699 660 800 701; x_wconf 89' lang='lat' dir='ltr'>ipsius</span> <span class='ocrx_word' id='word_1_56' title='bbox 840 659 986 692; x_wconf 81' lang='lat' dir='ltr'>Ecclesiae</span> 
     </span>
     <span class='ocr_line' id='line_1_10' title="bbox 213 715 370 746; baseline 0 0"><span class='ocrx_word' id='word_1_57' title='bbox 213 715 370 746; x_wconf 87' lang='lat' dir='ltr'>membra.</span> 
     </span>
    </p>

    <p class='ocr_par' dir='ltr' id='par_1_3' title="bbox 211 768 997 2586">
     <span class='ocr_line' id='line_1_11' title="bbox 252 768 985 809; baseline -0.001 -9"><span class='ocrx_word' id='word_1_58' title='bbox 252 768 314 800; x_wconf 90' lang='lat' dir='ltr'>Sed</span> <span class='ocrx_word' id='word_1_59' title='bbox 326 768 472 808; x_wconf 83' lang='lat' dir='ltr'>objicies,</span> <span class='ocrx_word' id='word_1_60' title='bbox 488 768 574 809; x_wconf 88' lang='lat' dir='ltr'>quod</span> <span class='ocrx_word' id='word_1_61' title='bbox 588 768 761 809; x_wconf 88' lang='lat' dir='ltr'>Apostolus</span> <span class='ocrx_word' id='word_1_62' title='bbox 774 768 924 809; x_wconf 88' lang='lat' dir='ltr'>praecepit</span> <span class='ocrx_word' id='word_1_63' title='bbox 940 768 985 799; x_wconf 89' lang='lat' dir='ltr'>la-</span> 
     </span>
     <span class='ocr_line' id='line_1_12' title="bbox 211 820 985 862; baseline -0.001 -9"><span class='ocrx_word' id='word_1_64' title='bbox 211 822 322 853; x_wconf 87' lang='lat' dir='ltr'>borem</span> <span class='ocrx_word' id='word_1_65' title='bbox 345 821 542 862; x_wconf 82' lang='lat' dir='ltr'>corporalem</span> <span class='ocrx_word' id='word_1_66' title='bbox 562 822 596 852; x_wconf 91' lang='lat' dir='ltr'>in</span> <span class='ocrx_word' id='word_1_67' title='bbox 617 823 725 861; x_wconf 86' lang='lat' dir='ltr'>textu,</span> <span class='ocrx_word' id='word_1_68' title='bbox 742 823 774 853; x_wconf 91' lang='lat' dir='ltr'>et</span> <span class='ocrx_word' id='word_1_69' title='bbox 796 821 913 861; x_wconf 85' lang='lat' dir='ltr'>glossae</span> <span class='ocrx_word' id='word_1_70' title='bbox 936 820 985 853; x_wconf 89' lang='lat' dir='ltr'>vi-</span> 
     </span>
     <span class='ocr_line' id='line_1_13' title="bbox 212 874 987 916; baseline -0.001 -10"><span class='ocrx_word' id='word_1_71' title='bbox 212 875 328 907; x_wconf 90' lang='lat' dir='ltr'>dentur</span> <span class='ocrx_word' id='word_1_72' title='bbox 342 875 456 913; x_wconf 77' lang='lat' dir='ltr'>dicere,</span> <span class='ocrx_word' id='word_1_73' title='bbox 475 875 561 916; x_wconf 87' lang='lat' dir='ltr'>quod</span> <span class='ocrx_word' id='word_1_74' title='bbox 575 875 636 907; x_wconf 90' lang='lat' dir='ltr'>hoc</span> <span class='ocrx_word' id='word_1_75' title='bbox 650 876 722 907; x_wconf 86' lang='lat' dir='ltr'>facit</span> <span class='ocrx_word' id='word_1_76' title='bbox 739 877 850 907; x_wconf 85' lang='lat' dir='ltr'>contra</span> <span class='ocrx_word' id='word_1_77' title='bbox 863 874 987 906; x_wconf 90' lang='lat' dir='ltr'>mendi-</span> 
     </span>
     <span class='ocr_line' id='line_1_14' title="bbox 212 928 989 970; baseline 0 -10"><span class='ocrx_word' id='word_1_78' title='bbox 212 929 350 960; x_wconf 79' lang='lat' dir='ltr'>citatem.</span> <span class='ocrx_word' id='word_1_79' title='bbox 367 929 428 960; x_wconf 84' lang='lat' dir='ltr'>Sed</span> <span class='ocrx_word' id='word_1_80' title='bbox 442 929 482 961; x_wconf 87' lang='lat' dir='ltr'>ad</span> <span class='ocrx_word' id='word_1_81' title='bbox 495 929 557 960; x_wconf 88' lang='lat' dir='ltr'>hoc</span> <span class='ocrx_word' id='word_1_82' title='bbox 568 931 616 961; x_wconf 87' lang='grc'>051</span> <span class='ocrx_word' id='word_1_83' title='bbox 627 930 721 970; x_wconf 89' lang='lat' dir='ltr'>plana</span> <span class='ocrx_word' id='word_1_84' title='bbox 731 929 902 970; x_wconf 83' lang='lat' dir='ltr'>responsio.</span> <span class='ocrx_word' id='word_1_85' title='bbox 916 928 989 960; x_wconf 87' lang='lat' dir='ltr'>Esto</span> 
     </span>
     <span class='ocr_line' id='line_1_15' title="bbox 213 982 990 1023; baseline 0.001 -10"><span class='ocrx_word' id='word_1_86' title='bbox 213 982 298 1023; x_wconf 89' lang='lat' dir='ltr'>quod</span> <span class='ocrx_word' id='word_1_87' title='bbox 313 982 482 1023; x_wconf 82' lang='lat' dir='ltr'>Apostolus</span> <span class='ocrx_word' id='word_1_88' title='bbox 494 982 638 1014; x_wconf 86' lang='lat' dir='ltr'>laborem</span> <span class='ocrx_word' id='word_1_89' title='bbox 654 983 844 1023; x_wconf 89' lang='lat' dir='ltr'>hujusmodi</span> <span class='ocrx_word' id='word_1_90' title='bbox 859 992 990 1014; x_wconf 86' lang='lat' dir='ltr'>manua-</span> 
     </span>
     <span class='ocr_line' id='line_1_16' title="bbox 212 1036 990 1080; baseline 0 -13"><span class='ocrx_word' id='word_1_91' title='bbox 212 1036 276 1080; x_wconf 87' lang='lat' dir='ltr'>lem</span> <span class='ocrx_word' id='word_1_92' title='bbox 290 1036 464 1077; x_wconf 67' lang='lat' dir='ltr'>praecipiat,</span> <span class='ocrx_word' id='word_1_93' title='bbox 481 1037 566 1078; x_wconf 89' lang='lat' dir='ltr'>quod</span> <span class='ocrx_word' id='word_1_94' title='bbox 581 1046 749 1077; x_wconf 88' lang='lat' dir='ltr'>nunquam</span> <span class='ocrx_word' id='word_1_95' title='bbox 764 1037 893 1076; x_wconf 82' lang='lat' dir='ltr'>negavi,</span> <span class='ocrx_word' id='word_1_96' title='bbox 907 1036 990 1067; x_wconf 90' lang='lat' dir='ltr'>sicut</span> 
     </span>
     <span class='ocr_line' id='line_1_17' title="bbox 213 1090 991 1131; baseline 0 -10"><span class='ocrx_word' id='word_1_97' title='bbox 213 1092 344 1131; x_wconf 85' lang='lat' dir='ltr'>apparet</span> <span class='ocrx_word' id='word_1_98' title='bbox 360 1090 394 1121; x_wconf 90' lang='lat' dir='ltr'>in</span> <span class='ocrx_word' id='word_1_99' title='bbox 412 1090 519 1123; x_wconf 90' lang='lat' dir='ltr'>verbis</span> <span class='ocrx_word' id='word_1_100' title='bbox 539 1091 637 1129; x_wconf 91' lang='lat' dir='ltr'>meis,</span> <span class='ocrx_word' id='word_1_101' title='bbox 660 1091 715 1121; x_wconf 86' lang='lat' dir='ltr'>sed</span> <span class='ocrx_word' id='word_1_102' title='bbox 737 1090 822 1131; x_wconf 91' lang='lat' dir='ltr'>quod</span> <span class='ocrx_word' id='word_1_103' title='bbox 842 1090 903 1121; x_wconf 91' lang='lat' dir='ltr'>hoc</span> <span class='ocrx_word' id='word_1_104' title='bbox 925 1099 991 1121; x_wconf 92' lang='lat' dir='ltr'>non</span> 
     </span>
     <span class='ocr_line' id='line_1_18' title="bbox 213 1143 990 1185; baseline -0.001 -11"><span class='ocrx_word' id='word_1_105' title='bbox 213 1144 439 1175; x_wconf 85' lang='lat' dir='ltr'>universaliter</span> <span class='ocrx_word' id='word_1_106' title='bbox 472 1144 618 1185; x_wconf 82' lang='lat' dir='ltr'>praecipit</span> <span class='ocrx_word' id='word_1_107' title='bbox 647 1144 748 1175; x_wconf 90' lang='lat' dir='ltr'>servis</span> <span class='ocrx_word' id='word_1_108' title='bbox 774 1144 905 1182; x_wconf 82' lang='lat' dir='ltr'>Christi,</span> <span class='ocrx_word' id='word_1_109' title='bbox 928 1143 990 1174; x_wconf 91' lang='lat' dir='ltr'>nisi</span> 
     </span>
     <span class='ocr_line' id='line_1_19' title="bbox 213 1198 992 1239; baseline 0.001 -11"><span class='ocrx_word' id='word_1_110' title='bbox 213 1198 294 1229; x_wconf 84' lang='lat' dir='ltr'>forte</span> <span class='ocrx_word' id='word_1_111' title='bbox 307 1198 340 1229; x_wconf 85' lang='lat' dir='ltr'>in</span> <span class='ocrx_word' id='word_1_112' title='bbox 357 1198 491 1230; x_wconf 82' lang='lat' dir='ltr'>articulo</span> <span class='ocrx_word' id='word_1_113' title='bbox 506 1199 711 1238; x_wconf 83' lang='lat' dir='ltr'>necessitatis,</span> <span class='ocrx_word' id='word_1_114' title='bbox 726 1198 760 1229; x_wconf 91' lang='lat' dir='ltr'>in</span> <span class='ocrx_word' id='word_1_115' title='bbox 776 1208 840 1239; x_wconf 89' lang='lat' dir='ltr'>quo</span> <span class='ocrx_word' id='word_1_116' title='bbox 853 1207 920 1229; x_wconf 90' lang='lat' dir='ltr'>non</span> <span class='ocrx_word' id='word_1_117' title='bbox 934 1207 992 1238; x_wconf 87' lang='lat' dir='ltr'>pa—</span> 
     </span>
     <span class='ocr_line' id='line_1_20' title="bbox 214 1252 991 1292; baseline -0.001 -9"><span class='ocrx_word' id='word_1_118' title='bbox 214 1253 258 1283; x_wconf 86' lang='lat' dir='ltr'>tet</span> <span class='ocrx_word' id='word_1_119' title='bbox 272 1252 356 1283; x_wconf 91' lang='lat' dir='ltr'>licita</span> <span class='ocrx_word' id='word_1_120' title='bbox 379 1252 432 1283; x_wconf 88' lang='lat' dir='ltr'>via</span> <span class='ocrx_word' id='word_1_121' title='bbox 452 1253 591 1284; x_wconf 89' lang='lat' dir='ltr'>habendi</span> <span class='ocrx_word' id='word_1_122' title='bbox 605 1253 739 1290; x_wconf 90' lang='lat' dir='ltr'>victum,</span> <span class='ocrx_word' id='word_1_123' title='bbox 755 1252 816 1283; x_wconf 90' lang='lat' dir='ltr'>nisi</span> <span class='ocrx_word' id='word_1_124' title='bbox 831 1261 888 1292; x_wconf 88' lang='lat' dir='ltr'>per</span> <span class='ocrx_word' id='word_1_125' title='bbox 901 1252 991 1283; x_wconf 89' lang='lat' dir='ltr'>labo-</span> 
     </span>
     <span class='ocr_line' id='line_1_21' title="bbox 213 1305 990 1347; baseline -0.003 -9"><span class='ocrx_word' id='word_1_126' title='bbox 213 1315 282 1338; x_wconf 86' lang='lat' dir='ltr'>rem</span> <span class='ocrx_word' id='word_1_127' title='bbox 298 1316 455 1338; x_wconf 89' lang='lat' dir='ltr'>manuum</span> <span class='ocrx_word' id='word_1_128' title='bbox 466 1331 476 1346; x_wconf 94' lang='lat'>,</span> <span class='ocrx_word' id='word_1_129' title='bbox 492 1307 546 1338; x_wconf 90' lang='lat' dir='ltr'>sed</span> <span class='ocrx_word' id='word_1_130' title='bbox 560 1307 705 1347; x_wconf 79' lang='lat' dir='ltr'>praecipit</span> <span class='ocrx_word' id='word_1_131' title='bbox 725 1305 868 1346; x_wconf 89' lang='lat' dir='ltr'>personis</span> <span class='ocrx_word' id='word_1_132' title='bbox 886 1305 990 1337; x_wconf 88' lang='lat' dir='ltr'>deter-</span> 
     </span>
     <span class='ocr_line' id='line_1_22' title="bbox 214 1359 988 1401; baseline -0.001 -10"><span class='ocrx_word' id='word_1_133' title='bbox 214 1360 355 1400; x_wconf 86' lang='lat' dir='ltr'>minatis,</span> <span class='ocrx_word' id='word_1_134' title='bbox 372 1360 549 1392; x_wconf 90' lang='lat' dir='ltr'>secundum</span> <span class='ocrx_word' id='word_1_135' title='bbox 560 1360 646 1401; x_wconf 90' lang='lat' dir='ltr'>quod</span> <span class='ocrx_word' id='word_1_136' title='bbox 656 1362 787 1400; x_wconf 87' lang='lat' dir='ltr'>apparet</span> <span class='ocrx_word' id='word_1_137' title='bbox 802 1369 843 1391; x_wconf 83' lang='lat' dir='ltr'>ex</span> <span class='ocrx_word' id='word_1_138' title='bbox 857 1361 947 1390; x_wconf 74' lang='lat' dir='ltr'>textu</span> <span class='ocrx_word' id='word_1_139' title='bbox 959 1359 966 1376; x_wconf 92' lang='lat'>¹</span> <span class='ocrx_word' id='word_1_140' title='bbox 981 1369 988 1390; x_wconf 80' lang='lat' dir='ltr'><em>z</em></span> 
     </span>
     <span class='ocr_line' id='line_1_23' title="bbox 216 1412 991 1454; baseline -0.003 -8"><span class='ocrx_word' id='word_1_141' title='bbox 216 1414 413 1447; x_wconf 81' lang='lat' dir='ltr'>Audivimus</span> <span class='ocrx_word' id='word_1_142' title='bbox 435 1413 590 1454; x_wconf 80' lang='lat' dir='ltr'>quosdam</span> <span class='ocrx_word' id='word_1_143' title='bbox 613 1415 698 1446; x_wconf 78' lang='lat' dir='ltr'>inter</span> <span class='ocrx_word' id='word_1_144' title='bbox 717 1421 772 1446; x_wconf 79' lang='lat' dir='ltr'>vos</span> <span class='ocrx_word' id='word_1_145' title='bbox 794 1412 991 1445; x_wconf 79' lang='lat' dir='ltr'>ambulantes</span> 
     </span>
     <span class='ocr_line' id='line_1_24' title="bbox 216 1468 989 1509; baseline -0.004 -8"><span class='ocrx_word' id='word_1_146' title='bbox 216 1469 366 1509; x_wconf 77' lang='lat' dir='ltr'>inquiete,</span> <span class='ocrx_word' id='word_1_147' title='bbox 382 1468 469 1501; x_wconf 82' lang='lat' dir='ltr'>nihil</span> <span class='ocrx_word' id='word_1_148' title='bbox 488 1471 666 1509; x_wconf 74' lang='lat' dir='ltr'>operantes,</span> <span class='ocrx_word' id='word_1_149' title='bbox 683 1468 739 1500; x_wconf 77' lang='lat' dir='ltr'>sed</span> <span class='ocrx_word' id='word_1_150' title='bbox 754 1469 877 1500; x_wconf 86' lang='lat' dir='ltr'>curiose</span> <span class='ocrx_word' id='word_1_151' title='bbox 893 1475 989 1507; x_wconf 70' lang='lat' dir='ltr'>aqen-</span> 
     </span>
     <span class='ocr_line' id='line_1_25' title="bbox 217 1521 993 1563; baseline -0.004 -8"><span class='ocrx_word' id='word_1_152' title='bbox 217 1526 275 1555; x_wconf 85' lang='lat' dir='ltr'>tes.</span> <span class='ocrx_word' id='word_1_153' title='bbox 300 1523 361 1555; x_wconf 82' lang='lat' dir='ltr'>His</span> <span class='ocrx_word' id='word_1_154' title='bbox 381 1525 488 1556; x_wconf 80' lang='lat' dir='ltr'>autem</span> <span class='ocrx_word' id='word_1_155' title='bbox 502 1523 560 1563; x_wconf 81' lang='lat' dir='ltr'>qui</span> <span class='ocrx_word' id='word_1_156' title='bbox 579 1522 737 1562; x_wconf 77' lang='lat' dir='ltr'>ejusmodi</span> <span class='ocrx_word' id='word_1_157' title='bbox 754 1525 841 1560; x_wconf 81' lang='lat' dir='ltr'>sunt,</span> <span class='ocrx_word' id='word_1_158' title='bbox 866 1521 993 1553; x_wconf 82' lang='lat' dir='ltr'>denun-</span> 
     </span>
     <span class='ocr_line' id='line_1_26' title="bbox 217 1575 994 1616; baseline 0 -9"><span class='ocrx_word' id='word_1_159' title='bbox 217 1577 346 1616; x_wconf 75' lang='lat' dir='ltr'>tiamus,</span> <span class='ocrx_word' id='word_1_160' title='bbox 363 1579 392 1610; x_wconf 78' lang='lat' dir='ltr'>et</span> <span class='ocrx_word' id='word_1_161' title='bbox 404 1577 600 1609; x_wconf 81' lang='lat' dir='ltr'>obsecramus</span> <span class='ocrx_word' id='word_1_162' title='bbox 615 1578 652 1609; x_wconf 88' lang='lat' dir='ltr'>in</span> <span class='ocrx_word' id='word_1_163' title='bbox 666 1576 800 1609; x_wconf 87' lang='lat' dir='ltr'>Domino</span> <span class='ocrx_word' id='word_1_164' title='bbox 816 1577 892 1608; x_wconf 81' lang='lat' dir='ltr'>Jesu</span> <span class='ocrx_word' id='word_1_165' title='bbox 905 1575 994 1607; x_wconf 83' lang='lat' dir='ltr'>Chri-</span> 
     </span>
     <span class='ocr_line' id='line_1_27' title="bbox 216 1633 993 1672; baseline -0.004 -8"><span class='ocrx_word' id='word_1_166' title='bbox 216 1635 275 1671; x_wconf 81' lang='lat' dir='ltr'>sto,</span> <span class='ocrx_word' id='word_1_167' title='bbox 295 1635 332 1665; x_wconf 77' lang='lat' dir='ltr'>ut</span> <span class='ocrx_word' id='word_1_168' title='bbox 346 1641 417 1664; x_wconf 86' lang='lat' dir='ltr'>cum</span> <span class='ocrx_word' id='word_1_169' title='bbox 431 1633 559 1665; x_wconf 76' lang='lat' dir='ltr'>silencio</span> <span class='ocrx_word' id='word_1_170' title='bbox 582 1634 746 1672; x_wconf 79' lang='lat' dir='ltr'>operantes</span> <span class='ocrx_word' id='word_1_171' title='bbox 765 1639 860 1663; x_wconf 81' lang='lat' dir='ltr'>suum</span> <span class='ocrx_word' id='word_1_172' title='bbox 879 1638 993 1670; x_wconf 78' lang='lat' dir='ltr'>panem</span> 
     </span>
     <span class='ocr_line' id='line_1_28' title="bbox 216 1685 992 1727; baseline -0.001 -10"><span class='ocrx_word' id='word_1_173' title='bbox 216 1685 419 1718; x_wconf 76' lang='lat' dir='ltr'>manducent.</span> <span class='ocrx_word' id='word_1_174' title='bbox 436 1686 474 1717; x_wconf 86' lang='lat' dir='ltr'>Et</span> <span class='ocrx_word' id='word_1_175' title='bbox 488 1686 582 1727; x_wconf 86' lang='lat' dir='ltr'>paulo</span> <span class='ocrx_word' id='word_1_176' title='bbox 601 1688 673 1717; x_wconf 89' lang='lat' dir='ltr'>aute</span> <span class='ocrx_word' id='word_1_177' title='bbox 688 1687 699 1703; x_wconf 76' lang='lat'>2</span> <span class='ocrx_word' id='word_1_178' title='bbox 715 1697 721 1717; x_wconf 94' lang='lat'>:</span> <span class='ocrx_word' id='word_1_179' title='bbox 743 1686 992 1722; x_wconf 81' lang='lat' dir='ltr'>Denuntiamus,</span> 
     </span>
     <span class='ocr_line' id='line_1_29' title="bbox 216 1738 995 1780; baseline -0.004 -8"><span class='ocrx_word' id='word_1_180' title='bbox 216 1742 253 1772; x_wconf 77' lang='lat' dir='ltr'>ut</span> <span class='ocrx_word' id='word_1_181' title='bbox 269 1739 307 1780; x_wconf 82' lang='lat' dir='ltr'>(a)</span> <span class='ocrx_word' id='word_1_182' title='bbox 317 1739 516 1773; x_wconf 79' lang='lat' dir='ltr'>subtrahatis</span> <span class='ocrx_word' id='word_1_183' title='bbox 533 1748 599 1779; x_wconf 79' lang='lat' dir='ltr'>vos,</span> <span class='ocrx_word' id='word_1_184' title='bbox 614 1742 674 1772; x_wconf 83' lang='lat' dir='ltr'>etc.</span> <span class='ocrx_word' id='word_1_185' title='bbox 695 1739 804 1770; x_wconf 81' lang='lat' dir='ltr'>Glossa</span> <span class='ocrx_word' id='word_1_186' title='bbox 821 1750 827 1770; x_wconf 91' lang='lat'>:</span> <span class='ocrx_word' id='word_1_187' title='bbox 851 1750 866 1768; x_wconf 89' lang='lat'>«</span> <span class='ocrx_word' id='word_1_188' title='bbox 881 1738 995 1779; x_wconf 84' lang='lat' dir='ltr'>Incipit</span> 
     </span>
     <span class='ocr_line' id='line_1_30' title="bbox 216 1793 994 1833; baseline 0 -10"><span class='ocrx_word' id='word_1_189' title='bbox 216 1793 268 1824; x_wconf 88' lang='grc'><strong>1110</strong></span> <span class='ocrx_word' id='word_1_190' title='bbox 282 1793 320 1824; x_wconf 83' lang='grc'>(10</span> <span class='ocrx_word' id='word_1_191' title='bbox 337 1794 469 1825; x_wconf 87' lang='lat' dir='ltr'>curiosis</span> <span class='ocrx_word' id='word_1_192' title='bbox 484 1796 515 1825; x_wconf 87' lang='lat' dir='ltr'>et</span> <span class='ocrx_word' id='word_1_193' title='bbox 531 1794 659 1833; x_wconf 87' lang='lat' dir='ltr'>otiosis,</span> <span class='ocrx_word' id='word_1_194' title='bbox 681 1803 816 1825; x_wconf 90' lang='lat' dir='ltr'>monens</span> <span class='ocrx_word' id='word_1_195' title='bbox 838 1795 875 1824; x_wconf 87' lang='lat' dir='ltr'>ut</span> <span class='ocrx_word' id='word_1_196' title='bbox 894 1793 994 1824; x_wconf 87' lang='lat' dir='ltr'>corri-</span> 
     </span>
     <span class='ocr_line' id='line_1_31' title="bbox 218 1848 995 1888; baseline 0.001 -11"><span class='ocrx_word' id='word_1_197' title='bbox 218 1849 380 1885; x_wconf 85' lang='lat' dir='ltr'>gantur.»</span> <span class='ocrx_word' id='word_1_198' title='bbox 401 1848 488 1879; x_wconf 88' lang='lat' dir='ltr'>Patet</span> <span class='ocrx_word' id='word_1_199' title='bbox 511 1858 589 1888; x_wconf 83' lang='lat' dir='ltr'>ergo</span> <span class='ocrx_word' id='word_1_200' title='bbox 610 1858 651 1879; x_wconf 81' lang='lat' dir='ltr'>ex</span> <span class='ocrx_word' id='word_1_201' title='bbox 669 1849 750 1879; x_wconf 83' lang='lat' dir='ltr'>serie</span> <span class='ocrx_word' id='word_1_202' title='bbox 774 1850 879 1879; x_wconf 76' lang='lat' dir='ltr'>textus</span> <span class='ocrx_word' id='word_1_203' title='bbox 904 1850 934 1879; x_wconf 92' lang='lat' dir='ltr'>et</span> <span class='ocrx_word' id='word_1_204' title='bbox 954 1857 995 1878; x_wconf 84' lang='lat' dir='ltr'>ex</span> 
     </span>
     <span class='ocr_line' id='line_1_32' title="bbox 218 1899 995 1942; baseline 0.001 -12"><span class='ocrx_word' id='word_1_205' title='bbox 218 1899 335 1939; x_wconf 87' lang='lat' dir='ltr'>Glossa,</span> <span class='ocrx_word' id='word_1_206' title='bbox 352 1901 437 1942; x_wconf 82' lang='lat' dir='ltr'>quod</span> <span class='ocrx_word' id='word_1_207' title='bbox 452 1902 640 1933; x_wconf 87' lang='lat' dir='ltr'>mandatum</span> <span class='ocrx_word' id='word_1_208' title='bbox 661 1902 739 1933; x_wconf 84' lang='lat' dir='ltr'>illud</span> <span class='ocrx_word' id='word_1_209' title='bbox 755 1911 787 1932; x_wconf 93' lang='lat' dir='ltr'>se</span> <span class='ocrx_word' id='word_1_210' title='bbox 802 1901 942 1932; x_wconf 78' lang='lat' dir='ltr'>extendit</span> <span class='ocrx_word' id='word_1_211' title='bbox 955 1901 995 1932; x_wconf 86' lang='lat' dir='ltr'>ad</span> 
     </span>
     <span class='ocr_line' id='line_1_33' title="bbox 218 1953 993 1994; baseline 0.004 -10"><span class='ocrx_word' id='word_1_212' title='bbox 218 1953 359 1985; x_wconf 88' lang='lat' dir='ltr'>curiosos</span> <span class='ocrx_word' id='word_1_213' title='bbox 374 1956 405 1985; x_wconf 86' lang='lat' dir='ltr'>ct</span> <span class='ocrx_word' id='word_1_214' title='bbox 415 1955 543 1986; x_wconf 87' lang='lat' dir='ltr'>otiosos.</span> <span class='ocrx_word' id='word_1_215' title='bbox 557 1954 698 1986; x_wconf 82' lang='lat' dir='ltr'>Similter</span> <span class='ocrx_word' id='word_1_216' title='bbox 712 1955 722 1972; x_wconf 75' lang='lat'>³</span> <span class='ocrx_word' id='word_1_217' title='bbox 736 1964 743 1986; x_wconf 75' lang='grc' dir='ltr'>ε</span> <span class='ocrx_word' id='word_1_218' title='bbox 757 1955 916 1994; x_wconf 71' lang='lat' dir='ltr'>Roqamus</span> <span class='ocrx_word' id='word_1_219' title='bbox 927 1962 993 1993; x_wconf 79' lang='lat' dir='ltr'>vos,</span> 
     </span>
     <span class='ocr_line' id='line_1_34' title="bbox 219 2007 996 2048; baseline 0.003 -9"><span class='ocrx_word' id='word_1_220' title='bbox 219 2007 351 2046; x_wconf 76' lang='lat' dir='ltr'>fratres,</span> <span class='ocrx_word' id='word_1_221' title='bbox 374 2011 411 2041; x_wconf 86' lang='lat' dir='ltr'>ut</span> <span class='ocrx_word' id='word_1_222' title='bbox 433 2016 558 2048; x_wconf 81' lang='lat' dir='ltr'>operam</span> <span class='ocrx_word' id='word_1_223' title='bbox 578 2008 680 2047; x_wconf 77' lang='lat' dir='ltr'>detis,</span> <span class='ocrx_word' id='word_1_224' title='bbox 697 2011 733 2040; x_wconf 82' lang='lat' dir='ltr'>ui</span> <span class='ocrx_word' id='word_1_225' title='bbox 748 2009 848 2048; x_wconf 79' lang='lat' dir='ltr'>quieti</span> <span class='ocrx_word' id='word_1_226' title='bbox 861 2008 947 2046; x_wconf 82' lang='lat' dir='ltr'>sitis,</span> <span class='ocrx_word' id='word_1_227' title='bbox 965 2011 996 2041; x_wconf 76' lang='lat' dir='ltr'>ec</span> 
     </span>
     <span class='ocr_line' id='line_1_35' title="bbox 218 2061 996 2101; baseline 0 -8"><span class='ocrx_word' id='word_1_228' title='bbox 218 2062 396 2101; x_wconf 80' lang='lat' dir='ltr'>operemini</span> <span class='ocrx_word' id='word_1_229' title='bbox 416 2062 565 2094; x_wconf 83' lang='lat' dir='ltr'>manibus</span> <span class='ocrx_word' id='word_1_230' title='bbox 587 2062 722 2100; x_wconf 82' lang='lat' dir='ltr'>vestris,</span> <span class='ocrx_word' id='word_1_231' title='bbox 746 2062 829 2094; x_wconf 77' lang='lat' dir='ltr'>sicut</span> <span class='ocrx_word' id='word_1_232' title='bbox 846 2061 996 2101; x_wconf 58' lang='lat' dir='ltr'>praecipi-</span> 
     </span>
     <span class='ocr_line' id='line_1_36' title="bbox 218 2114 993 2156; baseline 0.001 -11"><span class='ocrx_word' id='word_1_233' title='bbox 218 2122 288 2146; x_wconf 83' lang='lat' dir='ltr'>mus</span> <span class='ocrx_word' id='word_1_234' title='bbox 301 2115 401 2147; x_wconf 84' lang='lat' dir='ltr'>vobis.</span> <span class='ocrx_word' id='word_1_235' title='bbox 419 2114 529 2146; x_wconf 89' lang='lat' dir='ltr'>Glossa</span> <span class='ocrx_word' id='word_1_236' title='bbox 543 2126 550 2147; x_wconf 72' lang='grc' dir='ltr'>ι</span> <span class='ocrx_word' id='word_1_237' title='bbox 567 2127 582 2145; x_wconf 74' lang='grc' dir='ltr'>α</span> <span class='ocrx_word' id='word_1_238' title='bbox 592 2115 785 2156; x_wconf 89' lang='lat' dir='ltr'>Operemini,</span> <span class='ocrx_word' id='word_1_239' title='bbox 803 2115 889 2156; x_wconf 84' lang='lat' dir='ltr'>quod</span> <span class='ocrx_word' id='word_1_240' title='bbox 901 2116 993 2155; x_wconf 81' lang='lat' dir='ltr'>adju-</span> 
     </span>
     <span class='ocr_line' id='line_1_37' title="bbox 219 2168 992 2209; baseline 0 -10"><span class='ocrx_word' id='word_1_241' title='bbox 219 2170 273 2199; x_wconf 89' lang='lat' dir='ltr'>vat</span> <span class='ocrx_word' id='word_1_242' title='bbox 287 2178 345 2200; x_wconf 90' lang='lat' dir='ltr'>vos</span> <span class='ocrx_word' id='word_1_243' title='bbox 360 2169 483 2209; x_wconf 87' lang='lat' dir='ltr'>quietos</span> <span class='ocrx_word' id='word_1_244' title='bbox 497 2179 576 2201; x_wconf 86' lang='lat' dir='ltr'>esse.</span> <span class='ocrx_word' id='word_1_245' title='bbox 600 2169 682 2200; x_wconf 85' lang='lat' dir='ltr'>Illud</span> <span class='ocrx_word' id='word_1_246' title='bbox 701 2169 787 2200; x_wconf 87' lang='lat' dir='ltr'>enim</span> <span class='ocrx_word' id='word_1_247' title='bbox 812 2169 933 2199; x_wconf 86' lang='lat' dir='ltr'>malum</span> <span class='ocrx_word' id='word_1_248' title='bbox 953 2168 992 2199; x_wconf 87' lang='lat' dir='ltr'>de</span> 
     </span>
     <span class='ocr_line' id='line_1_38' title="bbox 219 2221 993 2264; baseline -0.001 -11"><span class='ocrx_word' id='word_1_249' title='bbox 219 2222 284 2253; x_wconf 91' lang='lat' dir='ltr'>otio</span> <span class='ocrx_word' id='word_1_250' title='bbox 295 2223 395 2254; x_wconf 86' lang='lat' dir='ltr'>venit.</span> <span class='ocrx_word' id='word_1_251' title='bbox 409 2233 424 2252; x_wconf 86' lang='lat'>1&gt;</span> <span class='ocrx_word' id='word_1_252' title='bbox 436 2223 473 2254; x_wconf 85' lang='lat' dir='ltr'>Et</span> <span class='ocrx_word' id='word_1_253' title='bbox 495 2224 535 2264; x_wconf 75' lang='lat' dir='ltr'>(b)</span> <span class='ocrx_word' id='word_1_254' title='bbox 545 2224 607 2255; x_wconf 92' lang='lat' dir='ltr'>hoc</span> <span class='ocrx_word' id='word_1_255' title='bbox 623 2224 720 2255; x_wconf 85' lang='lat' dir='ltr'>etiam</span> <span class='ocrx_word' id='word_1_256' title='bbox 735 2224 819 2263; x_wconf 87' lang='lat' dir='ltr'>patet</span> <span class='ocrx_word' id='word_1_257' title='bbox 833 2222 918 2263; x_wconf 89' lang='lat' dir='ltr'>quod</span> <span class='ocrx_word' id='word_1_258' title='bbox 932 2221 993 2253; x_wconf 88' lang='lat' dir='ltr'>hoc</span> 
     </span>
     <span class='ocr_line' id='line_1_39' title="bbox 219 2276 996 2317; baseline 0 -11"><span class='ocrx_word' id='word_1_259' title='bbox 219 2276 294 2307; x_wconf 90' lang='lat' dir='ltr'>dicit</span> <span class='ocrx_word' id='word_1_260' title='bbox 308 2276 348 2307; x_wconf 86' lang='lat' dir='ltr'>ad</span> <span class='ocrx_word' id='word_1_261' title='bbox 369 2276 472 2307; x_wconf 85' lang='lat' dir='ltr'>otium</span> <span class='ocrx_word' id='word_1_262' title='bbox 490 2277 680 2315; x_wconf 89' lang='lat' dir='ltr'>vitandum,</span> <span class='ocrx_word' id='word_1_263' title='bbox 697 2276 862 2317; x_wconf 83' lang='lat' dir='ltr'>pigritiam</span> <span class='ocrx_word' id='word_1_264' title='bbox 881 2276 996 2307; x_wconf 88' lang='lat' dir='ltr'>tollen-</span> 
     </span>
     <span class='ocr_line' id='line_1_40' title="bbox 220 2329 995 2369; baseline 0 -9"><span class='ocrx_word' id='word_1_265' title='bbox 220 2329 305 2368; x_wconf 86' lang='lat' dir='ltr'>dam,</span> <span class='ocrx_word' id='word_1_266' title='bbox 313 2338 387 2369; x_wconf 81' lang='lat' dir='ltr'>quae</span> <span class='ocrx_word' id='word_1_267' title='bbox 395 2330 570 2360; x_wconf 88' lang='lat' dir='ltr'>estsentina</span> <span class='ocrx_word' id='word_1_268' title='bbox 576 2330 816 2368; x_wconf 85' lang='lat' dir='ltr'>desideriorum,</span> <span class='ocrx_word' id='word_1_269' title='bbox 830 2331 861 2360; x_wconf 87' lang='lat' dir='ltr'>et</span> <span class='ocrx_word' id='word_1_270' title='bbox 875 2330 995 2360; x_wconf 88' lang='lat' dir='ltr'>fomen-</span> 
     </span>
     <span class='ocr_line' id='line_1_41' title="bbox 220 2383 996 2423; baseline 0 -9"><span class='ocrx_word' id='word_1_271' title='bbox 220 2385 292 2414; x_wconf 85' lang='lat' dir='ltr'>tum</span> <span class='ocrx_word' id='word_1_272' title='bbox 306 2385 520 2423; x_wconf 86' lang='lat' dir='ltr'>peccatorum.</span> <span class='ocrx_word' id='word_1_273' title='bbox 534 2383 624 2415; x_wconf 92' lang='lat' dir='ltr'>Unde</span> <span class='ocrx_word' id='word_1_274' title='bbox 637 2384 712 2415; x_wconf 85' lang='lat' dir='ltr'>alibi</span> <span class='ocrx_word' id='word_1_275' title='bbox 726 2384 770 2414; x_wconf 89' lang='lat' dir='ltr'>ait</span> <span class='ocrx_word' id='word_1_276' title='bbox 782 2384 810 2415; x_wconf 68' lang='lat'>⁸:</span> <span class='ocrx_word' id='word_1_277' title='bbox 830 2384 890 2419; x_wconf 83' lang='lat' dir='ltr'>Qui</span> <span class='ocrx_word' id='word_1_278' title='bbox 906 2384 996 2422; x_wconf 74' lang='lat' dir='ltr'>furci-</span> 
     </span>
     <span class='ocr_line' id='line_1_42' title="bbox 222 2437 997 2478; baseline 0 -10"><span class='ocrx_word' id='word_1_279' title='bbox 222 2437 407 2477; x_wconf 68' lang='lat' dir='ltr'>bacur,ja2n</span> <span class='ocrx_word' id='word_1_280' title='bbox 423 2445 486 2469; x_wconf 90' lang='lat' dir='ltr'>non</span> <span class='ocrx_word' id='word_1_281' title='bbox 509 2438 649 2477; x_wconf 66' lang='lat' dir='ltr'>furetur;</span> <span class='ocrx_word' id='word_1_282' title='bbox 665 2438 769 2478; x_wconf 75' lang='lat' dir='ltr'>maqis</span> <span class='ocrx_word' id='word_1_283' title='bbox 793 2441 897 2470; x_wconf 82' lang='lat' dir='ltr'>autem</span> <span class='ocrx_word' id='word_1_284' title='bbox 913 2437 997 2468; x_wconf 80' lang='lat' dir='ltr'>labo-</span> 
     </span>
     <span class='ocr_line' id='line_1_43' title="bbox 221 2490 997 2531; baseline -0.004 -8"><span class='ocrx_word' id='word_1_285' title='bbox 221 2494 269 2524; x_wconf 74' lang='lat' dir='ltr'>ret</span> <span class='ocrx_word' id='word_1_286' title='bbox 284 2491 443 2531; x_wconf 77' lang='lat' dir='ltr'>operando</span> <span class='ocrx_word' id='word_1_287' title='bbox 459 2491 608 2524; x_wconf 77' lang='lat' dir='ltr'>manibus</span> <span class='ocrx_word' id='word_1_288' title='bbox 627 2492 708 2530; x_wconf 78' lang='lat' dir='ltr'>suis,</span> <span class='ocrx_word' id='word_1_289' title='bbox 725 2493 783 2522; x_wconf 85' lang='lat' dir='ltr'>etc.</span> <span class='ocrx_word' id='word_1_290' title='bbox 801 2491 850 2522; x_wconf 79' lang='lat' dir='ltr'>Ex</span> <span class='ocrx_word' id='word_1_291' title='bbox 864 2491 925 2521; x_wconf 87' lang='lat' dir='ltr'>hoc</span> <span class='ocrx_word' id='word_1_292' title='bbox 938 2490 997 2529; x_wconf 83' lang='lat' dir='ltr'>igi-</span> 
     </span>
     <span class='ocr_line' id='line_1_44' title="bbox 222 2544 995 2586; baseline -0.004 -9"><span class='ocrx_word' id='word_1_293' title='bbox 222 2547 276 2576; x_wconf 89' lang='lat' dir='ltr'>tur</span> <span class='ocrx_word' id='word_1_294' title='bbox 289 2548 385 2586; x_wconf 82' lang='lat' dir='ltr'>patet,</span> <span class='ocrx_word' id='word_1_295' title='bbox 401 2546 486 2586; x_wconf 87' lang='lat' dir='ltr'>quod</span> <span class='ocrx_word' id='word_1_296' title='bbox 500 2545 590 2576; x_wconf 88' lang='lat' dir='ltr'>labor</span> <span class='ocrx_word' id='word_1_297' title='bbox 603 2554 668 2576; x_wconf 90' lang='lat' dir='ltr'>non</span> <span class='ocrx_word' id='word_1_298' title='bbox 685 2545 834 2576; x_wconf 90' lang='lat' dir='ltr'>omnibus</span> <span class='ocrx_word' id='word_1_299' title='bbox 848 2544 995 2585; x_wconf 63' lang='lat' dir='ltr'>praecipi-</span> 
     </span>
    </p>
   </div>
   <div class='ocr_carea' id='block_1_3' title="bbox 225 2642 997 2748">
    <p class='ocr_par' dir='ltr' id='par_1_4' title="bbox 225 2642 997 2748">
     <span class='ocr_line' id='line_1_45' title="bbox 255 2642 997 2676; baseline -0.007 -6"><span class='ocrx_word' id='word_1_300' title='bbox 255 2645 264 2662; x_wconf 94' lang='lat'>¹</span> <span class='ocrx_word' id='word_1_301' title='bbox 281 2646 299 2670; x_wconf 92' lang='grc'>11</span> <span class='ocrx_word' id='word_1_302' title='bbox 321 2646 410 2675; x_wconf 64' lang='lat' dir='ltr'>Thess„</span> <span class='ocrx_word' id='word_1_303' title='bbox 432 2653 475 2676; x_wconf 90' lang='lat'>111,</span> <span class='ocrx_word' id='word_1_304' title='bbox 498 2647 581 2670; x_wconf 74' lang='lat'>11-12.</span> <span class='ocrx_word' id='word_1_305' title='bbox 602 2659 628 2662; x_wconf 84' lang='lat'>—</span> <span class='ocrx_word' id='word_1_306' title='bbox 650 2645 658 2659; x_wconf 76' lang='lat'>2</span> <span class='ocrx_word' id='word_1_307' title='bbox 675 2645 748 2674; x_wconf 62' lang='grc'><strong>111111,</strong></span> <span class='ocrx_word' id='word_1_308' title='bbox 764 2646 786 2668; x_wconf 86' lang='grc'>6.</span> <span class='ocrx_word' id='word_1_309' title='bbox 808 2657 833 2660; x_wconf 84' lang='grc'>-</span> <span class='ocrx_word' id='word_1_310' title='bbox 854 2643 885 2666; x_wconf 78' lang='grc'>31</span> <span class='ocrx_word' id='word_1_311' title='bbox 906 2642 997 2674; x_wconf 63' lang='lat' dir='ltr'>Thess„</span> 
     </span>
     <span class='ocr_line' id='line_1_46' title="bbox 226 2678 997 2714; baseline -0.003 -11"><span class='ocrx_word' id='word_1_312' title='bbox 226 2686 261 2710; x_wconf 83' lang='lat' dir='ltr'>w,</span> <span class='ocrx_word' id='word_1_313' title='bbox 283 2682 321 2706; x_wconf 77' lang='lat'>21.</span> <span class='ocrx_word' id='word_1_314' title='bbox 339 2696 370 2699; x_wconf 96' lang='lat'><strong>—</strong></span> <span class='ocrx_word' id='word_1_315' title='bbox 390 2683 397 2696; x_wconf 69' lang='lat'>⁴</span> <span class='ocrx_word' id='word_1_316' title='bbox 421 2682 522 2714; x_wconf 66' lang='lat' dir='ltr'>Ephes„</span> <span class='ocrx_word' id='word_1_317' title='bbox 545 2687 579 2711; x_wconf 77' lang='lat' dir='ltr'>iv,</span> <span class='ocrx_word' id='word_1_318' title='bbox 602 2682 641 2704; x_wconf 74' lang='lat'>28.</span> <span class='ocrx_word' id='word_1_319' title='bbox 662 2693 692 2697; x_wconf 96' lang='lat'>--</span> <span class='ocrx_word' id='word_1_320' title='bbox 711 2681 720 2697; x_wconf 79' lang='lat'><strong>⁵</strong></span> <span class='ocrx_word' id='word_1_321' title='bbox 739 2681 855 2710; x_wconf 67' lang='lat' dir='ltr'>August„</span> <span class='ocrx_word' id='word_1_322' title='bbox 876 2678 905 2702; x_wconf 62' lang='lat' dir='ltr'>(Ie</span> <span class='ocrx_word' id='word_1_323' title='bbox 926 2686 997 2709; x_wconf 66' lang='lat' dir='ltr'>opere</span> 
     </span>
     <span class='ocr_line' id='line_1_47' title="bbox 225 2715 696 2748; baseline 0.002 -10"><span class='ocrx_word' id='word_1_324' title='bbox 225 2715 348 2748; x_wconf 57' lang='lat' dir='ltr'>Monada,</span> <span class='ocrx_word' id='word_1_325' title='bbox 365 2724 425 2748; x_wconf 71' lang='lat' dir='ltr'>xxv,</span> <span class='ocrx_word' id='word_1_326' title='bbox 439 2719 477 2743; x_wconf 79' lang='lat'>32.</span> <span class='ocrx_word' id='word_1_327' title='bbox 493 2730 523 2735; x_wconf 91' lang='lat'><strong>—</strong></span> <span class='ocrx_word' id='word_1_328' title='bbox 540 2717 549 2733; x_wconf 78' lang='lat'>⁶</span> <span class='ocrx_word' id='word_1_329' title='bbox 565 2716 639 2746; x_wconf 79' lang='lat' dir='ltr'>1bid.,</span> <span class='ocrx_word' id='word_1_330' title='bbox 658 2717 696 2740; x_wconf 78' lang='lat'>33.</span> 
     </span>
    </p>
   </div>
   <div class='ocr_carea' id='block_1_4' title="bbox 1767 219 1824 249">
    <p class='ocr_par' dir='ltr' id='par_1_5' title="bbox 1767 219 1824 249">
     <span class='ocr_line' id='line_1_48' title="bbox 1767 219 1824 249; baseline 0 0"><span class='ocrx_word' id='word_1_331' title='bbox 1767 219 1824 249; x_wconf 84' lang='lat'>397</span> 
     </span>
    </p>
   </div>
   <div class='ocr_carea' id='block_1_5' title="bbox 1042 283 1833 2743">
    <p class='ocr_par' dir='ltr' id='par_1_6' title="bbox 1042 283 1833 2743">
     <span class='ocr_line' id='line_1_49' title="bbox 1044 283 1823 327; baseline 0 -11"><span class='ocrx_word' id='word_1_332' title='bbox 1044 285 1109 324; x_wconf 88' lang='lat' dir='ltr'>tur,</span> <span class='ocrx_word' id='word_1_333' title='bbox 1132 294 1168 317; x_wconf 87' lang='lat' dir='ltr'>ac</span> <span class='ocrx_word' id='word_1_334' title='bbox 1188 295 1245 327; x_wconf 90' lang='lat' dir='ltr'>per</span> <span class='ocrx_word' id='word_1_335' title='bbox 1265 286 1326 317; x_wconf 87' lang='lat' dir='ltr'>hoc</span> <span class='ocrx_word' id='word_1_336' title='bbox 1347 293 1412 316; x_wconf 91' lang='lat' dir='ltr'>non</span> <span class='ocrx_word' id='word_1_337' title='bbox 1437 283 1602 316; x_wconf 87' lang='lat' dir='ltr'>inhibetur</span> <span class='ocrx_word' id='word_1_338' title='bbox 1622 285 1823 324; x_wconf 86' lang='lat' dir='ltr'>mendicatio,</span> 
     </span>
     <span class='ocr_line' id='line_1_50' title="bbox 1043 337 1824 380; baseline 0.003 -12"><span class='ocrx_word' id='word_1_339' title='bbox 1043 337 1105 368; x_wconf 92' lang='lat' dir='ltr'>nisi</span> <span class='ocrx_word' id='word_1_340' title='bbox 1130 338 1184 370; x_wconf 85' lang='lat' dir='ltr'>illa</span> <span class='ocrx_word' id='word_1_341' title='bbox 1207 349 1281 380; x_wconf 86' lang='lat' dir='ltr'>quae</span> <span class='ocrx_word' id='word_1_342' title='bbox 1305 338 1394 371; x_wconf 91' lang='lat' dir='ltr'>venit</span> <span class='ocrx_word' id='word_1_343' title='bbox 1421 346 1462 368; x_wconf 84' lang='lat' dir='ltr'>ex</span> <span class='ocrx_word' id='word_1_344' title='bbox 1488 338 1553 369; x_wconf 87' lang='lat' dir='ltr'>otio</span> <span class='ocrx_word' id='word_1_345' title='bbox 1579 339 1611 369; x_wconf 89' lang='lat' dir='ltr'>et</span> <span class='ocrx_word' id='word_1_346' title='bbox 1635 338 1824 379; x_wconf 85' lang='lat' dir='ltr'>cupiditate,</span> 
     </span>
     <span class='ocr_line' id='line_1_51' title="bbox 1044 391 1822 433; baseline 0.004 -12"><span class='ocrx_word' id='word_1_347' title='bbox 1044 392 1220 424; x_wconf 88' lang='lat' dir='ltr'>secundum</span> <span class='ocrx_word' id='word_1_348' title='bbox 1241 393 1327 433; x_wconf 89' lang='lat' dir='ltr'>quod</span> <span class='ocrx_word' id='word_1_349' title='bbox 1349 392 1513 424; x_wconf 89' lang='lat' dir='ltr'>insinuant</span> <span class='ocrx_word' id='word_1_350' title='bbox 1527 393 1633 423; x_wconf 85' lang='lat' dir='ltr'>textus</span> <span class='ocrx_word' id='word_1_351' title='bbox 1651 394 1682 423; x_wconf 88' lang='lat' dir='ltr'>et</span> <span class='ocrx_word' id='word_1_352' title='bbox 1704 391 1822 432; x_wconf 82' lang='lat' dir='ltr'>glossa.</span> 
     </span>
     <span class='ocr_line' id='line_1_52' title="bbox 1086 445 1826 486; baseline 0.003 -9"><span class='ocrx_word' id='word_1_353' title='bbox 1086 445 1146 477; x_wconf 87' lang='lat' dir='ltr'>Sed</span> <span class='ocrx_word' id='word_1_354' title='bbox 1161 446 1291 486; x_wconf 84' lang='lat' dir='ltr'>objicies</span> <span class='ocrx_word' id='word_1_355' title='bbox 1312 447 1351 478; x_wconf 89' lang='lat' dir='ltr'>de</span> <span class='ocrx_word' id='word_1_356' title='bbox 1374 446 1569 486; x_wconf 80' lang='lat' dir='ltr'>Augustino,</span> <span class='ocrx_word' id='word_1_357' title='bbox 1590 445 1629 478; x_wconf 84' lang='lat' dir='ltr'>de</span> <span class='ocrx_word' id='word_1_358' title='bbox 1644 454 1735 486; x_wconf 82' lang='lat' dir='ltr'>opere</span> <span class='ocrx_word' id='word_1_359' title='bbox 1756 447 1826 480; x_wconf 88' lang='lat' dir='ltr'>Mo-</span> 
     </span>
     <span class='ocr_line' id='line_1_53' title="bbox 1046 498 1825 541; baseline 0.001 -11"><span class='ocrx_word' id='word_1_360' title='bbox 1046 498 1220 531; x_wconf 77' lang='lat' dir='ltr'>naclzorum</span> <span class='ocrx_word' id='word_1_361' title='bbox 1241 499 1263 538; x_wconf 75' lang='lat'>⁸,</span> <span class='ocrx_word' id='word_1_362' title='bbox 1288 500 1343 540; x_wconf 87' lang='lat' dir='ltr'>qui</span> <span class='ocrx_word' id='word_1_363' title='bbox 1367 500 1559 541; x_wconf 88' lang='lat' dir='ltr'>loquebatur</span> <span class='ocrx_word' id='word_1_364' title='bbox 1581 500 1621 531; x_wconf 88' lang='lat' dir='ltr'>ad</span> <span class='ocrx_word' id='word_1_365' title='bbox 1643 500 1825 539; x_wconf 77' lang='lat' dir='ltr'>Monachus,</span> 
     </span>
     <span class='ocr_line' id='line_1_54' title="bbox 1050 552 1828 594; baseline 0.004 -12"><span class='ocrx_word' id='word_1_366' title='bbox 1050 552 1105 592; x_wconf 87' lang='lat' dir='ltr'>qui</span> <span class='ocrx_word' id='word_1_367' title='bbox 1120 552 1342 593; x_wconf 80' lang='lat' dir='ltr'>spiritualibus</span> <span class='ocrx_word' id='word_1_368' title='bbox 1355 556 1446 585; x_wconf 85' lang='lat' dir='ltr'>erant</span> <span class='ocrx_word' id='word_1_369' title='bbox 1464 554 1623 585; x_wconf 85' lang='lat' dir='ltr'>exercitiis</span> <span class='ocrx_word' id='word_1_370' title='bbox 1637 554 1781 594; x_wconf 86' lang='lat' dir='ltr'>occupati</span> <span class='ocrx_word' id='word_1_371' title='bbox 1797 555 1828 585; x_wconf 90' lang='lat' dir='ltr'>et</span> 
     </span>
     <span class='ocr_line' id='line_1_55' title="bbox 1044 605 1828 649; baseline 0.004 -13"><span class='ocrx_word' id='word_1_372' title='bbox 1044 605 1171 645; x_wconf 87' lang='lat' dir='ltr'>intenti,</span> <span class='ocrx_word' id='word_1_373' title='bbox 1187 615 1253 637; x_wconf 89' lang='lat' dir='ltr'>non</span> <span class='ocrx_word' id='word_1_374' title='bbox 1264 607 1372 645; x_wconf 89' lang='lat' dir='ltr'>otiosi;</span> <span class='ocrx_word' id='word_1_375' title='bbox 1390 610 1421 639; x_wconf 90' lang='lat' dir='ltr'>et</span> <span class='ocrx_word' id='word_1_376' title='bbox 1435 607 1497 638; x_wconf 88' lang='lat' dir='ltr'>illis</span> <span class='ocrx_word' id='word_1_377' title='bbox 1512 607 1598 646; x_wconf 86' lang='lat' dir='ltr'>dicit,</span> <span class='ocrx_word' id='word_1_378' title='bbox 1616 607 1703 649; x_wconf 90' lang='lat' dir='ltr'>quod</span> <span class='ocrx_word' id='word_1_379' title='bbox 1715 607 1755 639; x_wconf 86' lang='lat' dir='ltr'>ad</span> <span class='ocrx_word' id='word_1_380' title='bbox 1769 608 1828 639; x_wconf 92' lang='lat' dir='ltr'>hu-</span> 
     </span>
     <span class='ocr_line' id='line_1_56' title="bbox 1042 660 1828 703; baseline 0.003 -12"><span class='ocrx_word' id='word_1_381' title='bbox 1042 660 1184 700; x_wconf 88' lang='lat' dir='ltr'>jusmodi</span> <span class='ocrx_word' id='word_1_382' title='bbox 1199 669 1298 701; x_wconf 88' lang='lat' dir='ltr'>opera</span> <span class='ocrx_word' id='word_1_383' title='bbox 1322 663 1397 692; x_wconf 90' lang='lat' dir='ltr'>suut</span> <span class='ocrx_word' id='word_1_384' title='bbox 1411 661 1540 693; x_wconf 85' lang='lat' dir='ltr'>astricti.</span> <span class='ocrx_word' id='word_1_385' title='bbox 1557 661 1606 693; x_wconf 92' lang='lat' dir='ltr'>Ad</span> <span class='ocrx_word' id='word_1_386' title='bbox 1620 662 1682 693; x_wconf 91' lang='lat' dir='ltr'>hoc</span> <span class='ocrx_word' id='word_1_387' title='bbox 1697 664 1828 703; x_wconf 86' lang='lat' dir='ltr'>apparet</span> 
     </span>
     <span class='ocr_line' id='line_1_57' title="bbox 1045 714 1825 755; baseline 0.003 -10"><span class='ocrx_word' id='word_1_388' title='bbox 1045 714 1211 746; x_wconf 82' lang='lat' dir='ltr'>manifesta</span> <span class='ocrx_word' id='word_1_389' title='bbox 1229 715 1406 755; x_wconf 90' lang='lat' dir='ltr'>responsio,</span> <span class='ocrx_word' id='word_1_390' title='bbox 1422 715 1448 746; x_wconf 90' lang='lat' dir='ltr'>si</span> <span class='ocrx_word' id='word_1_391' title='bbox 1464 715 1649 747; x_wconf 86' lang='lat' dir='ltr'>attendatur</span> <span class='ocrx_word' id='word_1_392' title='bbox 1663 715 1825 747; x_wconf 88' lang='lat' dir='ltr'>conclusio</span> 
     </span>
     <span class='ocr_line' id='line_1_58' title="bbox 1045 768 1824 809; baseline 0.001 -10"><span class='ocrx_word' id='word_1_393' title='bbox 1045 768 1128 799; x_wconf 86' lang='lat' dir='ltr'>circa</span> <span class='ocrx_word' id='word_1_394' title='bbox 1142 769 1252 807; x_wconf 84' lang='lat' dir='ltr'>finem,</span> <span class='ocrx_word' id='word_1_395' title='bbox 1267 778 1332 809; x_wconf 84' lang='lat' dir='ltr'>qua</span> <span class='ocrx_word' id='word_1_396' title='bbox 1342 769 1486 800; x_wconf 82' lang='lat' dir='ltr'>confutat</span> <span class='ocrx_word' id='word_1_397' title='bbox 1496 778 1608 800; x_wconf 87' lang='lat' dir='ltr'>eorum</span> <span class='ocrx_word' id='word_1_398' title='bbox 1621 769 1824 809; x_wconf 89' lang='lat' dir='ltr'>positionem,</span> 
     </span>
     <span class='ocr_line' id='line_1_59' title="bbox 1045 822 1826 863; baseline 0.001 -10"><span class='ocrx_word' id='word_1_399' title='bbox 1045 822 1101 862; x_wconf 87' lang='lat' dir='ltr'>qui</span> <span class='ocrx_word' id='word_1_400' title='bbox 1129 823 1341 863; x_wconf 87' lang='lat' dir='ltr'>repudiabant</span> <span class='ocrx_word' id='word_1_401' title='bbox 1369 823 1590 863; x_wconf 85' lang='lat' dir='ltr'>operationem</span> <span class='ocrx_word' id='word_1_402' title='bbox 1614 823 1826 863; x_wconf 82' lang='lat' dir='ltr'>corporalem,</span> 
     </span>
     <span class='ocr_line' id='line_1_60' title="bbox 1046 875 1828 915; baseline 0.003 -10"><span class='ocrx_word' id='word_1_403' title='bbox 1046 875 1081 905; x_wconf 93' lang='lat' dir='ltr'>in</span> <span class='ocrx_word' id='word_1_404' title='bbox 1096 884 1161 915; x_wconf 86' lang='lat' dir='ltr'>quo</span> <span class='ocrx_word' id='word_1_405' title='bbox 1173 875 1257 907; x_wconf 90' lang='lat' dir='ltr'>male</span> <span class='ocrx_word' id='word_1_406' title='bbox 1268 876 1466 914; x_wconf 87' lang='lat' dir='ltr'>sentiebant;</span> <span class='ocrx_word' id='word_1_407' title='bbox 1484 876 1549 907; x_wconf 72' lang='grc'>11116</span> <span class='ocrx_word' id='word_1_408' title='bbox 1561 885 1569 907; x_wconf 90' lang='lat'><strong>:</strong></span> <span class='ocrx_word' id='word_1_409' title='bbox 1582 888 1596 906; x_wconf 76' lang='grc' dir='ltr'>α</span> <span class='ocrx_word' id='word_1_410' title='bbox 1612 876 1828 913; x_wconf 84' lang='lat' dir='ltr'>Quamobrem</span> 
     </span>
     <span class='ocr_line' id='line_1_61' title="bbox 1046 929 1827 972; baseline 0.003 -12"><span class='ocrx_word' id='word_1_411' title='bbox 1046 929 1091 960; x_wconf 88' lang='lat' dir='ltr'>illi</span> <span class='ocrx_word' id='word_1_412' title='bbox 1107 930 1163 970; x_wconf 88' lang='lat' dir='ltr'>qui</span> <span class='ocrx_word' id='word_1_413' title='bbox 1179 930 1298 970; x_wconf 82' lang='lat' dir='ltr'>relicta,</span> <span class='ocrx_word' id='word_1_414' title='bbox 1325 931 1393 963; x_wconf 89' lang='lat' dir='ltr'>sive</span> <span class='ocrx_word' id='word_1_415' title='bbox 1415 931 1533 972; x_wconf 87' lang='lat' dir='ltr'>ampla,</span> <span class='ocrx_word' id='word_1_416' title='bbox 1559 931 1627 963; x_wconf 90' lang='lat' dir='ltr'>sive</span> <span class='ocrx_word' id='word_1_417' title='bbox 1648 931 1827 972; x_wconf 82' lang='lat' dir='ltr'>qualicum-</span> 
     </span>
     <span class='ocr_line' id='line_1_62' title="bbox 1046 984 1827 1026; baseline 0.001 -11"><span class='ocrx_word' id='word_1_418' title='bbox 1046 993 1109 1024; x_wconf 87' lang='lat' dir='ltr'>que</span> <span class='ocrx_word' id='word_1_419' title='bbox 1124 984 1296 1025; x_wconf 89' lang='lat' dir='ltr'>opulentia,</span> <span class='ocrx_word' id='word_1_420' title='bbox 1314 985 1398 1016; x_wconf 90' lang='lat' dir='ltr'>inter</span> <span class='ocrx_word' id='word_1_421' title='bbox 1411 994 1567 1026; x_wconf 86' lang='lat' dir='ltr'>pauperes</span> <span class='ocrx_word' id='word_1_422' title='bbox 1582 985 1699 1016; x_wconf 87' lang='lat' dir='ltr'>Christi</span> <span class='ocrx_word' id='word_1_423' title='bbox 1715 985 1827 1017; x_wconf 83' lang='lat' dir='ltr'>vivere</span> 
     </span>
     <span class='ocr_line' id='line_1_63' title="bbox 1046 1037 1827 1079; baseline 0.001 -11"><span class='ocrx_word' id='word_1_424' title='bbox 1046 1037 1224 1077; x_wconf 88' lang='lat' dir='ltr'>voluerint,</span> <span class='ocrx_word' id='word_1_425' title='bbox 1241 1038 1268 1068; x_wconf 89' lang='lat' dir='ltr'>si</span> <span class='ocrx_word' id='word_1_426' title='bbox 1285 1047 1418 1079; x_wconf 84' lang='lat' dir='ltr'>corpore</span> <span class='ocrx_word' id='word_1_427' title='bbox 1433 1039 1561 1077; x_wconf 87' lang='lat' dir='ltr'>valent,</span> <span class='ocrx_word' id='word_1_428' title='bbox 1578 1040 1609 1069; x_wconf 88' lang='lat' dir='ltr'>et</span> <span class='ocrx_word' id='word_1_429' title='bbox 1626 1039 1666 1069; x_wconf 89' lang='lat' dir='ltr'>ab</span> <span class='ocrx_word' id='word_1_430' title='bbox 1681 1038 1827 1070; x_wconf 86' lang='lat' dir='ltr'>ecclesia-</span> 
     </span>
     <span class='ocr_line' id='line_1_64' title="bbox 1047 1090 1828 1132; baseline 0.003 -11"><span class='ocrx_word' id='word_1_431' title='bbox 1047 1090 1131 1121; x_wconf 88' lang='lat' dir='ltr'>sticis</span> <span class='ocrx_word' id='word_1_432' title='bbox 1153 1092 1415 1132; x_wconf 86' lang='lat' dir='ltr'>occupationibus</span> <span class='ocrx_word' id='word_1_433' title='bbox 1438 1094 1569 1131; x_wconf 88' lang='lat' dir='ltr'>vacant,</span> <span class='ocrx_word' id='word_1_434' title='bbox 1596 1092 1651 1123; x_wconf 90' lang='lat' dir='ltr'>sed</span> <span class='ocrx_word' id='word_1_435' title='bbox 1677 1092 1828 1123; x_wconf 89' lang='lat' dir='ltr'>manibus</span> 
     </span>
     <span class='ocr_line' id='line_1_65' title="bbox 1046 1146 1828 1186; baseline 0.001 -10"><span class='ocrx_word' id='word_1_436' title='bbox 1046 1147 1230 1185; x_wconf 81' lang='lat' dir='ltr'>operantur,</span> <span class='ocrx_word' id='word_1_437' title='bbox 1249 1146 1484 1177; x_wconf 89' lang='lat' dir='ltr'>misericordius</span> <span class='ocrx_word' id='word_1_438' title='bbox 1505 1147 1621 1186; x_wconf 79' lang='lat' dir='ltr'>agunt,</span> <span class='ocrx_word' id='word_1_439' title='bbox 1637 1155 1736 1186; x_wconf 89' lang='lat' dir='ltr'>quam</span> <span class='ocrx_word' id='word_1_440' title='bbox 1752 1155 1828 1177; x_wconf 89' lang='lat' dir='ltr'>cum</span> 
     </span>
     <span class='ocr_line' id='line_1_66' title="bbox 1047 1199 1827 1239; baseline 0.001 -9"><span class='ocrx_word' id='word_1_441' title='bbox 1047 1199 1155 1230; x_wconf 90' lang='lat' dir='ltr'>omnia</span> <span class='ocrx_word' id='word_1_442' title='bbox 1170 1208 1228 1231; x_wconf 90' lang='lat' dir='ltr'>sua</span> <span class='ocrx_word' id='word_1_443' title='bbox 1240 1200 1462 1239; x_wconf 83' lang='lat' dir='ltr'>indigentibus</span> <span class='ocrx_word' id='word_1_444' title='bbox 1477 1200 1665 1231; x_wconf 87' lang='lat' dir='ltr'>diviserunt.</span> <span class='ocrx_word' id='word_1_445' title='bbox 1690 1199 1780 1237; x_wconf 85' lang='lat' dir='ltr'>Quod</span> <span class='ocrx_word' id='word_1_446' title='bbox 1800 1200 1827 1231; x_wconf 90' lang='lat' dir='ltr'>si</span> 
     </span>
     <span class='ocr_line' id='line_1_67' title="bbox 1047 1253 1828 1295; baseline 0 -11"><span class='ocrx_word' id='word_1_447' title='bbox 1047 1253 1172 1292; x_wconf 88' lang='lat' dir='ltr'>nolunt,</span> <span class='ocrx_word' id='word_1_448' title='bbox 1197 1254 1269 1295; x_wconf 86' lang='lat' dir='ltr'>quis</span> <span class='ocrx_word' id='word_1_449' title='bbox 1289 1254 1404 1285; x_wconf 88' lang='lat' dir='ltr'>audeat</span> <span class='ocrx_word' id='word_1_450' title='bbox 1425 1255 1563 1294; x_wconf 81' lang='lat' dir='ltr'>cogere?</span> <span class='ocrx_word' id='word_1_451' title='bbox 1580 1253 1627 1284; x_wconf 90' lang='lat' dir='ltr'>Illi</span> <span class='ocrx_word' id='word_1_452' title='bbox 1648 1256 1757 1285; x_wconf 87' lang='lat' dir='ltr'>autem</span> <span class='ocrx_word' id='word_1_453' title='bbox 1773 1254 1828 1294; x_wconf 87' lang='lat' dir='ltr'>qui</span> 
     </span>
     <span class='ocr_line' id='line_1_68' title="bbox 1047 1307 1829 1348; baseline -0.001 -9"><span class='ocrx_word' id='word_1_454' title='bbox 1047 1309 1164 1348; x_wconf 84' lang='lat' dir='ltr'>praeter</span> <span class='ocrx_word' id='word_1_455' title='bbox 1187 1308 1282 1339; x_wconf 87' lang='lat' dir='ltr'>istam</span> <span class='ocrx_word' id='word_1_456' title='bbox 1302 1310 1444 1339; x_wconf 85' lang='lat' dir='ltr'>sanctam</span> <span class='ocrx_word' id='word_1_457' title='bbox 1465 1308 1647 1339; x_wconf 88' lang='lat' dir='ltr'>societatem</span> <span class='ocrx_word' id='word_1_458' title='bbox 1662 1307 1762 1339; x_wconf 87' lang='lat' dir='ltr'>vitam</span> <span class='ocrx_word' id='word_1_459' title='bbox 1784 1307 1829 1338; x_wconf 88' lang='lat' dir='ltr'>la-</span> 
     </span>
     <span class='ocr_line' id='line_1_69' title="bbox 1047 1360 1828 1401; baseline -0.001 -9"><span class='ocrx_word' id='word_1_460' title='bbox 1047 1361 1125 1392; x_wconf 86' lang='lat' dir='ltr'>bore</span> <span class='ocrx_word' id='word_1_461' title='bbox 1144 1361 1284 1401; x_wconf 88' lang='lat' dir='ltr'>corporis</span> <span class='ocrx_word' id='word_1_462' title='bbox 1301 1361 1532 1401; x_wconf 83' lang='lat' dir='ltr'>transigebant,</span> <span class='ocrx_word' id='word_1_463' title='bbox 1548 1361 1575 1391; x_wconf 87' lang='lat' dir='ltr'>si</span> <span class='ocrx_word' id='word_1_464' title='bbox 1590 1370 1657 1392; x_wconf 88' lang='lat' dir='ltr'>non</span> <span class='ocrx_word' id='word_1_465' title='bbox 1670 1360 1828 1398; x_wconf 86' lang='lat' dir='ltr'>laborant,</span> 
     </span>
     <span class='ocr_line' id='line_1_70' title="bbox 1047 1415 1829 1455; baseline -0.001 -9"><span class='ocrx_word' id='word_1_466' title='bbox 1047 1424 1114 1446; x_wconf 90' lang='lat' dir='ltr'>non</span> <span class='ocrx_word' id='word_1_467' title='bbox 1129 1415 1334 1446; x_wconf 87' lang='lat' dir='ltr'>manducent.</span> <span class='ocrx_word' id='word_1_468' title='bbox 1351 1426 1365 1444; x_wconf 73' lang='lat' dir='ltr'>n</span> <span class='ocrx_word' id='word_1_469' title='bbox 1385 1415 1549 1455; x_wconf 82' lang='lat' dir='ltr'>Apparent</span> <span class='ocrx_word' id='word_1_470' title='bbox 1569 1415 1670 1454; x_wconf 81' lang='lat' dir='ltr'>igitur</span> <span class='ocrx_word' id='word_1_471' title='bbox 1684 1415 1740 1455; x_wconf 86' lang='lat' dir='ltr'>qui</span> <span class='ocrx_word' id='word_1_472' title='bbox 1754 1417 1829 1446; x_wconf 91' lang='lat' dir='ltr'>sunt</span> 
     </span>
     <span class='ocr_line' id='line_1_71' title="bbox 1048 1469 1830 1509; baseline 0.001 -10"><span class='ocrx_word' id='word_1_473' title='bbox 1048 1469 1181 1507; x_wconf 84' lang='lat' dir='ltr'>astricti,</span> <span class='ocrx_word' id='word_1_474' title='bbox 1199 1469 1316 1500; x_wconf 89' lang='lat' dir='ltr'>scilicet</span> <span class='ocrx_word' id='word_1_475' title='bbox 1339 1469 1437 1500; x_wconf 84' lang='lat' dir='ltr'>validi</span> <span class='ocrx_word' id='word_1_476' title='bbox 1462 1470 1493 1500; x_wconf 85' lang='lat' dir='ltr'>et</span> <span class='ocrx_word' id='word_1_477' title='bbox 1515 1469 1634 1507; x_wconf 87' lang='lat' dir='ltr'>fortes,</span> <span class='ocrx_word' id='word_1_478' title='bbox 1656 1470 1687 1500; x_wconf 81' lang='lat' dir='ltr'>et</span> <span class='ocrx_word' id='word_1_479' title='bbox 1709 1469 1766 1509; x_wconf 88' lang='lat' dir='ltr'>qui</span> <span class='ocrx_word' id='word_1_480' title='bbox 1791 1469 1830 1500; x_wconf 88' lang='lat' dir='ltr'>ab</span> 
     </span>
     <span class='ocr_line' id='line_1_72' title="bbox 1048 1522 1832 1563; baseline 0 -10"><span class='ocrx_word' id='word_1_481' title='bbox 1048 1522 1266 1553; x_wconf 77' lang='lat' dir='ltr'>ecclesiasticis</span> <span class='ocrx_word' id='word_1_482' title='bbox 1292 1522 1553 1563; x_wconf 85' lang='lat' dir='ltr'>occupationibus</span> <span class='ocrx_word' id='word_1_483' title='bbox 1577 1524 1702 1560; x_wconf 82' lang='lat' dir='ltr'>vacant,</span> <span class='ocrx_word' id='word_1_484' title='bbox 1722 1525 1753 1553; x_wconf 90' lang='lat' dir='ltr'>et</span> <span class='ocrx_word' id='word_1_485' title='bbox 1776 1523 1832 1563; x_wconf 91' lang='lat' dir='ltr'>qui</span> 
     </span>
     <span class='ocr_line' id='line_1_73' title="bbox 1048 1576 1833 1617; baseline 0 -10"><span class='ocrx_word' id='word_1_486' title='bbox 1048 1576 1148 1608; x_wconf 85' lang='lat' dir='ltr'>vitam</span> <span class='ocrx_word' id='word_1_487' title='bbox 1162 1576 1196 1607; x_wconf 91' lang='lat' dir='ltr'>in</span> <span class='ocrx_word' id='word_1_488' title='bbox 1216 1576 1333 1607; x_wconf 80' lang='lat' dir='ltr'>saeculo</span> <span class='ocrx_word' id='word_1_489' title='bbox 1355 1576 1393 1607; x_wconf 90' lang='lat' dir='ltr'>de</span> <span class='ocrx_word' id='word_1_490' title='bbox 1416 1576 1526 1607; x_wconf 85' lang='lat' dir='ltr'>labore</span> <span class='ocrx_word' id='word_1_491' title='bbox 1552 1576 1693 1617; x_wconf 89' lang='lat' dir='ltr'>corporis</span> <span class='ocrx_word' id='word_1_492' title='bbox 1718 1576 1833 1607; x_wconf 84' lang='lat' dir='ltr'>transi-</span> 
     </span>
     <span class='ocr_line' id='line_1_74' title="bbox 1050 1630 1833 1669; baseline -0.001 -8"><span class='ocrx_word' id='word_1_493' title='bbox 1050 1630 1170 1669; x_wconf 85' lang='lat' dir='ltr'>gebant</span> <span class='ocrx_word' id='word_1_494' title='bbox 1199 1640 1206 1661; x_wconf 93' lang='lat'><strong>:</strong></span> <span class='ocrx_word' id='word_1_495' title='bbox 1234 1632 1266 1661; x_wconf 85' lang='lat' dir='ltr'>et</span> <span class='ocrx_word' id='word_1_496' title='bbox 1289 1630 1367 1661; x_wconf 88' lang='lat' dir='ltr'>tales</span> <span class='ocrx_word' id='word_1_497' title='bbox 1402 1630 1497 1661; x_wconf 89' lang='lat' dir='ltr'>multi</span> <span class='ocrx_word' id='word_1_498' title='bbox 1526 1632 1616 1661; x_wconf 88' lang='lat' dir='ltr'>erant</span> <span class='ocrx_word' id='word_1_499' title='bbox 1643 1630 1727 1661; x_wconf 89' lang='lat' dir='ltr'>inter</span> <span class='ocrx_word' id='word_1_500' title='bbox 1761 1630 1833 1661; x_wconf 90' lang='lat' dir='ltr'>illos</span> 
     </span>
     <span class='ocr_line' id='line_1_75' title="bbox 1049 1683 1833 1724; baseline -0.001 -9"><span class='ocrx_word' id='word_1_501' title='bbox 1049 1684 1222 1715; x_wconf 88' lang='lat' dir='ltr'>monachos</span> <span class='ocrx_word' id='word_1_502' title='bbox 1235 1708 1243 1721; x_wconf 94' lang='lat'>,</span> <span class='ocrx_word' id='word_1_503' title='bbox 1263 1686 1293 1714; x_wconf 74' lang='lat' dir='ltr'>et</span> <span class='ocrx_word' id='word_1_504' title='bbox 1316 1684 1424 1724; x_wconf 89' lang='lat' dir='ltr'>plures</span> <span class='ocrx_word' id='word_1_505' title='bbox 1447 1685 1538 1715; x_wconf 87' lang='lat' dir='ltr'>erant</span> <span class='ocrx_word' id='word_1_506' title='bbox 1552 1683 1584 1714; x_wconf 88' lang='lat' dir='ltr'>in</span> <span class='ocrx_word' id='word_1_507' title='bbox 1601 1683 1732 1714; x_wconf 77' lang='lat' dir='ltr'>exordio</span> <span class='ocrx_word' id='word_1_508' title='bbox 1748 1683 1833 1714; x_wconf 88' lang='lat' dir='ltr'>Reli-</span> 
     </span>
     <span class='ocr_line' id='line_1_76' title="bbox 1051 1737 1832 1778; baseline -0.001 -9"><span class='ocrx_word' id='word_1_509' title='bbox 1051 1738 1155 1778; x_wconf 83' lang='lat' dir='ltr'>gionis</span> <span class='ocrx_word' id='word_1_510' title='bbox 1171 1738 1332 1769; x_wconf 83' lang='lat' dir='ltr'>Minorum</span> <span class='ocrx_word' id='word_1_511' title='bbox 1348 1738 1499 1776; x_wconf 84' lang='lat' dir='ltr'>fratrum,</span> <span class='ocrx_word' id='word_1_512' title='bbox 1517 1739 1548 1768; x_wconf 90' lang='lat' dir='ltr'>et</span> <span class='ocrx_word' id='word_1_513' title='bbox 1561 1737 1632 1768; x_wconf 89' lang='lat' dir='ltr'>ideo</span> <span class='ocrx_word' id='word_1_514' title='bbox 1651 1737 1690 1768; x_wconf 86' lang='lat' dir='ltr'>ad</span> <span class='ocrx_word' id='word_1_515' title='bbox 1708 1737 1832 1768; x_wconf 81' lang='lat' dir='ltr'>labores</span> 
     </span>
     <span class='ocr_line' id='line_1_77' title="bbox 1049 1791 1832 1832; baseline -0.001 -9"><span class='ocrx_word' id='word_1_516' title='bbox 1049 1792 1202 1823; x_wconf 87' lang='lat' dir='ltr'>arctandi.</span> <span class='ocrx_word' id='word_1_517' title='bbox 1220 1791 1311 1823; x_wconf 88' lang='lat' dir='ltr'>Nunc</span> <span class='ocrx_word' id='word_1_518' title='bbox 1327 1793 1434 1823; x_wconf 84' lang='lat' dir='ltr'>autem</span> <span class='ocrx_word' id='word_1_519' title='bbox 1446 1791 1683 1832; x_wconf 84' lang='lat' dir='ltr'>comparatione</span> <span class='ocrx_word' id='word_1_520' title='bbox 1694 1791 1832 1822; x_wconf 84' lang='lat' dir='ltr'>aliorum</span> 
     </span>
     <span class='ocr_line' id='line_1_78' title="bbox 1051 1845 1833 1886; baseline -0.001 -9"><span class='ocrx_word' id='word_1_521' title='bbox 1051 1846 1237 1886; x_wconf 88' lang='lat' dir='ltr'>paucissimi</span> <span class='ocrx_word' id='word_1_522' title='bbox 1254 1847 1328 1876; x_wconf 91' lang='lat' dir='ltr'>sunt</span> <span class='ocrx_word' id='word_1_523' title='bbox 1342 1845 1430 1883; x_wconf 82' lang='lat' dir='ltr'>tales,</span> <span class='ocrx_word' id='word_1_524' title='bbox 1447 1847 1478 1876; x_wconf 90' lang='lat' dir='ltr'>et</span> <span class='ocrx_word' id='word_1_525' title='bbox 1492 1845 1563 1876; x_wconf 90' lang='lat' dir='ltr'>ideo</span> <span class='ocrx_word' id='word_1_526' title='bbox 1579 1854 1644 1876; x_wconf 89' lang='lat' dir='ltr'>non</span> <span class='ocrx_word' id='word_1_527' title='bbox 1662 1847 1708 1876; x_wconf 88' lang='lat' dir='ltr'>est</span> <span class='ocrx_word' id='word_1_528' title='bbox 1723 1847 1833 1876; x_wconf 85' lang='lat' dir='ltr'>contra</span> 
     </span>
     <span class='ocr_line' id='line_1_79' title="bbox 1050 1899 1831 1939; baseline -0.001 -9"><span class='ocrx_word' id='word_1_529' title='bbox 1050 1900 1247 1939; x_wconf 89' lang='lat' dir='ltr'>Apostolum,</span> <span class='ocrx_word' id='word_1_530' title='bbox 1263 1899 1289 1929; x_wconf 91' lang='lat' dir='ltr'>si</span> <span class='ocrx_word' id='word_1_531' title='bbox 1304 1899 1420 1930; x_wconf 85' lang='lat' dir='ltr'>talibus</span> <span class='ocrx_word' id='word_1_532' title='bbox 1440 1899 1624 1930; x_wconf 84' lang='lat' dir='ltr'>conceditur</span> <span class='ocrx_word' id='word_1_533' title='bbox 1645 1899 1831 1939; x_wconf 88' lang='lat' dir='ltr'>simpliciter</span> 
     </span>
     <span class='ocr_line' id='line_1_80' title="bbox 1050 1953 1832 1991; baseline -0.001 -7"><span class='ocrx_word' id='word_1_534' title='bbox 1050 1953 1243 1991; x_wconf 82' lang='lat' dir='ltr'>mendicare,</span> <span class='ocrx_word' id='word_1_535' title='bbox 1262 1953 1403 1983; x_wconf 79' lang='lat' dir='ltr'>maxime</span> <span class='ocrx_word' id='word_1_536' title='bbox 1426 1962 1500 1984; x_wconf 92' lang='lat' dir='ltr'>cum</span> <span class='ocrx_word' id='word_1_537' title='bbox 1516 1953 1587 1983; x_wconf 88' lang='lat' dir='ltr'>talis</span> <span class='ocrx_word' id='word_1_538' title='bbox 1609 1954 1698 1983; x_wconf 89' lang='lat' dir='ltr'>actus</span> <span class='ocrx_word' id='word_1_539' title='bbox 1712 1962 1777 1984; x_wconf 88' lang='lat' dir='ltr'>non</span> <span class='ocrx_word' id='word_1_540' title='bbox 1793 1953 1832 1983; x_wconf 92' lang='lat' dir='ltr'>sit</span> 
     </span>
     <span class='ocr_line' id='line_1_81' title="bbox 1050 2006 1833 2047; baseline -0.003 -9"><span class='ocrx_word' id='word_1_541' title='bbox 1050 2007 1190 2038; x_wconf 90' lang='lat' dir='ltr'>multum</span> <span class='ocrx_word' id='word_1_542' title='bbox 1206 2006 1393 2047; x_wconf 82' lang='lat' dir='ltr'>appetibilis,</span> <span class='ocrx_word' id='word_1_543' title='bbox 1411 2015 1469 2037; x_wconf 91' lang='lat' dir='ltr'>nec</span> <span class='ocrx_word' id='word_1_544' title='bbox 1485 2006 1689 2044; x_wconf 86' lang='lat' dir='ltr'>delectabilis,</span> <span class='ocrx_word' id='word_1_545' title='bbox 1704 2015 1763 2037; x_wconf 89' lang='lat' dir='ltr'>nec</span> <span class='ocrx_word' id='word_1_546' title='bbox 1774 2006 1833 2037; x_wconf 91' lang='lat' dir='ltr'>ho-</span> 
     </span>
     <span class='ocr_line' id='line_1_82' title="bbox 1049 2059 1833 2099; baseline -0.001 -8"><span class='ocrx_word' id='word_1_547' title='bbox 1049 2060 1201 2091; x_wconf 89' lang='lat' dir='ltr'>norabilis</span> <span class='ocrx_word' id='word_1_548' title='bbox 1214 2084 1222 2098; x_wconf 96' lang='lat'>,</span> <span class='ocrx_word' id='word_1_549' title='bbox 1239 2060 1305 2090; x_wconf 91' lang='lat' dir='ltr'>imo</span> <span class='ocrx_word' id='word_1_550' title='bbox 1319 2059 1459 2099; x_wconf 83' lang='lat' dir='ltr'>repletus</span> <span class='ocrx_word' id='word_1_551' title='bbox 1482 2059 1593 2090; x_wconf 88' lang='lat' dir='ltr'>multis</span> <span class='ocrx_word' id='word_1_552' title='bbox 1608 2059 1784 2090; x_wconf 84' lang='lat' dir='ltr'>vilitatibus</span> <span class='ocrx_word' id='word_1_553' title='bbox 1802 2062 1833 2090; x_wconf 88' lang='lat' dir='ltr'>et</span> 
     </span>
     <span class='ocr_line' id='line_1_83' title="bbox 1049 2113 1833 2153; baseline 0 -8"><span class='ocrx_word' id='word_1_554' title='bbox 1049 2114 1205 2152; x_wconf 87' lang='lat' dir='ltr'>miseriis,</span> <span class='ocrx_word' id='word_1_555' title='bbox 1230 2114 1270 2144; x_wconf 87' lang='lat' dir='ltr'>ad</span> <span class='ocrx_word' id='word_1_556' title='bbox 1292 2123 1389 2153; x_wconf 84' lang='lat' dir='ltr'>quem</span> <span class='ocrx_word' id='word_1_557' title='bbox 1405 2113 1527 2144; x_wconf 81' lang='lat' dir='ltr'>nullius</span> <span class='ocrx_word' id='word_1_558' title='bbox 1547 2113 1682 2145; x_wconf 86' lang='lat' dir='ltr'>valentis</span> <span class='ocrx_word' id='word_1_559' title='bbox 1700 2114 1762 2144; x_wconf 88' lang='lat' dir='ltr'>viri</span> <span class='ocrx_word' id='word_1_560' title='bbox 1779 2123 1833 2145; x_wconf 89' lang='lat' dir='ltr'>cor</span> 
     </span>
     <span class='ocr_line' id='line_1_84' title="bbox 1049 2167 1832 2208; baseline 0 -9"><span class='ocrx_word' id='word_1_561' title='bbox 1049 2169 1154 2208; x_wconf 89' lang='lat' dir='ltr'>posset</span> <span class='ocrx_word' id='word_1_562' title='bbox 1166 2167 1324 2205; x_wconf 85' lang='lat' dir='ltr'>inclinari,</span> <span class='ocrx_word' id='word_1_563' title='bbox 1339 2167 1401 2197; x_wconf 84' lang='lat' dir='ltr'>nisi</span> <span class='ocrx_word' id='word_1_564' title='bbox 1412 2167 1448 2197; x_wconf 86' lang='lat' dir='ltr'>in</span> <span class='ocrx_word' id='word_1_565' title='bbox 1462 2176 1517 2206; x_wconf 90' lang='lat' dir='ltr'>spe</span> <span class='ocrx_word' id='word_1_566' title='bbox 1530 2167 1665 2207; x_wconf 82' lang='lat' dir='ltr'>praemii,</span> <span class='ocrx_word' id='word_1_567' title='bbox 1679 2169 1710 2199; x_wconf 89' lang='lat' dir='ltr'>et</span> <span class='ocrx_word' id='word_1_568' title='bbox 1724 2177 1832 2199; x_wconf 86' lang='lat' dir='ltr'>amore</span> 
     </span>
     <span class='ocr_line' id='line_1_85' title="bbox 1050 2220 1833 2261; baseline 0 -9"><span class='ocrx_word' id='word_1_569' title='bbox 1050 2222 1184 2259; x_wconf 68' lang='lat' dir='ltr'>Cumsn,</span> <span class='ocrx_word' id='word_1_570' title='bbox 1198 2222 1228 2252; x_wconf 89' lang='grc'>01</span> <span class='ocrx_word' id='word_1_571' title='bbox 1242 2220 1398 2251; x_wconf 85' lang='lat' dir='ltr'>desiderio</span> <span class='ocrx_word' id='word_1_572' title='bbox 1409 2220 1605 2260; x_wconf 82' lang='lat' dir='ltr'>proficiendi,</span> <span class='ocrx_word' id='word_1_573' title='bbox 1624 2230 1699 2252; x_wconf 88' lang='lat' dir='ltr'>cum</span> <span class='ocrx_word' id='word_1_574' title='bbox 1709 2221 1833 2261; x_wconf 84' lang='lat' dir='ltr'>adjuto-</span> 
     </span>
     <span class='ocr_line' id='line_1_86' title="bbox 1050 2273 1829 2315; baseline -0.001 -9"><span class='ocrx_word' id='word_1_575' title='bbox 1050 2275 1098 2306; x_wconf 88' lang='lat' dir='ltr'>rio</span> <span class='ocrx_word' id='word_1_576' title='bbox 1125 2274 1239 2314; x_wconf 63' lang='lat' dir='ltr'>gratiae</span> <span class='ocrx_word' id='word_1_577' title='bbox 1266 2273 1402 2314; x_wconf 88' lang='lat' dir='ltr'>Spiritus</span> <span class='ocrx_word' id='word_1_578' title='bbox 1426 2274 1545 2312; x_wconf 85' lang='lat' dir='ltr'>sancti,</span> <span class='ocrx_word' id='word_1_579' title='bbox 1575 2274 1644 2305; x_wconf 91' lang='lat' dir='ltr'>sine</span> <span class='ocrx_word' id='word_1_580' title='bbox 1670 2284 1736 2315; x_wconf 88' lang='lat' dir='ltr'>qua</span> <span class='ocrx_word' id='word_1_581' title='bbox 1762 2275 1829 2314; x_wconf 82' lang='lat' dir='ltr'>vix,</span> 
     </span>
     <span class='ocr_line' id='line_1_87' title="bbox 1050 2328 1830 2368; baseline -0.001 -9"><span class='ocrx_word' id='word_1_582' title='bbox 1050 2328 1154 2366; x_wconf 88' lang='lat' dir='ltr'>credo,</span> <span class='ocrx_word' id='word_1_583' title='bbox 1172 2330 1278 2368; x_wconf 88' lang='lat' dir='ltr'>posset</span> <span class='ocrx_word' id='word_1_584' title='bbox 1292 2328 1380 2358; x_wconf 89' lang='lat' dir='ltr'>dives</span> <span class='ocrx_word' id='word_1_585' title='bbox 1399 2328 1439 2359; x_wconf 88' lang='lat' dir='ltr'>ad</span> <span class='ocrx_word' id='word_1_586' title='bbox 1454 2330 1550 2358; x_wconf 79' lang='lat' dir='ltr'>tantae</span> <span class='ocrx_word' id='word_1_587' title='bbox 1572 2328 1759 2368; x_wconf 88' lang='lat' dir='ltr'>abjectionis</span> <span class='ocrx_word' id='word_1_588' title='bbox 1779 2328 1830 2359; x_wconf 90' lang='lat' dir='ltr'>in—</span> 
     </span>
     <span class='ocr_line' id='line_1_88' title="bbox 1051 2381 1830 2422; baseline 0 -9"><span class='ocrx_word' id='word_1_589' title='bbox 1051 2381 1256 2413; x_wconf 87' lang='lat' dir='ltr'>commodum</span> <span class='ocrx_word' id='word_1_590' title='bbox 1270 2381 1427 2412; x_wconf 85' lang='lat' dir='ltr'>inclinari.</span> <span class='ocrx_word' id='word_1_591' title='bbox 1450 2381 1513 2412; x_wconf 90' lang='lat' dir='ltr'>Nec</span> <span class='ocrx_word' id='word_1_592' title='bbox 1528 2382 1605 2412; x_wconf 84' lang='lat' dir='ltr'>tales</span> <span class='ocrx_word' id='word_1_593' title='bbox 1619 2383 1757 2421; x_wconf 81' lang='lat' dir='ltr'>gravant</span> <span class='ocrx_word' id='word_1_594' title='bbox 1773 2391 1830 2422; x_wconf 92' lang='lat' dir='ltr'>po-</span> 
     </span>
     <span class='ocr_line' id='line_1_89' title="bbox 1051 2435 1833 2476; baseline 0 -10"><span class='ocrx_word' id='word_1_595' title='bbox 1051 2436 1165 2476; x_wconf 88' lang='lat' dir='ltr'>pulum</span> <span class='ocrx_word' id='word_1_596' title='bbox 1181 2435 1317 2473; x_wconf 89' lang='lat' dir='ltr'>Domini,</span> <span class='ocrx_word' id='word_1_597' title='bbox 1333 2437 1364 2465; x_wconf 86' lang='lat' dir='ltr'>et</span> <span class='ocrx_word' id='word_1_598' title='bbox 1377 2435 1550 2466; x_wconf 86' lang='lat' dir='ltr'>Ecclesiam</span> <span class='ocrx_word' id='word_1_599' title='bbox 1561 2459 1568 2473; x_wconf 81' lang='lat'>‚</span> <span class='ocrx_word' id='word_1_600' title='bbox 1586 2435 1729 2466; x_wconf 75' lang='lat' dir='ltr'>maxime</span> <span class='ocrx_word' id='word_1_601' title='bbox 1745 2435 1772 2465; x_wconf 91' lang='lat' dir='ltr'>si</span> <span class='ocrx_word' id='word_1_602' title='bbox 1787 2436 1833 2466; x_wconf 90' lang='lat' dir='ltr'>ni-</span> 
     </span>
     <span class='ocr_line' id='line_1_90' title="bbox 1050 2488 1832 2529; baseline 0.001 -10"><span class='ocrx_word' id='word_1_603' title='bbox 1050 2489 1096 2520; x_wconf 89' lang='lat' dir='ltr'>hil</span> <span class='ocrx_word' id='word_1_604' title='bbox 1109 2489 1193 2520; x_wconf 87' lang='lat' dir='ltr'>ultra</span> <span class='ocrx_word' id='word_1_605' title='bbox 1208 2489 1386 2519; x_wconf 86' lang='lat' dir='ltr'>necessaria</span> <span class='ocrx_word' id='word_1_606' title='bbox 1401 2490 1521 2529; x_wconf 83' lang='lat' dir='ltr'>petant,</span> <span class='ocrx_word' id='word_1_607' title='bbox 1534 2488 1609 2528; x_wconf 85' lang='lat' dir='ltr'>quia</span> <span class='ocrx_word' id='word_1_608' title='bbox 1624 2488 1726 2519; x_wconf 87' lang='lat' dir='ltr'>multo</span> <span class='ocrx_word' id='word_1_609' title='bbox 1739 2489 1832 2529; x_wconf 86' lang='lat' dir='ltr'>plura</span> 
     </span>
     <span class='ocr_line' id='line_1_91' title="bbox 1052 2542 1831 2582; baseline -0.001 -9"><span class='ocrx_word' id='word_1_610' title='bbox 1052 2542 1266 2582; x_wconf 77' lang='lat' dir='ltr'>expenderent</span> <span class='ocrx_word' id='word_1_611' title='bbox 1281 2545 1312 2573; x_wconf 88' lang='lat' dir='ltr'>et</span> <span class='ocrx_word' id='word_1_612' title='bbox 1327 2544 1553 2573; x_wconf 86' lang='lat' dir='ltr'>consumerent</span> <span class='ocrx_word' id='word_1_613' title='bbox 1565 2542 1604 2573; x_wconf 91' lang='lat' dir='ltr'>de</span> <span class='ocrx_word' id='word_1_614' title='bbox 1618 2542 1831 2582; x_wconf 86' lang='lat' dir='ltr'>eleemosynis</span> 
     </span>
     <span class='ocr_line' id='line_1_92' title="bbox 1053 2595 1832 2636; baseline 0 -9"><span class='ocrx_word' id='word_1_615' title='bbox 1053 2605 1231 2636; x_wconf 87' lang='lat' dir='ltr'>pauperum</span> <span class='ocrx_word' id='word_1_616' title='bbox 1244 2620 1251 2633; x_wconf 91' lang='lat'>,</span> <span class='ocrx_word' id='word_1_617' title='bbox 1268 2596 1294 2626; x_wconf 92' lang='lat' dir='ltr'>si</span> <span class='ocrx_word' id='word_1_618' title='bbox 1316 2595 1420 2626; x_wconf 87' lang='lat' dir='ltr'>clerici</span> <span class='ocrx_word' id='word_1_619' title='bbox 1441 2595 1474 2625; x_wconf 87' lang='lat' dir='ltr'>iu</span> <span class='ocrx_word' id='word_1_620' title='bbox 1491 2595 1608 2627; x_wconf 82' lang='lat' dir='ltr'>saeculo</span> <span class='ocrx_word' id='word_1_621' title='bbox 1622 2596 1657 2627; x_wconf 92' lang='lat' dir='ltr'>in</span> <span class='ocrx_word' id='word_1_622' title='bbox 1672 2596 1832 2627; x_wconf 87' lang='lat' dir='ltr'>beneficiis</span> 
     </span>
     <span class='ocr_line' id='line_1_93' title="bbox 1054 2649 1810 2689; baseline -0.001 -9"><span class='ocrx_word' id='word_1_623' title='bbox 1054 2649 1309 2689; x_wconf 83' lang='lat' dir='ltr'>praebendalibus</span> <span class='ocrx_word' id='word_1_624' title='bbox 1343 2649 1571 2680; x_wconf 86' lang='lat' dir='ltr'>remansissent</span> <span class='ocrx_word' id='word_1_625' title='bbox 1591 2673 1599 2687; x_wconf 93' lang='lat'>,</span> <span class='ocrx_word' id='word_1_626' title='bbox 1635 2659 1692 2681; x_wconf 80' lang='lat' dir='ltr'>nec</span> <span class='ocrx_word' id='word_1_627' title='bbox 1733 2652 1810 2680; x_wconf 85' lang='lat' dir='ltr'>tunc</span> 
     </span>
     <span class='ocr_line' id='line_1_94' title="bbox 1086 2711 1628 2743; baseline -0.004 -6"><span class='ocrx_word' id='word_1_628' title='bbox 1086 2713 1118 2743; x_wconf 75' lang='grc' dir='ltr'>(ιι)</span> <span class='ocrx_word' id='word_1_629' title='bbox 1135 2713 1196 2736; x_wconf 66' lang='lat' dir='ltr'>Cret.</span> <span class='ocrx_word' id='word_1_630' title='bbox 1212 2713 1272 2736; x_wconf 81' lang='lat' dir='ltr'>edit.</span> <span class='ocrx_word' id='word_1_631' title='bbox 1290 2720 1318 2735; x_wconf 69' lang='grc' dir='ltr'>ιιο</span> <span class='ocrx_word' id='word_1_632' title='bbox 1336 2725 1360 2728; x_wconf 85' lang='grc'>-</span> <span class='ocrx_word' id='word_1_633' title='bbox 1380 2711 1409 2742; x_wconf 75' lang='lat' dir='ltr'>(b)</span> <span class='ocrx_word' id='word_1_634' title='bbox 1427 2712 1502 2735; x_wconf 66' lang='lat' dir='ltr'>Forte</span> <span class='ocrx_word' id='word_1_635' title='bbox 1519 2711 1566 2742; x_wconf 69' lang='lat' dir='ltr'>less.</span> <span class='ocrx_word' id='word_1_636' title='bbox 1581 2713 1628 2736; x_wconf 81' lang='lat' dir='ltr'>Ex.</span> 
     </span>
    </p>
   </div>
  </div>
 </body>
</html>
