2029 3052
521 162 777 197 PSALTERIUM
799 165 921 200 MiNUS
943 168 1088 202 BEATAE
1109 171 1249 205 MARIAE
1271 173 1459 207 ViRGlNlS.

342 229 412 261 Ave,
428 228 527 265 Virgo,
540 231 624 267 cujus
640 232 710 268 oris,

307 274 344 302 De
360 275 519 311 splendore
533 278 709 314 Condstoris,

305 321 453 357 Splendor
464 323 542 353 clare
556 325 767 361 resplendescit
772 338 781 363 3

305 369 393 397 Lucet
406 377 525 406 corpus,
541 380 593 400 cor
607 373 750 402 clarescit.

339 419 411 450 Ave,
425 417 524 453 Virgo,
540 419 630 448 decus
644 429 754 458 rerum,

304 463 473 498 TeJubente
488 473 536 493 me
551 466 668 495 dierum

304 510 464 540 Comitetur
476 512 644 551 longitudo,

303 557 336 585 Et
348 557 450 587 salutis
464 559 630 596 plenitudo.

338 606 408 640 Ave,
426 607 531 635 cedrus
546 609 683 645 exaltata,

301 651 389 688 Virgo
403 653 511 689 palmae
526 659 690 692 coaequata,

302 700 438 728 Premens
453 709 520 730 arce
538 702 688 739 dignitatis

301 744 411 773 Cuncta
423 745 506 781 ligna
515 747 686 784 voluptatis.

333 793 403 827 Ave,
421 793 518 829 Virgo,
534 803 600 831 quae
615 796 755 825 decorem

299 837 433 874 induisti,
448 841 616 871 Creatorem

299 885 477 916 praecinxisti
491 889 614 925 pulchre
630 892 733 927 Deum,

299 933 391 961 Carne
406 935 521 964 munda
534 937 638 965 vetans
654 947 723 967 eum
738 949 745 968 ε

333 983 404 1016 Ave,
419 983 507 1019 VIrgo
522 985 663 1021 gratiosa,

298 1028 338 1055 Tu
354 1036 420 1064 quae
431 1029 510 1058 mitis
525 1033 553 1059 et
565 1031 708 1067 formosa,

298 1075 391 1112 Super
404 1085 507 1106 omnes
522 1087 552 1107 es
563 1080 689 1116 puellas,

298 1124 320 1150 Α
332 1125 359 1150 te
372 1131 528 1160 nunquam
542 1135 590 1155 me
605 1129 741 1164 repellas.

333 1171 404 1205 Ave,
419 1171 508 1207 Virgo
523 1173 645 1203 vincens
657 1176 762 1212 solem,

298 1217 386 1252 Cujus
399 1217 497 1246 infans
510 1221 594 1249 terrae
608 1223 720 1251 molem

296 1264 421 1301 Fundat,
436 1265 526 1295 librat
537 1270 565 1296 et
578 1270 732 1305 appendit,

296 1311 382 1340 Fines
395 1321 487 1342 manu
502 1316 737 1352 comprehendit.

332 1361 402 1394 Ave,
418 1356 507 1397 Virgo
522 1362 588 1390 vitae
603 1366 699 1400 rectae,

297 1406 362 1441 Fac,
376 1409 498 1442 peccata
510 1416 565 1437 nos
579 1411 707 1446 perfecte

297 1453 484 1490 Confitendo,
496 1455 647 1492 decorari;

297 1501 338 1528 Da
352 1502 380 1529 te
395 1509 511 1538 semper
525 1506 671 1533 venerari.

332 1549 402 1581 Ave,
417 1549 516 1585 Virgo,
532 1552 628 1580 vellus
643 1553 726 1586 roris,

295 1596 337 1623 Tu
352 1594 458 1624 dilecta
473 1597 644 1634 salvatoris,

295 1642 335 1669 Tu
350 1650 402 1670 cor
415 1643 508 1672 habes
520 1645 712 1681 liquefactum

296 1688 341 1716 Ad
355 1689 483 1725 ignitum
497 1692 547 1720 Dei
561 1694 681 1723 tactum.

330 1738 400 1771 Ave,
415 1738 540 1774 Sponsa,
555 1741 642 1776 Regis
657 1742 740 1778 almi,

294 1783 387 1811 Psalle
403 1786 461 1812 Deo
472 1794 546 1814 voce
559 1787 678 1824 psalmi,

296 1832 328 1858 Et
344 1830 387 1858 fer
403 1840 503 1868 opem,
520 1842 612 1869 quam
627 1844 796 1873 precamur,

295 1879 335 1905 Ne
350 1878 381 1906 in
395 1880 484 1916 culpa
498 1882 672 1911 moriamur.

331 1928 401 1960 Ave,
416 1927 512 1955 nubes
529 1929 686 1966 pluvialis,

295 1972 364 2006 Quae
376 1976 494 2009 perusta
508 1976 590 2004 mille
606 1978 691 2006 malis

297 2020 395 2049 Corda
408 2024 510 2051 nostra
524 2024 663 2060 refecisti,

295 2067 408 2100 Quibus
423 2070 515 2097 Deum
531 2071 674 2101 infudisti.

329 2118 400 2150 Ave,
414 2117 514 2153 Virgo,
529 2127 583 2147 nec
598 2129 726 2156 morare,

296 2164 398 2200 Surge,
413 2168 513 2202 portas
524 2176 666 2205 reserare,

297 2211 374 2244 Quas
388 2213 534 2244 obstruxit
543 2216 635 2245 homo
650 2219 775 2255 primus,

296 2258 328 2286 Ut
343 2258 451 2288 intrare
466 2270 520 2290 nos
533 2265 691 2299 possimus.

332 2309 403 2341 Ave,
419 2308 518 2344 Virgo,
536 2319 628 2346 quam
643 2313 730 2341 invisi

297 2354 449 2390 Nusquam
465 2357 557 2392 tangit
570 2358 654 2388 hasta
666 2361 734 2396 nisi,

295 2401 367 2428 Tota
380 2401 461 2437 felix,
477 2411 531 2431 nec
546 2405 652 2434 adusta

297 2448 512 2486 Qualicumque
525 2459 556 2479 re
571 2452 688 2488 injusta.

367 2532 489 2560 TERTIA
508 2534 757 2568 QUlNQUAGENA.

333 2592 405 2626 Ave,
420 2592 520 2629 Virgo,
536 2596 641 2623 mundi
654 2597 747 2632 sidus,

297 2638 416 2674 DomuS,
432 2641 552 2677 tectum,
564 2651 652 2672 mons
664 2645 692 2672 et
705 2644 804 2681 nidus,

312 2696 386 2719 ΤΟΜ.
410 2699 478 2722 Χιν.

1145 240 1197 268 Ubi
1214 249 1314 277 passer
1328 242 1465 278 solitaris,

1144 289 1211 316 Jesu
1227 288 1348 323 Christe,
1365 290 1541 318 demoraris.

1180 339 1249 370 Ave,
1263 336 1350 372 Virgo
1367 337 1503 372 delicata,

1144 383 1231 410 Mater
1245 383 1342 411 virum
1358 384 1530 420 dedignata,

1145 430 1196 456 Per
1209 432 1234 457 te
1250 430 1338 458 datur
1353 431 1418 459 vitaz
1434 432 1531 467 dator,

1144 477 1176 502 Et
1188 477 1326 511 perennis
1342 478 1506 507 miserator.

1177 524 1247 558 Ave,
1264 524 1364 560 Virgo,
1381 528 1457 554 terra
1474 527 1566 562 bona,

1140 570 1180 597 Tu
1195 571 1305 605 petenti
1321 572 1394 600 mihi
1410 573 1503 609 dona,

1141 617 1250 644 Panem
1266 617 1302 645 de
1319 620 1344 646 tc
1359 623 1559 656 procreatum,

1142 663 1247 692 Vinum
1263 672 1333 693 vera
1346 665 1402 694 vite
1417 669 1530 695 natum.

1175 712 1246 746 Ave,
1261 713 1349 740 Mater
1360 713 1470 749 Joseph
1485 715 1559 749 veri,

1138 758 1182 786 Ab
1197 758 1313 787 interna
1327 760 1378 796 qui
1394 761 1468 788 tueri

1139 805 1260 842 Semper
1274 806 1352 835 fame
1367 815 1423 835 nos
1438 808 1587 845 dignetur,

1141 853 1194 880 Per
1208 853 1236 880 te
1251 853 1328 881 illud
1343 855 1526 891 impetretur.

1174 901 1245 934 Ave,
1262 900 1361 936 Virgo,
1378 910 1412 930 ac
1427 903 1560 938 praebeto

1139 948 1232 975 Unam
1248 949 1321 976 mihi
1337 957 1412 985 rem,
1429 959 1521 987 quam
1535 954 1616 988 peto,

1139 996 1180 1023 Me
1196 995 1226 1022 in
1237 997 1289 1023 tuo
1304 996 1437 1032 salutari,

1137 1042 1182 1070 Ad
1197 1042 1324 1071 salutem
1339 1044 1462 1074 visitari.

1174 1092 1244 1124 Ave,
1260 1090 1359 1126 Virgo,
1375 1092 1442 1120 fons
1457 1093 1600 1130 signatus,

1137 1137 1225 1172 Cujus
1240 1146 1397 1174 nunquam
1414 1139 1540 1168 violatus

1137 1185 1243 1212 Venter
1256 1184 1332 1213 fudit
1348 1186 1590 1223 Redemptorem‚

1137 1231 1353 1267 oppressorum
1368 1236 1547 1269 ereptorem.

1172 1281 1243 1312 Ave,
1259 1278 1354 1314 Virgo,
1374 1283 1401 1307 et
1415 1281 1554 1317 implora,

1137 1326 1170 1352 Ut
1184 1333 1236 1352 cor
1249 1334 1351 1354 meum
1367 1328 1450 1355 omni
1464 1328 1541 1356 hora

1136 1373 1347 1408 Prfeparatum,
1362 1375 1441 1410 lene,
1457 1384 1599 1412 pronum,

1136 1420 1273 1448 Gaudens
1288 1421 1324 1449 sit
1337 1422 1376 1450 ad
1393 1431 1482 1451 omne
1494 1424 1620 1454 bonum.

1171 1470 1242 1503 Ave,
1259 1468 1357 1504 Virgo,
1375 1470 1442 1498 vitae
1454 1471 1566 1508 datrix,

1137 1515 1180 1543 Ad
1195 1518 1231 1550 te,
1249 1516 1332 1544 dives
1349 1519 1533 1554 imperatrix,

1136 1562 1238 1591 Clamo
1254 1572 1368 1600 pauper
1385 1567 1412 1593 et
1427 1574 1547 1601 egenus,

1137 1610 1169 1637 Et
1184 1618 1316 1639 aerumna
1330 1611 1422 1640 multa
1439 1612 1556 1648 plenus.

1170 1659 1242 1692 Ave,
1258 1658 1357 1694 Virgo,
1373 1661 1402 1686 et
1413 1667 1450 1687 ne
1464 1660 1543 1688 sinas

1136 1704 1206 1732 Sion
1219 1713 1334 1740 murOS,
1350 1708 1378 1734 et
1391 1706 1493 1735 ruinas

1135 1751 1202 1779 Sine
1215 1752 1302 1780 nobis
1317 1754 1465 1789 reparari;

1136 1800 1190 1827 Fac
1206 1799 1244 1827 ad
1260 1799 1343 1827 illam
1358 1809 1413 1828 nos
1429 1801 1582 1837 quadrari.

1170 1848 1241 1881 Ave,
1256 1847 1356 1882 Virgo,
1373 1849 1457 1883 cujus
1474 1849 1583 1884 vultus,

1136 1894 1240 1928 Mores,
1253 1894 1374 1929 modus,
1389 1895 1486 1923 forma
1501 1897 1610 1931 cultus,

1136 1941 1244 1968 Cuncta
1255 1941 1376 1977 placent
1390 1943 1429 1970 ad
1445 1943 1620 1978 perfectum,

1138 1989 1168 2015 ln
1182 1990 1209 2015 te
1221 1988 1295 2016 nihil
1307 1992 1349 2017 est
1364 1990 1544 2025 neglectum.

1171 2038 1242 2070 Ave,
1259 2035 1346 2071 Virgo
1358 2037 1433 2072 Agni
1448 2040 1551 2073 nupta,

1136 2083 1221 2118 Opto,
1238 2084 1325 2111 Mater
1340 2084 1522 2121 incorrupta,

1136 2130 1228 2165 Larga
1242 2130 1331 2158 nimis
1343 2134 1371 2159 et
1385 2132 1462 2159 felici

1135 2177 1195 2204 Tua
1209 2185 1300 2205 manu
1315 2178 1462 2206 benedici.

1171 2228 1241 2259 Ave,
1258 2225 1358 2261 Virgo,
1373 2229 1442 2255 nata
1457 2229 1584 2264 mundo,

1136 2274 1175 2299 Ne
1191 2281 1362 2308 mergamur
1378 2275 1408 2302 in
1423 2276 1586 2312 profundo,

1136 2321 1176 2346 Tu
1192 2319 1317 2355 deporta
1331 2329 1386 2349 nos
1402 2322 1439 2349 ad
1455 2326 1586 2359 portum,

1136 2366 1179 2393 Ad
1194 2367 1294 2394 aeterni
1308 2368 1383 2396 Solis
1399 2372 1506 2398 ortum.

1173 2417 1243 2448 Ave,
1259 2415 1359 2450 Virgo,
1376 2424 1467 2452 quam
1483 2418 1597 2446 sincero

1137 2461 1258 2497 Semper
1273 2470 1335 2490 esse
1351 2464 1439 2492 corde
1455 2473 1542 2501 spero

1137 2508 1204 2536 Vitae
1218 2517 1291 2536 meae
1306 2511 1522 2547 protectricem,

1135 2555 1230 2583 Credo
1248 2556 1295 2583 Dei
1311 2557 1494 2592 genitricem.

1172 2604 1242 2637 Ave,
1260 2603 1347 2639 Virgo
1361 2604 1543 2640 laetabunda,

1138 2650 1190 2677 Per
1203 2651 1230 2678 te
1245 2650 1345 2679 vivam
1362 2659 1430 2679 cum
1442 2652 1577 2688 jucunda

1745 181 1803 210 193
