2029 3052
582 193 864 227 RESPONSIONIS
887 192 1059 232 QUARTAE
1082 193 1210 227 CAPUT
1234 194 1288 226 ΙΙΙ.

130 262 306 302 infinitum,
322 261 377 294 sed
389 261 566 294 seeundum
583 263 705 294 certum
716 263 746 294 et
761 261 908 294 determi-

129 318 255 348 natum.
274 316 376 356 Atque
387 315 511 347 utinam
532 316 641 358 plures
660 317 765 348 essent
789 315 906 354 idonei,

131 370 186 411 qui
195 371 322 411 possent
330 370 450 401 assumi
464 379 530 402 non
544 371 577 401 in
588 380 653 402 uno
664 370 786 409 angulo
800 371 907 408 terrae,

131 424 185 455 sed
199 424 304 464 potius
313 423 348 454 in
362 424 554 456 universalis
564 424 711 456 Ecclesiae
723 423 906 455 latitudine!

131 477 291 509 Nimirum
306 478 366 510 hoc
382 478 562 510 desiderare
577 479 705 510 deberet
717 480 817 509 coetus
832 487 910 518 pon-

130 531 263 570 tificum,
282 541 319 563 ac
334 531 464 563 cuilibet
478 532 548 563 illos
563 532 733 572 prohibere
748 531 866 563 volenti
878 531 910 562 id

130 585 339 625 respondere,
364 586 449 626 quod
470 586 551 617 dixit
570 585 695 626 Moyses
716 585 755 617 ad
770 585 906 617 Josue¹:

133 638 235 676 Quid,
256 639 371 679 inquit,
397 639 562 672 aemularis
579 647 637 680 pro
661 639 729 671 me?
752 640 828 675 Quis
856 639 910 672 dec

131 697 168 728 ut
188 695 292 727 omnis
315 695 451 735 populus
464 695 641 736 prophetet,
651 698 680 728 et
694 695 748 728 dec
762 696 809 728 eis
826 697 911 728 Deus

131 749 286 788 spiritum
306 750 424 781 suum?
439 748 597 787 Quamdiu
619 758 696 789 ergo
724 750 911 789 hujusmodi

131 810 289 842 pauperes
303 802 394 842 leges
407 802 534 834 divinas
550 802 750 841 custodiunt,
767 805 798 834 et
812 812 912 834 evan—

131 855 234 895 gelica
248 856 380 887 consilia
395 859 534 896 servant,
550 866 623 897 quae
634 857 864 897 promiserunt,
882 859 912 888 et

131 910 226 941 saluti
241 910 424 942 animarum
440 911 619 948 intendunt,
637 913 667 942 et
683 913 799 943 sanctae
816 912 912 942 matri

133 964 280 996 Ecclesiae
290 965 457 995 humiliter
467 965 611 1003 subsunt,
623 965 647 995 si
658 965 730 1005 quis
745 974 797 996 005
813 975 912 1006 repu-

133 1017 265 1049 diandos
289 1022 415 1050 censeat
443 1018 530 1050 velut
551 1019 913 1059 pseudo-prcedicatores

134 1073 163 1102 et
176 1072 357 1104 seductores
368 1097 375 1110 ,
393 1075 423 1104 et
438 1082 638 1113 gyrovagos,
662 1075 693 1104 et
711 1075 913 1113 penetrantes

133 1124 259 1165 domos;
287 1127 451 1167 subjacere
472 1127 565 1158 debet
579 1128 675 1167 Justae
696 1127 912 1158 damnationis

130 1178 264 1218 Judicio,
287 1181 442 1220 tanquam
472 1180 689 1212 ecclesiasticae
718 1181 914 1212 auctoritatis

134 1234 351 1273 contemptor,
383 1234 532 1265 fraternae
561 1234 675 1273 gratiae
703 1234 832 1266 invidus
845 1259 852 1272 ,
883 1237 914 1265 et

134 1287 332 1326 evangelicae
348 1287 490 1318 veritatis
511 1288 731 1328 impugnator.

178 1340 311 1372 Demum
343 1344 379 1372 ut
412 1342 465 1372 via
493 1341 709 1382 praecludatur
736 1341 912 1380 erroribus,

134 1396 393 1435 respondendum
419 1397 467 1426 est
498 1395 753 1427 cavillationibus
779 1395 912 1435 quibus-

135 1448 209 1480 dam
229 1450 333 1490 magis
346 1450 582 1490 apparentibus,
598 1450 717 1489 quibus
740 1449 914 1480 calumnia-

134 1504 184 1534 tor
214 1503 268 1534 hic
294 1513 472 1544 pauperum
501 1503 602 1535 vitam
627 1504 770 1544 ipsorum
795 1503 829 1534 in
855 1504 915 1534 hac

135 1559 279 1588 extrema
306 1558 355 1589 sui
381 1557 486 1598 operis
506 1560 594 1598 parte
619 1558 793 1597 depravare
823 1557 915 1588 moli-

134 1609 198 1648 tur,
215 1609 360 1641 videlicet
377 1612 506 1650 propter
529 1610 688 1641 defectum
711 1609 830 1640 laboris
850 1619 915 1640 ma-

134 1671 250 1701 nuum,
260 1663 489 1694 abdicationem
507 1663 666 1694 bonorum
678 1663 912 1703 communium,

135 1718 166 1747 et
173 1717 435 1748 mendicationem
443 1717 732 1757 eleemosynarum.
743 1717 822 1749 Nam
832 1726 915 1748 exeo

135 1770 221 1810 quod
236 1771 408 1811 Apostolus
420 1771 465 1802 ad
475 1771 767 1803 Thessalonicenses
783 1771 915 1811 quibus-

136 1824 209 1854 dam
225 1825 376 1864 praecepit
387 1828 409 1863 ³,
428 1827 465 1856 ut
478 1834 549 1856 cum
558 1825 685 1857 silencio
694 1834 811 1865 panem
821 1833 915 1857 suum

136 1877 287 1909 manibus
311 1878 472 1918 operando
497 1879 693 1911 wizanducent
711 1903 718 1916 ‚
744 1881 774 1910 et
802 1879 917 1918 11111115-

136 1930 223 1962 modi
233 1941 389 1972 pauperes
402 1932 593 1964 manualiter
604 1942 668 1963 non
676 1932 834 1971 laborant,
846 1933 915 1964 ideo

136 1983 222 2024 ipsos
233 1985 345 2016 nititur
359 1986 553 2026 redarguere
563 1990 593 2017 et
601 1987 639 2018 de
654 1987 811 2017 otiositate
826 1987 912 2025 vitae,

137 2040 168 2069 et
191 2038 230 2070 de
255 2040 396 2071 mandati
416 2041 558 2081 Apostoli
583 2040 850 2080 transgressione.
867 2039 916 2070 Ad

138 2093 224 2132 quod
246 2102 304 2124 nos
326 2103 343 2124 e
362 2095 520 2125 contrario
547 2094 796 2134 respondemus,
814 2094 912 2134 quod,

139 2146 221 2177 sicut
230 2150 314 2186 patet
328 2157 368 2178 ex
382 2150 485 2187 textu,
504 2157 569 2179 non
587 2149 730 2188 praecipit
745 2148 915 2188 Apostolus

138 2199 280 2231 laborem
318 2202 501 2232 manualem
530 2202 679 2233 omnibus
709 2202 913 2241 generaliter,

138 2254 215 2294 quia
237 2257 314 2285 tunc
326 2264 437 2286 omnes
454 2256 510 2295 (1111
536 2265 602 2286 11011
624 2258 739 2286 vacant
760 2255 916 2286 laboritiis

136 2307 344 2347 hujusmodi,
372 2312 476 2339 essent
503 2309 536 2339 in
570 2311 655 2340 statu
688 2309 913 2348 damnationis,

136 2361 221 2392 inter
237 2371 317 2402 quos
332 2365 364 2393 et
378 2363 445 2402 ipse
468 2363 679 2394 calumniator
701 2363 844 2403 seipsum
867 2364 916 2394 111-

136 2415 253 2454 volvit;
271 2417 324 2447 sed
339 2416 530 2456 quibusdam
546 2417 714 2448 dumtaxat
727 2417 837 2455 otiose,
857 2426 913 2447 011-

137 2469 220 2500 riose
233 2472 265 2500 et
279 2470 420 2511 inquiete
435 2471 629 2509 viventibus,
654 2480 734 2511 opus
758 2480 915 2501 manuum

138 2522 274 2563 imponit
294 2526 325 2555 et
346 2525 501 2564 imperat,
528 2534 569 2555 ne
588 2525 748 2555 blanditiis
764 2525 916 2555 adulatio-

139 2584 220 2607 num
232 2579 263 2608 et
275 2578 361 2618 turpi
371 2581 496 2618 quaestu
510 2578 632 2609 victum
646 2578 704 2608 sibi
712 2578 913 2618 conquirant,

173 2656 179 2672 ¹
197 2657 284 2689 Num„
303 2664 344 2689 XI,
362 2659 400 2683 20.
419 2672 450 2676 -—
466 2658 619 2688 ¹³11leess.,
639 2659 738 2689 111,12.
755 2672 784 2676 -
800 2659 808 2673 ³
822 2659 915 2690 Emori„

140 2697 202 2723 xxv,
216 2695 254 2717 15.
267 2706 298 2711 ——
309 2694 316 2708 ⁴
330 2695 416 2725 Greg.,
430 2696 538 2725 Pastor„
551 2696 616 2725 part.
630 2695 660 2725 ll,
673 2701 695 2719 0,
712 2702 744 2718 Al.
761 2708 789 2711 -—
805 2696 813 2711 ⁵
829 2696 913 2724 Dent„

1685 198 1744 229 509

964 271 1038 293 cum
1062 262 1226 304 dispendio
1248 262 1359 294 salutis
1382 261 1506 295 alienae.
1528 262 1649 296 Verum
1667 264 1745 306 quia

964 315 1151 356 hujusmodi
1176 326 1350 358 pauperes,
1367 316 1423 358 qui
1440 317 1507 348 suis
1526 319 1558 348 et
1579 318 1743 358 proximo-

964 379 1038 400 rum
1051 371 1221 402 animabus
1236 371 1396 403 salvandis
1420 371 1607 410 intendunt,
1630 381 1744 404 secun-

965 423 1043 454 (]11111
1073 426 1293 465 septiformem
1321 425 1540 466 operationem
1567 425 1743 457 hierarchi-

964 486 1050 516 cam,
1070 478 1103 508 in
1126 479 1291 510 antedictis
1315 489 1511 520 expressam,
1539 480 1570 511 id
1594 480 1746 520 perficere

964 535 1130 572 nequeunt
1167 533 1235 564 sine
1268 534 1463 565 adminiculo
1492 534 1744 574 Scripturarum,

964 586 1003 617 ad
1025 595 1164 626 quarum
1195 587 1382 628 praeclaram
1410 589 1655 628 intelligentiam
1679 597 1747 628 per-

964 641 1073 671 venire
1089 650 1153 672 non
1169 644 1304 682 possunt
1319 642 1379 672 nisi
1396 651 1452 682 per
1467 643 1611 674 studium
1627 643 1748 683 sapien-

966 693 1049 733 tiale,
1066 694 1152 734 quod
1167 695 1311 726 consistit
1333 696 1366 726 in
1384 695 1534 736 legendo,
1554 696 1746 735 meditando,

965 748 1097 786 orando,
1110 749 1366 790 contemplando,
1381 749 1553 789 audiendo,
1569 751 1746 789 referendo,

967 802 1180 841 praedicando,
1208 803 1278 834 ideo
1304 805 1387 834 recte
1415 804 1566 844 competit
1590 804 1749 844 ejusmodi

967 855 1063 886 studii
1094 856 1267 896 spiritualis
1305 857 1447 896 operatio
1476 857 1679 897 septiformis.
1710 857 1749 888 Et

967 910 1043 949 quia
1057 910 1224 942 difficultas
1240 911 1339 951 hujus
1354 911 1452 942 studii
1463 913 1566 942 totum
1582 912 1746 943 hominem

966 963 1110 1003 requirit,
1125 965 1220 1004 juxta
1234 964 1319 1004 quod
1334 965 1538 1004 designatum
1554 967 1601 996 est
1617 966 1649 996 in
1668 966 1749 997 Exo-

967 1017 1018 1056 do,
1038 1018 1094 1048 ubi
1124 1019 1277 1058 praecepit
1309 1018 1461 1049 Dominus
1485 1020 1506 1057 ³,
1532 1020 1617 1059 quod
1643 1022 1749 1051 vectes

966 1071 1083 1111 quibus
1098 1072 1227 1102 ferenda
1247 1073 1329 1102 esset
1343 1081 1418 1103 arca
1439 1081 1566 1112 semper
1587 1075 1693 1104 essent
1715 1073 1750 1104 in

968 1126 1093 1156 circulis
1115 1134 1122 1155 :
1146 1126 1231 1165 quod
1267 1135 1430 1166 exponens
1455 1126 1628 1166 GregorIus
1655 1128 1698 1158 ait
1714 1127 1748 1159 ⁴:

973 1190 986 1207 «
1007 1178 1067 1216 Qui
1083 1179 1121 1209 ad
1138 1179 1279 1210 officium
1296 1180 1529 1219 praedicationis
1544 1181 1715 1220 excubant,
1733 1190 1752 1211 a

968 1232 1111 1263 lectionis
1126 1233 1231 1263 studio
1241 1242 1411 1273 nunquam
1423 1234 1590 1273 recedant3
1608 1235 1751 1274 ignomi-

968 1286 1095 1317 niosum
1110 1287 1265 1326 estenim,
1279 1288 1304 1318 si
1316 1289 1392 1318 tunc
1408 1288 1482 1328 quis
1492 1288 1609 1328 quaerit
1620 1289 1750 1326 discere,

968 1349 1044 1371 cum
1058 1341 1150 1372 debet
1172 1342 1365 1381 quaestiones
1389 1343 1527 1373 enodare
1544 1353 1550 1373 ε
1572 1355 1585 1372 1)
1604 1343 1676 1375 ideo
1697 1344 1753 1384 (1111

969 1393 1045 1425 111110
1066 1395 1169 1425 studio
1200 1396 1375 1436 septiformi
1408 1396 1540 1428 sollicite
1568 1397 1750 1436 intendunt,

969 1448 1044 1488 qnia
1052 1448 1159 1488 magis
1175 1451 1220 1479 est
1231 1450 1369 1481 sublime
1385 1450 1418 1481 in
1435 1460 1479 1489 se,
1497 1451 1623 1482 difficile
1640 1452 1750 1490 menti,

969 1502 1141 1542 expediens
1171 1502 1335 1542 Ecclesiae,
1363 1506 1393 1535 et
1417 1505 1633 1536 necessarium
1655 1505 1750 1545 plebi,

969 1556 1094 1587 etiamsi
1127 1565 1191 1587 non
1228 1557 1375 1588 laborent
1399 1559 1550 1598 operibus
1578 1568 1749 1599 manuum,

969 1610 1059 1649 digni
1074 1612 1180 1641 tamen
1196 1613 1271 1641 sunt
1291 1612 1331 1642 ab
1352 1611 1491 1643 Ecclesia
1515 1615 1551 1644 ut
1571 1616 1753 1645 sustenten-

970 1666 1037 1702 tur,
1055 1664 1232 1695 secundum
1260 1664 1339 1696 illud
1361 1665 1599 1698 Denteronomii
1617 1668 1626 1684 ⁵
1652 1679 1659 1699 :
1680 1669 1752 1701 Non

970 1717 1086 1758 liqaba's
1107 1726 1140 1750 03
1162 1718 1251 1750 bovis
1280 1720 1468 1754 τνῑιιιναηῐῑε
1484 1722 1520 1752 in
1544 1729 1620 1753 area
1646 1723 1752 1763 fruges

971 1775 1055 1804 tuas.
1074 1773 1183 1804 Glossa
1199 1784 1206 1804 ;
1230 1785 1243 1802 (‹
1258 1773 1386 1805 Victum
1401 1785 1467 1806 non
1485 1777 1655 1808 subtrahes
1671 1787 1751 1818 prae-

970 1827 1114 1865 dicatori,
1134 1830 1169 1857 ut
1184 1830 1274 1859 vacet
1289 1829 1424 1859 orationi
1441 1831 1471 1859 et
1486 1831 1715 1869 praedicationi.
1733 1844 1747 1861 n

970 1879 1008 1910 Et
1023 1880 1084 1910 alia
1100 1880 1208 1911 Glossa
1226 1881 1345 1912 ibidem
1363 1893 1369 1913 :
1392 1893 1406 1911 «
1422 1881 1571 1923 Occupati
1587 1884 1619 1914 in
1634 1885 1750 1916 doctri-

970 1942 1023 1971 na,
1041 1943 1105 1964 non
1120 1936 1253 1973 possunt
1268 1935 1326 1965 sibi
1343 1936 1511 1975 providere
1527 1939 1715 1970 necessaria.
1732 1950 1746 1968 »

971 1986 1018 2017 Ex
1038 1987 1155 2027 quibus
1177 1987 1317 2019 breviter
1338 1992 1479 2028 constat⁷
1504 1991 1588 2030 quod
1608 1992 1750 2023 studium

970 2041 1134 2080 sapientiae
1144 2065 1154 2080 ,
1192 2051 1266 2072 cum
1300 2042 1470 2082 vigilantia
1500 2045 1748 2084 praedieationia

971 2096 1155 2126 manualem
1165 2096 1309 2127 laborem
1322 2097 1412 2136 plene
1423 2102 1654 2138 recompensat.
1669 2099 1751 2131 Huic

970 2150 1001 2179 et
1015 2158 1104 2180 sacer
1118 2149 1308 2181 Ambrosius
1324 2153 1476 2182 consonat
1492 2161 1589 2192 super
1599 2153 1678 2184 illud
1689 2153 1751 2184 Lu-

970 2211 1015 2233 cae
1029 2203 1039 2219 6
1057 2214 1064 2233 z
1083 2204 1193 2235 Maria
1222 2205 1376 2243 optimam
1403 2208 1529 2245 partem
1559 2207 1669 2248 elegit,
1701 2208 1748 2239 di-

970 2265 1043 2287 cens
1058 2260 1068 2276 ⁷
1087 2268 1093 2288 ε
1115 2257 1205 2288 «Nec
1220 2267 1341 2297 arguas
1355 2268 1408 2290 eos
1426 2260 1554 2298 otiosos,
1571 2264 1601 2292 et
1612 2262 1748 2301 judices,

971 2319 1050 2349 quos
1064 2311 1173 2341 videas
1188 2312 1314 2343 studere
1324 2314 1486 2352 sapientiae
1498 2325 1504 2345 :
1514 2314 1598 2346 hanc
1610 2315 1696 2346 enim
1709 2316 1748 2355 (a)

971 2364 1203 2395 cohabitantem
1219 2365 1368 2397 Salomon
1388 2367 1423 2407 (b)
1441 2368 1592 2407 pacificus
1610 2370 1748 2409 acquisi-

970 2417 1026 2448 vit.
1057 2429 1071 2445 »
1107 2418 1248 2458 Denique
1283 2420 1426 2460 Apostoli
1461 2431 1526 2452 non
1555 2424 1751 2462 putaverunt

970 2471 1129 2510 optimum
1145 2475 1155 2491 ³
1170 2472 1349 2513 relinquere
1367 2474 1495 2506 verbum
1517 2476 1587 2514 Dei,
1600 2480 1630 2508 ec
1649 2478 1748 2510 minz·-

970 2528 1071 2557 scrare
1086 2527 1216 2557 mensis.
1235 2526 1315 2557 Huic
1332 2527 1429 2558 etiam
1449 2530 1617 2560 concordat
1641 2530 1750 2562 Hiero-

972 2617 1031 2641 xxv,
1058 2612 1079 2634 si.
1102 2625 1133 2629 -
1156 2612 1165 2628 ὅ
1189 2613 1255 2643 Luc„
1280 2618 1310 2641 x,
1336 2614 1374 2636 42.
1397 2626 1427 2630 -—
1452 2614 1459 2627 ⁷
1483 2614 1613 2644 Ambros.‚
1635 2617 1660 2639 in
1683 2617 1749 2647 Luc.y

971 2646 1013 2670 lib.
1032 2647 1085 2676 Vll,
1101 2654 1127 2671 n.
1144 2649 1182 2671 83.
1199 2662 1224 2665 —
1242 2650 1250 2662 ⁸
1264 2649 1329 2678 Act„
1347 2654 1381 2678 vi,
1399 2652 1422 2672 3.

1003 2696 1035 2725 (α)
1051 2696 1138 2727 suppl.
1156 2696 1213 2726 sibi,
1232 2699 1257 2721 ut
1273 2696 1342 2728 apud
1355 2697 1469 2723 Ambros.
1486 2712 1515 2717 —
1533 2699 1564 2730 (b)
1581 2701 1643 2725 Item
1657 2701 1707 2725 ille.
