<?xml version="1.0" encoding="UTF-8"?>
<!DOCTYPE html PUBLIC "-//W3C//DTD XHTML 1.0 Transitional//EN"
    "http://www.w3.org/TR/xhtml1/DTD/xhtml1-transitional.dtd">
<html xmlns="http://www.w3.org/1999/xhtml" xml:lang="en" lang="en">
 <head>
  <title>
</title>
<meta http-equiv="Content-Type" content="text/html;charset=utf-8" />
  <meta name='ocr-system' content='tesseract 3.04.00' />
  <meta name='ocr-capabilities' content='ocr_page ocr_carea ocr_par ocr_line ocrx_word'/>
</head>
<body>
  <div class='ocr_page' id='page_1' title='image "./operaomniasixtiv14bonauoft/operaomniasixtiv14bonauoft_0318.png"; bbox 0 0 2029 3052; ppageno 0'>
   <div class='ocr_carea' id='block_1_1' title="bbox 55 797 162 1011">
    <p class='ocr_par' dir='ltr' id='par_1_1' title="bbox 55 797 162 973">
     <span class='ocr_line' id='line_1_1' title="bbox 55 797 162 819; baseline -0.009 0"><span class='ocrx_word' id='word_1_1' title='bbox 55 801 81 819; x_wconf 80' lang='grc' dir='ltr'>Β.</span> <span class='ocrx_word' id='word_1_2' title='bbox 92 797 162 819; x_wconf 74' lang='lat' dir='ltr'>Maria</span> 
     </span>
     <span class='ocr_line' id='line_1_2' title="bbox 56 828 162 850; baseline -0.019 0"><span class='ocrx_word' id='word_1_3' title='bbox 56 828 162 850; x_wconf 82' lang='lat' dir='ltr'>benedie-</span> 
     </span>
     <span class='ocr_line' id='line_1_3' title="bbox 67 861 148 887; baseline -0.012 -6"><span class='ocrx_word' id='word_1_4' title='bbox 67 861 90 881; x_wconf 70' lang='lat' dir='ltr'>ta</span> <span class='ocrx_word' id='word_1_5' title='bbox 108 865 148 887; x_wconf 87' lang='lat' dir='ltr'>pru</span> 
     </span>
     <span class='ocr_line' id='line_1_4' title="bbox 68 893 150 917; baseline -0.012 -5"><span class='ocrx_word' id='word_1_6' title='bbox 68 893 111 912; x_wconf 80' lang='lat' dir='ltr'>tem</span> <span class='ocrx_word' id='word_1_7' title='bbox 115 896 150 917; x_wconf 84' lang='lat' dir='ltr'>pe-</span> 
     </span>
     <span class='ocr_line' id='line_1_5' title="bbox 74 921 146 942; baseline 0 0"><span class='ocrx_word' id='word_1_8' title='bbox 74 921 146 942; x_wconf 77' lang='lat' dir='ltr'>rantia</span> 
     </span>
     <span class='ocr_line' id='line_1_6' title="bbox 70 955 146 973; baseline 0 0"><span class='ocrx_word' id='word_1_9' title='bbox 70 955 146 973; x_wconf 76' lang='lat' dir='ltr'>eontra</span> 
     </span>
    </p>

    <p class='ocr_par' dir='ltr' id='par_1_2' title="bbox 57 984 142 1011">
     <span class='ocr_line' id='line_1_7' title="bbox 57 984 142 1011; baseline -0.024 -6"><span class='ocrx_word' id='word_1_10' title='bbox 57 984 142 1011; x_wconf 75' lang='lat' dir='ltr'>gulam.</span> 
     </span>
    </p>
   </div>
   <div class='ocr_carea' id='block_1_2' title="bbox 70 2481 177 2502">
    <p class='ocr_par' dir='ltr' id='par_1_3' title="bbox 70 2481 177 2502">
     <span class='ocr_line' id='line_1_8' title="bbox 70 2481 177 2502; baseline 0.009 -1"><span class='ocrx_word' id='word_1_11' title='bbox 70 2482 97 2502; x_wconf 84' lang='grc' dir='ltr'>Β.</span> <span class='ocrx_word' id='word_1_12' title='bbox 108 2482 129 2502; x_wconf 82' lang='grc' dir='ltr'><strong>Μ</strong></span> <span class='ocrx_word' id='word_1_13' title='bbox 136 2481 177 2502; x_wconf 72' lang='lat' dir='ltr'>iria</span> 
     </span>
    </p>
   </div>
   <div class='ocr_carea' id='block_1_3' title="bbox 171 203 232 233">
    <p class='ocr_par' dir='ltr' id='par_1_4' title="bbox 171 203 232 233">
     <span class='ocr_line' id='line_1_9' title="bbox 171 203 232 233; baseline 0.016 -1"><span class='ocrx_word' id='word_1_14' title='bbox 171 203 232 233; x_wconf 74' lang='lat'>280</span> 
     </span>
    </p>
   </div>
   <div class='ocr_carea' id='block_1_4' title="bbox 172 275 969 2518">
    <p class='ocr_par' dir='ltr' id='par_1_5' title="bbox 172 275 956 773">
     <span class='ocr_line' id='line_1_10' title="bbox 172 275 952 312; baseline -0.003 -7"><span class='ocrx_word' id='word_1_15' title='bbox 172 276 273 311; x_wconf 71' lang='lat' dir='ltr'>alesia,</span> <span class='ocrx_word' id='word_1_16' title='bbox 288 283 366 305; x_wconf 86' lang='lat' dir='ltr'>vena</span> <span class='ocrx_word' id='word_1_17' title='bbox 376 277 427 306; x_wconf 85' lang='lat' dir='ltr'>tua</span> <span class='ocrx_word' id='word_1_18' title='bbox 441 276 610 312; x_wconf 79' lang='lat' dir='ltr'>benedicta,</span> <span class='ocrx_word' id='word_1_19' title='bbox 629 283 683 312; x_wconf 85' lang='lat' dir='ltr'>per</span> <span class='ocrx_word' id='word_1_20' title='bbox 697 283 790 312; x_wconf 86' lang='lat' dir='ltr'>quam</span> <span class='ocrx_word' id='word_1_21' title='bbox 802 275 857 304; x_wconf 88' lang='lat' dir='ltr'>tibi</span> <span class='ocrx_word' id='word_1_22' title='bbox 870 276 952 304; x_wconf 79' lang='lat' dir='ltr'>tanta</span> 
     </span>
     <span class='ocr_line' id='line_1_11' title="bbox 173 321 951 359; baseline -0.001 -8"><span class='ocrx_word' id='word_1_23' title='bbox 173 323 299 352; x_wconf 87' lang='lat' dir='ltr'>affluunt</span> <span class='ocrx_word' id='word_1_24' title='bbox 312 323 404 352; x_wconf 87' lang='lat' dir='ltr'>hona.</span> <span class='ocrx_word' id='word_1_25' title='bbox 419 324 492 352; x_wconf 83' lang='lat' dir='ltr'>Vere</span> <span class='ocrx_word' id='word_1_26' title='bbox 511 331 588 352; x_wconf 83' lang='lat' dir='ltr'>vena</span> <span class='ocrx_word' id='word_1_27' title='bbox 609 321 730 357; x_wconf 78' lang='lat' dir='ltr'>nobilis,</span> <span class='ocrx_word' id='word_1_28' title='bbox 750 330 829 350; x_wconf 84' lang='lat' dir='ltr'>vena</span> <span class='ocrx_word' id='word_1_29' title='bbox 842 321 951 359; x_wconf 85' lang='lat' dir='ltr'>Spiritu</span> 
     </span>
     <span class='ocr_line' id='line_1_12' title="bbox 172 368 952 407; baseline -0.003 -9"><span class='ocrx_word' id='word_1_30' title='bbox 172 371 274 398; x_wconf 86' lang='lat' dir='ltr'>saneto</span> <span class='ocrx_word' id='word_1_31' title='bbox 288 369 388 407; x_wconf 87' lang='lat' dir='ltr'>plena,</span> <span class='ocrx_word' id='word_1_32' title='bbox 403 378 480 399; x_wconf 81' lang='lat' dir='ltr'>vena</span> <span class='ocrx_word' id='word_1_33' title='bbox 492 370 580 399; x_wconf 82' lang='lat' dir='ltr'>fontis</span> <span class='ocrx_word' id='word_1_34' title='bbox 593 369 671 405; x_wconf 80' lang='lat' dir='ltr'>vitae,</span> <span class='ocrx_word' id='word_1_35' title='bbox 689 376 766 397; x_wconf 85' lang='lat' dir='ltr'>vena</span> <span class='ocrx_word' id='word_1_36' title='bbox 779 368 881 397; x_wconf 90' lang='lat' dir='ltr'>salutis</span> <span class='ocrx_word' id='word_1_37' title='bbox 895 376 952 397; x_wconf 87' lang='lat' dir='ltr'>no-</span> 
     </span>
     <span class='ocr_line' id='line_1_13' title="bbox 172 416 952 454; baseline -0.003 -9"><span class='ocrx_word' id='word_1_38' title='bbox 172 419 240 447; x_wconf 80' lang='lat' dir='ltr'>strae</span> <span class='ocrx_word' id='word_1_39' title='bbox 253 418 352 448; x_wconf 83' lang='lat' dir='ltr'>Maria.</span> <span class='ocrx_word' id='word_1_40' title='bbox 375 421 428 448; x_wconf 88' lang='lat' dir='ltr'>Per</span> <span class='ocrx_word' id='word_1_41' title='bbox 441 418 518 446; x_wconf 82' lang='lat' dir='ltr'>hanc</span> <span class='ocrx_word' id='word_1_42' title='bbox 533 424 665 454; x_wconf 82' lang='lat' dir='ltr'>namque</span> <span class='ocrx_word' id='word_1_43' title='bbox 683 424 792 444; x_wconf 84' lang='lat' dir='ltr'>venam</span> <span class='ocrx_word' id='word_1_44' title='bbox 805 416 873 444; x_wconf 86' lang='lat' dir='ltr'>fons</span> <span class='ocrx_word' id='word_1_45' title='bbox 887 416 952 444; x_wconf 83' lang='lat' dir='ltr'>vitae</span> 
     </span>
     <span class='ocr_line' id='line_1_14' title="bbox 172 463 952 501; baseline -0.003 -7"><span class='ocrx_word' id='word_1_46' title='bbox 172 465 300 494; x_wconf 88' lang='lat' dir='ltr'>Christus</span> <span class='ocrx_word' id='word_1_47' title='bbox 314 465 354 494; x_wconf 83' lang='lat' dir='ltr'>ad</span> <span class='ocrx_word' id='word_1_48' title='bbox 369 473 426 494; x_wconf 88' lang='lat' dir='ltr'>nos</span> <span class='ocrx_word' id='word_1_49' title='bbox 444 465 534 500; x_wconf 83' lang='lat' dir='ltr'>venit,</span> <span class='ocrx_word' id='word_1_50' title='bbox 558 466 586 493; x_wconf 83' lang='lat' dir='ltr'>et</span> <span class='ocrx_word' id='word_1_51' title='bbox 607 472 662 501; x_wconf 87' lang='lat' dir='ltr'>per</span> <span class='ocrx_word' id='word_1_52' title='bbox 680 463 758 492; x_wconf 85' lang='lat' dir='ltr'>hanc</span> <span class='ocrx_word' id='word_1_53' title='bbox 779 464 819 492; x_wconf 83' lang='lat' dir='ltr'>ad</span> <span class='ocrx_word' id='word_1_54' title='bbox 842 464 952 493; x_wconf 88' lang='lat' dir='ltr'>fontem</span> 
     </span>
     <span class='ocr_line' id='line_1_15' title="bbox 173 511 954 540; baseline -0.001 0"><span class='ocrx_word' id='word_1_55' title='bbox 173 512 239 540; x_wconf 75' lang='lat' dir='ltr'>vitas</span> <span class='ocrx_word' id='word_1_56' title='bbox 260 513 362 540; x_wconf 83' lang='lat' dir='ltr'>Jesum</span> <span class='ocrx_word' id='word_1_57' title='bbox 385 511 531 540; x_wconf 77' lang='lat' dir='ltr'>Christum</span> <span class='ocrx_word' id='word_1_58' title='bbox 553 511 641 540; x_wconf 86' lang='lat' dir='ltr'>etiam</span> <span class='ocrx_word' id='word_1_59' title='bbox 661 518 717 539; x_wconf 89' lang='lat' dir='ltr'>nos</span> <span class='ocrx_word' id='word_1_60' title='bbox 740 511 902 539; x_wconf 86' lang='lat' dir='ltr'>venimus:</span> <span class='ocrx_word' id='word_1_61' title='bbox 926 513 954 539; x_wconf 91' lang='lat' dir='ltr'>et</span> 
     </span>
     <span class='ocr_line' id='line_1_16' title="bbox 173 557 953 587; baseline -0.001 -1"><span class='ocrx_word' id='word_1_62' title='bbox 173 558 243 587; x_wconf 88' lang='lat' dir='ltr'>ideo</span> <span class='ocrx_word' id='word_1_63' title='bbox 255 566 324 587; x_wconf 87' lang='lat' dir='ltr'>vere</span> <span class='ocrx_word' id='word_1_64' title='bbox 334 559 376 586; x_wconf 89' lang='lat' dir='ltr'>est</span> <span class='ocrx_word' id='word_1_65' title='bbox 390 557 557 586; x_wconf 84' lang='lat' dir='ltr'>benedicta.</span> <span class='ocrx_word' id='word_1_66' title='bbox 571 557 653 586; x_wconf 87' lang='lat' dir='ltr'>Unde</span> <span class='ocrx_word' id='word_1_67' title='bbox 667 557 771 586; x_wconf 82' lang='lat' dir='ltr'>beatus</span> <span class='ocrx_word' id='word_1_68' title='bbox 787 557 953 586; x_wconf 87' lang='lat' dir='ltr'>Bernardus</span> 
     </span>
     <span class='ocr_line' id='line_1_17' title="bbox 173 604 954 640; baseline 0 -6"><span class='ocrx_word' id='word_1_69' title='bbox 173 605 214 634; x_wconf 86' lang='lat' dir='ltr'>ait</span> <span class='ocrx_word' id='word_1_70' title='bbox 229 606 237 623; x_wconf 82' lang='lat'><strong>¹</strong></span> <span class='ocrx_word' id='word_1_71' title='bbox 255 614 261 633; x_wconf 93' lang='lat'>:</span> <span class='ocrx_word' id='word_1_72' title='bbox 281 615 295 631; x_wconf 76' lang='grc' dir='ltr'><strong>α</strong></span> <span class='ocrx_word' id='word_1_73' title='bbox 309 606 362 634; x_wconf 88' lang='lat' dir='ltr'>Per</span> <span class='ocrx_word' id='word_1_74' title='bbox 375 606 403 632; x_wconf 88' lang='lat' dir='ltr'>te</span> <span class='ocrx_word' id='word_1_75' title='bbox 424 612 576 634; x_wconf 85' lang='lat' dir='ltr'>accessum</span> <span class='ocrx_word' id='word_1_76' title='bbox 589 604 748 640; x_wconf 84' lang='lat' dir='ltr'>habemus,</span> <span class='ocrx_word' id='word_1_77' title='bbox 763 612 781 633; x_wconf 90' lang='lat' dir='ltr'>o</span> <span class='ocrx_word' id='word_1_78' title='bbox 795 604 954 634; x_wconf 82' lang='lat' dir='ltr'>benedicta</span> 
     </span>
     <span class='ocr_line' id='line_1_18' title="bbox 173 651 954 688; baseline 0 -8"><span class='ocrx_word' id='word_1_79' title='bbox 173 651 321 680; x_wconf 84' lang='lat' dir='ltr'>inventrix</span> <span class='ocrx_word' id='word_1_80' title='bbox 341 651 452 687; x_wconf 74' lang='lat' dir='ltr'>gratiae,</span> <span class='ocrx_word' id='word_1_81' title='bbox 471 651 596 688; x_wconf 82' lang='lat' dir='ltr'>genitrix</span> <span class='ocrx_word' id='word_1_82' title='bbox 620 651 698 688; x_wconf 85' lang='lat' dir='ltr'>vitae,</span> <span class='ocrx_word' id='word_1_83' title='bbox 722 654 816 680; x_wconf 88' lang='lat' dir='ltr'>mater</span> <span class='ocrx_word' id='word_1_84' title='bbox 839 651 954 687; x_wconf 84' lang='lat' dir='ltr'>salutis,</span> 
     </span>
     <span class='ocr_line' id='line_1_19' title="bbox 174 698 956 735; baseline 0 -9"><span class='ocrx_word' id='word_1_85' title='bbox 174 699 207 726; x_wconf 90' lang='lat' dir='ltr'>ut</span> <span class='ocrx_word' id='word_1_86' title='bbox 226 700 325 734; x_wconf 88' lang='lat' dir='ltr'>perte</span> <span class='ocrx_word' id='word_1_87' title='bbox 347 698 488 735; x_wconf 88' lang='lat' dir='ltr'>suscipiat</span> <span class='ocrx_word' id='word_1_88' title='bbox 505 706 573 734; x_wconf 90' lang='lat' dir='ltr'>nos,</span> <span class='ocrx_word' id='word_1_89' title='bbox 600 698 652 735; x_wconf 86' lang='lat' dir='ltr'>qui</span> <span class='ocrx_word' id='word_1_90' title='bbox 675 706 729 735; x_wconf 90' lang='lat' dir='ltr'>per</span> <span class='ocrx_word' id='word_1_91' title='bbox 755 701 783 727; x_wconf 86' lang='lat' dir='ltr'>te</span> <span class='ocrx_word' id='word_1_92' title='bbox 806 698 892 727; x_wconf 78' lang='lat' dir='ltr'>datus</span> <span class='ocrx_word' id='word_1_93' title='bbox 912 700 956 726; x_wconf 88' lang='lat' dir='ltr'>est</span> 
     </span>
     <span class='ocr_line' id='line_1_20' title="bbox 175 745 304 773; baseline -0.008 0"><span class='ocrx_word' id='word_1_94' title='bbox 175 745 273 773; x_wconf 90' lang='lat' dir='ltr'>nobis.</span> <span class='ocrx_word' id='word_1_95' title='bbox 289 755 304 772; x_wconf 91' lang='lat'>»</span> 
     </span>
    </p>

    <p class='ocr_par' dir='ltr' id='par_1_6' title="bbox 176 792 969 2425">
     <span class='ocr_line' id='line_1_21' title="bbox 212 792 956 829; baseline -0.001 -8"><span class='ocrx_word' id='word_1_96' title='bbox 212 793 310 827; x_wconf 84' lang='lat' dir='ltr'>sexto,</span> <span class='ocrx_word' id='word_1_97' title='bbox 321 793 490 827; x_wconf 78' lang='lat' dir='ltr'>audiamus,</span> <span class='ocrx_word' id='word_1_98' title='bbox 505 792 682 828; x_wconf 84' lang='lat' dir='ltr'>charissimi,</span> <span class='ocrx_word' id='word_1_99' title='bbox 697 792 852 829; x_wconf 88' lang='lat' dir='ltr'>quomodo</span> <span class='ocrx_word' id='word_1_100' title='bbox 867 792 956 821; x_wconf 85' lang='lat' dir='ltr'>bene-</span> 
     </span>
     <span class='ocr_line' id='line_1_22' title="bbox 177 839 955 876; baseline 0.001 -9"><span class='ocrx_word' id='word_1_101' title='bbox 177 839 256 868; x_wconf 87' lang='lat' dir='ltr'>dicta</span> <span class='ocrx_word' id='word_1_102' title='bbox 281 839 316 867; x_wconf 90' lang='lat' dir='ltr'>sit</span> <span class='ocrx_word' id='word_1_103' title='bbox 339 839 428 868; x_wconf 86' lang='lat' dir='ltr'>Maria</span> <span class='ocrx_word' id='word_1_104' title='bbox 451 847 506 876; x_wconf 87' lang='lat' dir='ltr'>pro</span> <span class='ocrx_word' id='word_1_105' title='bbox 536 839 694 868; x_wconf 73' lang='lat' dir='ltr'>sobrietate</span> <span class='ocrx_word' id='word_1_106' title='bbox 718 841 820 867; x_wconf 88' lang='lat' dir='ltr'>contra</span> <span class='ocrx_word' id='word_1_107' title='bbox 842 839 955 875; x_wconf 84' lang='lat' dir='ltr'>gulam.</span> 
     </span>
     <span class='ocr_line' id='line_1_23' title="bbox 178 886 957 923; baseline -0.001 -8"><span class='ocrx_word' id='word_1_108' title='bbox 178 887 277 915; x_wconf 86' lang='lat' dir='ltr'>Gulosi</span> <span class='ocrx_word' id='word_1_109' title='bbox 300 894 431 923; x_wconf 85' lang='lat' dir='ltr'>namque</span> <span class='ocrx_word' id='word_1_110' title='bbox 452 886 604 915; x_wconf 73' lang='lat' dir='ltr'>maledicti</span> <span class='ocrx_word' id='word_1_111' title='bbox 626 888 710 921; x_wconf 89' lang='lat' dir='ltr'>sunt,</span> <span class='ocrx_word' id='word_1_112' title='bbox 731 886 805 915; x_wconf 89' lang='lat' dir='ltr'>sicut</span> <span class='ocrx_word' id='word_1_113' title='bbox 822 889 901 923; x_wconf 87' lang='lat' dir='ltr'>patet</span> <span class='ocrx_word' id='word_1_114' title='bbox 925 887 957 914; x_wconf 87' lang='lat' dir='ltr'>in</span> 
     </span>
     <span class='ocr_line' id='line_1_24' title="bbox 179 933 957 970; baseline 0.001 -9"><span class='ocrx_word' id='word_1_115' title='bbox 179 933 250 969; x_wconf 87' lang='lat' dir='ltr'>gula</span> <span class='ocrx_word' id='word_1_116' title='bbox 270 933 437 970; x_wconf 90' lang='lat' dir='ltr'>primorum</span> <span class='ocrx_word' id='word_1_117' title='bbox 459 936 627 970; x_wconf 87' lang='lat' dir='ltr'>parentum,</span> <span class='ocrx_word' id='word_1_118' title='bbox 649 941 704 970; x_wconf 87' lang='lat' dir='ltr'>pro</span> <span class='ocrx_word' id='word_1_119' title='bbox 729 942 789 970; x_wconf 85' lang='lat' dir='ltr'>qua</span> <span class='ocrx_word' id='word_1_120' title='bbox 808 935 835 962; x_wconf 90' lang='lat' dir='ltr'>et</span> <span class='ocrx_word' id='word_1_121' title='bbox 858 933 915 970; x_wconf 86' lang='lat' dir='ltr'>ipsi</span> <span class='ocrx_word' id='word_1_122' title='bbox 929 935 957 962; x_wconf 89' lang='lat' dir='ltr'>et</span> 
     </span>
     <span class='ocr_line' id='line_1_25' title="bbox 178 980 956 1016; baseline 0 -8"><span class='ocrx_word' id='word_1_123' title='bbox 178 982 274 1009; x_wconf 90' lang='lat' dir='ltr'>totum</span> <span class='ocrx_word' id='word_1_124' title='bbox 295 988 389 1016; x_wconf 83' lang='lat' dir='ltr'>genus</span> <span class='ocrx_word' id='word_1_125' title='bbox 407 981 574 1009; x_wconf 87' lang='lat' dir='ltr'>humanum</span> <span class='ocrx_word' id='word_1_126' title='bbox 595 980 835 1009; x_wconf 79' lang='lat' dir='ltr'>maledictionem</span> <span class='ocrx_word' id='word_1_127' title='bbox 857 981 956 1009; x_wconf 87' lang='lat' dir='ltr'>incur-</span> 
     </span>
     <span class='ocr_line' id='line_1_26' title="bbox 178 1027 958 1063; baseline 0.001 -8"><span class='ocrx_word' id='word_1_128' title='bbox 178 1029 289 1056; x_wconf 86' lang='lat' dir='ltr'>rerunt.</span> <span class='ocrx_word' id='word_1_129' title='bbox 305 1028 413 1056; x_wconf 90' lang='lat' dir='ltr'>Contra</span> <span class='ocrx_word' id='word_1_130' title='bbox 424 1027 501 1056; x_wconf 86' lang='lat' dir='ltr'>hanc</span> <span class='ocrx_word' id='word_1_131' title='bbox 512 1028 588 1063; x_wconf 85' lang='lat' dir='ltr'>gulae</span> <span class='ocrx_word' id='word_1_132' title='bbox 600 1027 852 1062; x_wconf 76' lang='lat' dir='ltr'>maledictionem,</span> <span class='ocrx_word' id='word_1_133' title='bbox 869 1028 958 1056; x_wconf 86' lang='lat' dir='ltr'>Maria</span> 
     </span>
     <span class='ocr_line' id='line_1_27' title="bbox 179 1074 957 1111; baseline 0.001 -9"><span class='ocrx_word' id='word_1_134' title='bbox 179 1074 306 1102; x_wconf 79' lang='lat' dir='ltr'>obtinuit</span> <span class='ocrx_word' id='word_1_135' title='bbox 320 1074 503 1103; x_wconf 67' lang='lat' dir='ltr'>abstinentiae</span> <span class='ocrx_word' id='word_1_136' title='bbox 518 1077 546 1103; x_wconf 85' lang='lat' dir='ltr'>et</span> <span class='ocrx_word' id='word_1_137' title='bbox 568 1075 666 1103; x_wconf 91' lang='lat' dir='ltr'>omnis</span> <span class='ocrx_word' id='word_1_138' title='bbox 686 1075 885 1111; x_wconf 78' lang='lat' dir='ltr'>temperantiae</span> <span class='ocrx_word' id='word_1_139' title='bbox 903 1075 957 1103; x_wconf 89' lang='lat' dir='ltr'>be-</span> 
     </span>
     <span class='ocr_line' id='line_1_28' title="bbox 178 1121 958 1151; baseline 0.001 -2"><span class='ocrx_word' id='word_1_140' title='bbox 178 1121 388 1150; x_wconf 82' lang='lat' dir='ltr'>nedictionem.</span> <span class='ocrx_word' id='word_1_141' title='bbox 405 1122 504 1151; x_wconf 85' lang='lat' dir='ltr'>Merito</span> <span class='ocrx_word' id='word_1_142' title='bbox 520 1123 599 1150; x_wconf 90' lang='lat' dir='ltr'>enim</span> <span class='ocrx_word' id='word_1_143' title='bbox 617 1124 719 1150; x_wconf 88' lang='lat' dir='ltr'>eontra</span> <span class='ocrx_word' id='word_1_144' title='bbox 735 1122 958 1150; x_wconf 77' lang='lat' dir='ltr'>maledictiones</span> 
     </span>
     <span class='ocr_line' id='line_1_29' title="bbox 179 1168 958 1204; baseline 0.001 -8"><span class='ocrx_word' id='word_1_145' title='bbox 179 1169 256 1204; x_wconf 66' lang='lat' dir='ltr'>gulae</span> <span class='ocrx_word' id='word_1_146' title='bbox 270 1169 301 1196; x_wconf 90' lang='lat' dir='ltr'>in</span> <span class='ocrx_word' id='word_1_147' title='bbox 311 1169 450 1204; x_wconf 85' lang='lat' dir='ltr'>paradiso</span> <span class='ocrx_word' id='word_1_148' title='bbox 461 1168 616 1204; x_wconf 85' lang='lat' dir='ltr'>materiali,</span> <span class='ocrx_word' id='word_1_149' title='bbox 629 1169 860 1197; x_wconf 84' lang='lat' dir='ltr'>abundaverunt</span> <span class='ocrx_word' id='word_1_150' title='bbox 870 1169 958 1197; x_wconf 88' lang='lat' dir='ltr'>bene-</span> 
     </span>
     <span class='ocr_line' id='line_1_30' title="bbox 179 1215 958 1253; baseline 0 -9"><span class='ocrx_word' id='word_1_151' title='bbox 179 1215 322 1244; x_wconf 80' lang='lat' dir='ltr'>dictiones</span> <span class='ocrx_word' id='word_1_152' title='bbox 349 1216 549 1252; x_wconf 78' lang='lat' dir='ltr'>temperantiae</span> <span class='ocrx_word' id='word_1_153' title='bbox 572 1217 602 1244; x_wconf 92' lang='lat' dir='ltr'>in</span> <span class='ocrx_word' id='word_1_154' title='bbox 628 1215 768 1252; x_wconf 79' lang='lat' dir='ltr'>paradiso</span> <span class='ocrx_word' id='word_1_155' title='bbox 793 1216 958 1253; x_wconf 79' lang='lat' dir='ltr'>spirituali,</span> 
     </span>
     <span class='ocr_line' id='line_1_31' title="bbox 176 1263 959 1299; baseline 0.001 -9"><span class='ocrx_word' id='word_1_156' title='bbox 176 1263 262 1298; x_wconf 86' lang='lat' dir='ltr'>juxta</span> <span class='ocrx_word' id='word_1_157' title='bbox 275 1263 350 1291; x_wconf 88' lang='lat' dir='ltr'>illud</span> <span class='ocrx_word' id='word_1_158' title='bbox 372 1264 556 1292; x_wconf 83' lang='lat' dir='ltr'>Ecclesiasticz&#39;</span> <span class='ocrx_word' id='word_1_159' title='bbox 570 1265 580 1280; x_wconf 73' lang='lat'>‘³</span> <span class='ocrx_word' id='word_1_160' title='bbox 597 1273 604 1291; x_wconf 79' lang='lat'>2</span> <span class='ocrx_word' id='word_1_161' title='bbox 630 1264 728 1291; x_wconf 78' lang='lat' dir='ltr'>Gratia</span> <span class='ocrx_word' id='word_1_162' title='bbox 746 1265 827 1299; x_wconf 81' lang='lat' dir='ltr'>quasi</span> <span class='ocrx_word' id='word_1_163' title='bbox 844 1263 959 1299; x_wconf 82' lang='lat' dir='ltr'>paradi-</span> 
     </span>
     <span class='ocr_line' id='line_1_32' title="bbox 179 1310 959 1346; baseline 0.003 -9"><span class='ocrx_word' id='word_1_164' title='bbox 179 1318 224 1338; x_wconf 81' lang='lat' dir='ltr'>sus</span> <span class='ocrx_word' id='word_1_165' title='bbox 238 1312 267 1337; x_wconf 79' lang='lat' dir='ltr'>in</span> <span class='ocrx_word' id='word_1_166' title='bbox 284 1310 521 1338; x_wconf 75' lang='lat' dir='ltr'>benedictionibus.</span> <span class='ocrx_word' id='word_1_167' title='bbox 537 1312 627 1339; x_wconf 90' lang='lat' dir='ltr'>Tanta</span> <span class='ocrx_word' id='word_1_168' title='bbox 647 1310 808 1346; x_wconf 82' lang='lat' dir='ltr'>gratiarum</span> <span class='ocrx_word' id='word_1_169' title='bbox 828 1311 914 1346; x_wconf 88' lang='lat' dir='ltr'>eopia</span> <span class='ocrx_word' id='word_1_170' title='bbox 929 1312 959 1339; x_wconf 92' lang='lat' dir='ltr'>in</span> 
     </span>
     <span class='ocr_line' id='line_1_33' title="bbox 180 1357 959 1393; baseline 0.003 -9"><span class='ocrx_word' id='word_1_171' title='bbox 180 1357 268 1385; x_wconf 84' lang='lat' dir='ltr'>Maria</span> <span class='ocrx_word' id='word_1_172' title='bbox 283 1357 456 1391; x_wconf 80' lang='lat' dir='ltr'>abundavit,</span> <span class='ocrx_word' id='word_1_173' title='bbox 482 1360 513 1385; x_wconf 92' lang='lat' dir='ltr'>ut</span> <span class='ocrx_word' id='word_1_174' title='bbox 535 1358 622 1385; x_wconf 90' lang='lat' dir='ltr'>etiam</span> <span class='ocrx_word' id='word_1_175' title='bbox 645 1357 709 1393; x_wconf 89' lang='lat' dir='ltr'>ipsa</span> <span class='ocrx_word' id='word_1_176' title='bbox 730 1358 858 1392; x_wconf 85' lang='lat' dir='ltr'>gratiosa</span> <span class='ocrx_word' id='word_1_177' title='bbox 872 1358 959 1393; x_wconf 81' lang='lat' dir='ltr'>Virgo</span> 
     </span>
     <span class='ocr_line' id='line_1_34' title="bbox 181 1404 960 1440; baseline 0.001 -9"><span class='ocrx_word' id='word_1_178' title='bbox 181 1404 274 1439; x_wconf 83' lang='lat' dir='ltr'>gratia</span> <span class='ocrx_word' id='word_1_179' title='bbox 296 1404 429 1439; x_wconf 88' lang='lat' dir='ltr'>quodam</span> <span class='ocrx_word' id='word_1_180' title='bbox 453 1404 546 1432; x_wconf 91' lang='lat' dir='ltr'>modo</span> <span class='ocrx_word' id='word_1_181' title='bbox 571 1404 628 1431; x_wconf 85' lang='lat' dir='ltr'>dici</span> <span class='ocrx_word' id='word_1_182' title='bbox 650 1405 752 1440; x_wconf 81' lang='lat' dir='ltr'>possit.</span> <span class='ocrx_word' id='word_1_183' title='bbox 778 1406 842 1432; x_wconf 78' lang='lat' dir='ltr'>iloec</span> <span class='ocrx_word' id='word_1_184' title='bbox 861 1406 960 1432; x_wconf 87' lang='lat' dir='ltr'>autem</span> 
     </span>
     <span class='ocr_line' id='line_1_35' title="bbox 182 1450 962 1487; baseline 0.001 -9"><span class='ocrx_word' id='word_1_185' title='bbox 182 1451 285 1486; x_wconf 85' lang='lat' dir='ltr'>gratia,</span> <span class='ocrx_word' id='word_1_186' title='bbox 299 1450 436 1478; x_wconf 88' lang='lat' dir='ltr'>videlicet</span> <span class='ocrx_word' id='word_1_187' title='bbox 452 1451 663 1487; x_wconf 80' lang='lat' dir='ltr'>gratiosissima</span> <span class='ocrx_word' id='word_1_188' title='bbox 678 1451 764 1486; x_wconf 80' lang='lat' dir='ltr'>Virgo</span> <span class='ocrx_word' id='word_1_189' title='bbox 785 1451 883 1486; x_wconf 80' lang='lat' dir='ltr'>Maria,</span> <span class='ocrx_word' id='word_1_190' title='bbox 908 1451 962 1479; x_wconf 87' lang='lat' dir='ltr'>fuit</span> 
     </span>
     <span class='ocr_line' id='line_1_36' title="bbox 182 1497 961 1533; baseline 0.001 -9"><span class='ocrx_word' id='word_1_191' title='bbox 182 1497 266 1533; x_wconf 83' lang='lat' dir='ltr'>quasi</span> <span class='ocrx_word' id='word_1_192' title='bbox 282 1497 437 1533; x_wconf 80' lang='lat' dir='ltr'>paradisus</span> <span class='ocrx_word' id='word_1_193' title='bbox 459 1497 489 1525; x_wconf 85' lang='lat' dir='ltr'>in</span> <span class='ocrx_word' id='word_1_194' title='bbox 504 1497 772 1525; x_wconf 81' lang='lat' dir='ltr'>benedictionibus.</span> <span class='ocrx_word' id='word_1_195' title='bbox 790 1498 867 1525; x_wconf 85' lang='lat' dir='ltr'>Sicut</span> <span class='ocrx_word' id='word_1_196' title='bbox 882 1497 961 1525; x_wconf 87' lang='lat' dir='ltr'>enim</span> 
     </span>
     <span class='ocr_line' id='line_1_37' title="bbox 182 1544 962 1580; baseline 0.001 -9"><span class='ocrx_word' id='word_1_197' title='bbox 182 1544 212 1571; x_wconf 91' lang='lat' dir='ltr'>in</span> <span class='ocrx_word' id='word_1_198' title='bbox 228 1544 367 1580; x_wconf 83' lang='lat' dir='ltr'>paradiso</span> <span class='ocrx_word' id='word_1_199' title='bbox 384 1544 527 1572; x_wconf 86' lang='lat' dir='ltr'>materiali</span> <span class='ocrx_word' id='word_1_200' title='bbox 541 1544 611 1579; x_wconf 80' lang='lat' dir='ltr'>gula</span> <span class='ocrx_word' id='word_1_201' title='bbox 623 1546 688 1572; x_wconf 71' lang='lat' dir='ltr'>Evae</span> <span class='ocrx_word' id='word_1_202' title='bbox 704 1545 809 1572; x_wconf 89' lang='lat' dir='ltr'>meruit</span> <span class='ocrx_word' id='word_1_203' title='bbox 824 1544 962 1572; x_wconf 86' lang='lat' dir='ltr'>maledic-</span> 
     </span>
     <span class='ocr_line' id='line_1_38' title="bbox 182 1591 962 1627; baseline 0.001 -9"><span class='ocrx_word' id='word_1_204' title='bbox 182 1591 277 1618; x_wconf 84' lang='lat' dir='ltr'>tiones</span> <span class='ocrx_word' id='word_1_205' title='bbox 292 1598 458 1626; x_wconf 63' lang='lat' dir='ltr'>pennarum,</span> <span class='ocrx_word' id='word_1_206' title='bbox 474 1591 515 1619; x_wconf 79' lang='lat' dir='ltr'>sic</span> <span class='ocrx_word' id='word_1_207' title='bbox 530 1592 559 1618; x_wconf 92' lang='lat' dir='ltr'>in</span> <span class='ocrx_word' id='word_1_208' title='bbox 574 1591 712 1627; x_wconf 81' lang='lat' dir='ltr'>paradiso</span> <span class='ocrx_word' id='word_1_209' title='bbox 733 1591 877 1627; x_wconf 83' lang='lat' dir='ltr'>spirituali</span> <span class='ocrx_word' id='word_1_210' title='bbox 891 1593 962 1619; x_wconf 87' lang='lat' dir='ltr'>tem-</span> 
     </span>
     <span class='ocr_line' id='line_1_39' title="bbox 184 1638 961 1673; baseline 0.004 -9"><span class='ocrx_word' id='word_1_211' title='bbox 184 1638 316 1672; x_wconf 81' lang='lat' dir='ltr'>perantia</span> <span class='ocrx_word' id='word_1_212' title='bbox 331 1638 423 1665; x_wconf 63' lang='lat' dir='ltr'>Maria}</span> <span class='ocrx_word' id='word_1_213' title='bbox 435 1638 541 1666; x_wconf 78' lang='lat' dir='ltr'>meruit</span> <span class='ocrx_word' id='word_1_214' title='bbox 552 1638 772 1666; x_wconf 71' lang='lat' dir='ltr'>benedictiones</span> <span class='ocrx_word' id='word_1_215' title='bbox 788 1639 961 1673; x_wconf 72' lang='lat' dir='ltr'>gratiarum.</span> 
     </span>
     <span class='ocr_line' id='line_1_40' title="bbox 185 1684 962 1719; baseline 0.001 -8"><span class='ocrx_word' id='word_1_216' title='bbox 185 1684 265 1712; x_wconf 84' lang='lat' dir='ltr'>Unde</span> <span class='ocrx_word' id='word_1_217' title='bbox 281 1685 458 1719; x_wconf 77' lang='lat' dir='ltr'>Augustinus</span> <span class='ocrx_word' id='word_1_218' title='bbox 473 1685 512 1713; x_wconf 86' lang='lat' dir='ltr'>ait</span> <span class='ocrx_word' id='word_1_219' title='bbox 527 1686 537 1701; x_wconf 72' lang='lat'><strong>³</strong></span> <span class='ocrx_word' id='word_1_220' title='bbox 554 1695 559 1710; x_wconf 88' lang='lat'>:</span> <span class='ocrx_word' id='word_1_221' title='bbox 577 1696 589 1711; x_wconf 90' lang='lat'>«</span> <span class='ocrx_word' id='word_1_222' title='bbox 607 1685 768 1712; x_wconf 79' lang='lat' dir='ltr'>Maledictio</span> <span class='ocrx_word' id='word_1_223' title='bbox 781 1687 845 1712; x_wconf 62' lang='lat' dir='ltr'>Evae</span> <span class='ocrx_word' id='word_1_224' title='bbox 866 1685 894 1712; x_wconf 91' lang='lat' dir='ltr'>in</span> <span class='ocrx_word' id='word_1_225' title='bbox 911 1686 962 1712; x_wconf 87' lang='lat' dir='ltr'>be-</span> 
     </span>
     <span class='ocr_line' id='line_1_41' title="bbox 184 1731 964 1767; baseline 0.001 -9"><span class='ocrx_word' id='word_1_226' title='bbox 184 1731 384 1759; x_wconf 87' lang='lat' dir='ltr'>nedictionem</span> <span class='ocrx_word' id='word_1_227' title='bbox 400 1732 520 1760; x_wconf 86' lang='lat' dir='ltr'>vertitur</span> <span class='ocrx_word' id='word_1_228' title='bbox 535 1732 638 1759; x_wconf 64' lang='lat' dir='ltr'>Mariae.</span> <span class='ocrx_word' id='word_1_229' title='bbox 657 1742 669 1757; x_wconf 87' lang='lat'>»</span> <span class='ocrx_word' id='word_1_230' title='bbox 687 1732 765 1759; x_wconf 76' lang='lat' dir='ltr'>Sicut</span> <span class='ocrx_word' id='word_1_231' title='bbox 779 1734 876 1759; x_wconf 75' lang='lat' dir='ltr'>auten]</span> <span class='ocrx_word' id='word_1_232' title='bbox 893 1732 964 1767; x_wconf 75' lang='lat' dir='ltr'>gula</span> 
     </span>
     <span class='ocr_line' id='line_1_42' title="bbox 187 1778 964 1813; baseline 0 -8"><span class='ocrx_word' id='word_1_233' title='bbox 187 1779 251 1805; x_wconf 81' lang='lat' dir='ltr'>Evae</span> <span class='ocrx_word' id='word_1_234' title='bbox 269 1786 329 1805; x_wconf 87' lang='lat' dir='ltr'>non</span> <span class='ocrx_word' id='word_1_235' title='bbox 351 1778 448 1806; x_wconf 88' lang='lat' dir='ltr'>solum</span> <span class='ocrx_word' id='word_1_236' title='bbox 468 1778 708 1806; x_wconf 82' lang='lat' dir='ltr'>maledictionem</span> <span class='ocrx_word' id='word_1_237' title='bbox 724 1779 753 1805; x_wconf 90' lang='lat' dir='ltr'>in</span> <span class='ocrx_word' id='word_1_238' title='bbox 778 1778 894 1813; x_wconf 84' lang='lat' dir='ltr'>anima,</span> <span class='ocrx_word' id='word_1_239' title='bbox 912 1779 964 1806; x_wconf 83' lang='lat' dir='ltr'>sed</span> 
     </span>
     <span class='ocr_line' id='line_1_43' title="bbox 186 1825 965 1861; baseline 0.003 -10"><span class='ocrx_word' id='word_1_240' title='bbox 186 1825 274 1852; x_wconf 88' lang='lat' dir='ltr'>etiam</span> <span class='ocrx_word' id='word_1_241' title='bbox 290 1825 320 1852; x_wconf 90' lang='lat' dir='ltr'>in</span> <span class='ocrx_word' id='word_1_242' title='bbox 339 1833 478 1861; x_wconf 86' lang='lat' dir='ltr'>corpore;</span> <span class='ocrx_word' id='word_1_243' title='bbox 504 1825 544 1852; x_wconf 89' lang='lat' dir='ltr'>sic</span> <span class='ocrx_word' id='word_1_244' title='bbox 564 1825 652 1852; x_wconf 78' lang='lat' dir='ltr'>Maria</span> <span class='ocrx_word' id='word_1_245' title='bbox 673 1833 733 1853; x_wconf 90' lang='lat' dir='ltr'>non</span> <span class='ocrx_word' id='word_1_246' title='bbox 754 1825 850 1853; x_wconf 89' lang='lat' dir='ltr'>solum</span> <span class='ocrx_word' id='word_1_247' title='bbox 873 1826 965 1853; x_wconf 83' lang='lat' dir='ltr'>bene-</span> 
     </span>
     <span class='ocr_line' id='line_1_44' title="bbox 187 1871 965 1907; baseline 0.003 -9"><span class='ocrx_word' id='word_1_248' title='bbox 187 1871 347 1899; x_wconf 81' lang='lat' dir='ltr'>dictionem</span> <span class='ocrx_word' id='word_1_249' title='bbox 362 1872 390 1899; x_wconf 91' lang='lat' dir='ltr'>in</span> <span class='ocrx_word' id='word_1_250' title='bbox 408 1880 542 1907; x_wconf 83' lang='lat' dir='ltr'>corpore,</span> <span class='ocrx_word' id='word_1_251' title='bbox 559 1872 611 1899; x_wconf 89' lang='lat' dir='ltr'>sed</span> <span class='ocrx_word' id='word_1_252' title='bbox 631 1873 718 1899; x_wconf 86' lang='lat' dir='ltr'>etiam</span> <span class='ocrx_word' id='word_1_253' title='bbox 734 1873 763 1899; x_wconf 91' lang='lat' dir='ltr'>in</span> <span class='ocrx_word' id='word_1_254' title='bbox 782 1872 891 1907; x_wconf 89' lang='lat' dir='ltr'>anima,</span> <span class='ocrx_word' id='word_1_255' title='bbox 904 1880 965 1900; x_wconf 90' lang='lat' dir='ltr'>non</span> 
     </span>
     <span class='ocr_line' id='line_1_45' title="bbox 187 1919 965 1954; baseline 0.001 -8"><span class='ocrx_word' id='word_1_256' title='bbox 187 1919 285 1946; x_wconf 82' lang='lat' dir='ltr'>solum</span> <span class='ocrx_word' id='word_1_257' title='bbox 308 1919 546 1946; x_wconf 78' lang='lat' dir='ltr'>benedictionem</span> <span class='ocrx_word' id='word_1_258' title='bbox 573 1919 770 1954; x_wconf 85' lang='lat' dir='ltr'>spiritualem,</span> <span class='ocrx_word' id='word_1_259' title='bbox 795 1919 846 1947; x_wconf 82' lang='lat' dir='ltr'>sed</span> <span class='ocrx_word' id='word_1_260' title='bbox 877 1920 965 1947; x_wconf 83' lang='lat' dir='ltr'>etiam</span> 
     </span>
     <span class='ocr_line' id='line_1_46' title="bbox 188 1965 966 2002; baseline 0 -9"><span class='ocrx_word' id='word_1_261' title='bbox 188 1966 375 2002; x_wconf 82' lang='lat' dir='ltr'>corporalem</span> <span class='ocrx_word' id='word_1_262' title='bbox 392 1965 527 1993; x_wconf 80' lang='lat' dir='ltr'>obtinuit.</span> <span class='ocrx_word' id='word_1_263' title='bbox 552 1966 715 1993; x_wconf 78' lang='lat' dir='ltr'>Malediclio</span> <span class='ocrx_word' id='word_1_264' title='bbox 738 1966 816 1993; x_wconf 90' lang='lat' dir='ltr'>enim</span> <span class='ocrx_word' id='word_1_265' title='bbox 833 1968 897 1993; x_wconf 69' lang='lat' dir='ltr'>Evae</span> <span class='ocrx_word' id='word_1_266' title='bbox 912 1975 966 2001; x_wconf 73' lang='lat' dir='ltr'>gu—</span> 
     </span>
     <span class='ocr_line' id='line_1_47' title="bbox 187 2012 966 2048; baseline 0.001 -9"><span class='ocrx_word' id='word_1_267' title='bbox 187 2012 256 2040; x_wconf 57' lang='lat' dir='ltr'>losa}</span> <span class='ocrx_word' id='word_1_268' title='bbox 269 2013 322 2040; x_wconf 86' lang='lat' dir='ltr'>l&#39;uit</span> <span class='ocrx_word' id='word_1_269' title='bbox 341 2021 444 2048; x_wconf 86' lang='lat' dir='ltr'>parere</span> <span class='ocrx_word' id='word_1_270' title='bbox 460 2021 526 2040; x_wconf 86' lang='lat' dir='ltr'>euin</span> <span class='ocrx_word' id='word_1_271' title='bbox 543 2012 662 2047; x_wconf 81' lang='lat' dir='ltr'>dolore;</span> <span class='ocrx_word' id='word_1_272' title='bbox 686 2013 853 2040; x_wconf 69' lang='lat' dir='ltr'>benedictio</span> <span class='ocrx_word' id='word_1_273' title='bbox 867 2015 966 2040; x_wconf 86' lang='lat' dir='ltr'>autem</span> 
     </span>
     <span class='ocr_line' id='line_1_48' title="bbox 191 2059 966 2095; baseline 0 -8"><span class='ocrx_word' id='word_1_274' title='bbox 191 2059 284 2087; x_wconf 68' lang='lat' dir='ltr'>Mariae</span> <span class='ocrx_word' id='word_1_275' title='bbox 313 2062 495 2095; x_wconf 64' lang='lat' dir='ltr'>tcmperatze,</span> <span class='ocrx_word' id='word_1_276' title='bbox 525 2067 627 2095; x_wconf 82' lang='lat' dir='ltr'>parere</span> <span class='ocrx_word' id='word_1_277' title='bbox 661 2059 723 2086; x_wconf 72' lang='lat' dir='ltr'>sine</span> <span class='ocrx_word' id='word_1_278' title='bbox 752 2060 870 2093; x_wconf 76' lang='lat' dir='ltr'>dolore,</span> <span class='ocrx_word' id='word_1_279' title='bbox 897 2062 966 2087; x_wconf 86' lang='lat' dir='ltr'>teste</span> 
     </span>
     <span class='ocr_line' id='line_1_49' title="bbox 189 2106 969 2142; baseline 0 -9"><span class='ocrx_word' id='word_1_280' title='bbox 189 2107 276 2134; x_wconf 83' lang='lat' dir='ltr'>beato</span> <span class='ocrx_word' id='word_1_281' title='bbox 289 2106 448 2141; x_wconf 84' lang='lat' dir='ltr'>Bernardo,</span> <span class='ocrx_word' id='word_1_282' title='bbox 466 2107 517 2142; x_wconf 85' lang='lat' dir='ltr'>qui</span> <span class='ocrx_word' id='word_1_283' title='bbox 533 2106 592 2134; x_wconf 64' lang='lat' dir='ltr'>ait*</span> <span class='ocrx_word' id='word_1_284' title='bbox 606 2116 613 2132; x_wconf 95' lang='lat'>:</span> <span class='ocrx_word' id='word_1_285' title='bbox 625 2117 637 2132; x_wconf 76' lang='grc' dir='ltr'>(ι</span> <span class='ocrx_word' id='word_1_286' title='bbox 655 2106 808 2134; x_wconf 71' lang='lat' dir='ltr'>Benedicta</span> <span class='ocrx_word' id='word_1_287' title='bbox 825 2110 852 2133; x_wconf 88' lang='lat' dir='ltr'>tu</span> <span class='ocrx_word' id='word_1_288' title='bbox 868 2107 896 2133; x_wconf 86' lang='lat' dir='ltr'>iu</span> <span class='ocrx_word' id='word_1_289' title='bbox 907 2115 969 2134; x_wconf 89' lang='lat' dir='ltr'>mu-</span> 
     </span>
     <span class='ocr_line' id='line_1_50' title="bbox 189 2153 967 2189; baseline 0.001 -8"><span class='ocrx_word' id='word_1_290' title='bbox 189 2154 323 2187; x_wconf 75' lang='lat' dir='ltr'>neribus,</span> <span class='ocrx_word' id='word_1_291' title='bbox 345 2162 410 2189; x_wconf 61' lang='lat' dir='ltr'>quae</span> <span class='ocrx_word' id='word_1_292' title='bbox 431 2153 514 2181; x_wconf 89' lang='lat' dir='ltr'>illam</span> <span class='ocrx_word' id='word_1_293' title='bbox 535 2153 704 2188; x_wconf 83' lang='lat' dir='ltr'>generalem</span> <span class='ocrx_word' id='word_1_294' title='bbox 726 2153 967 2182; x_wconf 73' lang='lat' dir='ltr'>maledictionem</span> 
     </span>
     <span class='ocr_line' id='line_1_51' title="bbox 190 2200 967 2236; baseline 0.001 -8"><span class='ocrx_word' id='word_1_295' title='bbox 190 2201 317 2235; x_wconf 74' lang='lat' dir='ltr'>evasisti,</span> <span class='ocrx_word' id='word_1_296' title='bbox 336 2200 588 2236; x_wconf 60' lang='grc' dir='ltr'>(11111(116111111951ὃ</span> <span class='ocrx_word' id='word_1_297' title='bbox 605 2209 610 2227; x_wconf 82' lang='grc'>;</span> <span class='ocrx_word' id='word_1_298' title='bbox 629 2201 661 2227; x_wconf 82' lang='grc' dir='ltr'>1η</span> <span class='ocrx_word' id='word_1_299' title='bbox 674 2201 762 2227; x_wconf 76' lang='lat' dir='ltr'>dolore</span> <span class='ocrx_word' id='word_1_300' title='bbox 776 2203 866 2235; x_wconf 74' lang='lat' dir='ltr'>parics</span> <span class='ocrx_word' id='word_1_301' title='bbox 878 2203 967 2235; x_wconf 72' lang='lat' dir='ltr'>lilios:</span> 
     </span>
     <span class='ocr_line' id='line_1_52' title="bbox 191 2247 969 2282; baseline 0 -7"><span class='ocrx_word' id='word_1_302' title='bbox 191 2249 218 2275; x_wconf 89' lang='lat' dir='ltr'>et</span> <span class='ocrx_word' id='word_1_303' title='bbox 228 2247 421 2275; x_wconf 83' lang='lat' dir='ltr'>nihilominus</span> <span class='ocrx_word' id='word_1_304' title='bbox 433 2247 512 2274; x_wconf 90' lang='lat' dir='ltr'>iliam</span> <span class='ocrx_word' id='word_1_305' title='bbox 529 2255 589 2282; x_wconf 87' lang='lat' dir='ltr'>qua</span> <span class='ocrx_word' id='word_1_306' title='bbox 600 2247 710 2274; x_wconf 87' lang='lat' dir='ltr'>dictum</span> <span class='ocrx_word' id='word_1_307' title='bbox 724 2250 765 2274; x_wconf 74' lang='lat' dir='ltr'>est</span> <span class='ocrx_word' id='word_1_308' title='bbox 776 2247 785 2261; x_wconf 71' lang='lat'><strong>⁶</strong></span> <span class='ocrx_word' id='word_1_309' title='bbox 799 2257 804 2275; x_wconf 90' lang='lat'>:</span> <span class='ocrx_word' id='word_1_310' title='bbox 821 2249 969 2275; x_wconf 79' lang='lat' dir='ltr'>Maledicta</span> 
     </span>
     <span class='ocr_line' id='line_1_53' title="bbox 190 2295 968 2329; baseline 0.001 -6"><span class='ocrx_word' id='word_1_311' title='bbox 190 2297 293 2323; x_wconf 75' lang='lat' dir='ltr'>sterilis</span> <span class='ocrx_word' id='word_1_312' title='bbox 304 2297 333 2322; x_wconf 79' lang='lat' dir='ltr'>in</span> <span class='ocrx_word' id='word_1_313' title='bbox 345 2296 443 2329; x_wconf 73' lang='lat' dir='ltr'>lsi·ael;</span> <span class='ocrx_word' id='word_1_314' title='bbox 458 2303 491 2322; x_wconf 87' lang='lat' dir='ltr'>ac</span> <span class='ocrx_word' id='word_1_315' title='bbox 506 2295 686 2329; x_wconf 69' lang='lat' dir='ltr'>singularem</span> <span class='ocrx_word' id='word_1_316' title='bbox 703 2299 861 2323; x_wconf 78' lang='lat' dir='ltr'>consecuta</span> <span class='ocrx_word' id='word_1_317' title='bbox 876 2304 906 2323; x_wconf 79' lang='lat' dir='ltr'>es</span> <span class='ocrx_word' id='word_1_318' title='bbox 918 2296 968 2324; x_wconf 82' lang='lat' dir='ltr'>be-</span> 
     </span>
     <span class='ocr_line' id='line_1_54' title="bbox 190 2342 968 2377; baseline 0 -7"><span class='ocrx_word' id='word_1_319' title='bbox 190 2342 401 2375; x_wconf 88' lang='lat' dir='ltr'>nedictionem,</span> <span class='ocrx_word' id='word_1_320' title='bbox 425 2343 456 2369; x_wconf 92' lang='lat' dir='ltr'>ut</span> <span class='ocrx_word' id='word_1_321' title='bbox 471 2349 523 2368; x_wconf 82' lang='lat' dir='ltr'>nec</span> <span class='ocrx_word' id='word_1_322' title='bbox 545 2342 650 2369; x_wconf 68' lang='lat' dir='ltr'>sterilis</span> <span class='ocrx_word' id='word_1_323' title='bbox 669 2350 800 2377; x_wconf 80' lang='lat' dir='ltr'>maneas,</span> <span class='ocrx_word' id='word_1_324' title='bbox 823 2351 876 2370; x_wconf 84' lang='lat' dir='ltr'>nec</span> <span class='ocrx_word' id='word_1_325' title='bbox 900 2351 968 2370; x_wconf 80' lang='lat' dir='ltr'>curn</span> 
     </span>
     <span class='ocr_line' id='line_1_55' title="bbox 191 2389 447 2425; baseline -0.012 -7"><span class='ocrx_word' id='word_1_326' title='bbox 191 2389 294 2418; x_wconf 84' lang='lat' dir='ltr'>dolore</span> <span class='ocrx_word' id='word_1_327' title='bbox 310 2389 417 2425; x_wconf 85' lang='lat' dir='ltr'>parias.</span> <span class='ocrx_word' id='word_1_328' title='bbox 434 2399 447 2415; x_wconf 69' lang='lat' dir='ltr'>n</span> 
     </span>
    </p>

    <p class='ocr_par' dir='ltr' id='par_1_7' title="bbox 192 2436 968 2518">
     <span class='ocr_line' id='line_1_56' title="bbox 227 2436 968 2472; baseline -0.001 -7"><span class='ocrx_word' id='word_1_329' title='bbox 227 2437 356 2472; x_wconf 78' lang='lat' dir='ltr'>Septimo</span> <span class='ocrx_word' id='word_1_330' title='bbox 372 2436 539 2470; x_wconf 76' lang='lat' dir='ltr'>audiamus,</span> <span class='ocrx_word' id='word_1_331' title='bbox 555 2436 729 2469; x_wconf 68' lang='lat' dir='ltr'>charissimi,</span> <span class='ocrx_word' id='word_1_332' title='bbox 747 2436 901 2472; x_wconf 82' lang='lat' dir='ltr'>quomodo</span> <span class='ocrx_word' id='word_1_333' title='bbox 918 2438 968 2464; x_wconf 87' lang='lat' dir='ltr'>be-</span> 
     </span>
     <span class='ocr_line' id='line_1_57' title="bbox 192 2483 968 2518; baseline 0 -7"><span class='ocrx_word' id='word_1_334' title='bbox 192 2484 308 2511; x_wconf 83' lang='lat' dir='ltr'>nedicta</span> <span class='ocrx_word' id='word_1_335' title='bbox 323 2485 364 2511; x_wconf 82' lang='lat' dir='ltr'>est</span> <span class='ocrx_word' id='word_1_336' title='bbox 379 2483 466 2511; x_wconf 84' lang='lat' dir='ltr'>Maria</span> <span class='ocrx_word' id='word_1_337' title='bbox 485 2490 539 2518; x_wconf 84' lang='lat' dir='ltr'>pro</span> <span class='ocrx_word' id='word_1_338' title='bbox 555 2483 684 2510; x_wconf 83' lang='lat' dir='ltr'>castitate</span> <span class='ocrx_word' id='word_1_339' title='bbox 706 2484 741 2517; x_wconf 74' lang='lat' dir='ltr'>(a)</span> <span class='ocrx_word' id='word_1_340' title='bbox 758 2486 859 2511; x_wconf 80' lang='lat' dir='ltr'>contra</span> <span class='ocrx_word' id='word_1_341' title='bbox 879 2484 968 2511; x_wconf 84' lang='lat' dir='ltr'>luxu—</span> 
     </span>
    </p>
   </div>
   <div class='ocr_carea' id='block_1_5' title="bbox 190 2568 969 2707">
    <p class='ocr_par' dir='ltr' id='par_1_8' title="bbox 190 2568 969 2707">
     <span class='ocr_line' id='line_1_58' title="bbox 224 2568 967 2599; baseline 0.003 -9"><span class='ocrx_word' id='word_1_342' title='bbox 224 2570 229 2585; x_wconf 92' lang='lat'>1</span> <span class='ocrx_word' id='word_1_343' title='bbox 249 2570 332 2598; x_wconf 54' lang='grc' dir='ltr'>Ιὶι·ι’1ι.,</span> <span class='ocrx_word' id='word_1_344' title='bbox 349 2569 377 2592; x_wconf 56' lang='lat' dir='ltr'>ale</span> <span class='ocrx_word' id='word_1_345' title='bbox 392 2569 462 2595; x_wconf 60' lang='lat' dir='ltr'>,11qu</span> <span class='ocrx_word' id='word_1_346' title='bbox 478 2576 553 2592; x_wconf 53' lang='grc'>«(-1111,</span> <span class='ocrx_word' id='word_1_347' title='bbox 569 2574 596 2598; x_wconf 81' lang='lat' dir='ltr'>ii,</span> <span class='ocrx_word' id='word_1_348' title='bbox 618 2568 682 2591; x_wconf 77' lang='lat' dir='ltr'>cirea</span> <span class='ocrx_word' id='word_1_349' title='bbox 697 2570 739 2591; x_wconf 85' lang='grc'>1111.</span> <span class='ocrx_word' id='word_1_350' title='bbox 751 2581 781 2585; x_wconf 85' lang='grc'>--</span> <span class='ocrx_word' id='word_1_351' title='bbox 796 2569 803 2582; x_wconf 79' lang='lat'><strong>²</strong></span> <span class='ocrx_word' id='word_1_352' title='bbox 820 2569 909 2599; x_wconf 53' lang='lat' dir='ltr'>lim-li„</span> <span class='ocrx_word' id='word_1_353' title='bbox 926 2576 967 2599; x_wconf 76' lang='lat' dir='ltr'>xL,</span> 
     </span>
     <span class='ocr_line' id='line_1_59' title="bbox 192 2603 969 2635; baseline 0.004 -8"><span class='ocrx_word' id='word_1_354' title='bbox 192 2605 230 2628; x_wconf 65' lang='lat'>17.</span> <span class='ocrx_word' id='word_1_355' title='bbox 248 2617 278 2622; x_wconf 90' lang='lat'>—-</span> <span class='ocrx_word' id='word_1_356' title='bbox 293 2606 301 2617; x_wconf 49' lang='lat'>*⁸</span> <span class='ocrx_word' id='word_1_357' title='bbox 318 2605 370 2628; x_wconf 76' lang='lat' dir='ltr'>lino</span> <span class='ocrx_word' id='word_1_358' title='bbox 386 2607 483 2634; x_wconf 63' lang='lat' dir='ltr'>auctor,</span> <span class='ocrx_word' id='word_1_359' title='bbox 499 2604 614 2635; x_wconf 80' lang='lat' dir='ltr'>quisquis</span> <span class='ocrx_word' id='word_1_360' title='bbox 630 2603 670 2626; x_wconf 74' lang='lat' dir='ltr'>ille</span> <span class='ocrx_word' id='word_1_361' title='bbox 686 2604 725 2631; x_wconf 72' lang='lat' dir='ltr'>sit,</span> <span class='ocrx_word' id='word_1_362' title='bbox 741 2612 817 2628; x_wconf 77' lang='lat' dir='ltr'>serm.</span> <span class='ocrx_word' id='word_1_363' title='bbox 832 2605 861 2627; x_wconf 63' lang='lat' dir='ltr'>altr</span> <span class='ocrx_word' id='word_1_364' title='bbox 873 2607 969 2635; x_wconf 60' lang='lat' dir='ltr'>Saites„</span> 
     </span>
     <span class='ocr_line' id='line_1_60' title="bbox 192 2640 966 2670; baseline -0.003 -7"><span class='ocrx_word' id='word_1_365' title='bbox 192 2646 272 2670; x_wconf 77' lang='lat' dir='ltr'>xviii,</span> <span class='ocrx_word' id='word_1_366' title='bbox 297 2640 328 2663; x_wconf 87' lang='lat' dir='ltr'>al.</span> <span class='ocrx_word' id='word_1_367' title='bbox 350 2647 435 2670; x_wconf 58' lang='lat' dir='ltr'>cxciv,</span> <span class='ocrx_word' id='word_1_368' title='bbox 457 2647 483 2663; x_wconf 86' lang='grc'>11.</span> <span class='ocrx_word' id='word_1_369' title='bbox 507 2643 533 2670; x_wconf 87' lang='grc'>1,</span> <span class='ocrx_word' id='word_1_370' title='bbox 556 2640 580 2663; x_wconf 88' lang='lat' dir='ltr'>in</span> <span class='ocrx_word' id='word_1_371' title='bbox 604 2640 719 2670; x_wconf 82' lang='lat' dir='ltr'>Append.</span> <span class='ocrx_word' id='word_1_372' title='bbox 742 2641 804 2663; x_wconf 59' lang='lat' dir='ltr'>tem.</span> <span class='ocrx_word' id='word_1_373' title='bbox 832 2641 868 2670; x_wconf 70' lang='lat' dir='ltr'>Y,</span> <span class='ocrx_word' id='word_1_374' title='bbox 894 2642 966 2670; x_wconf 64' lang='lat' dir='ltr'>oper,</span> 
     </span>
     <span class='ocr_line' id='line_1_61' title="bbox 190 2676 967 2707; baseline -0.003 -6"><span class='ocrx_word' id='word_1_375' title='bbox 190 2678 216 2701; x_wconf 71' lang='grc'>5,</span> <span class='ocrx_word' id='word_1_376' title='bbox 233 2677 288 2706; x_wconf 76' lang='lat' dir='ltr'>Aug</span> <span class='ocrx_word' id='word_1_377' title='bbox 311 2688 339 2694; x_wconf 93' lang='lat'>—</span> <span class='ocrx_word' id='word_1_378' title='bbox 356 2677 364 2693; x_wconf 61' lang='lat'><strong>⁵</strong></span> <span class='ocrx_word' id='word_1_379' title='bbox 380 2677 464 2706; x_wconf 59' lang='lat' dir='ltr'>Deru„</span> <span class='ocrx_word' id='word_1_380' title='bbox 481 2684 537 2707; x_wconf 75' lang='lat' dir='ltr'>sup.</span> <span class='ocrx_word' id='word_1_381' title='bbox 555 2676 645 2700; x_wconf 71' lang='lat' dir='ltr'>Missas</span> <span class='ocrx_word' id='word_1_382' title='bbox 660 2677 704 2705; x_wconf 63' lang='lat' dir='ltr'>cst,</span> <span class='ocrx_word' id='word_1_383' title='bbox 717 2676 787 2700; x_wconf 69' lang='lat' dir='ltr'>linui.</span> <span class='ocrx_word' id='word_1_384' title='bbox 806 2682 846 2706; x_wconf 83' lang='lat'>111,</span> <span class='ocrx_word' id='word_1_385' title='bbox 862 2684 886 2699; x_wconf 83' lang='lat'>11.</span> <span class='ocrx_word' id='word_1_386' title='bbox 903 2679 921 2700; x_wconf 77' lang='lat' dir='ltr'>i.</span> <span class='ocrx_word' id='word_1_387' title='bbox 937 2691 967 2695; x_wconf 90' lang='lat'><em>-</em></span> 
     </span>
    </p>
   </div>
   <div class='ocr_carea' id='block_1_6' title="bbox 607 207 1936 316">
    <p class='ocr_par' dir='ltr' id='par_1_9' title="bbox 607 207 1936 316">
     <span class='ocr_line' id='line_1_62' title="bbox 607 207 1348 241; baseline -0.001 0"><span class='ocrx_word' id='word_1_388' title='bbox 607 207 815 241; x_wconf 85' lang='lat' dir='ltr'>SPECULUM</span> <span class='ocrx_word' id='word_1_389' title='bbox 836 207 981 240; x_wconf 81' lang='lat' dir='ltr'>BEATAE</span> <span class='ocrx_word' id='word_1_390' title='bbox 1000 207 1141 241; x_wconf 76' lang='lat' dir='ltr'><strong>MARIAE</strong></span> <span class='ocrx_word' id='word_1_391' title='bbox 1161 207 1348 241; x_wconf 79' lang='lat' dir='ltr'>VIRGINIS.</span> 
     </span>
     <span class='ocr_line' id='line_1_63' title="bbox 1004 275 1936 316; baseline 0.001 -12"><span class='ocrx_word' id='word_1_392' title='bbox 1004 275 1090 305; x_wconf 84' lang='lat' dir='ltr'>riam.</span> <span class='ocrx_word' id='word_1_393' title='bbox 1102 275 1273 305; x_wconf 83' lang='lat' dir='ltr'>Luxuriosis</span> <span class='ocrx_word' id='word_1_394' title='bbox 1288 275 1394 304; x_wconf 86' lang='lat' dir='ltr'>dicitur</span> <span class='ocrx_word' id='word_1_395' title='bbox 1402 276 1414 294; x_wconf 92' lang='lat'>⁷</span> <span class='ocrx_word' id='word_1_396' title='bbox 1427 285 1435 303; x_wconf 90' lang='lat'><strong>:</strong></span> <span class='ocrx_word' id='word_1_397' title='bbox 1449 275 1612 305; x_wconf 72' lang='lat' dir='ltr'>Maledictus</span> <span class='ocrx_word' id='word_1_398' title='bbox 1620 278 1670 313; x_wconf 74' lang='lat' dir='ltr'>qm·</span> <span class='ocrx_word' id='word_1_399' title='bbox 1682 277 1785 307; x_wconf 73' lang='lat' dir='ltr'>dormit</span> <span class='ocrx_word' id='word_1_400' title='bbox 1799 282 1908 306; x_wconf 65' lang='lat' dir='ltr'>boneffia-</span> <span class='ocrx_word' id='word_1_401' title='bbox 1933 305 1936 316; x_wconf 40' lang='lat'><strong>¹</strong></span> 
     </span>
    </p>
   </div>
   <div class='ocr_carea' id='block_1_7' title="bbox 1005 323 1794 1249">
    <p class='ocr_par' dir='ltr' id='par_1_10' title="bbox 1005 323 1794 1249">
     <span class='ocr_line' id='line_1_64' title="bbox 1005 323 1787 361; baseline 0.001 -10"><span class='ocrx_word' id='word_1_402' title='bbox 1005 331 1064 351; x_wconf 86' lang='lat' dir='ltr'>cum</span> <span class='ocrx_word' id='word_1_403' title='bbox 1077 330 1163 351; x_wconf 70' lang='lat' dir='ltr'>umore</span> <span class='ocrx_word' id='word_1_404' title='bbox 1172 324 1284 351; x_wconf 80' lang='lat' dir='ltr'>alterius</span> <span class='ocrx_word' id='word_1_405' title='bbox 1297 323 1419 358; x_wconf 69' lang='lat' dir='ltr'>pro-&#39;nimi</span> <span class='ocrx_word' id='word_1_406' title='bbox 1431 323 1478 351; x_wconf 74' lang='grc' dir='ltr'>51ιί</span> <span class='ocrx_word' id='word_1_407' title='bbox 1485 332 1494 358; x_wconf 86' lang='lat'><em>3</em></span> <span class='ocrx_word' id='word_1_408' title='bbox 1507 325 1534 351; x_wconf 83' lang='lat' dir='ltr'>et</span> <span class='ocrx_word' id='word_1_409' title='bbox 1548 323 1618 351; x_wconf 73' lang='lat' dir='ltr'>dicit</span> <span class='ocrx_word' id='word_1_410' title='bbox 1633 325 1729 352; x_wconf 51' lang='lat' dir='ltr'>omnis:</span> <span class='ocrx_word' id='word_1_411' title='bbox 1735 332 1787 361; x_wconf 71' lang='lat' dir='ltr'>po-</span> 
     </span>
     <span class='ocr_line' id='line_1_65' title="bbox 1005 369 1787 405; baseline 0.003 -7"><span class='ocrx_word' id='word_1_412' title='bbox 1005 370 1087 405; x_wconf 76' lang='lat' dir='ltr'>putus</span> <span class='ocrx_word' id='word_1_413' title='bbox 1099 379 1108 398; x_wconf 85' lang='lat'>:</span> <span class='ocrx_word' id='word_1_414' title='bbox 1121 369 1219 398; x_wconf 74' lang='lat' dir='ltr'>Amen.</span> <span class='ocrx_word' id='word_1_415' title='bbox 1231 370 1276 398; x_wconf 87' lang='lat' dir='ltr'>Sic</span> <span class='ocrx_word' id='word_1_416' title='bbox 1287 369 1396 398; x_wconf 88' lang='lat' dir='ltr'>dicitur</span> <span class='ocrx_word' id='word_1_417' title='bbox 1407 369 1438 398; x_wconf 88' lang='lat' dir='ltr'>in</span> <span class='ocrx_word' id='word_1_418' title='bbox 1453 371 1668 398; x_wconf 75' lang='lat' dir='ltr'>Deuteronomio.</span> <span class='ocrx_word' id='word_1_419' title='bbox 1679 371 1787 400; x_wconf 79' lang='lat' dir='ltr'>Contra</span> 
     </span>
     <span class='ocr_line' id='line_1_66' title="bbox 1005 416 1787 452; baseline 0.003 -8"><span class='ocrx_word' id='word_1_420' title='bbox 1005 416 1083 444; x_wconf 84' lang='lat' dir='ltr'>hane</span> <span class='ocrx_word' id='word_1_421' title='bbox 1101 416 1322 445; x_wconf 72' lang='lat' dir='ltr'>incontinentiae</span> <span class='ocrx_word' id='word_1_422' title='bbox 1340 416 1598 452; x_wconf 82' lang='lat' dir='ltr'>maledictionem,</span> <span class='ocrx_word' id='word_1_423' title='bbox 1618 417 1707 446; x_wconf 82' lang='lat' dir='ltr'>Maria</span> <span class='ocrx_word' id='word_1_424' title='bbox 1725 425 1787 446; x_wconf 90' lang='lat' dir='ltr'>me-</span> 
     </span>
     <span class='ocr_line' id='line_1_67' title="bbox 1006 463 1787 500; baseline 0.003 -9"><span class='ocrx_word' id='word_1_425' title='bbox 1006 463 1064 491; x_wconf 87' lang='lat' dir='ltr'>ruit</span> <span class='ocrx_word' id='word_1_426' title='bbox 1087 463 1276 492; x_wconf 74' lang='lat' dir='ltr'>continentiae</span> <span class='ocrx_word' id='word_1_427' title='bbox 1302 463 1562 499; x_wconf 83' lang='lat' dir='ltr'>benedictionem,</span> <span class='ocrx_word' id='word_1_428' title='bbox 1586 463 1661 492; x_wconf 89' lang='lat' dir='ltr'>sicut</span> <span class='ocrx_word' id='word_1_429' title='bbox 1687 463 1787 500; x_wconf 83' lang='lat' dir='ltr'>signa-</span> 
     </span>
     <span class='ocr_line' id='line_1_68' title="bbox 1007 509 1785 546; baseline 0.003 -9"><span class='ocrx_word' id='word_1_430' title='bbox 1007 510 1071 538; x_wconf 90' lang='lat' dir='ltr'>tum</span> <span class='ocrx_word' id='word_1_431' title='bbox 1090 511 1186 546; x_wconf 86' lang='lat' dir='ltr'>potest</span> <span class='ocrx_word' id='word_1_432' title='bbox 1207 517 1270 538; x_wconf 87' lang='lat' dir='ltr'>esse</span> <span class='ocrx_word' id='word_1_433' title='bbox 1284 509 1316 538; x_wconf 91' lang='lat' dir='ltr'>in</span> <span class='ocrx_word' id='word_1_434' title='bbox 1333 510 1413 539; x_wconf 89' lang='lat' dir='ltr'>libro</span> <span class='ocrx_word' id='word_1_435' title='bbox 1427 511 1535 546; x_wconf 69' lang='lat' dir='ltr'>Iudith,</span> <span class='ocrx_word' id='word_1_436' title='bbox 1555 510 1609 539; x_wconf 88' lang='lat' dir='ltr'>ubi</span> <span class='ocrx_word' id='word_1_437' title='bbox 1632 510 1739 539; x_wconf 82' lang='lat' dir='ltr'>dicitur</span> <span class='ocrx_word' id='word_1_438' title='bbox 1751 511 1785 540; x_wconf 82' lang='lat'>⁸:</span> 
     </span>
     <span class='ocr_line' id='line_1_69' title="bbox 1007 557 1588 587; baseline 0.003 -3"><span class='ocrx_word' id='word_1_439' title='bbox 1007 557 1210 585; x_wconf 72' lang='lat' dir='ltr'>Benedioeerune</span> <span class='ocrx_word' id='word_1_440' title='bbox 1229 565 1288 585; x_wconf 84' lang='lat' dir='ltr'>eam</span> <span class='ocrx_word' id='word_1_441' title='bbox 1311 565 1368 586; x_wconf 79' lang='lat' dir='ltr'>una</span> <span class='ocrx_word' id='word_1_442' title='bbox 1387 565 1449 586; x_wconf 79' lang='lat' dir='ltr'>voce</span> <span class='ocrx_word' id='word_1_443' title='bbox 1471 558 1588 587; x_wconf 70' lang='lat' dir='ltr'>dicentes</span> 
     </span>
     <span class='ocr_line' id='line_1_70' title="bbox 1009 604 1788 642; baseline 0.003 -11"><span class='ocrx_word' id='word_1_444' title='bbox 1009 604 1192 638; x_wconf 80' lang='lat' dir='ltr'>Hierusalem,</span> <span class='ocrx_word' id='word_1_445' title='bbox 1209 605 1240 632; x_wconf 78' lang='lat' dir='ltr'>tu</span> <span class='ocrx_word' id='word_1_446' title='bbox 1255 604 1356 632; x_wconf 82' lang='lat' dir='ltr'>loetitia</span> <span class='ocrx_word' id='word_1_447' title='bbox 1370 605 1464 640; x_wconf 79' lang='lat' dir='ltr'>Israel,</span> <span class='ocrx_word' id='word_1_448' title='bbox 1478 607 1510 632; x_wconf 80' lang='lat' dir='ltr'>tu</span> <span class='ocrx_word' id='word_1_449' title='bbox 1522 605 1728 641; x_wconf 71' lang='lat' dir='ltr'>honorificentia</span> <span class='ocrx_word' id='word_1_450' title='bbox 1739 613 1788 642; x_wconf 77' lang='lat' dir='ltr'>po-</span> 
     </span>
     <span class='ocr_line' id='line_1_71' title="bbox 1009 651 1789 687; baseline 0.003 -9"><span class='ocrx_word' id='word_1_451' title='bbox 1009 651 1081 686; x_wconf 79' lang='lat' dir='ltr'>puli,</span> <span class='ocrx_word' id='word_1_452' title='bbox 1096 659 1156 686; x_wconf 78' lang='lat' dir='ltr'>quoe</span> <span class='ocrx_word' id='word_1_453' title='bbox 1178 652 1272 685; x_wconf 72' lang='lat' dir='ltr'>fecisti</span> <span class='ocrx_word' id='word_1_454' title='bbox 1288 652 1418 687; x_wconf 57' lang='lat' dir='ltr'>viriliter,</span> <span class='ocrx_word' id='word_1_455' title='bbox 1440 654 1467 679; x_wconf 83' lang='lat' dir='ltr'>et</span> <span class='ocrx_word' id='word_1_456' title='bbox 1487 652 1668 686; x_wconf 77' lang='lat' dir='ltr'>confortatum</span> <span class='ocrx_word' id='word_1_457' title='bbox 1682 655 1724 687; x_wconf 63' lang='lat' dir='ltr'>{est</span> <span class='ocrx_word' id='word_1_458' title='bbox 1744 660 1789 680; x_wconf 79' lang='lat' dir='ltr'>cor</span> 
     </span>
     <span class='ocr_line' id='line_1_72' title="bbox 1011 686 1789 734; baseline 0.003 -9"><span class='ocrx_word' id='word_1_459' title='bbox 1011 700 1098 732; x_wconf 83' lang='lat' dir='ltr'>tuum,</span> <span class='ocrx_word' id='word_1_460' title='bbox 1119 705 1148 726; x_wconf 82' lang='lat' dir='ltr'>eo</span> <span class='ocrx_word' id='word_1_461' title='bbox 1162 697 1234 733; x_wconf 76' lang='lat' dir='ltr'>quod</span> <span class='ocrx_word' id='word_1_462' title='bbox 1254 686 1405 726; x_wconf 56' lang='lat' dir='ltr'>castffatem</span> <span class='ocrx_word' id='word_1_463' title='bbox 1424 692 1566 732; x_wconf 64' lang='lat' dir='ltr'>amaveris,</span> <span class='ocrx_word' id='word_1_464' title='bbox 1581 701 1681 734; x_wconf 77' lang='lat' dir='ltr'>etpost</span> <span class='ocrx_word' id='word_1_465' title='bbox 1697 701 1789 728; x_wconf 81' lang='lat' dir='ltr'>virum</span> 
     </span>
     <span class='ocr_line' id='line_1_73' title="bbox 1011 746 1789 781; baseline 0.004 -10"><span class='ocrx_word' id='word_1_466' title='bbox 1011 746 1088 772; x_wconf 85' lang='lat' dir='ltr'>tuum</span> <span class='ocrx_word' id='word_1_467' title='bbox 1101 746 1188 773; x_wconf 82' lang='lat' dir='ltr'>alium</span> <span class='ocrx_word' id='word_1_468' title='bbox 1202 747 1337 774; x_wconf 76' lang='lat' dir='ltr'>nescieris.</span> <span class='ocrx_word' id='word_1_469' title='bbox 1357 746 1421 774; x_wconf 83' lang='lat' dir='ltr'>Ideo</span> <span class='ocrx_word' id='word_1_470' title='bbox 1441 754 1538 774; x_wconf 71' lang='lat' dir='ltr'>manus</span> <span class='ocrx_word' id='word_1_471' title='bbox 1551 748 1663 774; x_wconf 79' lang='lat' dir='ltr'>Domini</span> <span class='ocrx_word' id='word_1_472' title='bbox 1679 748 1789 781; x_wconf 72' lang='lat' dir='ltr'>eonfor-</span> 
     </span>
     <span class='ocr_line' id='line_1_74' title="bbox 1011 793 1788 827; baseline 0.004 -8"><span class='ocrx_word' id='word_1_473' title='bbox 1011 793 1082 820; x_wconf 81' lang='lat' dir='ltr'>tavit</span> <span class='ocrx_word' id='word_1_474' title='bbox 1093 795 1128 827; x_wconf 77' lang='lat' dir='ltr'>te,</span> <span class='ocrx_word' id='word_1_475' title='bbox 1143 795 1168 820; x_wconf 88' lang='lat' dir='ltr'>et</span> <span class='ocrx_word' id='word_1_476' title='bbox 1179 794 1233 820; x_wconf 78' lang='lat' dir='ltr'>eris</span> <span class='ocrx_word' id='word_1_477' title='bbox 1245 793 1384 821; x_wconf 79' lang='lat' dir='ltr'>benedicta</span> <span class='ocrx_word' id='word_1_478' title='bbox 1395 794 1426 821; x_wconf 82' lang='lat' dir='ltr'>in</span> <span class='ocrx_word' id='word_1_479' title='bbox 1439 795 1578 822; x_wconf 83' lang='lat' dir='ltr'>oeternum.</span> <span class='ocrx_word' id='word_1_480' title='bbox 1593 795 1624 822; x_wconf 86' lang='lat' dir='ltr'>In</span> <span class='ocrx_word' id='word_1_481' title='bbox 1638 793 1694 822; x_wconf 86' lang='lat' dir='ltr'>hac</span> <span class='ocrx_word' id='word_1_482' title='bbox 1702 795 1788 822; x_wconf 82' lang='lat' dir='ltr'>castae</span> 
     </span>
     <span class='ocr_line' id='line_1_75' title="bbox 1010 839 1790 877; baseline 0.003 -10"><span class='ocrx_word' id='word_1_483' title='bbox 1010 839 1111 867; x_wconf 70' lang='lat' dir='ltr'>Iudith</span> <span class='ocrx_word' id='word_1_484' title='bbox 1132 839 1358 876; x_wconf 86' lang='lat' dir='ltr'>benedictione,</span> <span class='ocrx_word' id='word_1_485' title='bbox 1385 842 1482 877; x_wconf 86' lang='lat' dir='ltr'>potest</span> <span class='ocrx_word' id='word_1_486' title='bbox 1503 841 1673 869; x_wconf 83' lang='lat' dir='ltr'>benedictio</span> <span class='ocrx_word' id='word_1_487' title='bbox 1694 841 1790 870; x_wconf 80' lang='lat' dir='ltr'>Marioe</span> 
     </span>
     <span class='ocr_line' id='line_1_76' title="bbox 1011 886 1790 924; baseline 0.003 -10"><span class='ocrx_word' id='word_1_488' title='bbox 1011 894 1073 914; x_wconf 92' lang='lat' dir='ltr'>non</span> <span class='ocrx_word' id='word_1_489' title='bbox 1087 886 1184 914; x_wconf 91' lang='lat' dir='ltr'>solum</span> <span class='ocrx_word' id='word_1_490' title='bbox 1197 887 1319 923; x_wconf 84' lang='lat' dir='ltr'>signari,</span> <span class='ocrx_word' id='word_1_491' title='bbox 1334 887 1386 916; x_wconf 88' lang='lat' dir='ltr'>sed</span> <span class='ocrx_word' id='word_1_492' title='bbox 1400 887 1488 916; x_wconf 84' lang='lat' dir='ltr'>etiam</span> <span class='ocrx_word' id='word_1_493' title='bbox 1508 895 1562 924; x_wconf 87' lang='lat' dir='ltr'>per</span> <span class='ocrx_word' id='word_1_494' title='bbox 1575 888 1676 916; x_wconf 88' lang='lat' dir='ltr'>locum</span> <span class='ocrx_word' id='word_1_495' title='bbox 1691 896 1709 916; x_wconf 86' lang='lat' dir='ltr'>a</span> <span class='ocrx_word' id='word_1_496' title='bbox 1726 896 1790 916; x_wconf 86' lang='lat' dir='ltr'>ma-</span> 
     </span>
     <span class='ocr_line' id='line_1_77' title="bbox 1008 933 1791 969; baseline 0.003 -8"><span class='ocrx_word' id='word_1_497' title='bbox 1008 933 1067 969; x_wconf 86' lang='lat' dir='ltr'>jori</span> <span class='ocrx_word' id='word_1_498' title='bbox 1086 933 1219 969; x_wconf 88' lang='lat' dir='ltr'>probari.</span> <span class='ocrx_word' id='word_1_499' title='bbox 1239 934 1267 962; x_wconf 89' lang='lat' dir='ltr'>Si</span> <span class='ocrx_word' id='word_1_500' title='bbox 1289 935 1370 962; x_wconf 87' lang='lat' dir='ltr'>enim</span> <span class='ocrx_word' id='word_1_501' title='bbox 1390 934 1432 962; x_wconf 88' lang='lat' dir='ltr'>sic</span> <span class='ocrx_word' id='word_1_502' title='bbox 1451 934 1611 963; x_wconf 80' lang='lat' dir='ltr'>benedicta</span> <span class='ocrx_word' id='word_1_503' title='bbox 1633 937 1677 963; x_wconf 89' lang='lat' dir='ltr'>est</span> <span class='ocrx_word' id='word_1_504' title='bbox 1698 934 1791 963; x_wconf 84' lang='lat' dir='ltr'>vidua</span> 
     </span>
     <span class='ocr_line' id='line_1_78' title="bbox 1012 980 1791 1016; baseline 0.003 -9"><span class='ocrx_word' id='word_1_505' title='bbox 1012 982 1101 1014; x_wconf 82' lang='lat' dir='ltr'>casta,</span> <span class='ocrx_word' id='word_1_506' title='bbox 1118 982 1230 1016; x_wconf 86' lang='lat' dir='ltr'>quanto</span> <span class='ocrx_word' id='word_1_507' title='bbox 1247 980 1343 1016; x_wconf 85' lang='lat' dir='ltr'>magis</span> <span class='ocrx_word' id='word_1_508' title='bbox 1357 981 1442 1016; x_wconf 86' lang='lat' dir='ltr'>virgo</span> <span class='ocrx_word' id='word_1_509' title='bbox 1463 981 1564 1009; x_wconf 73' lang='lat' dir='ltr'>casta?</span> <span class='ocrx_word' id='word_1_510' title='bbox 1586 981 1710 1009; x_wconf 81' lang='lat' dir='ltr'>Maxime</span> <span class='ocrx_word' id='word_1_511' title='bbox 1725 981 1791 1010; x_wconf 81' lang='lat' dir='ltr'>talis</span> 
     </span>
     <span class='ocr_line' id='line_1_79' title="bbox 1012 1026 1792 1063; baseline 0.003 -10"><span class='ocrx_word' id='word_1_512' title='bbox 1012 1026 1109 1061; x_wconf 85' lang='lat' dir='ltr'>virgo,</span> <span class='ocrx_word' id='word_1_513' title='bbox 1124 1034 1190 1062; x_wconf 82' lang='lat' dir='ltr'>quae</span> <span class='ocrx_word' id='word_1_514' title='bbox 1206 1028 1297 1054; x_wconf 81' lang='lat' dir='ltr'>Deum</span> <span class='ocrx_word' id='word_1_515' title='bbox 1306 1035 1421 1063; x_wconf 83' lang='lat' dir='ltr'>parere,</span> <span class='ocrx_word' id='word_1_516' title='bbox 1432 1029 1461 1056; x_wconf 90' lang='lat' dir='ltr'>et</span> <span class='ocrx_word' id='word_1_517' title='bbox 1475 1029 1551 1056; x_wconf 89' lang='lat' dir='ltr'>certe</span> <span class='ocrx_word' id='word_1_518' title='bbox 1563 1027 1605 1055; x_wconf 89' lang='lat' dir='ltr'>sie</span> <span class='ocrx_word' id='word_1_519' title='bbox 1614 1035 1719 1063; x_wconf 78' lang='lat' dir='ltr'>parere</span> <span class='ocrx_word' id='word_1_520' title='bbox 1729 1035 1792 1055; x_wconf 88' lang='lat' dir='ltr'>me-</span> 
     </span>
     <span class='ocr_line' id='line_1_80' title="bbox 1013 1073 1792 1111; baseline 0.001 -10"><span class='ocrx_word' id='word_1_521' title='bbox 1013 1073 1089 1108; x_wconf 87' lang='lat' dir='ltr'>ruit,</span> <span class='ocrx_word' id='word_1_522' title='bbox 1111 1074 1195 1110; x_wconf 88' lang='lat' dir='ltr'>quod</span> <span class='ocrx_word' id='word_1_523' title='bbox 1219 1073 1417 1110; x_wconf 83' lang='lat' dir='ltr'>virginitatem</span> <span class='ocrx_word' id='word_1_524' title='bbox 1445 1082 1507 1102; x_wconf 90' lang='lat' dir='ltr'>non</span> <span class='ocrx_word' id='word_1_525' title='bbox 1534 1074 1641 1102; x_wconf 87' lang='lat' dir='ltr'>amisit.</span> <span class='ocrx_word' id='word_1_526' title='bbox 1671 1076 1792 1111; x_wconf 85' lang='lat' dir='ltr'>Propter</span> 
     </span>
     <span class='ocr_line' id='line_1_81' title="bbox 1013 1120 1793 1156; baseline 0.001 -8"><span class='ocrx_word' id='word_1_527' title='bbox 1013 1121 1097 1156; x_wconf 90' lang='lat' dir='ltr'>quod</span> <span class='ocrx_word' id='word_1_528' title='bbox 1111 1120 1188 1148; x_wconf 82' lang='lat' dir='ltr'>bene</span> <span class='ocrx_word' id='word_1_529' title='bbox 1203 1120 1281 1148; x_wconf 82' lang='lat' dir='ltr'>Beda</span> <span class='ocrx_word' id='word_1_530' title='bbox 1294 1120 1365 1148; x_wconf 90' lang='lat' dir='ltr'>dicit</span> <span class='ocrx_word' id='word_1_531' title='bbox 1375 1122 1386 1138; x_wconf 81' lang='lat'>⁹</span> <span class='ocrx_word' id='word_1_532' title='bbox 1402 1130 1409 1148; x_wconf 90' lang='lat'>:</span> <span class='ocrx_word' id='word_1_533' title='bbox 1423 1131 1437 1147; x_wconf 90' lang='lat'>«</span> <span class='ocrx_word' id='word_1_534' title='bbox 1452 1121 1608 1150; x_wconf 86' lang='lat' dir='ltr'>Benedicta</span> <span class='ocrx_word' id='word_1_535' title='bbox 1622 1123 1665 1149; x_wconf 89' lang='lat' dir='ltr'>est</span> <span class='ocrx_word' id='word_1_536' title='bbox 1679 1121 1793 1149; x_wconf 88' lang='lat' dir='ltr'>incom-</span> 
     </span>
     <span class='ocr_line' id='line_1_82' title="bbox 1014 1167 1792 1204; baseline 0.003 -10"><span class='ocrx_word' id='word_1_537' title='bbox 1014 1167 1199 1203; x_wconf 85' lang='lat' dir='ltr'>parabiliter,</span> <span class='ocrx_word' id='word_1_538' title='bbox 1234 1175 1300 1203; x_wconf 75' lang='lat' dir='ltr'>quie</span> <span class='ocrx_word' id='word_1_539' title='bbox 1328 1169 1355 1195; x_wconf 90' lang='lat' dir='ltr'>et</span> <span class='ocrx_word' id='word_1_540' title='bbox 1376 1167 1470 1196; x_wconf 86' lang='lat' dir='ltr'>divini</span> <span class='ocrx_word' id='word_1_541' title='bbox 1499 1168 1640 1203; x_wconf 80' lang='lat' dir='ltr'>germinis</span> <span class='ocrx_word' id='word_1_542' title='bbox 1665 1167 1792 1204; x_wconf 85' lang='lat' dir='ltr'>gloriam</span> 
     </span>
     <span class='ocr_line' id='line_1_83' title="bbox 1014 1214 1794 1249; baseline 0.003 -8"><span class='ocrx_word' id='word_1_543' title='bbox 1014 1214 1156 1249; x_wconf 80' lang='lat' dir='ltr'>suscepit,</span> <span class='ocrx_word' id='word_1_544' title='bbox 1170 1216 1197 1242; x_wconf 82' lang='lat' dir='ltr'>et</span> <span class='ocrx_word' id='word_1_545' title='bbox 1211 1221 1353 1242; x_wconf 87' lang='lat' dir='ltr'>coronam</span> <span class='ocrx_word' id='word_1_546' title='bbox 1368 1214 1542 1249; x_wconf 82' lang='lat' dir='ltr'>virginitatis</span> <span class='ocrx_word' id='word_1_547' title='bbox 1557 1214 1695 1243; x_wconf 86' lang='lat' dir='ltr'>servavit.</span> <span class='ocrx_word' id='word_1_548' title='bbox 1710 1226 1723 1241; x_wconf 77' lang='lat' dir='ltr'>n</span> <span class='ocrx_word' id='word_1_549' title='bbox 1737 1216 1794 1243; x_wconf 86' lang='lat' dir='ltr'>No-</span> 
     </span>
    </p>
   </div>
   <div class='ocr_carea' id='block_1_8' title="bbox 1015 1253 1834 1298">
    <p class='ocr_par' dir='ltr' id='par_1_11' title="bbox 1015 1253 1834 1298">
     <span class='ocr_line' id='line_1_84' title="bbox 1015 1253 1834 1298; baseline 0.002 -10"><span class='ocrx_word' id='word_1_550' title='bbox 1015 1261 1139 1288; x_wconf 84' lang='lat' dir='ltr'>tandum</span> <span class='ocrx_word' id='word_1_551' title='bbox 1153 1263 1252 1289; x_wconf 87' lang='lat' dir='ltr'>autem</span> <span class='ocrx_word' id='word_1_552' title='bbox 1271 1264 1322 1297; x_wconf 85' lang='lat' dir='ltr'>est,</span> <span class='ocrx_word' id='word_1_553' title='bbox 1344 1262 1427 1298; x_wconf 86' lang='lat' dir='ltr'>quod</span> <span class='ocrx_word' id='word_1_554' title='bbox 1452 1262 1482 1289; x_wconf 88' lang='lat' dir='ltr'>in</span> <span class='ocrx_word' id='word_1_555' title='bbox 1505 1262 1659 1298; x_wconf 81' lang='lat' dir='ltr'>scripturis</span> <span class='ocrx_word' id='word_1_556' title='bbox 1681 1262 1795 1290; x_wconf 87' lang='lat' dir='ltr'>inveni-</span> <span class='ocrx_word' id='word_1_557' title='bbox 1829 1253 1834 1257; x_wconf 63' lang='lat'>&#39;</span> 
     </span>
    </p>
   </div>
   <div class='ocr_carea' id='block_1_9' title="bbox 1013 1308 1798 1672">
    <p class='ocr_par' dir='ltr' id='par_1_12' title="bbox 1013 1308 1798 1672">
     <span class='ocr_line' id='line_1_85' title="bbox 1015 1308 1794 1344; baseline 0.001 -9"><span class='ocrx_word' id='word_1_558' title='bbox 1015 1316 1081 1335; x_wconf 88' lang='lat' dir='ltr'>mus</span> <span class='ocrx_word' id='word_1_559' title='bbox 1104 1308 1290 1336; x_wconf 82' lang='lat' dir='ltr'>benedictam</span> <span class='ocrx_word' id='word_1_560' title='bbox 1316 1309 1518 1344; x_wconf 82' lang='lat' dir='ltr'>conjugatam,</span> <span class='ocrx_word' id='word_1_561' title='bbox 1540 1308 1729 1336; x_wconf 86' lang='lat' dir='ltr'>benedictam</span> <span class='ocrx_word' id='word_1_562' title='bbox 1748 1308 1794 1336; x_wconf 88' lang='lat' dir='ltr'>vi-</span> 
     </span>
     <span class='ocr_line' id='line_1_86' title="bbox 1016 1354 1794 1390; baseline 0.001 -8"><span class='ocrx_word' id='word_1_563' title='bbox 1016 1354 1118 1389; x_wconf 87' lang='lat' dir='ltr'>duam,</span> <span class='ocrx_word' id='word_1_564' title='bbox 1135 1357 1162 1382; x_wconf 88' lang='lat' dir='ltr'>et</span> <span class='ocrx_word' id='word_1_565' title='bbox 1176 1355 1363 1383; x_wconf 85' lang='lat' dir='ltr'>benedictam</span> <span class='ocrx_word' id='word_1_566' title='bbox 1379 1355 1537 1390; x_wconf 82' lang='lat' dir='ltr'>Virginem.</span> <span class='ocrx_word' id='word_1_567' title='bbox 1557 1355 1712 1384; x_wconf 81' lang='lat' dir='ltr'>Benedicta</span> <span class='ocrx_word' id='word_1_568' title='bbox 1722 1363 1794 1383; x_wconf 89' lang='lat' dir='ltr'>con-</span> 
     </span>
     <span class='ocr_line' id='line_1_87' title="bbox 1013 1402 1792 1438; baseline 0.003 -9"><span class='ocrx_word' id='word_1_569' title='bbox 1013 1402 1117 1437; x_wconf 80' lang='lat' dir='ltr'>jugata</span> <span class='ocrx_word' id='word_1_570' title='bbox 1140 1402 1194 1430; x_wconf 83' lang='lat' dir='ltr'>fuit</span> <span class='ocrx_word' id='word_1_571' title='bbox 1214 1403 1295 1436; x_wconf 87' lang='lat' dir='ltr'>Sara,</span> <span class='ocrx_word' id='word_1_572' title='bbox 1322 1402 1359 1430; x_wconf 90' lang='lat' dir='ltr'>de</span> <span class='ocrx_word' id='word_1_573' title='bbox 1382 1410 1442 1438; x_wconf 89' lang='lat' dir='ltr'>qua</span> <span class='ocrx_word' id='word_1_574' title='bbox 1463 1402 1570 1430; x_wconf 87' lang='lat' dir='ltr'>dicitur</span> <span class='ocrx_word' id='word_1_575' title='bbox 1589 1402 1618 1430; x_wconf 91' lang='lat' dir='ltr'>in</span> <span class='ocrx_word' id='word_1_576' title='bbox 1644 1403 1729 1430; x_wconf 80' lang='lat' dir='ltr'>Tobia</span> <span class='ocrx_word' id='word_1_577' title='bbox 1748 1402 1769 1420; x_wconf 84' lang='lat'>¹⁰</span> <span class='ocrx_word' id='word_1_578' title='bbox 1786 1412 1792 1431; x_wconf 93' lang='lat'><strong>:</strong></span> 
     </span>
     <span class='ocr_line' id='line_1_88' title="bbox 1017 1448 1795 1484; baseline 0.004 -10"><span class='ocrx_word' id='word_1_579' title='bbox 1017 1450 1131 1476; x_wconf 67' lang='lat' dir='ltr'>Dis-atur</span> <span class='ocrx_word' id='word_1_580' title='bbox 1157 1448 1307 1476; x_wconf 78' lang='lat' dir='ltr'>benedictio</span> <span class='ocrx_word' id='word_1_581' title='bbox 1336 1456 1416 1484; x_wconf 80' lang='lat' dir='ltr'>super</span> <span class='ocrx_word' id='word_1_582' title='bbox 1444 1456 1555 1476; x_wconf 62' lang='lat' dir='ltr'>umorem</span> <span class='ocrx_word' id='word_1_583' title='bbox 1584 1449 1681 1476; x_wconf 69' lang='lat' dir='ltr'>Tobiae.</span> <span class='ocrx_word' id='word_1_584' title='bbox 1705 1450 1795 1477; x_wconf 89' lang='lat' dir='ltr'>Beue-</span> 
     </span>
     <span class='ocr_line' id='line_1_89' title="bbox 1018 1494 1795 1529; baseline 0.003 -7"><span class='ocrx_word' id='word_1_585' title='bbox 1018 1494 1096 1522; x_wconf 88' lang='lat' dir='ltr'>dicta</span> <span class='ocrx_word' id='word_1_586' title='bbox 1118 1497 1217 1523; x_wconf 87' lang='lat' dir='ltr'>autem</span> <span class='ocrx_word' id='word_1_587' title='bbox 1237 1495 1328 1523; x_wconf 77' lang='lat' dir='ltr'>vidua</span> <span class='ocrx_word' id='word_1_588' title='bbox 1346 1494 1400 1522; x_wconf 86' lang='lat' dir='ltr'>suit</span> <span class='ocrx_word' id='word_1_589' title='bbox 1417 1495 1527 1529; x_wconf 84' lang='lat' dir='ltr'>Judith,</span> <span class='ocrx_word' id='word_1_590' title='bbox 1549 1495 1623 1523; x_wconf 87' lang='lat' dir='ltr'>sicut</span> <span class='ocrx_word' id='word_1_591' title='bbox 1644 1497 1795 1524; x_wconf 86' lang='lat' dir='ltr'>ostensum</span> 
     </span>
     <span class='ocr_line' id='line_1_90' title="bbox 1018 1541 1797 1577; baseline 0.001 -8"><span class='ocrx_word' id='word_1_592' title='bbox 1018 1544 1070 1569; x_wconf 81' lang='lat' dir='ltr'>est.</span> <span class='ocrx_word' id='word_1_593' title='bbox 1085 1543 1122 1568; x_wconf 87' lang='lat' dir='ltr'>De</span> <span class='ocrx_word' id='word_1_594' title='bbox 1138 1541 1229 1569; x_wconf 79' lang='lat' dir='ltr'>vidua</span> <span class='ocrx_word' id='word_1_595' title='bbox 1242 1549 1362 1577; x_wconf 87' lang='lat' dir='ltr'>quoque</span> <span class='ocrx_word' id='word_1_596' title='bbox 1378 1542 1534 1570; x_wconf 85' lang='lat' dir='ltr'>benedicta</span> <span class='ocrx_word' id='word_1_597' title='bbox 1548 1542 1578 1570; x_wconf 93' lang='lat' dir='ltr'>in</span> <span class='ocrx_word' id='word_1_598' title='bbox 1596 1542 1710 1571; x_wconf 85' lang='lat' dir='ltr'>Psalmo</span> <span class='ocrx_word' id='word_1_599' title='bbox 1726 1542 1797 1570; x_wconf 88' lang='lat' dir='ltr'>diei-</span> 
     </span>
     <span class='ocr_line' id='line_1_91' title="bbox 1020 1590 1798 1624; baseline 0.001 -7"><span class='ocrx_word' id='word_1_600' title='bbox 1020 1593 1066 1617; x_wconf 87' lang='lat' dir='ltr'>tur</span> <span class='ocrx_word' id='word_1_601' title='bbox 1082 1590 1099 1606; x_wconf 80' lang='lat'>¹¹</span> <span class='ocrx_word' id='word_1_602' title='bbox 1117 1599 1122 1617; x_wconf 93' lang='lat'><strong>:</strong></span> <span class='ocrx_word' id='word_1_603' title='bbox 1144 1590 1262 1617; x_wconf 71' lang='lat' dir='ltr'>Viduam</span> <span class='ocrx_word' id='word_1_604' title='bbox 1276 1590 1332 1624; x_wconf 73' lang='lat' dir='ltr'>ejus</span> <span class='ocrx_word' id='word_1_605' title='bbox 1349 1590 1505 1617; x_wconf 66' lang='lat' dir='ltr'>benedicens</span> <span class='ocrx_word' id='word_1_606' title='bbox 1525 1590 1685 1618; x_wconf 64' lang='lat' dir='ltr'>benedicam.</span> <span class='ocrx_word' id='word_1_607' title='bbox 1710 1591 1798 1618; x_wconf 86' lang='lat' dir='ltr'>Bene-</span> 
     </span>
     <span class='ocr_line' id='line_1_92' title="bbox 1020 1636 1796 1672; baseline 0.001 -9"><span class='ocrx_word' id='word_1_608' title='bbox 1020 1636 1098 1663; x_wconf 73' lang='lat' dir='ltr'>dicta</span> <span class='ocrx_word' id='word_1_609' title='bbox 1113 1644 1184 1664; x_wconf 70' lang='lat' dir='ltr'>vcro</span> <span class='ocrx_word' id='word_1_610' title='bbox 1203 1636 1257 1663; x_wconf 84' lang='lat' dir='ltr'>suit</span> <span class='ocrx_word' id='word_1_611' title='bbox 1279 1637 1366 1672; x_wconf 81' lang='lat' dir='ltr'>Virgo</span> <span class='ocrx_word' id='word_1_612' title='bbox 1387 1636 1486 1670; x_wconf 80' lang='lat' dir='ltr'>Maria,</span> <span class='ocrx_word' id='word_1_613' title='bbox 1503 1639 1571 1664; x_wconf 78' lang='lat' dir='ltr'>teste</span> <span class='ocrx_word' id='word_1_614' title='bbox 1593 1637 1721 1672; x_wconf 78' lang='lat' dir='ltr'>Angelo,</span> <span class='ocrx_word' id='word_1_615' title='bbox 1744 1637 1796 1672; x_wconf 91' lang='lat' dir='ltr'>qui</span> 
     </span>
    </p>
   </div>
   <div class='ocr_carea' id='block_1_10' title="bbox 1001 1683 1794 1719">
    <p class='ocr_par' dir='ltr' id='par_1_13' title="bbox 1001 1683 1794 1719">
     <span class='ocr_line' id='line_1_93' title="bbox 1001 1683 1794 1719; baseline 0.001 -9"><span class='ocrx_word' id='word_1_616' title='bbox 1001 1701 1006 1706; x_wconf 86' lang='lat'><em>-</em></span> <span class='ocrx_word' id='word_1_617' title='bbox 1021 1683 1093 1710; x_wconf 86' lang='lat' dir='ltr'>dixit</span> <span class='ocrx_word' id='word_1_618' title='bbox 1106 1692 1111 1710; x_wconf 94' lang='lat'>:</span> <span class='ocrx_word' id='word_1_619' title='bbox 1128 1683 1271 1710; x_wconf 65' lang='lat' dir='ltr'>Benedicta</span> <span class='ocrx_word' id='word_1_620' title='bbox 1287 1686 1315 1709; x_wconf 79' lang='lat' dir='ltr'>tu</span> <span class='ocrx_word' id='word_1_621' title='bbox 1330 1685 1357 1710; x_wconf 80' lang='lat' dir='ltr'>in</span> <span class='ocrx_word' id='word_1_622' title='bbox 1371 1684 1536 1710; x_wconf 75' lang='lat' dir='ltr'>mulieribus.</span> <span class='ocrx_word' id='word_1_623' title='bbox 1554 1683 1709 1711; x_wconf 81' lang='lat' dir='ltr'>Benedicta</span> <span class='ocrx_word' id='word_1_624' title='bbox 1723 1692 1794 1719; x_wconf 80' lang='lat' dir='ltr'>ergo</span> 
     </span>
    </p>
   </div>
   <div class='ocr_carea' id='block_1_11' title="bbox 1021 1729 1802 2469">
    <p class='ocr_par' dir='ltr' id='par_1_14' title="bbox 1021 1729 1802 2469">
     <span class='ocr_line' id='line_1_94' title="bbox 1021 1729 1796 1766; baseline 0.004 -10"><span class='ocrx_word' id='word_1_625' title='bbox 1021 1738 1087 1765; x_wconf 72' lang='lat' dir='ltr'>quae</span> <span class='ocrx_word' id='word_1_626' title='bbox 1104 1729 1307 1764; x_wconf 80' lang='lat' dir='ltr'>conjugalem;</span> <span class='ocrx_word' id='word_1_627' title='bbox 1324 1729 1479 1757; x_wconf 86' lang='lat' dir='ltr'>benedicta</span> <span class='ocrx_word' id='word_1_628' title='bbox 1498 1730 1592 1765; x_wconf 80' lang='lat' dir='ltr'>inagis</span> <span class='ocrx_word' id='word_1_629' title='bbox 1608 1738 1673 1766; x_wconf 83' lang='lat' dir='ltr'>quoe</span> <span class='ocrx_word' id='word_1_630' title='bbox 1695 1731 1796 1759; x_wconf 83' lang='lat' dir='ltr'>vidua-</span> 
     </span>
     <span class='ocr_line' id='line_1_95' title="bbox 1022 1776 1798 1812; baseline 0.003 -8"><span class='ocrx_word' id='word_1_631' title='bbox 1022 1777 1092 1810; x_wconf 88' lang='lat' dir='ltr'>lem;</span> <span class='ocrx_word' id='word_1_632' title='bbox 1114 1776 1269 1804; x_wconf 82' lang='lat' dir='ltr'>benedicta</span> <span class='ocrx_word' id='word_1_633' title='bbox 1288 1776 1427 1810; x_wconf 85' lang='lat' dir='ltr'>maxime,</span> <span class='ocrx_word' id='word_1_634' title='bbox 1443 1784 1510 1812; x_wconf 63' lang='lat' dir='ltr'>quse</span> <span class='ocrx_word' id='word_1_635' title='bbox 1524 1777 1700 1812; x_wconf 83' lang='lat' dir='ltr'>virginalem</span> <span class='ocrx_word' id='word_1_636' title='bbox 1715 1785 1798 1806; x_wconf 86' lang='lat' dir='ltr'>ama-</span> 
     </span>
     <span class='ocr_line' id='line_1_96' title="bbox 1022 1822 1798 1859; baseline 0.001 -8"><span class='ocrx_word' id='word_1_637' title='bbox 1022 1823 1094 1851; x_wconf 76' lang='lat' dir='ltr'>verit</span> <span class='ocrx_word' id='word_1_638' title='bbox 1109 1822 1280 1851; x_wconf 80' lang='lat' dir='ltr'>castitatem.</span> <span class='ocrx_word' id='word_1_639' title='bbox 1292 1823 1448 1850; x_wconf 80' lang='lat' dir='ltr'>Benedicta</span> <span class='ocrx_word' id='word_1_640' title='bbox 1462 1825 1550 1857; x_wconf 86' lang='lat' dir='ltr'>certe,</span> <span class='ocrx_word' id='word_1_641' title='bbox 1563 1832 1628 1859; x_wconf 81' lang='lat' dir='ltr'>quae</span> <span class='ocrx_word' id='word_1_642' title='bbox 1644 1831 1712 1851; x_wconf 89' lang='lat' dir='ltr'>cum</span> <span class='ocrx_word' id='word_1_643' title='bbox 1727 1824 1798 1852; x_wconf 85' lang='lat' dir='ltr'>Sara</span> 
     </span>
     <span class='ocr_line' id='line_1_97' title="bbox 1023 1871 1799 1906; baseline 0.001 -7"><span class='ocrx_word' id='word_1_644' title='bbox 1023 1875 1049 1899; x_wconf 87' lang='lat' dir='ltr'>et</span> <span class='ocrx_word' id='word_1_645' title='bbox 1064 1873 1197 1899; x_wconf 82' lang='lat' dir='ltr'>Susanna</span> <span class='ocrx_word' id='word_1_646' title='bbox 1216 1871 1301 1898; x_wconf 80' lang='lat' dir='ltr'>luerit</span> <span class='ocrx_word' id='word_1_647' title='bbox 1317 1873 1396 1899; x_wconf 82' lang='lat' dir='ltr'>easta</span> <span class='ocrx_word' id='word_1_648' title='bbox 1411 1871 1622 1906; x_wconf 81' lang='lat' dir='ltr'>conJugaliter;</span> <span class='ocrx_word' id='word_1_649' title='bbox 1643 1871 1799 1900; x_wconf 80' lang='lat' dir='ltr'>benedicta</span> 
     </span>
     <span class='ocr_line' id='line_1_98' title="bbox 1023 1918 1799 1954; baseline 0 -8"><span class='ocrx_word' id='word_1_650' title='bbox 1023 1918 1128 1954; x_wconf 73' lang='lat' dir='ltr'>magis,</span> <span class='ocrx_word' id='word_1_651' title='bbox 1142 1926 1208 1954; x_wconf 71' lang='lat' dir='ltr'>quse</span> <span class='ocrx_word' id='word_1_652' title='bbox 1223 1926 1291 1945; x_wconf 88' lang='lat' dir='ltr'>cum</span> <span class='ocrx_word' id='word_1_653' title='bbox 1306 1918 1404 1945; x_wconf 78' lang='lat' dir='ltr'>iudith</span> <span class='ocrx_word' id='word_1_654' title='bbox 1424 1920 1452 1945; x_wconf 89' lang='lat' dir='ltr'>et</span> <span class='ocrx_word' id='word_1_655' title='bbox 1463 1921 1546 1946; x_wconf 86' lang='lat' dir='ltr'>Anna</span> <span class='ocrx_word' id='word_1_656' title='bbox 1560 1918 1647 1946; x_wconf 83' lang='lat' dir='ltr'>suerit</span> <span class='ocrx_word' id='word_1_657' title='bbox 1662 1921 1741 1946; x_wconf 88' lang='lat' dir='ltr'>casta</span> <span class='ocrx_word' id='word_1_658' title='bbox 1755 1918 1799 1946; x_wconf 87' lang='lat' dir='ltr'>vi-</span> 
     </span>
     <span class='ocr_line' id='line_1_99' title="bbox 1023 1965 1800 2001; baseline 0.001 -8"><span class='ocrx_word' id='word_1_659' title='bbox 1023 1966 1164 1999; x_wconf 86' lang='lat' dir='ltr'>dualiter;</span> <span class='ocrx_word' id='word_1_660' title='bbox 1192 1965 1347 1994; x_wconf 87' lang='lat' dir='ltr'>benedicta</span> <span class='ocrx_word' id='word_1_661' title='bbox 1370 1965 1511 1999; x_wconf 84' lang='lat' dir='ltr'>maxime,</span> <span class='ocrx_word' id='word_1_662' title='bbox 1524 1973 1589 2001; x_wconf 80' lang='lat' dir='ltr'>quae</span> <span class='ocrx_word' id='word_1_663' title='bbox 1620 1973 1688 1993; x_wconf 91' lang='lat' dir='ltr'>cum</span> <span class='ocrx_word' id='word_1_664' title='bbox 1711 1965 1800 1994; x_wconf 80' lang='lat' dir='ltr'>Maria</span> 
     </span>
     <span class='ocr_line' id='line_1_100' title="bbox 1023 2012 1800 2047; baseline 0 -7"><span class='ocrx_word' id='word_1_665' title='bbox 1023 2013 1108 2040; x_wconf 78' lang='lat' dir='ltr'>suerit</span> <span class='ocrx_word' id='word_1_666' title='bbox 1131 2015 1209 2040; x_wconf 83' lang='lat' dir='ltr'>casta</span> <span class='ocrx_word' id='word_1_667' title='bbox 1228 2012 1418 2047; x_wconf 81' lang='lat' dir='ltr'>virginaliter.</span> <span class='ocrx_word' id='word_1_668' title='bbox 1444 2014 1564 2047; x_wconf 85' lang='lat' dir='ltr'>Propter</span> <span class='ocrx_word' id='word_1_669' title='bbox 1589 2012 1672 2047; x_wconf 90' lang='lat' dir='ltr'>quod</span> <span class='ocrx_word' id='word_1_670' title='bbox 1696 2012 1800 2040; x_wconf 86' lang='lat' dir='ltr'>beatus</span> 
     </span>
     <span class='ocr_line' id='line_1_101' title="bbox 1025 2059 1801 2094; baseline -0.001 -7"><span class='ocrx_word' id='word_1_671' title='bbox 1025 2059 1203 2093; x_wconf 73' lang='lat' dir='ltr'>Augustinus</span> <span class='ocrx_word' id='word_1_672' title='bbox 1219 2059 1289 2086; x_wconf 87' lang='lat' dir='ltr'>dicit</span> <span class='ocrx_word' id='word_1_673' title='bbox 1305 2060 1341 2086; x_wconf 69' lang='lat'>¹²:</span> <span class='ocrx_word' id='word_1_674' title='bbox 1355 2069 1367 2084; x_wconf 76' lang='grc' dir='ltr'>α</span> <span class='ocrx_word' id='word_1_675' title='bbox 1381 2060 1492 2086; x_wconf 78' lang='lat' dir='ltr'>Bonum</span> <span class='ocrx_word' id='word_1_676' title='bbox 1508 2059 1645 2086; x_wconf 82' lang='lat' dir='ltr'>Susannae</span> <span class='ocrx_word' id='word_1_677' title='bbox 1657 2059 1686 2085; x_wconf 95' lang='lat' dir='ltr'>in</span> <span class='ocrx_word' id='word_1_678' title='bbox 1697 2059 1801 2094; x_wconf 91' lang='lat' dir='ltr'>conju-</span> 
     </span>
     <span class='ocr_line' id='line_1_102' title="bbox 1025 2105 1800 2141; baseline 0.001 -8"><span class='ocrx_word' id='word_1_679' title='bbox 1025 2107 1083 2141; x_wconf 62' lang='lat' dir='ltr'>gali</span> <span class='ocrx_word' id='word_1_680' title='bbox 1107 2107 1233 2134; x_wconf 68' lang='lat' dir='ltr'>castitate</span> <span class='ocrx_word' id='word_1_681' title='bbox 1259 2105 1431 2139; x_wconf 77' lang='lat' dir='ltr'>laudanius;</span> <span class='ocrx_word' id='word_1_682' title='bbox 1453 2105 1505 2132; x_wconf 90' lang='lat' dir='ltr'>sed</span> <span class='ocrx_word' id='word_1_683' title='bbox 1521 2107 1619 2133; x_wconf 88' lang='lat' dir='ltr'>tamen</span> <span class='ocrx_word' id='word_1_684' title='bbox 1639 2105 1665 2133; x_wconf 88' lang='lat' dir='ltr'>ei</span> <span class='ocrx_word' id='word_1_685' title='bbox 1685 2105 1800 2134; x_wconf 89' lang='lat' dir='ltr'>bonum</span> 
     </span>
     <span class='ocr_line' id='line_1_103' title="bbox 1024 2151 1801 2187; baseline 0.001 -8"><span class='ocrx_word' id='word_1_686' title='bbox 1024 2153 1122 2180; x_wconf 69' lang='lat' dir='ltr'>vidua}</span> <span class='ocrx_word' id='word_1_687' title='bbox 1143 2155 1246 2187; x_wconf 66' lang='lat' dir='ltr'>Anam,</span> <span class='ocrx_word' id='word_1_688' title='bbox 1270 2160 1304 2180; x_wconf 89' lang='lat' dir='ltr'>ae</span> <span class='ocrx_word' id='word_1_689' title='bbox 1329 2151 1422 2179; x_wconf 89' lang='lat' dir='ltr'>multo</span> <span class='ocrx_word' id='word_1_690' title='bbox 1444 2152 1539 2186; x_wconf 83' lang='lat' dir='ltr'>magis</span> <span class='ocrx_word' id='word_1_691' title='bbox 1562 2152 1683 2186; x_wconf 75' lang='lat' dir='ltr'>virginis</span> <span class='ocrx_word' id='word_1_692' title='bbox 1706 2152 1801 2180; x_wconf 81' lang='lat' dir='ltr'>Mariae</span> 
     </span>
     <span class='ocr_line' id='line_1_104' title="bbox 1026 2198 1799 2236; baseline -0.001 -9"><span class='ocrx_word' id='word_1_693' title='bbox 1026 2200 1244 2236; x_wconf 81' lang='lat' dir='ltr'>anteponimus.</span> <span class='ocrx_word' id='word_1_694' title='bbox 1259 2209 1272 2224; x_wconf 71' lang='lat' dir='ltr'>n</span> <span class='ocrx_word' id='word_1_695' title='bbox 1289 2200 1359 2226; x_wconf 71' lang='lat' dir='ltr'>Vere</span> <span class='ocrx_word' id='word_1_696' title='bbox 1375 2198 1499 2233; x_wconf 77' lang='lat' dir='ltr'>dignum</span> <span class='ocrx_word' id='word_1_697' title='bbox 1516 2201 1542 2226; x_wconf 88' lang='lat' dir='ltr'>et</span> <span class='ocrx_word' id='word_1_698' title='bbox 1553 2199 1663 2234; x_wconf 88' lang='lat' dir='ltr'>justum</span> <span class='ocrx_word' id='word_1_699' title='bbox 1679 2202 1721 2228; x_wconf 89' lang='lat' dir='ltr'>est</span> <span class='ocrx_word' id='word_1_700' title='bbox 1732 2199 1799 2228; x_wconf 91' lang='lat' dir='ltr'>hoc.</span> 
     </span>
     <span class='ocr_line' id='line_1_105' title="bbox 1027 2245 1801 2283; baseline 0 -8"><span class='ocrx_word' id='word_1_701' title='bbox 1027 2247 1151 2283; x_wconf 82' lang='lat' dir='ltr'>Dignum</span> <span class='ocrx_word' id='word_1_702' title='bbox 1174 2249 1226 2280; x_wconf 85' lang='lat' dir='ltr'>est,</span> <span class='ocrx_word' id='word_1_703' title='bbox 1250 2249 1281 2274; x_wconf 90' lang='lat' dir='ltr'>ut</span> <span class='ocrx_word' id='word_1_704' title='bbox 1308 2245 1465 2274; x_wconf 80' lang='lat' dir='ltr'>benedicta</span> <span class='ocrx_word' id='word_1_705' title='bbox 1487 2245 1532 2279; x_wconf 84' lang='lat' dir='ltr'>sit,</span> <span class='ocrx_word' id='word_1_706' title='bbox 1555 2254 1620 2282; x_wconf 65' lang='lat' dir='ltr'>quse</span> <span class='ocrx_word' id='word_1_707' title='bbox 1645 2254 1713 2274; x_wconf 90' lang='lat' dir='ltr'>cum</span> <span class='ocrx_word' id='word_1_708' title='bbox 1737 2247 1801 2276; x_wconf 80' lang='lat' dir='ltr'>viro</span> 
     </span>
     <span class='ocr_line' id='line_1_106' title="bbox 1025 2293 1802 2328; baseline 0 -7"><span class='ocrx_word' id='word_1_709' title='bbox 1025 2302 1079 2321; x_wconf 75' lang='lat' dir='ltr'>suo</span> <span class='ocrx_word' id='word_1_710' title='bbox 1100 2294 1191 2321; x_wconf 90' lang='lat' dir='ltr'>alium</span> <span class='ocrx_word' id='word_1_711' title='bbox 1216 2301 1276 2321; x_wconf 90' lang='lat' dir='ltr'>non</span> <span class='ocrx_word' id='word_1_712' title='bbox 1301 2293 1398 2326; x_wconf 68' lang='lat' dir='ltr'>nox·it;</span> <span class='ocrx_word' id='word_1_713' title='bbox 1426 2293 1537 2327; x_wconf 87' lang='lat' dir='ltr'>justum</span> <span class='ocrx_word' id='word_1_714' title='bbox 1560 2293 1654 2328; x_wconf 87' lang='lat' dir='ltr'>magis</span> <span class='ocrx_word' id='word_1_715' title='bbox 1683 2295 1741 2328; x_wconf 78' lang='lat' dir='ltr'>est,</span> <span class='ocrx_word' id='word_1_716' title='bbox 1770 2295 1802 2321; x_wconf 91' lang='lat' dir='ltr'>ut</span> 
     </span>
     <span class='ocr_line' id='line_1_107' title="bbox 1026 2340 1801 2375; baseline -0.001 -6"><span class='ocrx_word' id='word_1_717' title='bbox 1026 2341 1181 2369; x_wconf 83' lang='lat' dir='ltr'>benedicta</span> <span class='ocrx_word' id='word_1_718' title='bbox 1209 2341 1244 2367; x_wconf 80' lang='lat' dir='ltr'>sit</span> <span class='ocrx_word' id='word_1_719' title='bbox 1272 2348 1338 2375; x_wconf 73' lang='lat' dir='ltr'>quae</span> <span class='ocrx_word' id='word_1_720' title='bbox 1365 2347 1418 2367; x_wconf 88' lang='lat' dir='ltr'>nec</span> <span class='ocrx_word' id='word_1_721' title='bbox 1445 2348 1510 2367; x_wconf 89' lang='lat' dir='ltr'>cum</span> <span class='ocrx_word' id='word_1_722' title='bbox 1545 2340 1609 2367; x_wconf 83' lang='lat' dir='ltr'>viro</span> <span class='ocrx_word' id='word_1_723' title='bbox 1642 2348 1720 2374; x_wconf 91' lang='lat' dir='ltr'>suo,</span> <span class='ocrx_word' id='word_1_724' title='bbox 1748 2348 1801 2368; x_wconf 87' lang='lat' dir='ltr'>nec</span> 
     </span>
     <span class='ocr_line' id='line_1_108' title="bbox 1026 2387 1800 2425; baseline 0.001 -11"><span class='ocrx_word' id='word_1_725' title='bbox 1026 2391 1092 2425; x_wconf 85' lang='lat' dir='ltr'>post</span> <span class='ocrx_word' id='word_1_726' title='bbox 1106 2388 1214 2422; x_wconf 86' lang='lat' dir='ltr'>virum,</span> <span class='ocrx_word' id='word_1_727' title='bbox 1231 2388 1322 2415; x_wconf 88' lang='lat' dir='ltr'>alium</span> <span class='ocrx_word' id='word_1_728' title='bbox 1342 2395 1401 2415; x_wconf 86' lang='lat' dir='ltr'>non</span> <span class='ocrx_word' id='word_1_729' title='bbox 1428 2388 1519 2415; x_wconf 77' lang='lat' dir='ltr'>novit.</span> <span class='ocrx_word' id='word_1_730' title='bbox 1543 2387 1667 2422; x_wconf 85' lang='lat' dir='ltr'>Dignum</span> <span class='ocrx_word' id='word_1_731' title='bbox 1691 2389 1718 2415; x_wconf 87' lang='lat' dir='ltr'>et</span> <span class='ocrx_word' id='word_1_732' title='bbox 1736 2388 1800 2422; x_wconf 65' lang='lat' dir='ltr'>,ius-</span> 
     </span>
     <span class='ocr_line' id='line_1_109' title="bbox 1026 2434 1800 2469; baseline -0.003 -6"><span class='ocrx_word' id='word_1_733' title='bbox 1026 2438 1088 2463; x_wconf 87' lang='lat' dir='ltr'>tum</span> <span class='ocrx_word' id='word_1_734' title='bbox 1109 2437 1165 2466; x_wconf 86' lang='lat' dir='ltr'>est,</span> <span class='ocrx_word' id='word_1_735' title='bbox 1188 2437 1219 2462; x_wconf 93' lang='lat' dir='ltr'>ut</span> <span class='ocrx_word' id='word_1_736' title='bbox 1245 2434 1373 2462; x_wconf 83' lang='lat' dir='ltr'>maxime</span> <span class='ocrx_word' id='word_1_737' title='bbox 1397 2434 1553 2462; x_wconf 79' lang='lat' dir='ltr'>benedicta</span> <span class='ocrx_word' id='word_1_738' title='bbox 1579 2434 1634 2469; x_wconf 85' lang='lat' dir='ltr'>sit,</span> <span class='ocrx_word' id='word_1_739' title='bbox 1657 2442 1723 2469; x_wconf 83' lang='lat' dir='ltr'>quae</span> <span class='ocrx_word' id='word_1_740' title='bbox 1747 2441 1800 2461; x_wconf 87' lang='lat' dir='ltr'>nec</span> 
     </span>
    </p>
   </div>
   <div class='ocr_carea' id='block_1_12' title="bbox 1026 2521 1799 2661">
    <p class='ocr_par' dir='ltr' id='par_1_15' title="bbox 1026 2521 1799 2661">
     <span class='ocr_line' id='line_1_110' title="bbox 1026 2521 1799 2552; baseline -0.001 -6"><span class='ocrx_word' id='word_1_741' title='bbox 1026 2525 1034 2540; x_wconf 66' lang='grc' dir='ltr'>δ</span> <span class='ocrx_word' id='word_1_742' title='bbox 1054 2524 1198 2552; x_wconf 72' lang='lat' dir='ltr'>t)e1zt.,x11,</span> <span class='ocrx_word' id='word_1_743' title='bbox 1218 2524 1253 2552; x_wconf 77' lang='grc'>11,</span> <span class='ocrx_word' id='word_1_744' title='bbox 1269 2523 1293 2545; x_wconf 82' lang='lat' dir='ltr'>iil</span> <span class='ocrx_word' id='word_1_745' title='bbox 1310 2522 1535 2551; x_wconf 49' lang='lat' dir='ltr'>sensit—wem,</span> <span class='ocrx_word' id='word_1_746' title='bbox 1548 2526 1592 2549; x_wconf 85' lang='grc'>111,</span> <span class='ocrx_word' id='word_1_747' title='bbox 1610 2523 1682 2544; x_wconf 74' lang='grc'>113.-</span> <span class='ocrx_word' id='word_1_748' title='bbox 1694 2522 1700 2535; x_wconf 92' lang='lat'>⁷</span> <span class='ocrx_word' id='word_1_749' title='bbox 1713 2521 1799 2552; x_wconf 52' lang='lat' dir='ltr'>Dent„</span> 
     </span>
     <span class='ocr_line' id='line_1_111' title="bbox 1027 2557 1797 2589; baseline -0.004 -7"><span class='ocrx_word' id='word_1_750' title='bbox 1027 2566 1075 2582; x_wconf 66' lang='lat' dir='ltr'>xxx·</span> <span class='ocrx_word' id='word_1_751' title='bbox 1091 2565 1107 2589; x_wconf 82' lang='lat'>1,</span> <span class='ocrx_word' id='word_1_752' title='bbox 1123 2561 1161 2583; x_wconf 64' lang='grc'>211,</span> <span class='ocrx_word' id='word_1_753' title='bbox 1177 2572 1207 2576; x_wconf 89' lang='grc'>-</span> <span class='ocrx_word' id='word_1_754' title='bbox 1222 2558 1232 2574; x_wconf 71' lang='lat'>⁸</span> <span class='ocrx_word' id='word_1_755' title='bbox 1245 2558 1351 2587; x_wconf 50' lang='lat' dir='ltr'>Atatem„</span> <span class='ocrx_word' id='word_1_756' title='bbox 1369 2563 1409 2581; x_wconf 66' lang='lat' dir='ltr'>xv.</span> <span class='ocrx_word' id='word_1_757' title='bbox 1429 2559 1469 2586; x_wconf 87' lang='grc'>10,</span> <span class='ocrx_word' id='word_1_758' title='bbox 1488 2559 1523 2580; x_wconf 83' lang='lat' dir='ltr'>ll.</span> <span class='ocrx_word' id='word_1_759' title='bbox 1538 2557 1589 2574; x_wconf 77' lang='lat'>-9</span> <span class='ocrx_word' id='word_1_760' title='bbox 1601 2557 1671 2586; x_wconf 62' lang='lat' dir='ltr'>ned„</span> <span class='ocrx_word' id='word_1_761' title='bbox 1683 2557 1725 2580; x_wconf 85' lang='lat' dir='ltr'>uhi</span> <span class='ocrx_word' id='word_1_762' title='bbox 1742 2564 1797 2588; x_wconf 85' lang='lat' dir='ltr'>sup.</span> 
     </span>
     <span class='ocr_line' id='line_1_112' title="bbox 1026 2592 1795 2625; baseline -0.003 -7"><span class='ocrx_word' id='word_1_763' title='bbox 1026 2595 1150 2625; x_wconf 64' lang='lat' dir='ltr'>proxime.</span> <span class='ocrx_word' id='word_1_764' title='bbox 1172 2595 1236 2611; x_wconf 83' lang='lat'>-10</span> <span class='ocrx_word' id='word_1_765' title='bbox 1261 2593 1475 2623; x_wconf 69' lang='grc' dir='ltr'>1“υ1),,11,1ι1.-</span> <span class='ocrx_word' id='word_1_766' title='bbox 1492 2593 1507 2608; x_wconf 84' lang='lat'>¹¹</span> <span class='ocrx_word' id='word_1_767' title='bbox 1523 2592 1591 2616; x_wconf 78' lang='lat' dir='ltr'>Psoi.</span> <span class='ocrx_word' id='word_1_768' title='bbox 1608 2598 1695 2622; x_wconf 54' lang='lat' dir='ltr'>exam,</span> <span class='ocrx_word' id='word_1_769' title='bbox 1714 2594 1749 2617; x_wconf 81' lang='lat'>15.</span> <span class='ocrx_word' id='word_1_770' title='bbox 1770 2606 1795 2610; x_wconf 89' lang='lat'>—</span> 
     </span>
     <span class='ocr_line' id='line_1_113' title="bbox 1028 2629 1417 2661; baseline -0.01 -7"><span class='ocrx_word' id='word_1_771' title='bbox 1028 2632 1044 2646; x_wconf 87' lang='lat'>¹-¹</span> <span class='ocrx_word' id='word_1_772' title='bbox 1056 2630 1170 2661; x_wconf 68' lang='lat' dir='ltr'>.xtig.,de</span> <span class='ocrx_word' id='word_1_773' title='bbox 1189 2631 1247 2653; x_wconf 74' lang='lat' dir='ltr'>Bon.</span> <span class='ocrx_word' id='word_1_774' title='bbox 1264 2629 1320 2659; x_wconf 64' lang='lat' dir='ltr'>conj</span> <span class='ocrx_word' id='word_1_775' title='bbox 1334 2646 1339 2655; x_wconf 88' lang='lat'><em>‚</em></span> <span class='ocrx_word' id='word_1_776' title='bbox 1353 2635 1378 2651; x_wconf 87' lang='grc'>11.</span> <span class='ocrx_word' id='word_1_777' title='bbox 1395 2630 1417 2650; x_wconf 75' lang='lat' dir='ltr'>S.</span> 
     </span>
    </p>
   </div>
   <div class='ocr_carea' id='block_1_13' title="bbox 1057 2672 1486 2705">
    <p class='ocr_par' dir='ltr' id='par_1_16' title="bbox 1057 2672 1486 2705">
     <span class='ocr_line' id='line_1_114' title="bbox 1057 2672 1486 2705; baseline -0.007 -8"><span class='ocrx_word' id='word_1_778' title='bbox 1057 2684 1089 2705; x_wconf 59' lang='grc' dir='ltr'>ψ)</span> <span class='ocrx_word' id='word_1_779' title='bbox 1107 2676 1167 2699; x_wconf 74' lang='lat' dir='ltr'>Cael.</span> <span class='ocrx_word' id='word_1_780' title='bbox 1187 2674 1247 2698; x_wconf 71' lang='lat' dir='ltr'>cdii.</span> <span class='ocrx_word' id='word_1_781' title='bbox 1269 2680 1314 2704; x_wconf 71' lang='lat' dir='ltr'>per</span> <span class='ocrx_word' id='word_1_782' title='bbox 1332 2672 1486 2697; x_wconf 31' lang='lat' dir='ltr'>castitatem*</span> 
     </span>
    </p>
   </div>
   <div class='ocr_carea' id='block_1_14' title="bbox 1611 559 1792 594">
    <p class='ocr_par' dir='ltr' id='par_1_17' title="bbox 1611 559 1792 594">
     <span class='ocr_line' id='line_1_115' title="bbox 1611 559 1792 594; baseline 0.006 -8"><span class='ocrx_word' id='word_1_783' title='bbox 1611 567 1617 586; x_wconf 94' lang='lat'><strong>:</strong></span> <span class='ocrx_word' id='word_1_784' title='bbox 1642 559 1682 586; x_wconf 80' lang='lat' dir='ltr'>Tu</span> <span class='ocrx_word' id='word_1_785' title='bbox 1699 559 1792 594; x_wconf 20' lang='lat' dir='ltr'>aleria,</span> 
     </span>
    </p>
   </div>
   <div class='ocr_carea' id='block_1_15' title="bbox 1811 316 1897 490">
    <p class='ocr_par' dir='ltr' id='par_1_18' title="bbox 1814 316 1895 342">
     <span class='ocr_line' id='line_1_116' title="bbox 1814 316 1895 342; baseline 0.012 -7"><span class='ocrx_word' id='word_1_786' title='bbox 1814 316 1838 335; x_wconf 73' lang='lat' dir='ltr'>ta</span> <span class='ocrx_word' id='word_1_787' title='bbox 1854 321 1895 342; x_wconf 82' lang='lat' dir='ltr'>pro</span> 
     </span>
    </p>

    <p class='ocr_par' dir='ltr' id='par_1_19' title="bbox 1811 346 1897 404">
     <span class='ocr_line' id='line_1_117' title="bbox 1811 346 1897 367; baseline -0.012 0"><span class='ocrx_word' id='word_1_788' title='bbox 1811 346 1897 367; x_wconf 56' lang='lat' dir='ltr'>metit&amp;</span> 
     </span>
     <span class='ocr_line' id='line_1_118' title="bbox 1823 377 1886 404; baseline -0.016 -6"><span class='ocrx_word' id='word_1_789' title='bbox 1823 378 1846 398; x_wconf 66' lang='grc' dir='ltr'><strong>ω</strong></span> <span class='ocrx_word' id='word_1_790' title='bbox 1857 377 1886 404; x_wconf 76' lang='grc' dir='ltr'>(α)</span> 
     </span>
    </p>

    <p class='ocr_par' dir='ltr' id='par_1_20' title="bbox 1813 409 1890 490">
     <span class='ocr_line' id='line_1_119' title="bbox 1813 409 1890 429; baseline -0.013 0"><span class='ocrx_word' id='word_1_791' title='bbox 1813 409 1890 429; x_wconf 69' lang='lat' dir='ltr'>matra</span> 
     </span>
     <span class='ocr_line' id='line_1_120' title="bbox 1822 437 1889 460; baseline 0.03 -2"><span class='ocrx_word' id='word_1_792' title='bbox 1822 437 1889 460; x_wconf 81' lang='lat' dir='ltr'>luxu-</span> 
     </span>
     <span class='ocr_line' id='line_1_121' title="bbox 1823 468 1888 490; baseline 0 0"><span class='ocrx_word' id='word_1_793' title='bbox 1823 468 1888 490; x_wconf 76' lang='lat' dir='ltr'>rim.</span> 
     </span>
    </p>
   </div>
   <div class='ocr_carea' id='block_1_16' title="bbox 1895 0 2029 1809">
    <p class='ocr_par' dir='ltr' id='par_1_21' title="bbox 1895 0 2029 1809">
     <span class='ocr_line' id='line_1_122' title="bbox 1895 0 2029 1809; baseline 0 0"><span class='ocrx_word' id='word_1_794' title='bbox 1895 0 2029 1809; x_wconf 95' lang='lat' dir='ltr'> </span> 
     </span>
    </p>
   </div>
  </div>
 </body>
</html>
