2029 3052
876 213 1005 246 CAPUT
1027 213 1064 246 V.

162 280 231 312 lum
241 281 370 321 praefert
381 292 388 312 :
403 282 503 314 furari
517 291 588 314 eam
598 282 768 314 libidinoso
773 291 839 314 non
846 282 937 313 licet:

163 335 191 366 si
206 344 270 375 quo
284 335 336 368 vis
351 345 496 376 pergere,
509 345 620 377 perge.
631 335 766 377 Insuper
780 337 812 367 et
825 335 942 367 miran-

163 388 203 420 do
226 388 353 421 fervore
371 389 501 430 spiritus
523 390 704 428 animatus,
721 391 830 430 aperta
850 389 941 428 cella,

163 442 247 474 foras
265 442 367 475 exivit
382 443 416 474 in
429 443 560 475 hortum
573 467 582 482 ,
599 445 630 475 et
650 443 685 474 in
708 452 862 484 magnam
886 442 941 474 de-

164 504 316 536 mergens
330 496 440 529 nivem
451 497 677 537 corpusculum
687 499 756 538 Jam
771 497 941 536 nudatum,

163 551 284 591 septem
301 559 342 582 ex
354 559 391 582 ea
405 550 507 591 plenis
522 551 674 583 manibus
689 551 784 592 coepit
798 550 941 591 compin-

164 613 242 644 gere
265 613 397 643 massaS,
414 613 494 645 quas
509 604 569 635 sibi
593 614 786 646 proponens,
810 614 869 636 suo
899 604 944 635 sic

165 657 317 690 exteriori
329 657 453 689 homini
467 658 660 699 loquebatur
676 667 683 688 :
709 658 799 698 Ecce,
825 658 941 699 inquit,

165 713 236 745 haec
258 714 362 753 major
376 722 460 744 uxor
474 714 531 744 tua
545 715 602 752 est,
619 714 759 753 quatuor
779 713 860 752 istae,
880 713 944 744 duo

164 766 234 806 filii,
251 767 282 797 et
295 766 368 797 duae
380 766 465 806 filiae,
482 766 616 806 reliquae
630 766 703 798 duae
718 775 831 798 servus
844 768 876 798 et
890 775 945 798 an-

163 819 253 859 cilla,
275 828 356 860 quos
376 819 416 850 ad
434 819 642 851 serviendum
665 820 784 852 habere
808 822 942 861 oportet.

164 873 291 906 Festina
309 873 413 913 igitur
427 882 539 905 omnes
556 873 701 913 induere,
719 875 874 915 quoniam
887 874 944 905 fri—

166 937 246 969 gore
267 927 463 959 moriuntur.
484 927 518 959 Si
542 936 619 960 vero
643 937 756 959 eorum
777 928 946 968 multiplex

167 981 345 1014 sollicitudo
356 981 513 1020 molestat,
522 981 579 1013 uni
592 981 727 1013 Domino
740 981 872 1013 sollicite
884 991 946 1013 ser-

168 1038 213 1071 vi.
225 1037 312 1069 lllico
320 1038 457 1069 tentator
472 1037 573 1069 victus
585 1029 745 1076 abscessit,
756 1039 786 1069 et
796 1038 847 1069 vir
859 1046 947 1068 sanc-

167 1094 220 1124 tus
234 1100 309 1123 cum
324 1091 458 1123 victoria
472 1091 504 1121 in
520 1090 632 1122 cellam
646 1091 760 1122 rediit:
777 1093 853 1132 quia
867 1091 946 1122 dum

167 1147 248 1178 bene
262 1145 431 1187 poenaliter
451 1145 530 1176 alxit
543 1145 632 1184 foris,
648 1145 796 1177 ardorem
810 1145 947 1177 interius

166 1254 301 1286 minime
315 1253 457 1284 sentiret.
481 1252 620 1290 Quidam
641 1254 749 1284 autem
764 1253 872 1292 frater,
891 1253 947 1293 qui

165 1310 243 1340 tunc
258 1306 393 1339 orationi
408 1306 552 1345 vacabat,
573 1306 644 1337 haec
658 1306 767 1337 omnia
786 1306 863 1337 luna
883 1306 948 1338 cla-

166 1362 234 1393 rius
253 1360 419 1392 incedente
440 1360 614 1401 prospexit.
633 1359 801 1400 Comperto
823 1360 872 1391 vir
892 1360 947 1391 Dei

166 1415 253 1457 quod
266 1415 328 1446 hoc
342 1414 396 1445 ille
409 1416 501 1445 nocte
516 1414 658 1453 vidisset,
674 1423 820 1445 reserans
836 1415 866 1446 ei
880 1417 948 1446 ten-

167 1468 295 1500 tationis
319 1477 523 1508 processum,
544 1468 710 1508 praecepit,
736 1470 771 1499 ut
792 1468 948 1509 quamdiu

167 1523 233 1563 ipse
249 1522 390 1559 viveret,
408 1522 489 1553 nulli
510 1522 632 1554 viventi
646 1531 728 1562 rem,
745 1532 844 1563 quam
857 1523 946 1554 vide-

166 1579 232 1616 rat,
257 1575 447 1616 propalaret.
472 1575 542 1607 Non
564 1576 670 1607 solum
686 1578 795 1607 autem
809 1577 946 1607 mortifi-

168 1629 234 1661 cari
254 1629 370 1660 debere
393 1629 525 1660 docebat
545 1629 624 1663 yitia
638 1629 753 1668 carnis,
770 1632 800 1660 et
815 1631 884 1670 eJus
898 1630 948 1660 in-

169 1684 296 1717 centiva
309 1684 456 1722 fraenari;
474 1684 687 1716 verumetiam
699 1685 873 1716 exteriores
884 1694 952 1716 sen-

170 1747 236 1777 sus,
253 1747 308 1779 per
324 1747 404 1778 quos
420 1747 506 1769 mors
521 1738 618 1769 intrat
636 1739 676 1769 ad
691 1738 845 1778 animam,
861 1747 950 1769 sum-

171 1802 224 1823 ma
242 1792 406 1832 vigilantia
422 1792 586 1824 custodiri.
605 1792 777 1824 Mulierum
792 1792 953 1823 familiari-

171 1848 261 1885 tates,
275 1845 434 1886 colloquia
447 1847 480 1876 et
496 1848 657 1886 aspectus,
670 1855 744 1886 quae
756 1846 866 1878 multis
880 1848 955 1877 sunt

171 1899 294 1932 occasio
317 1899 439 1938 ruinae,
470 1899 636 1931 sollicitius
662 1901 774 1931 evitari
799 1900 954 1941 Jubebat,

172 1962 317 1984 asserens
341 1962 398 1993 per
419 1953 609 1993 hujusmodi
631 1953 769 1984 debilem
784 1953 909 1992 frangi,
926 1955 958 1984 et

172 2007 288 2039 fortem
308 2015 392 2047 saepe
403 2006 552 2047 spiritum
565 2006 735 2038 infirmari.
748 2007 871 2038 Harum
883 2016 957 2037 con-

173 2061 337 2100 tagionem
361 2060 497 2092 evadere
522 2062 765 2092 conversantem
792 2070 866 2091 cum
891 2060 957 2099 eis,

174 2115 235 2145 nisi
249 2114 512 2154 probatissimum
530 2114 657 2154 virum,
679 2116 746 2145 tam
764 2114 853 2145 facile
867 2114 958 2153 dixit,

176 2177 274 2208 quam
284 2168 379 2207 juxta
395 2167 500 2208 ScrIpt
507 2177 599 2198 uram
613 2170 622 2187 ¹
638 2168 672 2198 in
686 2168 763 2207 igne
781 2168 958 2207 ambulare,

179 2224 210 2254 et
230 2231 294 2252 non
316 2222 503 2252 comburere
535 2221 670 2262 plantas.
699 2222 865 2262 Siquidem
895 2223 962 2262 ipse

179 2276 258 2308 adeo
283 2277 440 2307 averterat
462 2275 574 2306 oculos
599 2284 689 2314 suos,
712 2285 752 2307 ne
776 2276 962 2316 hujusmodi

181 2329 355 2362 vanitatem
377 2328 545 2367 viderent,
570 2329 673 2369 quod,
691 2330 772 2360 sicut
791 2329 963 2370 aliquando

183 2384 268 2415 socio
290 2383 389 2421 dixit,
409 2384 502 2424 quasi
524 2383 645 2414 nullan]
667 2385 917 2423 recognoscebat
930 2385 964 2415 in

182 2438 273 2469 facie.
296 2436 367 2468 Non
390 2438 478 2468 enim
504 2447 653 2468 securum
674 2447 741 2468 esse
756 2438 898 2478 putabat,
916 2448 966 2470 ea-

185 2501 261 2523 rum
276 2491 455 2522 formarum
470 2492 628 2522 introrsus
643 2491 772 2522 haurire
793 2492 964 2532 imagines,

188 2554 260 2585 quae
275 2547 407 2585 possunt
424 2547 479 2576 aut
494 2545 642 2576 edomita}
660 2545 763 2575 carnis
777 2546 967 2576 resuscitare

188 2598 380 2638 igniculum,
393 2601 449 2630 aut
456 2599 580 2640 pudicae
591 2599 707 2629 mentis
719 2599 879 2630 maculare
888 2600 968 2631 nito-

222 2679 230 2694 ¹
247 2678 331 2731 Prgv„
348 2685 386 2710 Vl,
403 2681 484 2705 27-28.
501 2693 530 2698 —
545 2680 553 2694 ²
570 2679 671 2710 Mansa„
690 2685 739 2710 xil,
761 2681 799 2705 36.
816 2693 846 2698 -
860 2680 870 2696 ³
886 2680 968 2711 Pron,

192 2719 268 2744 xvm,
282 2717 321 2739 ..1.

1720 217 1778 247 309

996 290 1079 313 rem.
1092 281 1262 313 Asserebat
1274 282 1368 314 etiam
1383 282 1539 314 frivolum
1552 292 1622 315 esse
1633 283 1780 315 mulieris

997 335 1206 375 colloquium,
1222 337 1354 377 excepta
1368 336 1436 369 sola
1449 337 1647 369 confessione
1666 337 1717 369 vel
1729 337 1780 368 in-

997 389 1170 421 structione
1192 390 1400 428 brevissima,
1413 392 1509 431 juxta
1524 391 1610 431 quod
1633 392 1665 422 et
1685 390 1781 422 saluti

997 442 1125 483 expedit
1136 467 1144 481 ,
1168 444 1199 474 et
1220 443 1372 483 congruit
1390 444 1560 475 honestati.
1589 444 1668 482 Quae
1693 446 1780 483 sunt,

998 496 1114 537 inquit,
1132 496 1296 536 Religioso
1311 506 1385 528 cum
1394 497 1529 530 muliere
1544 498 1709 529 tractanda
1722 507 1781 529 ne-

998 550 1096 591 gotia,
1117 550 1179 581 nisi
1201 560 1276 582 cum
1296 553 1438 582 sanctam
1460 551 1681 592 poenitentiam
1694 575 1704 590 ,
1730 552 1783 583 vel

998 604 1141 636 melioris
1166 604 1242 636 vitae
1266 604 1448 644 consilium,
1465 605 1614 646 religiosa
1628 605 1783 646 petitione

999 658 1162 699 deposcit?
1177 658 1226 690 Ex
1237 658 1340 689 nimia
1350 658 1520 690 securitate
1531 659 1639 690 minus
1650 661 1784 691 cavetur

998 715 1119 754 hostis,
1136 716 1167 746 et
1190 714 1348 752 diaboluS,
1370 715 1451 746 side
1467 724 1525 747 suo
1550 715 1703 756 capillum
1724 725 1782 757 po-

1000 771 1060 801 test
1076 769 1196 800 habere
1218 769 1252 800 in
1266 769 1400 800 homine
1412 794 1420 809 ,
1437 769 1498 801 cito
1513 779 1697 802 excrescere
1710 771 1784 802 facit

999 823 1033 853 in
1048 823 1184 854 trabem.
1201 822 1310 854 Otium
1325 825 1447 862 autem,
1463 824 1610 855 omnium
1623 824 1785 855 malarum

1000 876 1234 916 cogitationum
1265 877 1425 908 sentinam
1437 901 1446 915 ,
1473 877 1605 908 docebat
1639 886 1784 908 summo-

1000 939 1076 970 pere
1097 929 1301 970 fugiendum,
1327 930 1474 971 exemplo
1497 931 1722 962 demonstrans
1735 940 1785 962 re-

1000 983 1116 1015 bellem
1133 993 1273 1022 carnem,
1293 985 1322 1014 et
1338 984 1479 1024 pigram,
1497 984 1673 1025 disciplinis
1688 984 1787 1016 conti-

1001 1037 1074 1069 nuis
1105 1039 1136 1068 et
1166 1037 1339 1068 fructuosis
1362 1037 1526 1078 labori—bus
1555 1047 1624 1069 esse
1648 1038 1783 1070 doman-

1001 1091 1087 1122 dam.
1105 1090 1194 1122 Unde
1209 1099 1325 1131 corpus
1339 1100 1435 1122 suum
1446 1092 1579 1123 fratrem
1589 1092 1716 1123 asinum
1732 1101 1786 1133 ap-

1002 1145 1151 1186 pellabat,
1174 1146 1331 1185 tanquam
1352 1145 1519 1176 laboriosis
1537 1146 1785 1186 supponendum

1002 1199 1164 1236 oneribus,
1179 1199 1297 1229 crebris
1314 1199 1504 1230 caedendum
1519 1200 1667 1239 flagellis,
1686 1202 1716 1231 et
1731 1200 1786 1231 vili

1002 1253 1120 1294 pabulo
1136 1253 1396 1284 sustentandum.
1417 1253 1449 1284 Si
1465 1262 1563 1293 quem
1584 1262 1661 1285 vero
1682 1263 1789 1284 cerne-

1002 1307 1056 1338 bat
1071 1307 1212 1338 otiosum
1228 1309 1259 1337 et
1272 1316 1397 1346 vagum
1408 1306 1546 1338 aliorum
1560 1307 1640 1338 velle
1651 1307 1787 1338 mandu-

1003 1371 1076 1392 care
1092 1361 1229 1399 labores,
1245 1361 1376 1392 fratrem
1392 1370 1538 1392 muscam
1554 1361 1789 1393 nominandum

1004 1416 1153 1447 censebat
1167 1426 1174 1446 z
1188 1424 1225 1446 eo
1236 1415 1322 1455 quod
1332 1415 1402 1446 talis
1412 1415 1493 1446 nihil
1505 1415 1583 1446 boni
1595 1415 1724 1454 faciens,
1736 1415 1792 1446 sed

1004 1469 1166 1500 benefacta
1178 1469 1334 1507 inficiens,
1343 1468 1441 1500 vilem
1452 1470 1483 1499 et
1493 1469 1745 1500 abominabilem
1759 1478 1793 1500 se

1005 1523 1155 1554 omnibus
1162 1522 1282 1554 reddat.
1291 1522 1516 1563 Propterquod
1523 1522 1602 1553 dixit
1609 1522 1790 1562 aliquando:

1004 1577 1084 1609 Volo
1098 1577 1209 1608 fratres
1226 1585 1313 1607 meos
1331 1576 1479 1607 laborare
1494 1577 1525 1607 et
1539 1576 1720 1615 exercitari,
1735 1585 1791 1615 ne,

1006 1631 1069 1662 otio
1078 1630 1185 1668 dediti,
1196 1639 1252 1670 per
1262 1629 1372 1660 illicita
1380 1630 1474 1660 corde
1485 1628 1665 1669 autlingua
1675 1639 1794 1670 vagen-

1006 1687 1072 1716 tur.
1090 1683 1323 1723 Evangelicum
1340 1683 1499 1723 siquidem
1517 1683 1794 1715 volebatafratri-

1008 1738 1069 1769 bus
1077 1737 1241 1769 observari
1252 1737 1415 1768 silentium
1424 1738 1445 1776 Ξ,
1455 1738 1490 1768 ut
1498 1737 1646 1768 videlicet
1656 1737 1695 1768 ab
1706 1736 1795 1768 omni

1010 1792 1112 1822 otioso
1127 1791 1227 1822 verbo
1242 1791 1331 1821 omni
1346 1793 1490 1831 tempore
1510 1791 1707 1821 abstinerent
1729 1790 1794 1821 sol-

1010 1846 1106 1883 licite,
1133 1848 1289 1885 tanquam
1311 1845 1468 1875 reddituri
1493 1844 1526 1874 in
1551 1844 1601 1875 die
1619 1844 1733 1883 judicii
1757 1843 1796 1874 de

1011 1899 1200 1939 huiusmodi
1226 1898 1396 1929 rationem.
1426 1897 1488 1929 Sed
1503 1900 1534 1929 et
1549 1898 1575 1928 si
1592 1907 1690 1938 quem
1711 1897 1797 1929 inve-

1013 1953 1111 1984 nisset
1141 1953 1274 1982 fratrem
1305 1951 1414 1983 verbis
1436 1953 1600 1982 assuetum
1625 1951 1775 1982 inanibus
1786 1975 1796 1989 ,

1014 2007 1129 2038 acriter
1145 2006 1322 2045 arguebat,
1339 2004 1592 2035 taciturnitatem
1609 2004 1797 2040 modestam,

1015 2063 1045 2092 et
1068 2060 1141 2100 puri
1161 2059 1265 2090 cordis
1289 2059 1456 2090 affirmans
1480 2058 1676 2097 custodiam,
1693 2060 1724 2089 et
1737 2067 1801 2089 non

1016 2114 1177 2145 modicam
1206 2122 1274 2144 esse
1298 2113 1453 2143 virtutem
1468 2137 1474 2151 ‚
1491 2121 1549 2152 pro
1564 2121 1601 2143 eo
1616 2112 1702 2152 quod
1715 2121 1802 2143 mors

1017 2170 1048 2199 et
1067 2168 1134 2199 vita
1160 2167 1229 2197 fore
1254 2166 1427 2197 dicuntur³
1442 2166 1477 2196 in
1501 2166 1649 2196 manibus
1664 2165 1800 2204 linguae,

1018 2231 1083 2253 non
1095 2224 1161 2251 tam
1172 2220 1295 2250 ratione
1311 2221 1440 2259 gustus,
1454 2228 1553 2259 quam
1561 2219 1684 2250 ratione
1692 2219 1804 2259 loque-

1018 2275 1071 2306 lae.
1089 2274 1177 2305 Licet
1193 2276 1301 2304 autem
1317 2281 1376 2313 pro
1391 2272 1515 2304 viribus
1533 2272 1572 2303 ad
1587 2273 1687 2304 vitam
1702 2275 1804 2303 auste-

1020 2339 1090 2361 ram
1107 2330 1221 2360 fratres
1238 2329 1421 2367 induceret,
1446 2338 1512 2359 non
1536 2330 1643 2359 tamen
1661 2328 1689 2359 ei
1705 2328 1806 2368 place-

1021 2384 1075 2414 bat
1099 2382 1306 2414 districtionis
1328 2382 1498 2420 severitas,
1513 2390 1586 2421 quae
1601 2381 1724 2421 pietatis
1740 2390 1806 2412 non

1022 2437 1132 2468 induit
1147 2437 1282 2476 viscera,
1300 2446 1357 2467 nec
1374 2439 1420 2467 est
1439 2435 1636 2467 discretionis
1656 2435 1721 2466 sale
1735 2444 1808 2466 con-

1024 2492 1100 2523 dita.
1129 2491 1209 2521 Cum
1228 2491 1314 2521 enim
1331 2490 1469 2531 quadam
1486 2491 1575 2520 nocte
1591 2498 1676 2519 unus
1689 2498 1729 2520 ex
1745 2490 1808 2520 fra·-

1024 2546 1143 2583 tribus,
1161 2554 1228 2584 prae
1242 2545 1406 2575 nimietate
1421 2543 1622 2574 abstinentiae
1635 2543 1810 2574 admodum

1024 2600 1112 2630 fame
1128 2598 1300 2636 cruciatus,
1319 2598 1441 2629 nullam
1463 2599 1567 2637 posset
1588 2597 1706 2627 habere
1724 2597 1812 2636 quie-

1026 2655 1105 2690 tem,
1124 2652 1382 2691 intelligeretque
1398 2651 1469 2691 pius
1482 2653 1588 2690 pastor
1604 2650 1658 2681 ovi
1672 2659 1739 2681 suae
1755 2651 1813 2681 im-

1028 2707 1153 2737 minere
1170 2706 1360 2746 periculum,
1371 2705 1497 2736 vocavit
1511 2705 1652 2743 fratrem,
1668 2705 1814 2744 apposuit
