2029 3052
185 220 253 252 -238

193 286 269 315 citur
281 293 364 316 mare
384 288 506 325 propter
519 287 703 318 affluentiam
719 289 749 317 et
765 287 887 325 copiam
905 295 974 324 gra-

193 333 312 362 tiarum.
327 333 410 364 Unde
422 334 566 372 scriptum
578 336 622 364 est
637 334 669 363 in
683 335 844 364 Ecclesiaste
857 335 866 354 ⁴
884 344 892 364 ε
910 335 974 364 Om-

192 382 242 408 m'a
254 382 370 416 flumina
388 383 494 410 intrant
511 383 542 410 in
560 389 645 410 mare.
670 381 807 411 Flumina
820 384 890 411 sunt
903 382 974 411 oha-

192 427 316 457 rismata
335 427 459 465 Spiritus
479 428 589 464 sanet13
606 427 688 457 unde
709 430 838 458 :oannes
853 429 925 458 dicit
937 430 948 447 ¹
964 438 972 457 :

194 474 250 509 Qui
261 476 350 504 credit
363 476 395 504 in
408 483 460 510 me,
475 477 548 504 sicut
563 475 633 504 dicit
645 475 798 512 Scriptura,
811 477 927 512 flumina
941 477 974 506 de

192 524 284 551 ventre
297 523 355 558 ejus
367 524 451 558 fluent
466 530 544 558 aquoe
561 524 640 551 viuoe.
665 524 722 552 Hoc
741 526 833 552 autem
851 524 926 552 dimit
941 524 975 552 de

193 569 314 605 Spiritu,
329 577 406 606 quem
426 571 565 606 accepturi
586 573 665 598 erant
688 570 823 599 eredentes
853 572 884 598 in
902 578 973 599 eum.

193 616 299 646 Omnia
313 624 384 653 ergo
396 616 521 646 flumina
534 617 645 646 intrant
664 617 696 646 in
710 625 804 653 mare,
820 617 894 647 dum
908 625 973 647 om-

193 663 243 691 nia
264 663 441 692 charismata
461 665 635 694 sanctorum
656 665 766 694 intrant
788 665 820 693 in
839 665 972 694 Mariam.

194 710 319 739 Flumen
341 711 422 740 enim
439 712 540 748 gratiae
561 711 738 749 angelorum
760 712 850 741 intrat
869 712 901 740 in
914 714 974 741 Ma-

194 757 280 794 riam,
289 759 319 786 et
326 757 439 787 flumen
446 759 546 795 gratiae
552 759 790 796 patriarcharum
801 761 830 787 et
843 759 972 796 prophe-

194 805 292 833 tarum
310 805 399 834 intrat
411 805 441 834 in
462 806 594 841 Mariam,
609 807 638 835 et
651 806 764 834 flumen
778 805 880 842 gratioe
899 814 974 843 apo-

193 851 339 880 stolorum
360 852 448 881 intrat
470 853 502 880 in
525 852 666 886 Mariam,
690 855 718 880 et
740 853 852 881 flumen
873 853 974 889 gratiae

193 901 358 935 martyrum
377 899 466 928 intrat
487 899 518 927 in
541 899 671 935 Mariam,
695 902 723 928 et
744 899 855 928 flumen
874 900 975 936 gratiae

194 945 397 974 consessorum
411 946 498 976 intrat
510 946 539 974 in
554 947 686 981 Mariam,
700 948 728 975 et
741 947 854 976 flumen
872 947 974 983 gratiae

194 992 344 1028 virginum
365 993 452 1021 intrat
475 993 504 1021 in
529 993 660 1022 Mariam.
684 994 783 1022 Omm'a
802 996 916 1029 flumina
931 996 974 1022 in-

194 1042 270 1067 trant
288 1041 317 1067 in
336 1048 424 1076 mare,
450 1040 479 1067 id
502 1042 544 1068 est
563 1048 668 1069 omncs
690 1041 790 1076 gratiae
812 1042 921 1070 intrant
943 1042 972 1070 in

194 1086 324 1115 Mariam.
341 1086 422 1115 Unde
441 1086 506 1123 ipsa
528 1087 640 1124 optime
663 1087 761 1116 dicere
780 1091 877 1125 potest
898 1089 973 1117 illud

194 1134 378 1161 Ecclesiastici
392 1134 456 1161 ⁸:121
470 1142 511 1162 me
523 1135 610 1162 omnis
624 1136 717 1169 qratia
724 1137 776 1163 viae
790 1138 815 1163 et
834 1137 973 1171 veritatis,

195 1183 219 1208 et
235 1182 265 1208 in
279 1188 320 1208 me
335 1182 420 1209 omnis
434 1189 494 1217 spes
507 1183 572 1209 vitae
586 1184 611 1209 et
626 1182 747 1209 virtutis.
766 1181 843 1216 Quid
853 1183 973 1218 mirum,

195 1227 218 1255 si
234 1228 332 1256 omnis
347 1228 442 1264 gratia
456 1228 486 1256 in
502 1228 622 1256 Mariam
638 1228 797 1263 confluxit,
813 1237 867 1266 per
882 1238 973 1266 quam

195 1277 275 1303 tanta
293 1275 387 1310 gratia
407 1275 445 1304 ad
463 1283 566 1303 omnes
580 1275 727 1304 defluxit?
750 1276 793 1304 Ait
808 1277 887 1305 enim
899 1278 972 1306 bea-

195 1324 240 1350 tus
255 1322 450 1358 Augustinus:
471 1322 591 1351 «Gratia
605 1331 635 1350 es
650 1323 751 1359 plena,
767 1324 866 1358 illaria,
883 1332 974 1360 quam

195 1369 276 1405 apud
299 1370 458 1398 Dominum
485 1370 633 1405 invenisti,
658 1373 685 1398 et
699 1370 776 1398 hanc
799 1379 852 1407 per
881 1374 974 1400 totum

195 1417 343 1444 mundum
352 1417 504 1445 essundere
520 1417 661 1445 meruisti.
671 1427 683 1443 n

231 1464 366 1492 Secundo
389 1464 556 1499 considera,
577 1464 764 1500 charissime,
787 1466 870 1501 quod
886 1466 975 1495 Maria

195 1510 224 1538 in
237 1511 374 1548 passione
399 1511 451 1539 filii
470 1512 515 1538 sui
539 1511 626 1540 valde
646 1520 749 1540 amara
770 1512 833 1547 suit,
851 1513 974 1549 quando

194 1566 279 1586 suam
295 1558 386 1594 ipsius
401 1559 532 1586 animam
550 1559 668 1594 gladius
683 1561 878 1595 pertransivit.
896 1561 975 1589 [nde

195 1606 258 1641 ipsa
268 1606 344 1634 bene
357 1606 452 1642 potuit
467 1606 564 1634 dicere
587 1606 660 1634 illud
676 1607 761 1635 llulh‘
779 1616 785 1634 :
803 1608 863 1635 Nou
879 1610 976 1636 vocetis

196 1661 236 1681 mc
246 1654 352 1688 Νοεηιί,
363 1653 392 1680 iil
407 1656 444 1681 est
460 1654 665 1688 palrlu·am,setl
680 1657 769 1681 vocale
789 1663 828 1681 me
838 1655 930 1689 Illum,
947 1655 976 1681 i'd

196 1702 233 1727 est
249 1708 378 1731 amaram,
408 1697 473 1735 (Ῑυίιι
499 1701 686 1727 amaritudine
704 1701 782 1728 valde
806 1703 918 1736 replerit
936 1710 977 1729 me

198 1747 379 1782 Omnipotens.
394 1749 501 1775 Amara
511 1747 564 1774 fuit
580 1747 693 1781 Noemi,
705 1747 776 1783 quia
791 1748 851 1776 duo
866 1748 918 1776 filii
930 1749 976 1776 sui

195 1794 314 1823 suerunt
328 1794 447 1822 mortui.
466 1795 566 1822 Nocmi
581 1794 706 1831 pulchra
724 1798 751 1822 et
763 1803 865 1823 amara
880 1795 977 1831 signat

198 1842 328 1875 Mariam,
348 1841 505 1878 pulchram
525 1841 648 1877 quidem
666 1850 719 1877 per
740 1842 862 1878 Spiritus
884 1845 975 1871 sancti

197 1887 468 1922 sanctificationem,
486 1895 619 1916 amaram
632 1896 704 1916 vero
719 1896 773 1924 per
788 1889 838 1917 tilii
852 1890 896 1918 sui
912 1899 977 1927 pas-

197 1937 322 1964 sionem.
340 1937 401 1963 Duo
417 1938 516 1963 autem
532 1935 582 1962 tilii
599 1935 692 1963 Mariae
707 1938 773 1963 sunt
785 1936 876 1965 homo
891 1939 976 1974 Deus,

198 1986 225 2011 ct
240 1984 331 2011 homo
351 1991 457 2019 purus;
479 1983 566 2010 unius
583 1983 661 2010 enini
681 1983 886 2019 corporaliter,
906 1985 978 2013 alte-

197 2030 258 2058 rius
280 2030 468 2066 spiritualiter
491 2032 583 2058 inaler
598 2032 638 2057 est
660 2030 757 2058 Maria.
779 2031 859 2059 Unde
874 2031 978 2060 beatus

199 2077 363 2106 Bernartius
379 2078 417 2105 ait
434 2086 440 2104 :
460 2088 472 2103 α
486 2079 525 2105 Tu
542 2079 635 2105 mater
650 2078 746 2113 Regis,
761 2080 789 2105 tu
806 2081 899 2106 mater
909 2087 978 2107 exu-

198 2125 252 2152 lis:
268 2127 298 2152 tu
314 2128 407 2153 mater
422 2124 481 2160 Dei,
498 2127 528 2152 tu
544 2127 637 2152 mater
649 2125 758 2160 judicis
773 2135 779 2153 :
795 2128 822 2153 et
839 2128 868 2153 tu
885 2128 979 2154 mater

200 2173 248 2201 Dei
263 2174 290 2200 et
304 2172 444 2206 hominis,
456 2180 523 2200 cum
534 2172 673 2200 matersis
689 2172 854 2209 utriusque,
869 2173 979 2202 discor-

200 2220 281 2247 diam
297 2220 371 2247 inter
391 2219 468 2247 tilios
494 2221 558 2247 tuos
582 2219 687 2255 nequis
701 2220 854 2247 sustinere.
872 2231 884 2245 n
909 2221 977 2249 ldeo

201 2268 371 2295 exclamans
387 2267 542 2294 anselmus
564 2267 601 2294 ait
619 2277 626 2293 :
647 2279 658 2290 «ι
676 2270 697 2294 0
713 2267 798 2295 beata
816 2268 937 2302 fiducia,
960 2277 977 2296 ο

202 2316 294 2342 tutum
310 2313 468 2349 refugium,
495 2316 587 2341 mater
602 2313 660 2348 nei,
677 2316 704 2341 et
720 2317 812 2342 mater
830 2318 945 2344 nostra!
963 2327 976 2341 »

202 2362 247 2390 lsti
258 2361 318 2389 duo
333 2360 385 2388 filii
400 2360 493 2388 Mariw
507 2360 597 2387 ambo
612 2361 720 2388 mortui
736 2361 853 2389 suerunt
870 2362 897 2390 in
916 2371 980 2398 pas-

201 2409 283 2436 sione
305 2418 312 2435 :
337 2416 414 2435 unus
437 2408 467 2434 in
491 2415 627 2443 corpore,
656 2408 731 2435 alius
750 2410 846 2436 mente
865 2419 871 2436 :
902 2417 979 2437 unus

202 2455 296 2483 erucis
319 2454 497 2489 acerbitate,
521 2454 594 2482 alter
617 2455 722 2482 mentis
743 2455 926 2484 infidelitate.
949 2458 980 2484 Et

202 2503 270 2530 idco
286 2502 399 2530 viscera
415 2501 508 2530 Mariae
523 2501 610 2529 valde
631 2501 742 2537 repleta
763 2503 879 2530 suerunt
899 2511 980 2531 ama-

202 2549 340 2583 ritudine,
365 2549 439 2576 sicut
455 2551 570 2576 sanctus
591 2548 769 2583 Augustinus
786 2551 915 2584 testatur,
934 2550 979 2577 di-

203 2604 272 2625 cens
283 2605 288 2624 :
301 2608 312 2622 (ι
321 2596 383 2631 Illa,
393 2596 499 2632 inquit,
508 2595 557 2632 pia
567 2597 659 2623 mater
668 2595 789 2623 immani
802 2596 907 2624 dolore
921 2597 980 2632 eju-

236 2660 242 2676 ·
261 2659 352 2690 Ecca»,
369 2666 386 2686 ι,
405 2660 427 2682 ’1.
441 2673 471 2677 -
489 2659 497 2673 ²
513 2659 595 2687 loun„
611 2664 662 2690 vil,
678 2660 716 2683 33.
732 2672 763 2677 ·-—
778 2659 787 2675 ³
804 2659 889 2687 Eccli.v
906 2666 982 2689 xxiv,

203 2697 241 2720 25.
257 2708 288 2713 —
303 2696 307 2708 ¹
324 2695 396 2721 Ruth.
416 2701 433 2725 l,
452 2697 490 2718 20.
510 2709 534 2711 ᾖ
552 2699 559 2708 ·“
578 2694 666 2721 Ε.ιόιΙ.,
683 2701 725 2724 ΧΥ,
742 2697 779 2718 11).

626 220 837 254 SPECULUM
858 219 1004 253 BEATAE
1023 219 1166 255 mniAE
1187 221 1377 254 VlRGlNIS.

1027 288 1105 325 lane,
1116 290 1250 326 ‘pectora
1270 288 1425 318 debilitate.
1443 287 1645 325 contundens,
1653 288 1810 328 tuipsius

1027 335 1143 366 viscera
1156 336 1318 374 omniaque
1329 335 1467 365 membra
1472 335 1659 372 fatigaverat,
1671 337 1707 365 ut
1714 335 1810 366 ineo&

1027 391 1064 412 su
1077 383 1229 420 deficiens,
1250 383 1300 412 vix
1312 384 1469 421 pervenire
1483 383 1628 422 potuisset
1645 383 1687 413 ad
1706 383 1812 415 Christ

1027 429 1128 459 funus.
1142 440 1157 458 w
1180 430 1268 460 vides
1289 430 1383 460 modo
1403 430 1560 468 quomodo
1576 431 1667 460 Maria
1679 430 1717 460 sit
1728 435 1812 460 mare

1027 477 1152 514 Spiritus
1165 478 1276 514 sancti3
1296 477 1382 507 vides
1403 478 1548 514 seeundo,
1572 477 1729 515 quomodo
1746 477 1813 515 ipsa

1027 523 1065 552 sit
1075 532 1180 554 amara
1192 532 1249 561 pro
1263 526 1360 554 morte
1373 524 1428 553 filii
1441 525 1499 554 sui.

1063 571 1158 600 Tertio
1174 571 1341 607 considera,
1360 571 1544 608 charissime,
1560 571 1646 609 quod
1665 571 1756 601 Maria
1769 574 1814 601 eet

1029 625 1110 646 mare
1119 625 1258 647 amarum
1265 618 1402 653 diabolo,
1412 619 1442 647 et
1451 618 1566 654 angelis
1581 619 1646 655 ejus
1653 626 1708 656 per
1714 619 1814 656 ipsum

1028 665 1193 702 oppressis,
1208 665 1467 702 quemadmodum
1490 668 1568 695 Mare
1583 665 1718 695 Rubrum
1732 673 1814 695 ema-

1027 719 1095 740 rum
1104 712 1159 741 fuit
1176 713 1320 750 AEgyptiis
1337 713 1368 742 in
1382 713 1448 750 ipso
1462 713 1636 749 submersis,
1650 713 1689 742 de
1703 712 1815 750 quibus

1027 759 1154 789 habetur
1167 761 1199 789 in
1212 761 1317 790 Exodo
1338 761 1350 779 ⁵
1367 770 1374 789 ε
1394 761 1515 790 Reduaeit
1529 769 1611 798 super
1626 769 1670 790 eos
1683 762 1814 790 Dominus

1028 815 1114 843 aquas
1125 809 1220 836 maris.
1241 809 1263 837 0
1284 816 1378 845 quam
1391 816 1527 838 amarum
1541 811 1570 837 et
1590 809 1757 838 timendum
1771 810 1816 838 est

1027 854 1086 883 hoc
1099 862 1181 884 mare
1196 855 1355 892 AEgyptiis!
1378 858 1401 886 0
1415 863 1508 892 quam
1523 863 1627 885 amara
1641 858 1668 885 et
1682 856 1813 885 timenda

1028 904 1071 931 est
1084 902 1147 931 haee
1161 903 1250 932 Maria
1264 903 1466 932 daemonibus!
1482 903 1564 932 Unde
1577 904 1682 932 beatus
1691 905 1814 933 Bernar-

1029 949 1086 978 dus
1098 960 1104 978 :
1123 960 1137 977 ιι
1147 952 1212 979 Non
1226 951 1268 979 sie
1283 951 1388 980 timent
1399 951 1498 980 hostes
1518 951 1652 980 visibiles
1669 952 1755 989 quasi
1768 959 1815 983 m-

1028 999 1157 1026 strorum
1180 997 1402 1026 multitudinem
1426 998 1600 1035 copiosam,
1621 998 1698 1027 sicut
1722 1006 1815 1027 aereae

1028 1046 1186 1080 potestates
1210 1045 1304 1073 Mariae
1327 1045 1521 1080 vocabulum,
1544 1045 1766 1081 patrocinium,
1786 1047 1815 1074 et

1029 1091 1219 1128 exemplum:
1237 1091 1334 1120 fluunt
1351 1094 1379 1120 et
1400 1094 1524 1128 pereunt
1537 1092 1614 1120 sicut
1624 1099 1694 1120 cera
1707 1100 1726 1120 a
1739 1091 1814 1121 facie

1030 1138 1122 1173 ignis,
1136 1138 1320 1175 ubicumque
1335 1138 1489 1167 inveniunt
1503 1138 1640 1168 crebram
1654 1139 1743 1175 hujus
1756 1147 1813 1168 no-

1030 1185 1118 1213 minis
1138 1185 1397 1221 recordationem,
1422 1185 1562 1214 devotam
1582 1185 1812 1222 invocationem,

1029 1232 1186 1260 sollicitam
1207 1232 1411 1261 imitationem.
1432 1233 1478 1261 Sic
1497 1240 1569 1269 ergo
1584 1233 1679 1268 vides,
1703 1233 1813 1261 charis-

1030 1279 1114 1314 sime,
1127 1279 1284 1315 quomodo
1303 1280 1392 1308 illaria
1407 1282 1450 1308 est
1464 1288 1546 1308 mare
1560 1288 1614 1316 per
1628 1279 1813 1308 affluentiam

1029 1334 1090 1354 suae
1107 1326 1288 1362 repletionis,
1314 1327 1469 1363 quomodo
1493 1326 1583 1355 uaria
1598 1328 1641 1355 est
1657 1335 1739 1355 mare
1760 1335 1814 1364 per

1031 1373 1248 1402 vehementiam
1263 1373 1421 1402 dominicae
1435 1373 1598 1410 passionis,
1614 1375 1641 1402 et
1656 1373 1812 1410 quomodo

1030 1420 1120 1448 Maria
1135 1422 1176 1448 est
1194 1428 1275 1448 mare
1291 1428 1428 1448 amarum
1451 1428 1505 1456 per
1524 1420 1688 1456 potentiam
1710 1419 1814 1448 diabo-

1031 1467 1094 1495 licae
1109 1467 1334 1495 submersionis.

1067 1515 1287 1550 consequenter
1301 1513 1553 1542 considerandum
1568 1516 1611 1542 est
1624 1513 1708 1550 quod
1722 1514 1813 1541 Maria

1031 1561 1238 1597 interpretatur
1252 1561 1335 1589 stella
1350 1561 1448 1589 maris.
1467 1562 1524 1589 lioc
1550 1561 1661 1597 optime
1675 1560 1814 1589 convenit

1032 1609 1137 1642 Μαι-ὴν,
1166 1617 1233 1645 quoe
1248 1609 1322 1644 gerit
1343 1608 1475 1636 ossicium
1496 1608 1586 1636 stelloe.
1607 1608 1740 1636 marinae.
1763 1608 1813 1636 Le-

1033 1656 1111 1691 gitur
1125 1656 1217 1690 enim,
1238 1658 1265 1683 et
1282 1664 1386 1684 verum
1402 1658 1453 1690 est,
1474 1655 1556 1691 quod
1575 1658 1732 1683 nautarum
1747 1662 1813 1683 mos

1033 1705 1086 1737 est,
1099 1705 1129 1731 ut
1144 1711 1212 1731 cum
1225 1703 1253 1731 in
1275 1703 1408 1739 aliquam
1428 1704 1535 1730 terram
1551 1702 1693 1738 navigare
1713 1702 1814 1738 dispo-

1032 1753 1115 1785 nunt,
1132 1758 1226 1778 unum
1241 1750 1323 1778 sidus
1338 1749 1471 1785 eligunt,
1487 1749 1570 1784 quus
1586 1749 1671 1784 signo
1686 1748 1752 1777 luce
1770 1756 1814 1777 ra-

1033 1796 1143 1832 diante,
1159 1797 1189 1825 in
1205 1805 1282 1831 eam,
1299 1805 1389 1833 quam
1407 1796 1577 1824 desiderant
1597 1798 1724 1832 partem,
1748 1803 1814 1832 pos-

1033 1847 1100 1872 sunt
1113 1845 1175 1872 sine
1191 1852 1290 1872 errore
1306 1843 1427 1872 adduci.
1450 1843 1517 1871 Tale
1533 1845 1609 1871 certe
1624 1843 1758 1871 officium
1773 1844 1815 1870 est

1033 1891 1123 1919 stelloe
1137 1894 1244 1920 nostrae
1259 1891 1362 1925 Mariae,
1383 1899 1449 1927 quse
1469 1890 1642 1926 navigantes
1656 1898 1710 1926 per
1733 1897 1815 1918 mare

1034 1938 1138 1966 mundi
1154 1939 1182 1966 in
1198 1939 1266 1966 navi
1287 1938 1475 1972 innocentiae,
1491 1937 1539 1966 vel
1560 1937 1750 1974 poenitentiae,
1766 1937 1816 1965 di—

1035 1986 1101 2022 rigit
1116 1986 1155 2014 ed
1170 1986 1249 2014 littus
1264 1986 1387 2014 ccrlestis
1403 1985 1513 2021 patriae.
1531 1986 1651 2020 Propter
1665 1984 1722 2013 hoc
1739 1984 1814 2012 bene

1035 2033 1221 2061 lunocentius
1244 2033 1283 2061 ait
1297 2033 1338 2060 sie
1355 2042 1361 2060 ε
1389 2043 1401 2057 (ι
1416 2032 1529 2065 Quibus
1554 2031 1672 2060 auxiliis
1693 2033 1817 2067 possunt

1035 2082 1259 2110 navesiulertot
1269 2081 1400 2117 pericula
1414 2081 1591 2116 pertransire
1611 2087 1705 2115 usque
1721 2078 1760 2106 ad
1771 2078 1816 2106 lit-

1036 2131 1080 2156 tus
1090 2129 1191 2165 patriae
1201 2130 1214 2155 ?
1229 2129 1321 2162 certo,
1331 2138 1344 2153 »a
1356 2127 1461 2163 inquit,
1473 2137 1485 2150 r<
1494 2134 1546 2162 per
1559 2126 1632 2161 duo,
1642 2125 1752 2154 scilicet
1764 2132 1816 2161 per

1034 2176 1149 2211 lignum
1165 2177 1192 2203 et
1203 2175 1328 2209 stellam,
1345 2174 1375 2202 id
1385 2176 1425 2202 est
1440 2173 1593 2210 perfidem
1603 2173 1709 2207 erucis,
1721 2175 1749 2201 et
1762 2180 1817 2209 per

1035 2222 1172 2250 virtutem
1184 2222 1268 2256 lucis,
1286 2229 1377 2257 quam
1393 2220 1506 2257 peperit
1521 2220 1608 2248 nobis
1623 2220 1710 2248 Maria
1725 2220 1817 2248 maris

1035 2269 1152 2297 stella.»
1171 2271 1245 2296 liene
1262 2270 1360 2296 autem
1378 2267 1465 2295 Maria
1479 2267 1574 2295 Stelloe
1590 2267 1681 2295 maris
1695 2275 1817 2303 compa-

1035 2318 1126 2351 ratur,
1141 2318 1261 2352 propter
1274 2316 1444 2351 puritatem,
1459 2316 1582 2351 propter
1602 2314 1816 2349 ramositatem,

1035 2366 1062 2391 et
1076 2365 1196 2399 propter
1219 2362 1384 2390 utilitatem.
1401 2361 1489 2389 Maria
1504 2361 1582 2389 enim
1600 2363 1642 2389 est
1656 2361 1740 2389 stella
1761 2369 1815 2397 pu-

1036 2410 1162 2443 rissima,
1178 2409 1262 2437 stella
1277 2409 1489 2442 ramosissimu,
1501 2410 1529 2436 et
1543 2408 1628 2436 stella
1641 2407 1794 2436 utilissima
1807 2417 1814 2435 ε

1036 2457 1125 2485 Maria
1145 2459 1187 2485 est
1212 2457 1295 2484 stella
1319 2457 1477 2493 purissima
1494 2455 1649 2492 purissime
1670 2454 1813 2490 vivend0;

1037 2506 1064 2531 et
1082 2504 1169 2532 Maria
1191 2505 1234 2531 est
1257 2503 1338 2531 stella
1364 2503 1575 2537 radiosissima,
1598 2502 1716 2529 radium
1735 2504 1816 2529 oeter-

1037 2559 1108 2578 num
1133 2551 1292 2586 pericuum
1315 2551 1403 2578 Maria
1425 2552 1467 2577 cst
1489 2549 1571 2577 stella
1592 2548 1756 2583 utilissima,
1776 2548 1815 2576 ad

1037 2598 1115 2625 littus
1130 2598 1230 2633 patriw
1246 2597 1414 2632 dirigendo.

1072 2645 1169 2673 Primo
1178 2652 1248 2680 ergo
1259 2644 1426 2678 considera,
1439 2642 1619 2676 charissime,
1633 2642 1716 2678 quod
1727 2642 1815 2670 Maria

1037 2694 1077 2719 est
1094 2692 1177 2719 stella
1192 2692 1360 2727 purissima,
1382 2691 1444 2718 sine
1459 2692 1581 2726 peceato
1598 2689 1754 2725 purissime
1768 2689 1814 2717 vi-

1865 1515 1934 1537 Muri·

1827 1550 1861 1570 est
1871 1547 1934 1568 «tella

1828 1586 1903 1601 muris.
