2029 3052
272 297 331 327 53⁹2

269 361 383 403 pediti.
393 360 426 393 Si
439 359 526 392 enim
538 365 706 398 nunquam
716 355 905 387 deberemus
916 353 1046 393 morari,

269 415 332 447 nisi
352 415 392 447 de
415 413 580 447 voluntate
603 410 805 442 clericorum.
819 409 878 441 vix
904 416 1050 448 unquam

269 470 303 501 in
322 468 462 501 Ecclesia
483 473 650 507 possemus
663 463 719 495 diu
740 462 874 501 morari,
891 462 969 494 dum
993 470 1050 501 per

269 532 314 562 se,
333 525 388 554 aut
412 520 534 552 incitati
558 528 615 560 per
636 517 732 555 alios,
754 516 904 556 ejicerent
930 524 990 546 nos
1011 515 1050 546 de

269 576 430 617 parochiis
450 574 518 606 suis
546 573 662 614 potius,
681 579 780 612 quam
807 569 971 601 haereticos
998 568 1050 600 vel

269 630 286 662 J
288 630 410 661 udaeos.
426 627 591 669 Episcopis
603 626 700 658 etiam
710 624 834 656 nullam
848 623 984 655 facimus
998 622 1048 652 in-

266 684 403 725 juriam,
424 692 499 715 cum
522 691 588 714 non
603 689 778 721 gravemus
794 685 848 710 eos
869 679 902 709 in
928 677 1048 718 aliquo,

269 739 324 770 sed
348 739 503 779 juvemus
541 735 742 777 praedicando
758 757 768 772 ,
797 735 828 764 et
857 731 1050 763 consulendo

269 802 383 825 eorum
409 790 561 830 subditis,
586 791 623 821 ut
656 788 803 820 devotius
826 786 994 823 obediant,
1019 788 1051 816 et

268 856 351 879 onus
364 845 534 886 regiminis
548 852 662 876 eorum
683 844 772 873 tanto
791 839 981 881 portabilius
996 839 1051 873 fiat

268 901 325 940 eis,
345 900 384 932 de
398 909 463 941 quo
486 899 520 930 in
540 897 660 938 judicio
682 898 826 928 extremo
849 895 975 935 oportet
995 902 1050 925 eos

267 955 399 986 reddere
427 953 595 985 rationem.
627 951 661 982 Si
689 951 798 981 autem
834 950 941 980 movet
969 956 1024 979 eos
1040 971 1048 986 ,

268 1006 355 1046 quod
383 1013 496 1037 sumus
519 1002 659 1043 exempti
678 1011 697 1032 a
716 999 939 1041 ¹iurisdictione
963 999 1048 1039 ipso—

266 1069 342 1092 rum
359 1059 466 1100 quoad
485 1057 651 1098 nosipsos3
672 1057 747 1087 tunc
761 1064 779 1086 e
799 1063 953 1086 converso
973 1062 1050 1084 con-

267 1115 423 1153 solentur,
440 1113 524 1154 quod
538 1112 704 1143 liberiores
715 1112 802 1148 sunt,
817 1109 902 1150 quod
917 1117 976 1149 pro
990 1117 1050 1139 no-

267 1170 316 1201 bis
340 1179 407 1201 non
433 1170 582 1200 tenentur
603 1166 735 1197 reddere
760 1163 916 1195 rationem
928 1174 937 1200 ;
955 1165 990 1193 ut
1011 1163 1050 1194 de

266 1226 376 1256 nostra
389 1221 624 1263 gubernatione
639 1220 748 1251 carent
772 1218 906 1255 honore,
922 1217 965 1247 ita
986 1216 1050 1246 sint

266 1277 358 1309 liberi
371 1287 390 1308 a
404 1275 618 1308 sollicitudine
641 1276 672 1305 et
692 1272 813 1310 labore,
828 1273 959 1311 excepta
974 1279 1047 1310 pro-

266 1331 409 1364 videntia
422 1330 558 1371 pietatis,
576 1330 606 1360 et
626 1328 710 1358 inter
733 1336 792 1358 nos
815 1326 849 1357 in
871 1335 938 1356 suae
964 1325 1050 1365 pacis

267 1384 390 1416 unitate
412 1381 581 1414 servanda.
599 1379 733 1411 Domino
755 1378 851 1409 ctiam
875 1379 980 1415 terrae,
998 1376 1049 1408 vel

267 1438 366 1477 villae,
384 1446 449 1468 non
476 1436 611 1467 facimus
639 1433 805 1473 injuriam,
822 1432 847 1462 si
872 1441 909 1463 eo
938 1431 1047 1462 incon-

267 1492 363 1531 sulto,
379 1491 571 1532 quandoque
595 1487 698 1520 vocati
716 1497 733 1517 a
755 1486 890 1524 civibus,
908 1485 1047 1516 mansio-

267 1556 342 1578 nem
364 1545 536 1586 recipimus
559 1544 592 1574 in
615 1543 701 1581 villa,
719 1542 774 1573 ubi
804 1541 942 1572 liberum
968 1542 1050 1571 esset

267 1600 323 1638 eiS,
347 1600 372 1630 si
395 1599 525 1636 vellent,
548 1598 710 1629 theatrum
736 1596 849 1633 facere,
871 1594 920 1626 vel
944 1594 1049 1625 locare

266 1653 282 1685 J
287 1653 404 1692 udaeos,
421 1653 472 1684 vel
487 1652 593 1683 locum
609 1651 790 1690 relinquere
804 1658 957 1687 vacuum,
970 1649 1049 1688 quia

267 1708 306 1739 de
320 1708 420 1748 ipsius
436 1707 525 1738 fundi
551 1705 746 1746 possessione
771 1704 816 1734 nil
836 1704 864 1734 ei
884 1702 1046 1733 subtrahi-

267 1771 351 1801 mus,
373 1770 431 1792 nec
454 1760 574 1801 aliquid
601 1758 802 1800 proprietatis
822 1757 912 1788 nohis
930 1757 968 1787 de
995 1755 1048 1786 illo

265 1815 484 1854 vendicamus,
502 1814 641 1845 maxime
656 1821 731 1844 cum
752 1812 836 1843 cives
851 1820 959 1841 amore
975 1819 1047 1841 nos—

266 1872 324 1902 trae
349 1869 607 1901 commorationis
632 1867 750 1898 ibidem
778 1865 907 1896 domino
937 1864 1046 1895 refun-

267 1925 343 1956 dant
364 1925 502 1962 aliunde,
519 1923 545 1954 si
570 1921 648 1963 quid
672 1921 752 1952 sorte
774 1921 812 1951 de
836 1929 910 1950 area
936 1921 1045 1949 nostra

267 1979 397 2011 deberet
423 1986 547 2009 annuos
571 1985 685 2008 census
714 1974 893 2015 percipere,
918 1972 943 2003 si
971 1972 1048 2003 nolit

267 2043 325 2074 pro
350 2033 413 2064 Deo
435 2042 554 2064 carere.
575 2031 656 2063 Nam
681 2030 706 2061 si
728 2030 823 2060 etiam
849 2027 1049 2066 contingeret

267 2097 325 2120 nos
349 2089 420 2128 post
443 2087 512 2118 haec
527 2096 544 2118 a
560 2086 627 2117 loco
652 2085 779 2125 penitus
798 2082 969 2120 discedere,
990 2091 1047 2112 nec

266 2142 479 2175 venderemus
502 2150 621 2179 aream,
639 2149 697 2170 nec
721 2138 816 2169 alicui
839 2139 961 2177 partem
988 2138 1048 2166 tra-

268 2197 428 2234 deremus,
446 2195 499 2226 sed
519 2195 600 2225 sicut
616 2201 803 2224 concessum
818 2193 865 2221 est
879 2190 982 2227 nobis,
1001 2189 1047 2220 eis

268 2250 306 2281 ad
323 2259 404 2290 quos
426 2249 562 2290 pertinet
579 2247 757 2279 dominium
779 2245 1044 2285 relinqueremus.

268 2304 376 2344 Ipsum
401 2312 528 2343 quoque
550 2301 728 2332 oratorium
754 2301 898 2330 nostrum
923 2307 988 2328 non
1013 2298 1047 2327 tit

266 2357 441 2398 parochiali
460 2356 599 2387 ecelesiae
617 2354 852 2395 prafiudicium,
865 2352 896 2382 iu
911 2362 974 2391 quo
990 2361 1047 2381 nec

267 2412 443 2443 oblationes
466 2412 535 2450 ejus
555 2410 594 2440 ad
614 2409 743 2439 missam
766 2406 972 2447 percipimus,
990 2415 1047 2436 nec

267 2466 390 2506 aliquos
405 2464 551 2496 homines
566 2463 606 2493 ah
631 2463 698 2502 ipsa
721 2461 811 2491 uobis
831 2460 1022 2491 attrahimus
1037 2483 1044 2497 ‚

266 2520 346 2559 quin
362 2519 471 2549 omnia
483 2519 558 2558 jura
571 2526 629 2547 sua
644 2516 787 2547 viventes
803 2517 834 2545 et
858 2513 977 2545 mortui
995 2523 1043 2543 ve—

266 2573 369 2604 clesiae
399 2571 573 2613 parochiali
599 2569 790 2610 persole'ant.
821 2568 861 2598 De
883 2567 1046 2607 sepultura

265 2636 342 2659 vero
358 2628 479 2657 constat
489 2635 529 2656 ex
545 2626 615 2665 jure
630 2622 805 2659 communi,
819 2621 903 2661 quod
918 2621 943 2651 si
959 2621 1045 2661 apud

265 2689 324 2711 nos
339 2680 464 2719 eligunt
483 2678 622 2719 sepeliri,
640 2678 779 2717 possent,
795 2677 826 2706 et
845 2675 919 2705 alibi
937 2675 962 2705 si
976 2675 1043 2706 vel-

264 2734 330 2765 lent
351 2734 559 2773 ubicumque,
584 2732 651 2762 sine
670 2729 855 2771 praeiudicio
880 2728 1045 2768 parochia-

297 2798 305 2814 ¹
321 2796 329 2820 l
347 2796 416 2828 Cor.,
431 2802 467 2827 vi,
486 2797 508 2820 7.

740 286 932 318 LIBELLUS
951 283 1246 317 APOLOGETICUS
1270 284 1308 317 ΙΝ
1331 285 1403 317 EOS

1103 352 1143 384 lis
1158 353 1297 385 ecclesiae
1318 353 1379 385 hoc
1402 353 1516 392 facere,
1532 361 1592 384 nec
1609 352 1649 384 ad
1675 352 1737 384 hoc
1754 354 1883 393 possent

1104 406 1138 438 in
1151 407 1259 448 aliquo
1273 407 1434 449 impediri.

1351 501 1467 535 Quaestio
1486 501 1637 529 undecima.

1145 568 1226 606 Quid
1242 577 1322 609 ergo
1337 569 1439 600 dicitis
1453 569 1493 601 ad
1506 570 1578 608 hoc,
1592 569 1678 610 quod
1691 569 1725 600 in
1737 569 1885 610 pluribus

1103 622 1182 654 locis
1199 622 1349 654 dicuntur
1372 623 1484 655 fratres
1498 624 1597 655 vestri
1612 623 1691 655 alios
1705 623 1883 664 religiosos,

1104 676 1156 708 vel
1181 677 1312 709 clericos
1337 677 1466 718 eiecisse
1492 677 1651 709 violenter
1678 677 1718 709 de
1748 677 1886 718 propriis

1104 729 1253 768 ecclesiis,
1269 730 1323 762 vel
1341 731 1553 770 monasteriis,
1569 733 1601 762 et
1614 731 1733 763 ibidem
1747 731 1793 762 eis
1806 730 1887 762 invi-

1104 783 1145 815 tis
1159 784 1220 815 sibi
1245 785 1447 816 mansionem
1471 785 1590 821 secisse,
1607 785 1767 825 quomodo
1786 785 1888 825 potest

1105 838 1165 870 hoc
1179 839 1324 870 excusari
1341 839 1381 870 ab
1399 839 1530 880 injuria,
1546 841 1578 870 et
1592 839 1766 870 violentia?

1414 934 1570 969 Responsio.

1146 999 1346 1040 Ubicumque
1369 1000 1429 1032 hoc
1448 1001 1569 1032 factum
1591 1003 1656 1040 est,
1672 1009 1739 1031 non
1761 1002 1809 1032 est
1830 1009 1887 1041 per

1104 1054 1241 1086 fratrum
1269 1055 1456 1086 violentiam
1486 1055 1606 1086 factum
1621 1079 1629 1094 ,
1656 1055 1710 1086 sed
1744 1054 1796 1087 vel
1831 1063 1888 1095 per

1104 1108 1288 1149 episcopum
1304 1109 1376 1148 loci,
1393 1109 1445 1141 vel
1461 1118 1501 1140 ex
1521 1110 1615 1150 jussu
1636 1108 1761 1140 Domini
1777 1108 1885 1149 Papae,

1105 1163 1159 1204 qui
1185 1163 1367 1204 intelligens
1382 1164 1512 1195 clericos
1532 1163 1613 1202 illos,
1631 1163 1682 1194 vel
1705 1162 1884 1202 religiosos,

1105 1217 1150 1248 ibi
1175 1217 1282 1249 minus
1306 1218 1439 1249 honeste
1455 1227 1489 1249 se
1505 1226 1629 1258 gerere,
1642 1217 1693 1249 vel
1708 1217 1748 1248 ad
1763 1219 1885 1248 tantam

1105 1274 1327 1312 paupertatem
1362 1271 1506 1303 redactos
1537 1281 1606 1303 esse
1629 1271 1715 1312 quod
1740 1270 1887 1302 divinum

1105 1325 1275 1357 servitium
1297 1326 1341 1356 ibi
1369 1326 1412 1356 ita
1428 1328 1508 1357 esset
1528 1325 1706 1366 delapsum,
1722 1324 1807 1364 quod
1831 1333 1888 1364 per

1106 1379 1191 1420 ipsos
1212 1388 1278 1410 non
1300 1382 1368 1410 erat
1390 1388 1461 1420 spes
1476 1378 1729 1417 restaurationis,
1745 1378 1886 1410 auctori-

1106 1436 1169 1465 tate
1193 1433 1365 1474 apostolica
1388 1433 1552 1465 mandavit
1571 1433 1641 1464 illos
1664 1432 1740 1464 alibi
1762 1431 1885 1471 locari,

1108 1488 1168 1518 assi
1174 1488 1283 1527 gnatis
1291 1487 1351 1518 sibi
1360 1487 1453 1518 certis
1460 1487 1647 1525 redditibus,
1660 1486 1745 1517 unde
1759 1487 1889 1526 possent

1106 1550 1250 1581 congrue
1277 1541 1471 1580 sustentari,
1498 1543 1529 1572 et
1555 1541 1668 1572 fratres
1697 1542 1821 1571 nostros
1843 1539 1888 1570 ibi

1106 1595 1260 1633 habitare,
1277 1597 1308 1626 et
1323 1595 1432 1627 divina
1447 1595 1551 1626 officia
1566 1594 1736 1633 celebrare,
1752 1603 1826 1625 cum
1848 1593 1888 1624 ad

1105 1649 1210 1690 ipsum
1240 1651 1359 1690 spectat
1386 1649 1424 1680 de
1448 1649 1597 1680 omnibus
1627 1648 1703 1679 locis
1731 1647 1888 1687 religiosis

1106 1703 1273 1741 ordinare,
1302 1705 1337 1733 ut
1358 1712 1446 1733 sacra
1470 1703 1513 1733 ibi
1531 1702 1644 1741 religio
1667 1701 1885 1740 instauretur,

1107 1757 1175 1788 sive
1187 1766 1243 1796 per
1258 1756 1341 1787 illius
1352 1756 1472 1787 ordinis
1486 1764 1646 1796 personas,
1659 1755 1727 1787 sive
1741 1763 1798 1796 per
1809 1754 1887 1785 alias

1105 1811 1237 1842 alterius
1251 1810 1383 1848 ordinis,
1400 1809 1480 1841 sicut
1493 1809 1609 1841 viderit
1621 1809 1781 1850 expedire.
1805 1799 1810 1803 ’

1344 1906 1463 1940 Quoestz'o
1483 1905 1650 1933 duodecima.

1147 1976 1224 2007 Cum
1238 1975 1393 2006 deberetis
1406 1974 1514 2005 omnia
1530 1974 1614 2004 mala
1630 1973 1720 2005 vobis
1735 1972 1820 2012 illata
1835 1981 1887 2013 pa-

1106 2030 1220 2061 tienter
1236 2030 1403 2066 sustinere,
1420 2031 1451 2059 et
1474 2027 1594 2059 nullam
1615 2036 1711 2068 super
1733 2027 1784 2058 his
1801 2027 1886 2066 apud

1102 2082 1226 2121 ¹judices
1252 2081 1487 2122 querimoniam
1521 2081 1623 2112 facere
1653 2080 1704 2112 vel
1731 2087 1883 2117 movere,

1105 2136 1181 2176 quid
1196 2138 1253 2174 est,
1271 2135 1358 2175 quod
1372 2144 1437 2166 non
1454 2134 1558 2166 solum
1575 2134 1657 2165 istud
1679 2142 1746 2165 non
1770 2133 1883 2171 facitis,

1106 2190 1159 2221 sed
1185 2190 1281 2221 etiam
1308 2198 1371 2220 non
1395 2189 1532 2220 contenti
1559 2189 1779 2228 episcoporum
1797 2187 1884 2227 ,iudi-

1106 2244 1172 2282 eiis,
1195 2244 1343 2274 obtinetis
1359 2253 1377 2274 a
1399 2243 1477 2274 Sede
1501 2242 1680 2282 Apostolica
1703 2241 1828 2282 judices
1855 2243 1886 2272 et

1105 2300 1365 2335 conservatores,
1389 2299 1419 2327 et
1439 2296 1478 2327 ad
1500 2296 1568 2327 illos
1591 2295 1751 2336 quoslibet
1775 2294 1886 2326 moles-

1105 2355 1207 2383 tantes
1228 2361 1286 2382 vos
1306 2351 1401 2382 etiam
1427 2350 1538 2381 leviter
1558 2349 1672 2387 citatis,
1689 2351 1720 2379 et
1743 2347 1884 2388 gravatis

1104 2405 1267 2436 laboribus
1283 2407 1313 2435 et
1331 2404 1492 2444 expensis,
1509 2404 1609 2435 donec
1624 2402 1814 2434 satisfaciant
1826 2409 1882 2432 vo-

1104 2460 1152 2490 his
1171 2469 1227 2500 pro
1245 2459 1325 2489 velle
1348 2460 1466 2495 vestro,
1483 2460 1595 2488 contra
1617 2455 1804 2497 Apostolum
1827 2453 1882 2493 qui

1104 2513 1170 2543 att¹
1190 2523 1195 2542 :
1214 2511 1373 2543 Delictum
1395 2514 1438 2542 esc
1462 2511 1498 2542 in
1519 2510 1622 2548 vobis,
1649 2507 1734 2549 quod
1751 2505 1883 2546 judicia

1105 2566 1237 2598 liabens.

1418 2610 1572 2645 Responsio.

1145 2674 1189 2714 Inj
1196 2674 1281 2705 urias
1298 2675 1329 2704 et
1351 2672 1510 2703 molestias
1523 2679 1563 2701 ex
1577 2669 1694 2710 quibus
1708 2668 1795 2700 aliud
1814 2677 1881 2699 ma—

1103 2729 1172 2760 lum
1197 2737 1262 2759 non
1279 2727 1436 2768 sequitur,
1453 2725 1514 2756 nisi
1535 2724 1620 2765 quod
1644 2724 1698 2756 illa
1719 2725 1799 2756 hora
1815 2732 1883 2755 sen-

1103 2783 1155 2814 tiri
1184 2784 1300 2822 potest,
1331 2783 1367 2812 ut
1395 2782 1471 2811 sunt
1496 2779 1595 2811 verba
1623 2779 1800 2820 probrosa,
1831 2776 1882 2809 vel
