2029 3052
632 169 918 203 RESPONSIONIS
941 170 1099 203 TERTIAE
1120 171 1249 206 CAPUT
1271 174 1310 206 ΙΙ.

162 241 241 273 illud
256 240 458 273 canticorum
469 241 478 258 ¹
491 249 499 272 ε
514 239 666 281 spoliavi
675 247 722 271 me
732 239 845 272 tunica
853 247 937 277 inea,

161 297 220 328 ete.
243 296 255 313 ¹
278 307 292 326 α
306 295 460 337 Deceptus
479 294 690 327 sollicitudine
713 293 939 334 temporalium

161 350 378 382 subsidiorum
390 374 399 389 ,
416 348 650 391 quantumlibet
674 347 811 379 eximius
831 348 940 379 doctor

162 405 290 436 difficile
313 404 394 437 vitat
416 405 591 444 peccatum.
621 413 635 432 1)
660 401 736 433 Haec
762 403 870 433 autem
896 401 941 432 id-

162 458 245 490 circo
261 467 326 489 non
341 458 488 497 dicimus,
506 457 591 499 quod
606 456 797 498 dispensatio
812 455 941 487 faculta-

162 515 232 543 tum
264 511 412 543 Ecclesiae
436 521 455 543 a
475 512 553 544 viris
579 511 695 542 sanctis
723 508 940 541 administrari

161 574 225 597 non
240 566 338 606 possit
360 566 481 606 absque
505 565 695 596 detrimento
716 563 937 605 perfectionis;

161 620 214 651 sed
239 622 277 652 ut
297 620 517 652 discernamus
532 620 708 660 pretiosum
731 627 750 649 a
769 618 836 656 vili,
863 617 941 658 quia

162 673 390 714 perfectionem
411 674 456 705 eis
477 682 543 705 non
563 672 698 704 contulit
712 671 937 712 temporalium

160 727 320 759 bonorum
349 727 583 759 administratio
598 750 608 766 ,
638 726 693 758 sed
719 727 937 766 contemptus,

160 791 226 813 non
241 782 423 822 temporalis
443 780 624 819 affluentia,
642 780 695 811 sed
712 779 844 820 spiritus
858 789 938 820 pau-

161 835 309 875 pertatis,
333 844 397 875 quo
420 835 504 865 inter
530 843 640 865 rerum
663 833 865 864 affluentium
890 841 942 864 co-

160 889 228 929 pias
242 889 286 919 sic
301 888 470 927 vivebant,
485 888 570 920 sicut
591 890 724 928 offences,
741 887 856 919 multos
879 894 937 918 au-

161 946 222 975 tem
241 943 477 983 locupletantes,
496 945 652 982 tanquam
669 940 756 973 nihil
776 940 939 979 habentes,

161 999 191 1029 et
204 998 314 1029 omnia
333 996 535 1037 possidentes
545 997 555 1014 ³
567 1006 579 1035 ;
593 995 866 1037 quemadmodum
880 1004 939 1026 no-

161 1051 234 1082 bilis
258 1052 310 1083 ille
328 1051 478 1092 praelatus
491 1075 498 1089 ,
515 1051 554 1082 de
576 1059 641 1091 quo
661 1050 704 1080 ait
725 1049 942 1090 Hieronymus

161 1106 302 1137 scribens
325 1105 364 1136 ad
388 1105 554 1137 Rusticum
574 1107 585 1123 ¹·
602 1113 610 1135 ε
632 1115 646 1133 «
661 1103 796 1135 Sanctus
812 1103 939 1143 Exupe-

160 1160 229 1191 rius
256 1159 380 1191 Tolosae
404 1159 594 1200 episcopus,
616 1158 724 1190 viduae
755 1157 941 1198 Sareptanae

160 1213 301 1245 imitator
313 1237 321 1252 ,
346 1213 489 1245 esuriens
513 1212 612 1253 pascit
636 1212 730 1250 alios,
749 1214 780 1243 et
800 1221 855 1243 ore
873 1212 940 1252 pal-

159 1268 244 1299 lente
263 1268 417 1309 Jejuniis,
442 1268 526 1298 fame
550 1268 718 1307 torquetur
733 1266 848 1305 aliena,
871 1276 940 1298 om-

159 1332 298 1363 nemque
315 1322 526 1354 substantiam
547 1321 664 1353 Christi
678 1321 854 1352 visceribus
869 1331 941 1353 ero-

160 1377 266 1416 gavit.
283 1376 369 1408 Nihil
384 1385 422 1407 eo
435 1375 544 1413 ditius,
560 1375 616 1415 qui
634 1384 751 1415 corpus
762 1375 877 1406 Christi
892 1385 941 1406 ca-

159 1430 258 1461 nistro
281 1430 443 1468 vimineo,
460 1429 654 1468 sangninem
676 1430 780 1468 portat
794 1429 828 1459 iu
844 1429 938 1467 vitro,

159 1484 214 1524 qui
230 1483 398 1515 avaritiam
415 1483 546 1523 projecit
558 1482 597 1513 de
613 1481 744 1521 templo,
761 1483 818 1522 qui
836 1484 941 1514 cattie-

159 1539 233 1570 dras
250 1538 460 1571 vendentium
477 1537 641 1568 columbas
657 1545 845 1576 mensasque
861 1537 938 1567 sub-

159 1593 265 1632 vertit,
289 1601 487 1623 mammonae
507 1593 538 1622 et
560 1590 854 1622 nummulariorum
870 1600 937 1622 zera

158 1646 316 1687 dispersit,
333 1649 369 1677 ut
384 1647 500 1677 domus
516 1645 569 1676 Dei
586 1645 701 1676 domus
716 1644 868 1675 orationis
883 1645 934 1683 sit,

158 1710 222 1731 uon
237 1700 388 1741 spelunca
402 1700 576 1731 latronum.
590 1697 782 1738 Ilujusmodi
795 1699 829 1728 tu
840 1701 941 1728 secta-

158 1765 193 1787 re
208 1756 357 1795 vestigia,
372 1758 402 1787 et
417 1757 608 1786 caeterorum
618 1754 674 1794 qui
685 1754 843 1785 virtutum
854 1753 940 1784 illius

159 1810 279 1840 similes
291 1811 375 1848 sunt,
393 1819 474 1849 quos
484 1808 696 1839 sacerdotium
708 1809 739 1838 et
750 1807 940 1838 humiliores

157 1864 240 1902 facit,
257 1866 287 1894 et
303 1863 518 1903 pauperiores.
536 1862 601 1892 Aut
617 1862 642 1891 si
659 1861 799 1900 perfecta
814 1861 939 1892 deside-

156 1927 219 1957 ras,
236 1918 289 1949 exi
305 1927 379 1948 cum
400 1917 564 1948 Abraham
589 1917 627 1946 de
648 1915 752 1955 patria
771 1917 801 1946 et
817 1924 937 1954 cogna-

156 1972 241 2003 tione
256 1975 330 2010 tua,
347 1972 373 2002 si
393 1971 492 2002 habes
514 1969 742 2007 substantiam,
766 1969 868 2000 vende
881 1993 888 2007 ,
908 1970 938 1999 et

156 2027 196 2058 da
206 2026 419 2067 pauperibus3
437 2025 543 2055 sinon
565 2024 680 2061 habes,
700 2023 816 2062 grandi
841 2031 938 2054 onere

156 2081 308 2112 liberatus
333 2090 377 2111 es.
402 2079 532 2111 Nudum
560 2078 722 2109 Christum
748 2077 855 2108 nudus
886 2087 939 2108 se-

157 2144 266 2175 quere.
282 2135 416 2172 Durum,
433 2133 566 2173 grande,
584 2131 731 2170 difficile3
748 2131 801 2161 sed
818 2140 939 2170 magna

158 2190 234 2218 sunt
246 2188 390 2228 praemia.
410 2198 424 2216 n
436 2187 470 2218 Iu
485 2187 535 2218 his
551 2195 639 2218 sacer
654 2186 873 2226 Hieronymus
891 2186 941 2216 di-

157 2241 295 2280 stinguit
305 2242 480 2281 pretiosum
494 2250 512 2271 a
527 2241 594 2279 vili,
612 2240 771 2279 simulque
786 2239 937 2278 ostendit,

157 2296 242 2335 quod
263 2295 349 2326 aliud
364 2295 515 2335 competit
530 2293 713 2334 perfectioni
730 2293 867 2333 praelati,
883 2294 939 2333 qui

157 2351 204 2380 est
220 2358 355 2389 persona
369 2348 561 2387 communis,
576 2348 661 2378 aliud
671 2347 856 2387 perfectioni
870 2357 941 2387 per-

157 2412 244 2434 sonae
267 2403 413 2443 privatae.
437 2402 476 2433 Et
500 2402 580 2439 ideo,
597 2411 796 2441 quanquam,
813 2401 939 2432 ratione

156 2457 362 2497 praelationis,
379 2456 526 2497 quisquis
544 2455 715 2494 religiosus
731 2465 749 2486 a
763 2458 847 2486 statu
862 2465 939 2495 pau-

157 2513 287 2552 pertatis
329 2511 370 2542 ad
405 2509 674 2550 dispensationem
712 2509 938 2548 temporalium

156 2566 255 2606 possit
266 2565 397 2604 assumi,
414 2564 552 2604 impium
566 2566 673 2594 tamen
684 2564 730 2593 est
742 2562 804 2593 hoc
816 2563 855 2593 ad
867 2572 940 2594 con-

188 2647 285 2675 ²Cr1nt,
300 2653 325 2677 V,
342 2648 364 2671 3.
387 2660 418 2664 —
440 2647 447 2660 ²
467 2646 548 2669 Closs.
569 2651 599 2668 ex
621 2644 693 2673 Ded„
716 2643 801 2674 quoad
823 2650 937 2668 sensum.

156 2697 187 2701 -
202 2684 211 2700 ³
224 2684 243 2707 ll
261 2686 329 2713 coru,
345 2689 380 2713 w,
396 2685 434 2707 10.
447 2696 476 2700 -
490 2682 497 2696 ⁴
514 2681 631 2712 Hieron,
646 2680 679 2704 ad
691 2680 795 2710 Rustic„
811 2680 884 2710 epist.
902 2687 937 2711 iv,

1716 179 1776 209 479

996 241 1196 280 sequentiam
1224 241 1362 274 trahere.
1392 241 1482 274 Sicut
1508 242 1594 274 enim
1623 244 1774 284 praelatis,

996 295 1120 326 ratione
1136 305 1221 328 curae
1234 296 1412 338 pastoralis,
1428 296 1578 337 competit
1588 298 1776 330 extrinsecis

997 348 1158 380 interdum
1189 351 1345 391 implicari
1372 350 1532 390 negotiis,
1563 351 1651 383 salva
1674 352 1777 392 perfe-

996 401 1109 441 ctione,
1123 412 1180 434 nec
1196 406 1302 435 tamen
1315 405 1425 435 inferri
1437 406 1549 444 potest,
1564 405 1649 445 quod
1666 405 1697 435 in
1712 415 1779 445 pcr-

995 464 1073 486 sona
1089 457 1213 496 privata
1228 467 1321 498 aeque
1334 458 1510 499 perfectum
1528 457 1569 488 sit
1585 467 1640 498 per
1654 458 1777 493 extrin-

995 519 1082 542 secas
1096 513 1320 553 occupationes
1332 523 1410 553 erga
1420 513 1560 554 plurima
1570 513 1692 544 turbari
1703 523 1778 545 cum

995 565 1131 605 Martha,
1145 567 1234 598 velut
1248 577 1304 608 per
1314 568 1456 607 intimas,
1470 568 1608 599 fervidas
1618 570 1649 599 et
1659 569 1779 608 jucun-

995 620 1051 651 das
1077 630 1208 651 sursum
1238 621 1379 653 actiones
1407 631 1498 653 secus
1524 622 1618 663 pedes
1651 621 1777 654 Domini

995 674 1159 714 qulescere
1181 684 1256 706 cum
1281 675 1400 715 Maria;
1426 677 1470 707 sic
1498 680 1529 708 et
1554 677 1588 708 in
1615 677 1779 718 proposito

996 727 1253 768 intelligendum.
1281 729 1368 761 Licet
1390 731 1491 770 igitur
1509 731 1685 771 pontifices,
1709 731 1777 763 sive

996 782 1116 813 summi
1132 783 1329 823 sacerdotes,
1345 785 1422 824 quia
1437 793 1548 815 curam
1564 785 1695 824 habent,
1712 794 1779 816 non

996 836 1099 867 solum
1124 839 1280 877 quantum
1304 838 1343 869 ad
1360 838 1512 878 perfectos
1528 840 1559 870 et
1574 839 1708 877 validos,
1724 849 1779 870 ve-

996 898 1070 920 rum
1096 891 1191 921 etiam
1220 891 1363 922 infirmos
1393 894 1424 923 et
1455 892 1668 933 imperfectos,
1700 903 1781 934 quos

996 953 1124 983 pascere
1148 945 1263 976 debent
1285 946 1433 986 exemplo
1459 949 1489 977 et
1511 947 1629 985 verbo,
1648 949 1700 987 et,
1722 957 1780 987 pro

996 997 1065 1028 loco
1087 1000 1118 1028 et
1138 1000 1302 1038 tempore,
1330 1000 1485 1040 corporali
1511 1000 1666 1039 subsidio,
1693 1000 1782 1032 salva

997 1051 1188 1091 perfectione
1213 1053 1427 1092 possessiones
1453 1054 1650 1094 susceperint
1675 1054 1714 1085 ad
1730 1063 1781 1085 su-

997 1106 1219 1137 stentationem
1253 1116 1434 1147 pauperum
1459 1109 1489 1138 et
1515 1107 1662 1139 Ecclesiae
1688 1108 1782 1138 mini-

998 1163 1150 1198 strorum,
1169 1170 1233 1192 non
1250 1164 1359 1193 tamen
1379 1171 1419 1193 ex
1441 1162 1492 1193 his
1512 1163 1708 1203 quibuslibet
1721 1163 1783 1203 pri-

997 1215 1078 1246 vatis
1103 1215 1264 1254 personis,
1289 1216 1323 1246 in
1350 1216 1492 1256 quolibet
1520 1216 1667 1248 Ecclesia}
1696 1219 1781 1248 statu

997 1269 1113 1299 ascribi
1138 1271 1241 1309 potest
1266 1279 1324 1301 nec
1340 1271 1448 1307 debet,
1467 1271 1552 1311 quod
1568 1271 1601 1301 in
1615 1273 1704 1302 tanto
1720 1271 1784 1302 sint

997 1323 1198 1362 perfectionis
1217 1324 1359 1354 culmine
1383 1333 1457 1354 cum
1481 1324 1691 1365 amplitudine
1714 1334 1784 1365 pos-

997 1377 1161 1416 sessionis,
1187 1377 1268 1408 sicut
1288 1387 1363 1408 cum
1389 1378 1556 1409 altitudine
1571 1379 1779 1419 paupertatis.

998 1430 1033 1460 ln
1057 1431 1118 1461 hoc
1144 1432 1252 1462 autem
1278 1432 1365 1472 quod
1381 1431 1561 1462 laudatores
1585 1433 1781 1472 paupertatis

998 1486 1164 1524 extremae,
1189 1485 1366 1516 imitatores
1393 1486 1557 1517 existimat
1570 1486 1688 1517 Juliani
1704 1496 1782 1527 apo-

997 1540 1098 1576 statae,
1118 1548 1181 1569 non
1196 1539 1301 1570 solum
1313 1540 1456 1579 nequitia
1465 1540 1608 1580 plenum,
1622 1541 1675 1571 sed
1685 1541 1780 1572 etiam

998 1592 1142 1622 veritatis
1152 1593 1264 1623 notitia
1279 1602 1420 1624 vacuum
1435 1603 1503 1624 esse
1519 1603 1552 1625 se
1563 1594 1779 1626 demonstrat:

997 1646 1075 1677 dum
1088 1647 1321 1686 professoribus
1334 1647 1478 1679 veritatis
1493 1647 1647 1679 malitiose
1658 1648 1781 1680 crimen

999 1699 1153 1740 impingit
1169 1701 1298 1738 erroris,
1317 1703 1348 1731 et
1362 1701 1463 1741 ipsam
1481 1701 1648 1741 perfidiam
1663 1702 1781 1733 Juliani

998 1756 1163 1794 apostatae,
1184 1757 1337 1795 tanquam
1361 1755 1528 1794 ignorans,
1546 1765 1564 1786 a
1589 1756 1682 1787 laude
1700 1766 1780 1796 pau—

997 1809 1129 1848 pertatis
1147 1809 1288 1839 insinuat
1308 1810 1443 1840 traxisse
1459 1810 1630 1849 originem,
1648 1820 1721 1841 cum
1735 1812 1780 1841 ta-

997 1871 1071 1892 men
1088 1861 1155 1901 ipse
1168 1861 1316 1893 Julianus
1326 1871 1390 1892 non
1402 1862 1434 1893 in
1448 1863 1509 1893 hoc
1517 1864 1684 1903 erraverit,
1696 1865 1782 1904 quod

997 1918 1152 1946 assereret
1165 1916 1274 1946 omnia
1287 1916 1476 1956 temporalia
1491 1916 1698 1957 relinquenda
1713 1919 1780 1949 fore

997 1969 1175 2000 secuudum
1191 1969 1348 2000 dictamen
1366 1970 1466 2000 divini
1482 1971 1617 2009 consilii,
1642 1972 1679 2002 ad
1694 1974 1780 2013 quod

997 2032 1092 2054 nemo
1115 2023 1317 2062 astringitur,
1340 2023 1401 2053 nisi
1420 2024 1514 2062 velit3
1533 2025 1588 2055 sed
1612 2026 1716 2065 potius
1741 2028 1780 2059 ad

996 2086 1063 2108 suae
1092 2077 1235 2108 avaritiae
1266 2078 1471 2117 rapacitatem
1501 2079 1725 2119 colorandam,
1750 2085 1781 2113 et

996 2132 1246 2162 conculcandam
1270 2131 1446 2162 Ecclesiam
1460 2156 1467 2169 ,
1490 2132 1551 2163 hoc
1574 2133 1697 2165 dicebat
1712 2144 1779 2166 esse

997 2185 1035 2216 de
1050 2185 1234 2216 necessitate
1250 2185 1351 2216 divini
1368 2186 1520 2224 mandati,
1537 2186 1684 2226 allegans
1702 2189 1781 2220 illud

997 2239 1111 2270 Christi
1136 2239 1285 2277 verbum,
1312 2239 1396 2279 quod
1420 2240 1570 2271 scribitur
1594 2241 1628 2271 in
1648 2241 1778 2273 ana⁵⁵2

997 2293 1073 2326 Ne'st'
1087 2294 1161 2333 quis
1173 2294 1414 2325 renuntiaverit
1430 2294 1576 2325 omnibus
1591 2304 1661 2335 (111oe
1672 2298 1780 2336 possi-

997 2347 1063 2386 det,
1083 2355 1148 2379 non
1160 2350 1263 2387 potest
1277 2355 1362 2379 meus
1378 2355 1443 2379 esse
1455 2347 1780 2390 discipulus.Ex(1uo

996 2401 1065 2440 ipse
1078 2401 1303 2432 universaliter
1318 2401 1578 2432 calumniabatur
1591 2402 1777 2443 Ecclesiam,

997 2455 1089 2494 quasi
1105 2454 1195 2486 nulla
1209 2458 1290 2486 esset
1302 2455 1482 2486 dill'erentia
1497 2456 1580 2485 inter
1593 2457 1779 2488 renuntiare

996 2509 1157 2547 omnibus,
1175 2511 1205 2539 et
1219 2509 1400 2549 relinquere
1416 2508 1535 2540 omnia.
1555 2509 1685 2547 Verum,
1698 2511 1779 2542 sicut

997 2563 1106 2593 Glossa
1127 2563 1201 2594 dicit
1221 2563 1337 2594 ibidem
1356 2564 1376 2601 ¹⁵,
1399 2575 1412 2592 (ι
1434 2563 1494 2594 1100
1516 2563 1611 2594 distat
1628 2565 1710 2595 iuter
1732 2575 1791 2597 res

996 2644 1046 2667 col.
1062 2650 1097 2666 111.
1115 2644 1154 2667 49.
1170 2657 1200 2661 —
1218 2644 1226 2657 ⁵
1241 2644 1310 2673 Luc„
1324 2649 1378 2673 xtv,
1395 2644 1433 2667 33.
1449 2656 1480 2661 -
1494 2644 1503 2660 θ
1519 2644 1612 2675 oloss„
1630 2652 1660 2669 cx
1676 2647 1737 2670 Bed.
1751 2647 1777 2671 in

995 2680 1064 2703 huuc
1079 2679 1128 2703 loc.
