2060 3052
91 2130 169 2149 Exem-

62 2161 131 2188 plum.

689 218 739 250 DE
761 218 818 250 SS.
841 217 1071 250 APOSTOLIS.
1096 218 1227 251 SERMO
1248 218 1286 250 V.
1756 221 1786 249 11

180 287 237 317 hiis
249 296 305 324 ego
321 295 397 323 sum,
413 298 426 314 >1
444 294 506 315 non
524 286 650 315 tacendo
666 287 780 314 tantum
792 286 883 321 bona,
903 286 956 313 sed

180 335 334 372 loquendo
348 342 497 372 perversa.
518 335 549 362 Et
571 341 690 362 causam
710 333 799 369 huJ'us
815 333 956 369 pollutio-

180 382 226 410 nis
241 381 388 418 exprimit,
402 389 470 409 cum
485 380 620 416 adjungit
634 389 640 408 :
659 390 673 406 «
688 382 720 408 Et
740 380 769 407 in
786 380 887 408 medio
899 387 956 416 po-

180 429 252 465 puli,
270 429 320 465 qui
336 427 451 465 polluta
466 427 546 456 labia
563 427 663 461 habet,
683 435 738 462 ego
755 426 895 455 habito.»
913 426 958 454 Vi-

181 475 246 503 dete
262 478 372 511 quanta
388 475 467 502 mala
481 474 585 509 faciat,
609 473 744 502 habitare
759 481 828 501 cum
843 473 929 501 malls
949 483 955 501 :

179 523 252 550 Nam
267 521 335 550 ideo
349 521 464 557 polluta
479 521 560 550 labia
574 521 721 556 habebat,
736 520 808 556 quia
823 529 891 548 curn
904 520 959 548 ho-

179 568 325 603 minibus,
350 576 481 605 quorum
504 569 587 596 erant
602 568 717 604 polluta
731 567 823 602 labia,
839 567 958 595 habita-

179 615 239 643 bat.
261 615 331 649 Quis
350 623 418 643 cum
437 615 574 643 scabioso
597 615 726 651 jacebit,
754 617 781 642 et
804 614 957 642 scabiosus

179 670 241 690 nou
257 662 310 690 erit
320 663 334 690 ⁶?
349 662 417 696 Quis
430 670 498 690 cum
512 661 637 698 leprosis
650 662 781 696 habitat,
798 664 825 689 et
840 661 955 698 lepram

180 709 306 737 evadere
320 709 449 744 poterit?
474 709 591 737 Morbus
610 709 690 736 enim
712 708 901 744 contagiosus
917 710 959 736 est

179 755 276 791 lepra,
293 759 320 784 et
333 755 444 783 habent
457 755 567 791 leprosi
592 763 644 783 ora
659 755 789 783 foetentia
800 777 808 790 ,
825 755 900 783 alios
915 755 960 783 in-

179 804 306 832 ficientia
313 814 321 840 3
339 806 367 832 et
380 804 449 832 ideo
471 804 605 832 habitant
627 806 707 832 extra
727 806 836 839 castra,
853 812 890 831 ne
906 812 959 840 per

180 860 231 880 eos
245 851 413 879 inficiantur
427 851 479 888 qui
494 852 561 879 sunt
581 851 655 879 sani.
672 853 744 879 Nam
759 852 787 878 et
811 851 875 879 ovis
895 859 958 878 sca-

180 898 266 926 biosa
280 907 298 926 a
311 906 401 934 grege
416 900 458 925 est
469 898 649 932 amovenda,
664 898 734 934 quia
748 905 802 925 sua
816 905 902 925 mora
919 900 960 925 to-

180 945 236 973 tius
251 945 348 981 gregis
363 948 405 973 est
418 945 564 973 infectiva.
582 947 702 981 Propter
718 945 801 981 quod
821 947 888 972 sunt
901 945 957 972 ho-

180 992 275 1020 mines
289 992 458 1020 declinandi
468 1013 476 1026 ,
494 1000 624 1028 quorum
637 1000 690 1019 ora
706 992 957 1026 suntimmunda,

181 1039 250 1075 quia
269 1047 392 1073 manuS,
414 1041 537 1074 tangens
559 1039 734 1072 immunda,
758 1038 790 1066 fit
816 1039 881 1074 ipsa
904 1038 958 1066 im-

181 1085 304 1113 munda.
335 1085 411 1119 Quid
436 1094 507 1120 ergo
534 1085 726 1114 faciendum?
745 1085 848 1121 Utique
869 1093 902 1113 os
918 1087 960 1113 est

180 1132 388 1160 mundandum
401 1154 409 1167 ,
436 1133 487 1160 sed
517 1133 555 1160 ab
584 1132 773 1160 immunditia
800 1133 859 1160 oris
892 1133 959 1168 quis

179 1179 358 1207 mundabit?
374 1181 420 1207 Est
435 1187 506 1214 ergo
530 1179 683 1214 rogandus
709 1181 802 1214 Deus,
829 1181 861 1206 ut
882 1179 957 1214 ipse,

180 1226 230 1262 qui
245 1226 370 1254 mundat
381 1226 530 1262 Prophetae
544 1226 636 1260 labia,
652 1225 775 1253 mundet
790 1227 818 1253 et
832 1228 932 1253 nostra
948 1235 954 1253 ε

180 1282 250 1302 nam
274 1273 344 1301 dicit
369 1273 456 1301 isaias
471 1275 501 1301 ²:
522 1283 535 1299 «
548 1273 662 1301 volavit
685 1273 724 1300 ad
748 1281 795 1300 me
819 1281 896 1300 unus
922 1273 959 1300 de

180 1320 332 1356 Seraphin,
350 1322 378 1348 et
391 1320 484 1356 tetigit
499 1328 531 1348 os
545 1328 656 1355 meum,
674 1322 702 1348 et
717 1320 790 1347 dixit
806 1329 812 1346 ε
830 1322 901 1347 Eece
919 1322 960 1348 te-

180 1367 231 1402 tigi
244 1367 325 1395 labia
341 1369 400 1401 tua,
417 1369 445 1394 et
459 1366 606 1395 auferetur
617 1367 756 1403 iniquitas
774 1369 834 1402 tua,
852 1369 878 1394 et
893 1375 959 1403 pee-

180 1416 279 1442 catum
291 1416 374 1442 tuum
393 1414 597 1442 mundabitur.
617 1425 629 1440 »
648 1416 712 1442 Non
736 1413 815 1441 enim
831 1422 883 1449 per
903 1422 957 1441 nos

180 1469 338 1496 possumus
363 1461 508 1488 mundare
528 1469 582 1488 ora
600 1463 710 1488 nostra.
732 1460 812 1489 Unde
835 1460 958 1496 quidam

182 1510 299 1536 sanetus
322 1510 404 1543 pater
428 1508 501 1535 dixit
526 1508 563 1535 de
588 1516 637 1542 se,
659 1508 778 1543 triginta
801 1508 886 1535 annis
902 1508 959 1535 hoc

181 1557 296 1582 tantum
313 1556 403 1582 Deum
417 1563 552 1590 rogasse,
569 1556 601 1582 ut
614 1563 683 1582 eum
697 1554 837 1582 liberaret
852 1554 889 1582 ab
905 1554 960 1581 im—

182 1601 328 1629 munditia
342 1602 470 1637 linguae;
487 1603 622 1629 ettamen
636 1601 715 1635 dicit,
728 1601 811 1637 quod
826 1610 887 1629 non
899 1604 961 1629 erat

183 1648 256 1682 dies,
272 1648 302 1675 in
319 1657 378 1684 qua
393 1656 446 1684 per
460 1649 595 1684 linguam
614 1656 675 1676 non
692 1651 837 1684 peccaret.

218 1695 312 1723 Tertia
327 1695 490 1730 munditia,
511 1704 577 1731 quae
596 1695 650 1722 fuit
668 1695 699 1722 in
720 1695 887 1730 Apostolis,
907 1695 963 1723 fuit

183 1742 331 1770 munditia
344 1743 442 1778 operis
459 1752 464 1770 :
487 1751 553 1778 quae
576 1742 707 1770 consistit
726 1750 787 1770 non
808 1742 906 1770 solum
930 1742 960 1770 in

184 1790 325 1826 operibus
343 1792 453 1824 tactus,
467 1789 519 1817 sed
534 1790 622 1817 etiam
638 1789 734 1824 visus,
752 1790 883 1822 auditus,
899 1798 962 1818 mo-

182 1846 259 1872 rum,
274 1839 301 1864 et
315 1837 454 1864 incessus.
470 1839 549 1864 Tunc
572 1837 651 1864 enim
674 1837 788 1864 munda
810 1845 901 1872 opera
920 1836 962 1864 fa-

183 1885 294 1918 cimus,
311 1884 433 1920 quando
448 1884 562 1911 munda
574 1883 721 1918 videmus,
743 1884 856 1911 munda
879 1884 961 1911 audi-

183 1939 260 1965 111115,
273 1931 386 1958 munda
398 1931 557 1965 tangimus,
569 1932 677 1958 etcum
692 1931 812 1958 mundis
826 1931 962 1966 personis

184 1977 357 2005 incedimus.
384 1977 440 2005 Sed
465 1985 532 2004 eum
556 1977 665 2004 horum
690 1977 870 2005 contrarium
894 1977 960 2005 faci-

184 2033 266 2059 mus,
283 2024 430 2051 immundi
445 2024 546 2060 utique
563 2032 672 2053 sumus.
689 2024 780 2052 Valde
797 2027 880 2060 turpe
904 2027 962 2059 est,

183 2074 294 2098 naturae
309 2074 336 2099 et
350 2071 454 2099 rationi
472 2071 664 2106 contrarium,
681 2073 712 2099 ut
724 2071 815 2099 homo
832 2072 961 2098 immun-

185 2118 285 2146 ditiam
303 2119 420 2154 diligat,
438 2127 529 2155 quam
549 2119 635 2147 bruta
656 2119 813 2147 declinant.
831 2122 902 2147 Nam
920 2120 961 2147 ci-

184 2167 287 2202 conia,
308 2167 330 2194 si
347 2167 487 2195 adulteris
502 2167 690 2203 amplexibus
703 2167 869 2203 polluatur,
885 2176 961 2194 nun-

184 2222 275 2249 quam
300 2214 339 2241 ad
359 2214 458 2241 virum
482 2214 575 2248 redit,
602 2214 656 2241 nisi
680 2214 763 2250 prius
789 2214 876 2241 suerit
900 2214 962 2242 lota

185 2268 263 2296 aqua
281 2269 287 2287 :
304 2260 435 2288 similiter
450 2262 477 2288 et
491 2261 598 2294 leaena,
616 2269 682 2288 cum
702 2261 838 2288 miscetur
852 2269 963 2288 coneu-

185 2307 332 2342 piscentiae
347 2307 449 2342 pardi,
465 2315 542 2341 non,
561 2308 615 2334 nisi
631 2307 691 2335 lota
706 2308 792 2343 aquis
807 2308 908 2341 suerit,
924 2308 962 2335 ad

185 2354 302 2381 leonem
318 2353 360 2380 ire
374 2354 524 2388 praesumit
540 2363 546 2381 :
570 2354 658 2388 item,
680 2354 763 2390 quod
785 2355 880 2389 maJus
902 2357 962 2388 est,

185 2400 305 2436 elephas
320 2402 434 2427 amator
450 2400 600 2434 eastitatis,
622 2401 695 2428 sicut
715 2409 781 2428 raro
803 2401 962 2436 contiugIt,

185 2454 252 2474 cum
267 2454 391 2474 uxorem
407 2446 561 2481 cognovit,
582 2447 756 2475 mirabiliter
776 2448 962 2475 abscondens

185 2502 230 2527 se,
256 2493 383 2521 latebras
403 2501 526 2528 magnas
547 2494 669 2529 quaerit,
690 2502 743 2522 nec
766 2502 898 2530 unquam
924 2495 963 2522 ad

185 2540 281 2568 socios
305 2540 396 2573 redit,
419 2540 475 2567 nisi
498 2539 580 2575 prius
604 2540 634 2567 in
655 2540 777 2568 flumine
798 2549 828 2568 se
847 2541 960 2569 laverit.

186 2588 271 2620 Item,
288 2587 370 2622 quod
386 2587 483 2622 majus
499 2586 607 2621 existit,
624 2595 736 2622 cygnus
752 2588 829 2621 avis,
847 2588 870 2615 si
892 2597 963 2616 uxo-

218 2650 224 2665 ¹
243 2649 300 2676 Issa,
324 2655 362 2676 vi,
384 2651 438 2672 0-7.
461 2663 490 2666 —
513 2650 522 2665 ‘2
543 2650 601 2677 lva,
622 2656 639 2678 1,
662 2651 748 2679 tii-18,
775 2652 799 2673 19
826 2664 854 2669 -
870 2652 961 2676 ³11x11l.

187 2690 280 2715 λΔᾸῊ,
296 2686 319 2709 9.
338 2698 362 2701 —
381 2686 389 2701 '⁴
404 2685 472 2714 Luc„
493 2691 523 2715 x,
542 2687 580 2710 23.
597 2698 627 2702 —-
650 2690 656 2698 ³
678 2686 713 2709 De
734 2687 802 2715 szr,
823 2688 846 2710 et
868 2689 961 2719 11111111,

1011 294 1074 314 rem
1089 285 1275 322 cognoverit,
1291 293 1446 322 nunquam
1461 286 1613 320 comedet,
1634 285 1689 313 nisi
1709 285 1792 322 prius

1011 332 1071 360 lota
1086 332 1173 361 fucrit
1186 333 1281 369 aquis.
1301 334 1322 362 O
1338 333 1470 361 humana
1491 332 1648 360 confusio?
1663 340 1681 360 o
1697 333 1792 360 detes-

1011 379 1102 407 tanda
1115 380 1276 415 perversio,
1296 381 1328 408 ut
1341 379 1571 414 immunditiam,
1588 388 1679 415 quam
1695 379 1791 407 detes-

1011 427 1088 453 tatur
1110 426 1248 461 brutum,
1273 426 1458 462 amplexetur
1477 426 1587 454 homo!
1604 426 1673 459 Quis
1696 425 1791 453 homi-

1012 480 1083 500 num
1099 475 1156 506 est,
1175 473 1225 509 qui
1239 475 1303 509 post
1318 471 1518 508 cognitionem
1529 494 1538 507 ,
1556 481 1616 500 non
1633 473 1700 500 dico
1717 481 1791 500 uxo-

1011 519 1051 546 ris
1065 527 1142 553 suoe,
1161 519 1212 547 sed
1229 522 1388 556 postquam
1404 519 1549 547 adulteria
1565 519 1657 547 multa
1669 519 1792 547 commi-

1012 566 1065 601 sit,
1079 566 1171 595 socios
1186 575 1255 595 suos
1269 568 1376 603 fugiat,
1393 568 1441 596 vel
1457 567 1495 595 ad
1519 575 1569 596 eos
1591 575 1651 595 non
1671 567 1790 600 redeat;

1012 621 1066 641 nec
1082 614 1121 641 ad
1134 622 1278 648 mensam,
1293 614 1344 642 ubi
1361 614 1567 648 manducatur,
1584 614 1721 648 accedat,
1737 614 1791 641 nisi

1012 662 1094 698 prius
1109 670 1127 689 a
1150 661 1238 697 culpa
1261 669 1292 689 se
1316 661 1437 689 abluat?
1462 663 1541 695 lmo,
1565 661 1648 697 quod
1673 661 1792 696 gravius

1013 711 1065 742 est,
1081 717 1142 736 non
1157 708 1256 736 solum
1272 708 1429 736 domiuum
1445 708 1613 736 naturalem
1627 708 1719 744 sugit,
1740 708 1793 736 sed

1013 756 1051 784 ad
1066 756 1212 783 eoelestem
1226 755 1267 783 sic
1282 755 1404 783 accedit.
1420 757 1508 790 Ergo,
1520 755 1695 787 charissimi,
1708 763 1793 782 mun-

1013 803 1118 831 demus
1129 803 1242 830 animas
1255 804 1381 837 nostras,
1391 802 1570 830 mundemus
1582 804 1610 829 et
1622 802 1715 830 corda
1726 810 1792 829 nos-

1015 853 1067 885 tra,
1083 849 1263 877 mundemus
1276 850 1303 877 ct
1319 857 1411 885 opera
1425 850 1541 883 nostra,
1564 849 1586 876 si
1609 848 1727 884 disponi
1742 856 1793 876 vo-

1012 896 1112 924 lumus
1133 896 1173 923 ad
1202 895 1347 923 visionem
1376 895 1526 929 divinam,
1553 904 1620 931 quae
1641 896 1755 922 tantum
1775 904 1792 923 a

1013 943 1126 970 Christo
1142 944 1184 970 est
1196 942 1378 978 repromissa
1399 944 1471 970 Nam
1483 942 1522 970 ad
1532 941 1711 969 munditiam
1724 950 1794 977 ope-

1013 998 1079 1017 rum
1096 989 1257 1017 invitamur
1267 997 1319 1025 per
1335 989 1477 1017 lsaiam'2:
1494 998 1507 1013 «
1522 989 1683 1024 Lavamini,
1699 989 1796 1024 inquit

1013 1037 1164 1070 Dominus,
1173 1036 1278 1064 mundi
1288 1038 1388 1071 estote,
1398 1035 1537 1071 quiescite
1547 1044 1684 1071 perverse
1694 1044 1793 1071 agere,

1014 1084 1117 1111 discite
1143 1083 1335 1117 benefacere,
1358 1082 1489 1117 judicate
1518 1082 1667 1118 pupillos,
1692 1082 1794 1110 defen-

1014 1130 1073 1158 dite
1088 1130 1222 1164 viduam,
1238 1129 1346 1163 venite,
1360 1131 1387 1156 et
1400 1128 1513 1164 arguite
1528 1137 1587 1163 me,
1599 1140 1611 1153 n
1625 1129 1649 1156 si
1664 1137 1717 1156 vos
1732 1137 1794 1156 non

1014 1177 1123 1205 misero
1138 1177 1176 1204 ad
1191 1176 1324 1204 divinam
1340 1175 1497 1203 visionem.
1520 1175 1602 1203 Unde
1621 1175 1719 1202 statim
1739 1176 1794 1202 ibi-

1015 1224 1083 1251 dem
1098 1223 1286 1258 subjungitur
1304 1232 1310 1250 :
1330 1222 1384 1250 «Si
1404 1222 1574 1255 volueritis,
1596 1223 1624 1249 et
1644 1221 1795 1249 audieritis

1015 1279 1076 1306 me,
1097 1270 1178 1298 bona
1198 1272 1281 1297 terrae
1301 1269 1477 1303 comedetis,
1494 1279 1506 1294 »
1527 1269 1558 1296 id
1581 1270 1624 1296 est
1647 1269 1794 1304 gustando

1015 1326 1062 1345 me
1087 1317 1239 1352 vide-bitis,
1260 1318 1344 1352 juxta
1365 1318 1440 1346 illud
1462 1316 1614 1345 Psalmi³:
1637 1326 1649 1342 «
1664 1318 1795 1351 Gustate,

1016 1366 1043 1392 et
1056 1364 1162 1399 videte,
1178 1365 1322 1400 quoniam
1337 1365 1437 1393 suavis
1451 1366 1493 1392 est
1507 1363 1657 1392 Dominus.
1672 1373 1685 1389 n
1703 1365 1796 1399 Roge-

1016 1420 1082 1439 mus
1099 1419 1180 1446 ergo,
1197 1414 1240 1439 etc

1313 1491 1441 1521 SERMO
1463 1491 1502 1520 V.

1052 1554 1132 1580 Beati
1152 1554 1239 1588 oculi,
1266 1555 1314 1588 qui
1335 1554 1446 1587 vident,
1468 1561 1526 1588 quoe
1545 1560 1590 1579 vos
1605 1552 1705 1579 videtis
1719 1552 1738 1578 ⁴.
1756 1553 1797 1578 Ex

1018 1600 1134 1627 duabus
1159 1600 1329 1627 substantiis
1353 1601 1466 1627 constat
1486 1600 1595 1633 h0m0,
1619 1598 1694 1625 sicut
1712 1598 1798 1625 docet

1017 1649 1123 1674 Auctor
1140 1647 1171 1674 de
1185 1647 1294 1682 Spiritu
1310 1649 1335 1673 et
1350 1647 1448 1673 Anima
1464 1647 1485 1680 ⁵,
1501 1647 1527 1673 et
1546 1647 1625 1673 certa
1645 1645 1797 1681 experien-

1018 1694 1071 1728 tia,
1094 1694 1205 1721 scilicet
1227 1701 1351 1729 corpore
1375 1695 1403 1720 et
1424 1692 1531 1720 anima.
1555 1692 1597 1720 Ob
1618 1700 1710 1728 quam
1726 1700 1796 1719 cau-

1017 1749 1098 1775 sam,
1114 1743 1145 1768 ut
1160 1740 1266 1768 dicitur
1280 1742 1311 1767 in
1327 1740 1434 1767 eodem
1450 1739 1545 1773 libro,
1559 1738 1652 1766 factus
1667 1741 1709 1767 est
1723 1740 1798 1766 Deus

1017 1788 1124 1821 homo,
1141 1789 1172 1815 ut
1186 1789 1279 1814 totum
1294 1787 1445 1814 hominem
1460 1786 1491 1813 in
1506 1794 1535 1813 se
1556 1786 1751 1820 beatificaret,
1766 1788 1798 1813 ut

1018 1835 1078 1862 sive
1109 1834 1331 1869 ingrederetur,
1365 1833 1425 1860 sive
1457 1832 1662 1867 egrederetur,
1687 1840 1798 1868 pascua

1018 1881 1162 1909 inveniret
1179 1890 1185 1908 z
1204 1888 1314 1916 pascua
1327 1880 1412 1914 foris,
1429 1880 1460 1907 in
1475 1887 1562 1906 carne
1581 1879 1756 1913 Salvatoris;
1771 1882 1798 1907 et

1018 1936 1128 1964 pascua
1143 1928 1231 1961 intus,
1245 1927 1274 1954 iu
1289 1926 1442 1954 divinitate
1455 1926 1633 1954 Conditoris.
1645 1928 1717 1954 Nam
1729 1926 1798 1954 bea-

1019 1975 1112 2002 titudo
1132 1974 1238 2001 animae
1257 1976 1299 2001 est
1321 1974 1350 2000 111
1366 1973 1479 2001 visione
1496 1973 1559 2008 Dei;
1577 1973 1628 2000 sed
1644 1973 1797 2001 beatitudo

1019 2022 1182 2058 corporalis
1206 2021 1376 2049 substantiae
1399 2023 1441 2048 est
1470 2021 1501 2048 in
1525 2020 1638 2048 visione
1665 2021 1798 2056 corporis

1019 2070 1131 2099 Christi.
1147 2072 1219 2098 Nam
1236 2069 1275 2096 011
1291 2069 1367 2096 hanc
1392 2076 1511 2096 causam
1532 2068 1638 2096 dicitur
1652 2069 1662 2085 θ
1678 2077 1684 2095 z
1705 2080 1718 2094 α
1735 2070 1798 2096 Haec

1019 2121 1061 2145 est
1078 2117 1138 2144 vita
1154 2118 1273 2150 aeterna,
1292 2118 1322 2143 ut
1336 2117 1517 2150 cognoscant
1531 2117 1559 2142 te
1574 2123 1679 2142 verum
1694 2117 1798 2149 Deum,

1019 2166 1047 2192 et
1071 2172 1161 2199 quem
1184 2162 1287 2190 misisti
1310 2163 1408 2189 ,Iesum
1428 2162 1583 2189 Christum.
1604 2171 1616 2187 »
1635 2162 1708 2195 Quia
1728 2170 1797 2197 ergo

1018 2212 1147 2238 Christus
1164 2210 1303 2238 Dominus
1319 2211 1392 2237 Deus
1409 2211 1470 2236 erat
1485 2211 1512 2236 et
1525 2209 1627 2242 homo,
1639 2209 1707 2237 ideo
1724 2215 1799 2244 Apo-

1018 2259 1100 2286 stolis
1120 2258 1217 2294 ipsum
1235 2257 1424 2285 cernentibus
1449 2258 1526 2284 recto
1550 2257 1667 2284 dicebat
1691 2266 1696 2283 ;
1720 2258 1798 2284 Beati

1019 2307 1106 2339 oculi,
1122 2307 1169 2340 qui
1184 2305 1286 2332 vident.
1304 2305 1335 2332 In
1350 2312 1406 2339 quo
1423 2304 1516 2331 verbo
1538 2304 1640 2331 divina
1660 2304 1798 2331 describi-

1020 2356 1064 2380 tur
1079 2353 1153 2380 visio
1168 2354 1312 2388 quantum
1327 2352 1365 2379 ad
1390 2355 1517 2387 quatuor
1534 2362 1540 2379 :
1562 2352 1677 2387 primo,
1702 2360 1797 2387 quan-

1020 2402 1082 2428 tum
1097 2401 1136 2429 ad
1151 2401 1229 2428 visus
1246 2400 1471 2427 instrumentum
1481 2419 1488 2431 ‚
1507 2399 1617 2426 scilicet
1632 2406 1776 2434 organum
1789 2409 1796 2431 ,-

1019 2448 1169 2482 secundo,
1189 2448 1333 2483 quantum
1353 2446 1392 2473 ad
1415 2445 1537 2473 videndi
1558 2448 1673 2481 actum3
1697 2446 1797 2481 tertio,

1020 2496 1163 2530 quantum
1173 2494 1211 2521 ad
1223 2493 1302 2520 visus
1314 2493 1480 2527 objectum3
1494 2494 1600 2527 quarto
1613 2500 1694 2527 vero,
1705 2501 1798 2528 quan-

1021 2544 1082 2569 tum
1101 2541 1139 2568 ad
1163 2540 1285 2568 visionis
1309 2539 1473 2575 praemium.
1499 2538 1595 2566 Prima
1616 2539 1670 2566 tria
1690 2541 1797 2566 statum

1019 2588 1180 2623 respiciunt
1191 2586 1312 2614 viatoris
1323 2596 1331 2621 3
1345 2586 1397 2613 sed
1408 2587 1548 2621 quartum
1558 2585 1675 2621 respicit
1691 2588 1797 2612 statum

1020 2658 1041 2674 c.
1059 2657 1088 2680 11,
1105 2651 1170 2673 tutor
1186 2650 1255 2680 Ossan
1281 2651 1353 2679 Aug„
1378 2648 1492 2678 Appeud.
1511 2650 1572 2672 toni.
1591 2648 1631 2671 vt.
1649 2661 1677 2664 ——
1694 2649 1702 2660 ⁶
1714 2648 1775 2671 ern
1792 2668 1795 2674 ‚

1021 2693 1084 2718 mn,
1104 2690 1127 2711 α’.
