2029 3052
701 223 987 257 RESPONSIONIS
1009 224 1148 258 PRIMAE
1171 225 1300 258 CAPUT
1324 225 1348 259 Ι.

213 294 317 334 potest
336 302 394 335 per
414 293 469 326 Dei
483 292 695 333 clementiam,
721 292 853 325 sollicite
872 301 931 333 pro
954 301 992 324 eo

213 347 464 389 interpellandus
489 349 536 380 est
556 347 719 387 ChristuS,
745 348 782 379 ut
810 355 878 379 suae
906 346 994 379 vocis

214 401 349 441 virtute,
380 411 416 434 ae
443 401 607 442 sapientiae
627 401 751 433 lumine
779 401 866 442 eJuS,
894 409 994 441 quam

215 455 313 488 Saulo
340 455 503 496 quondam
535 455 740 494 exhibuerat,
780 454 994 486 miserationis

214 518 282 541 non
300 509 488 549 immemor,
511 510 542 541 et
557 509 805 550 protervientem
818 508 991 547 deterreat,

215 565 246 595 et
267 563 504 605 superbientem
528 563 689 602 humiliet,
715 565 746 596 et
766 565 926 596 errantem
941 573 994 596 re-

214 617 332 659 quirat,
358 617 499 658 corrigat
529 618 560 649 et
581 617 723 650 reducat.
754 618 793 650 Et
815 618 992 659 quoniam¹

214 671 350 704 meliora
365 673 441 704 suni
454 670 586 704 vulnera
599 671 778 713 diaconiis,
793 681 891 713 quam
906 673 994 712 frau-

213 725 345 759 dulenta
362 725 505 758 odientis
519 725 640 763 oscula,
656 736 864 768 nequaquam
883 736 993 768 pecca-

213 781 320 811 torum
331 779 411 818 oleo,
423 779 606 812 adulatione
616 780 773 820 videlicet,
787 781 994 822 impinguan-

213 833 292 865 dum
302 835 349 864 est
362 833 463 874 ipsius
476 834 671 874 languidum
682 837 788 876 caput,
804 845 862 867 nec
877 837 993 869 tumidi

212 887 316 918 cordis
343 889 506 928 apostema
534 889 746 930 palpandum;
780 890 861 931 quin
890 891 994 931 potius

213 940 354 981 procacis
368 941 509 973 hominis
529 945 667 974 erectam
688 944 846 976 cervicem
869 947 994 985 oportet

214 995 295 1026 dura
309 995 523 1036 increpatione
538 997 643 1036 ferire,
664 1007 729 1029 non
748 999 877 1039 quidem
892 999 994 1030 amari

215 1048 317 1079 cordis
333 1048 416 1087 odio,
435 1050 488 1081 sed
509 1051 691 1092 tranquillae
716 1052 834 1083 mentis
858 1052 994 1084 aemula-

215 1102 296 1133 toria
311 1102 475 1135 charitate.
501 1104 610 1144 Ipsum
633 1114 709 1137 vero
729 1105 848 1146 dogma
866 1106 993 1146 pestife-

1773 230 1829 260 411

1049 301 1123 325 rum
1150 293 1295 327 ordinato
1309 294 1462 336 competit
1478 295 1662 336 improbare
1681 304 1833 336 progres-

1050 355 1100 385 su,
1116 348 1151 378 ut
1169 356 1225 388 per
1241 348 1373 380 modum
1388 348 1547 390 apologiae
1557 349 1729 390 objectioni
1741 359 1832 391 coap-

1049 402 1134 432 tetur
1164 402 1339 443 responsio,
1368 404 1399 434 et
1425 403 1666 444 impugnationi
1692 403 1833 436 defensio

1049 457 1294 497 correspondeat
1315 467 1357 490 ex
1376 458 1520 496 adverso.
1546 458 1705 496 Quoniam
1730 458 1834 498 igitur

1048 510 1154 550 primo
1168 512 1369 551 perfectionis
1383 511 1580 552 evangelicae
1595 512 1718 552 apicem
1735 521 1832 544 cona-

1049 566 1102 596 tur
1115 565 1263 605 dejicere,
1279 566 1394 598 dehinc
1408 566 1611 607 praecipitare
1627 566 1759 606 moenia,
1771 568 1832 598 ter-

1048 618 1093 650 tio
1105 620 1248 651 evertere
1263 620 1481 659 fundamenta,
1498 620 1692 661 tandemque
1712 629 1834 661 paupe-

1049 681 1123 704 rum
1143 672 1258 704 Christi
1275 673 1516 714 professionem,
1535 673 1621 705 falsis
1638 674 1834 706 criminatio-

1048 727 1145 758 nibus
1172 727 1383 767 infamatam,
1421 728 1670 759 abominabilem
1700 729 1834 760 reddere

1049 782 1188 813 mundo:
1205 782 1406 823 quadruplex
1420 782 1455 813 in
1471 783 1669 814 contrarium
1691 792 1830 824 respon-

1049 836 1179 868 sionum
1207 839 1254 869 est
1280 837 1467 868 instruenda
1500 837 1658 875 munitio,
1693 846 1833 878 quarum

1049 890 1201 930 quaelibet
1225 891 1386 932 tripartita
1412 891 1470 930 sit,
1494 891 1591 931 juxta
1614 891 1700 931 quod
1732 891 1836 932 exigit

1049 944 1202 982 materia,
1234 947 1393 985 quatenus
1422 945 1615 985 triangulari
1645 945 1835 986 hujusmodi

1049 1000 1213 1030 armatura
1228 1000 1406 1038 evangelici
1428 1000 1562 1039 milites,
1583 1000 1672 1031 velut
1691 1000 1836 1032 veritatis

1048 1055 1139 1085 scuto
1154 1054 1363 1092 circumdati,
1391 1057 1501 1086 contra
1523 1055 1765 1087 fulminantium
1788 1057 1835 1087 te-

1048 1107 1155 1139 lorum
1171 1108 1320 1140 acumina
1335 1110 1547 1149 protegantur
1564 1109 1683 1141 invicti.

323 1322 688 1361 RESPONSIONIS
724 1325 892 1364 PRIMAE

426 1413 569 1448 CAPUT
594 1415 769 1450 PRIMUM

216 1486 250 1512 In
268 1493 319 1520 quo
340 1486 547 1514 calumniatoris
563 1495 692 1523 perversa
710 1490 826 1517 intentio
847 1490 995 1526 detegitur,

251 1537 319 1557 veroe
349 1530 577 1559 condescensionis
603 1533 707 1561 Christi
724 1534 848 1562 sublimis
867 1537 995 1571 perfectio

252 1575 417 1603 declaratur.

256 1641 362 1682 Igitur
373 1642 517 1674 libellum
532 1643 623 1675 illum
637 1645 884 1687 calumniosum,
901 1649 997 1688 cujus

214 1697 276 1728 hoc
290 1696 419 1728 initium
431 1699 494 1730 est:
510 1699 646 1732 Tantum
658 1700 722 1733 sibi
729 1702 997 1742 proesamptionis

215 1756 459 1794 assumpserunt
482 1755 617 1795 quidam
639 1756 798 1796 homines,
823 1760 895 1797 etc„
920 1768 995 1790 cum

217 1807 434 1846 aemulatione,
451 1818 517 1840 non
532 1811 708 1841 secundum
723 1812 889 1843 scientIam
900 1813 996 1844 fuisse

216 1861 450 1902 conscriptum,
477 1872 581 1903 neque
602 1873 714 1895 sanam
739 1866 900 1897 continere
923 1867 994 1898 doc-

217 1915 347 1954 trinam,
364 1916 421 1956 qui
437 1916 606 1956 diligenter
625 1919 694 1950 vult
713 1920 923 1960 considerare,
945 1921 994 1952 lu-

217 1969 358 2000 culenter
373 1971 476 2009 potest
491 1971 667 2003 advertere.
692 1972 837 2005 Primum
852 1975 994 2014 quidem,

217 2024 293 2064 quia
305 2023 338 2054 in
356 2024 571 2056 defensionem
587 2026 673 2057 illius
691 2027 764 2058 libri
783 2029 920 2068 erronei,
941 2030 996 2070 qui

216 2077 261 2108 sic
276 2077 385 2118 incipit
406 2089 412 2109 :
434 2078 511 2111 Ecce
531 2079 675 2112 videntes
694 2081 879 2115 clamabunt
899 2083 994 2122 foriS,

217 2131 325 2170 paucis
336 2131 490 2163 revolutis
503 2134 702 2174 temporibus
716 2145 773 2176 per
788 2136 902 2168 Sedem
915 2137 998 2178 Apo-

217 2184 359 2215 stolicam
372 2186 546 2225 reprobati,
568 2196 632 2218 non
655 2189 776 2229 absque
794 2192 870 2221 nota
894 2191 995 2222 rebel-

218 2238 312 2269 lionis
329 2240 376 2268 est
389 2239 502 2278 edituS,
520 2239 726 2279 Legislatoris
746 2245 853 2282 spreta
869 2246 997 2276 senten-

218 2292 273 2331 tia,
290 2301 387 2332 quam
403 2292 434 2322 in
449 2292 694 2326 Deuteronomio
709 2297 816 2328 sanxit
832 2298 842 2314 ²
859 2309 865 2328 ε
887 2298 922 2330 Si
933 2299 998 2338 clif-

216 2346 299 2385 ficile
314 2348 406 2387 atque
416 2347 601 2387 ambianum
617 2349 707 2389 apud
719 2353 746 2382 ie
757 2350 769 2390 2'
774 2351 918 2384 adiciam
931 2361 995 2385 esse

216 2401 438 2440 perspexeris,
466 2402 574 2434 venies
599 2403 643 2434 aa
670 2405 848 2437 sacerdotes
874 2406 997 2440 levitici

219 2455 357 2495 qeneris,
382 2456 410 2486 ei
430 2455 570 2494 sequeris
589 2459 784 2490 sententiam
799 2468 922 2499 eoram,
940 2469 996 2493 nec

218 2508 395 2540 declinabis
419 2508 463 2540 ad
482 2508 658 2549 dexteram,
684 2512 733 2543 vel
748 2512 792 2544 ad
813 2515 994 2546 sinistram.

221 2564 283 2600 Oai
293 2565 397 2595 autem
416 2563 608 2603 superbierit
622 2565 731 2597 nolens
748 2566 872 2600 obedire
894 2577 997 2601 sacer-

220 2616 305 2648 dotis
319 2617 466 2656 imperio,
483 2618 541 2657 qui
555 2626 587 2649 eo
603 2621 739 2658 tempore
754 2622 922 2655 ministrat
936 2623 997 2655 Do-

220 2671 307 2702 mino
332 2671 392 2702 Deo
408 2673 472 2709 tuo,
491 2674 521 2703 ei
544 2671 668 2704 decreto
682 2672 820 2713 judicis,
843 2678 997 2710 moi-iecur

255 2733 259 2747 ¹
275 2733 358 2763 Prov„
374 2739 456 2765 xxvii,
472 2735 494 2758 6.
511 2748 539 2752 —
553 2735 562 2750 ²
576 2735 661 2767 Dent„
677 2742 742 2768 xvn,
760 2739 838 2764 11-12.

1050 1324 1141 1357 homo
1158 1324 1225 1357 ille.
1244 1325 1334 1363 Quod
1352 1325 1379 1356 si
1399 1326 1544 1366 tempore
1564 1324 1731 1357 sacerdotii
1745 1325 1835 1365 figu—

1049 1378 1145 1410 rativi
1164 1379 1322 1419 pontificis
1342 1379 1508 1411 sententiae
1529 1379 1691 1411 adversari
1712 1379 1836 1410 malum

1050 1433 1134 1471 erat,
1161 1433 1337 1473 mortisque
1358 1442 1454 1473 poena
1474 1433 1715 1472 mulctandum;
1733 1433 1836 1465 multo

1050 1487 1164 1517 fortius
1178 1488 1321 1527 tempore
1335 1488 1480 1519 veritatis
1491 1489 1522 1519 et
1539 1487 1654 1527 gratiae
1668 1488 1833 1527 revelatae,

1051 1540 1179 1581 quando
1202 1540 1318 1572 Christi
1341 1541 1466 1573 Vicario
1484 1542 1650 1582 plenitudo
1671 1542 1835 1582 potestatis

1051 1594 1164 1625 collata
1178 1603 1245 1625 esse
1260 1595 1472 1634 dignoscitur,
1491 1595 1614 1626 malum
1630 1605 1699 1627 esse
1713 1598 1836 1627 constat

1050 1648 1232 1680 nullatenus
1249 1658 1316 1680 esse
1336 1649 1549 1689 tolerandum,
1566 1650 1598 1680 in
1619 1650 1680 1681 fide
1697 1650 1749 1682 vel
1765 1659 1834 1681 mo·
1869 1643 1873 1645 “

1050 1701 1140 1733 ribus
1162 1703 1232 1742 ejus
1259 1702 1439 1733 diffinitioni
1463 1703 1681 1743 dogmatizare
1706 1706 1835 1736 contra-

1051 1757 1149 1796 rium,
1159 1758 1363 1798 approbando
1375 1758 1460 1798 quod
1471 1758 1537 1798 ipse
1549 1759 1710 1798 reprobat,
1725 1759 1836 1789 reaedi-

1051 1812 1175 1842 sicando
1190 1812 1274 1852 quod
1289 1812 1356 1852 ipse
1371 1812 1516 1850 destruit,
1535 1812 1732 1843 defensando
1747 1813 1835 1853 quod

1052 1865 1192 1896 damnat.
1209 1866 1326 1896 Dehinc
1336 1866 1363 1896 si
1378 1866 1450 1906 quis
1464 1866 1536 1896 iibri
1551 1866 1656 1897 totalis
1672 1866 1838 1897 continen-

1052 1919 1130 1949 tiam
1148 1919 1241 1959 vigili
1263 1920 1544 1959 circumspectione
1565 1920 1754 1959 consideret,
1772 1929 1837 1951 non

1053 1981 1175 2011 sanam,
1193 1973 1247 2004 sed
1264 1973 1370 2013 potius
1385 1973 1529 2004 insanam
1546 1976 1576 2005 et
1591 1974 1723 2014 impiam
1741 1974 1838 2005 disse-

1053 2026 1177 2058 minare
1205 2027 1382 2058 doctrinam
1409 2027 1535 2058 oculata
1565 2028 1627 2059 fide
1652 2028 1836 2068 perpendet.

1052 2080 1132 2112 Nam
1148 2081 1182 2111 in
1196 2080 1301 2121 primo
1316 2080 1410 2119 libro,
1434 2081 1549 2120 fugam
1564 2081 1793 2121 persecutionIS
1808 2083 1839 2112 et

1053 2136 1165 2166 mortis
1181 2138 1335 2176 tanquam
1355 2138 1463 2166 actum
1487 2137 1629 2167 maxime
1652 2138 1839 2176 competen-

1052 2192 1117 2220 tem
1132 2190 1213 2221 viris
1228 2190 1376 2230 perfectis
1392 2192 1423 2221 et
1438 2191 1569 2229 sanctis,
1588 2190 1719 2230 magnis
1734 2191 1838 2222 extol-

1053 2245 1088 2275 lit
1104 2244 1281 2285 praeconiis3
1295 2244 1521 2275 abstinentiam
1535 2253 1611 2276 vero
1624 2246 1654 2275 et
1661 2245 1836 2284 jejunium,

1052 2301 1206 2339 tanquam
1221 2298 1436 2338 spiritualium
1462 2298 1694 2329 medicamenta
1710 2299 1838 2329 morbo-

1052 2363 1138 2392 rum,
1158 2353 1298 2383 maxime
1313 2354 1428 2384 astruit
1442 2355 1621 2393 competere
1633 2353 1837 2393 imperfectis.

1053 2407 1087 2437 In
1104 2406 1243 2437 secundo
1260 2415 1336 2437 vero
1351 2408 1470 2438 statum
1489 2416 1565 2446 opes
1581 2406 1769 2437 habentium
1785 2415 1836 2437 os-

1054 2461 1182 2491 tendere
1202 2460 1317 2491 nititur
1332 2460 1420 2491 omni
1436 2460 1529 2491 laude
1545 2460 1790 2500 dignissimum,
1808 2462 1838 2491 et

1053 2525 1069 2546 e
1084 2517 1194 2545 contra
1218 2516 1337 2545 statum
1363 2513 1445 2544 nihil
1465 2514 1657 2544 habentium
1679 2514 1838 2554 periculo—

1053 2578 1126 2599 sum
1147 2571 1289 2599 astruere
1305 2570 1451 2605 conatur,
1476 2569 1571 2607 atque
1597 2568 1835 2608 imperfectum.

1053 2623 1089 2653 ln
1116 2622 1209 2653 tertio
1233 2631 1361 2662 quoque
1390 2621 1626 2660 Religiosorum
1652 2622 1834 2653 mendican-

1052 2677 1133 2707 tium
1148 2676 1332 2716 pauperiem
1348 2677 1378 2706 et
1395 2675 1616 2714 abjectionem,
1634 2676 1763 2716 quantis
1777 2685 1834 2715 po-

1053 2732 1133 2770 test,
1171 2729 1410 2762 cavillationum
1448 2729 1599 2761 versutiis
1638 2730 1836 2771 impugnare
