1955 3021
1626 187 1684 211 mx

68 239 190 271 tantem
205 237 342 279 fingere,
359 244 397 269 ac
420 244 476 278 pro
491 236 561 277 ejus
574 236 731 272 diluendo
744 239 895 280 scrupulo
919 239 1075 281 spondere
1095 241 1245 281 futurum
1270 250 1456 285 sermonem,
1479 246 1683 287 expectatum

69 297 200 339 quidem
209 297 244 329 in
258 295 369 339 Operis
379 304 570 337 progressu,
587 296 642 329 sed
651 297 802 339 nuspiam
815 297 986 339 impletum
993 299 1009 330 ἱ)

108 359 139 389 6.
156 355 293 389 Proinde
305 354 490 387 nullatenus
508 354 724 388 dubitandum
738 358 796 397 est,
812 365 889 390 num
904 360 1015 391 auctor
1030 358 1162 402 Proloyi
1185 360 1347 402 Legendae
1365 361 1399 394 S.
1424 362 1585 396 Francisci
1600 372 1686 398 unas

68 415 232 449 habendus
244 415 292 448 sit
300 416 539 448 Bonaventura.
556 414 645 446 Certe
659 415 687 446 si
699 425 764 457 qua
778 415 982 458 interpolatio
994 418 1021 458 ej
1027 417 1140 450 usdem
1159 420 1290 461 Prologi
1303 420 1386 453 facta
1396 420 1522 461 fuisset,
1532 422 1566 454 in
1579 422 1687 464 aliquo

67 474 180 507 saltem
195 473 412 515 manuscripto
427 473 534 506 codice
550 476 730 515 appareret.
753 489 756 492 ⁴
959 509 962 512 ,

108 535 138 565 7.
153 532 204 565 Ad
214 533 277 566 alia
291 532 395 574 igitur
406 533 576 571 transiens,
591 532 813 566 animadverto
828 537 858 566 1.
873 533 1133 568 Bonaventuram
1150 537 1210 568 hac
1223 547 1242 569 a
1261 547 1294 570 se
1310 538 1427 580 scripta
1449 538 1602 580 Legenda
1619 548 1688 571 non

68 601 199 625 omnem
215 593 248 624 S.
264 592 424 625 Francisci
446 592 547 624 vitam
569 592 613 624 ita
635 592 834 632 exhausisse,
854 595 892 625 ut
913 593 994 625 nihil
1016 595 1270 635 praetermiserit,
1290 597 1353 628 nisi
1377 597 1418 629 ad
1442 598 1541 630 aniles
1561 598 1688 630 fabulas

67 652 260 693 releganda3
275 653 330 685 sed
346 652 464 694 aliqua,
481 652 554 684 licet
568 661 646 684 vera
660 653 691 684 et
705 654 802 692 certa,
819 662 860 684 ex
875 652 1025 693 prudenti
1038 654 1178 695 quadam
1193 655 1383 695 oeconomia,
1402 656 1454 688 vel
1470 656 1598 697 penitus
1610 657 1689 689 reti-

68 711 182 751 cuisse,
197 710 250 744 vel
259 711 366 743 solum
378 711 544 743 indicasse.
558 710 647 743 Certe
661 711 707 742 ita
719 711 815 743 sentit
829 710 1002 743 Ubertinus
1018 712 1057 744 de
1071 712 1182 754 Casali,
1200 714 1257 755 qui
1269 715 1414 755 loquitur
1430 714 1464 746 in
1478 715 1549 747 haec
1564 716 1664 748 verba
1679 727 1687 747 ι

73 782 88 801 a
101 770 292 803 Affirmabat
305 772 435 803 sanctus
449 771 502 803 ille
517 770 570 803 Fr.
587 770 751 809 Massaeus,
773 770 860 811 quod
874 770 1032 802 visionem
1049 771 1141 810 vidit,
1158 772 1196 804 de
1217 782 1284 813 qua
1300 773 1335 804 in
1354 773 1524 815 Leaendw
1539 773 1688 813 habetur,

67 831 154 872 quod
179 831 269 863 sedes
292 830 357 870 illa,
382 840 482 872 quam
504 831 585 864 vidit
606 829 728 862 servari
748 829 926 869 Francisoe,
956 830 1017 861 fuit
1044 830 1166 862 dictum
1196 831 1268 872 sihi,
1297 832 1396 865 fuisse
1422 833 1563 865 Luciferi
1581 843 1589 865 :
1606 833 1692 874 quod

67 888 120 922 Fr.
135 888 362 922 Bonaventura
374 889 520 922 humana
534 889 724 922 discretione
744 888 929 928 conticuit2,
948 890 1078 929 propter
1094 889 1334 922 detrahentium
1349 900 1489 932 morsus,
1505 901 1547 923 ne
1568 891 1687 932 imper-

68 948 228 980 suasibilis
240 948 276 980 in
289 948 352 980 illis
362 948 548 990 primordiis
562 949 645 980 esset
660 957 778 980 sermo.
795 947 848 979 Sic
863 949 894 979 et
909 947 1011 978 multa
1032 948 1201 988 magnalia
1217 950 1319 981 sancti
1331 951 1452 983 tacuit:
1467 950 1612 982 maxime
1622 951 1689 990 1113,

70 1016 144 1048 quae
156 1007 349 1040 videbantur
358 1007 455 1039 nimis
464 1008 623 1040 defectum
632 1007 832 1040 discretionis
842 1007 882 1047 (a)
894 1006 1115 1048 discooperire,
1128 1017 1225 1048 quem
1234 1009 1273 1048 (b)
1285 1009 1386 1042 oculis
1395 1010 1545 1042 cernebat
1553 1009 1588 1041 in
1595 1010 1671 1041 ffliis
1681 1021 1690 1042 ε

69 1065 144 1098 licet
157 1076 218 1099 nec
229 1067 337 1099 omnia
350 1067 496 1107 tacuerit,
513 1068 568 1099 sed
582 1067 676 1109 quasi
687 1067 748 1099 sub
763 1066 909 1099 clanculo
924 1066 1028 1098 multa
1042 1066 1133 1098 dixit.
1147 1067 1236 1100 Unde
1254 1070 1286 1100 et
1305 1069 1340 1101 in
1356 1069 1411 1101 1113
1431 1070 1556 1103 visione
1571 1070 1695 1102 occulte

69 1126 189 1167 posuit,
205 1127 292 1168 quod
305 1127 395 1159 sedes
407 1127 462 1159 illa
476 1129 545 1159 erat
560 1128 683 1159 caeteris
698 1127 879 1159 sublimior.
898 1127 997 1159 Credo
1012 1128 1121 1159 autem
1140 1127 1227 1168 quod
1241 1128 1348 1168 quoad
1364 1129 1467 1160 multa
1476 1129 1586 1161 locum
1601 1129 1695 1161 Luci-

69 1185 128 1216 feri
141 1184 331 1218 Franciscus
346 1188 433 1218 tenet
446 1187 481 1218 in
492 1186 584 1218 coelo.
601 1186 664 1218 Sed
680 1186 753 1227 quis
766 1186 875 1218 locum
896 1187 967 1227 ejus
982 1186 1089 1227 quoad
1103 1186 1214 1217 omnia
1228 1188 1346 1227 teneat,
1362 1188 1423 1219 1103
1437 1188 1454 1220 J
1456 1197 1515 1220 esu
1529 1188 1694 1229 dispensa-

69 1243 148 1275 toris
161 1244 286 1276 sedium
299 1247 347 1277 est
359 1245 557 1278 servandum
571 1244 739 1283 arbitrio³‚
756 1256 771 1274 »
789 1246 847 1276 etc.
866 1245 951 1276 Inter
961 1245 1087 1285 reliqua
1100 1254 1120 1276 a
1134 1243 1367 1278 Bonaventura
1381 1246 1540 1278 duntaxat
1555 1247 1696 1279 indicata

70 1302 105 1334 in
118 1312 177 1335 5113
190 1302 352 1344 Legenda,
369 1305 416 1335 est
431 1304 528 1335 etiam
545 1303 654 1336 divina
669 1302 875 1344 Indulgentia
895 1303 1113 1336 Portiunculae
1131 1304 1152 1336 ⁴.
1168 1304 1266 1336 Plura
1279 1314 1358 1337 vera
1375 1307 1407 1337 et
1421 1308 1509 1338 certa
1525 1306 1565 1338 ab
1583 1306 1697 1338 eodem

70 1361 290 1402 praetermissa
303 1362 409 1394 videri
423 1364 557 1404 possunt
571 1362 657 1403 apud
671 1362 707 1394 P.
724 1362 879 1394 Mathiam
900 1363 1138 1396 Grouwelsium
1151 1363 1174 1395 ὅ.

113 1423 143 1453 8.
161 1421 394 1453 Animadverto
410 1424 441 1452 2.
463 1421 574 1461 plures
592 1421 751 1452 notabiles
765 1420 917 1453 lectiones
934 1422 1094 1453 variantes
1110 1431 1279 1454 occurrere
1290 1423 1325 1454 in
1338 1423 1568 1465 manuscriptis
1581 1426 1698 1457 codici-

73 1479 134 1511 bus
148 1480 294 1520 ejusdem
310 1479 482 1520 Legendae.
499 1480 579 1511 Item
594 1479 629 1510 in
645 1488 704 1510 ms.
722 1479 878 1511 Chronico
900 1482 940 1510 24
964 1480 1186 1512 Ministrorum
1202 1481 1408 1513 Generalium
1423 1482 1483 1514 sub
1500 1483 1698 1525 Hieronymo

75 1538 236 1570 Asculano
246 1538 286 1570 ad
297 1548 350 1570 an.
365 1540 455 1577 1278,
466 1538 532 1578 legi
545 1549 552 1570 ε
573 1551 588 1568 a
596 1538 655 1570 Hic
665 1538 828 1570 Generalis
839 1539 959 1571 addidit
968 1539 1128 1579 Legendae
1139 1540 1174 1572 Β.
1185 1540 1209 1572 F
1211 1541 1347 1572 rancisci
1357 1551 1414 1582 per
1424 1542 1515 1575 Dom.
1528 1543 1580 1575 Fr.
1590 1543 1699 1576 Bona-

75 1598 248 1630 venturam
261 1597 451 1638 compilatae,
467 1597 556 1628 illam
573 1597 731 1630 visionem
745 1597 780 1629 D.
804 1598 899 1639 Papae
916 1598 1094 1630 Innocentii
1119 1599 1175 1638 ΙΙΙ,
1193 1600 1323 1641 quando
1338 1600 1374 1632 Β.
1391 1601 1600 1634 Franciscum
1614 1605 1697 1635 tam-

76 1666 176 1698 quam
190 1656 342 1697 ignotum
357 1656 475 1698 repulit
489 1657 707 1697 indignanter,
723 1657 762 1688 ab
779 1657 833 1688 illo
843 1657 912 1689 1030
927 1667 935 1689 z
954 1658 1033 1690 Cam
1046 1658 1152 1699 ἱρέων
1166 1662 1247 1692 esset
1264 1659 1386 1692 Christi
1408 1660 1558 1693 Vicarz‘us
1571 1662 1607 1693 in
1620 1661 1698 1701 loco,

78 1715 136 1756 qui
150 1715 275 1748 dicitur
291 1713 472 1756 Speculum,
490 1716 549 1746 etc.
564 1714 667 1752 Quam
682 1715 743 1746 sibi
759 1715 850 1747 Dom.
871 1715 1050 1748 Richardus
1064 1716 1151 1748 tituli
1167 1717 1276 1749 Sancti
1289 1718 1408 1758 Angeli
1422 1718 1581 1751 Diaconus
1596 1719 1702 1752 Cardi-

80 1774 172 1812 nalis,
186 1783 287 1815 nepos
302 1774 448 1815 ejusdem
462 1773 552 1806 Dom.
569 1773 676 1815 Papae,
697 1776 794 1815 prout
808 1775 848 1806 ab
863 1775 976 1806 eodem
997 1776 1160 1807 avunculo
1179 1785 1238 1808 suo
1260 1778 1423 1817 audierat,
1450 1779 1563 1811 devote
1579 1780 1703 1812 revela-

80 1832 140 1865 vit.
157 1843 172 1862 »
191 1832 296 1873 Igitur
317 1833 496 1864 secundum
510 1832 676 1864 laudatum
699 1833 888 1873 Chronicon⁷
914 1835 1012 1873 atque
1025 1833 1220 1866 Assisienses
1245 1836 1368 1867 codices
1385 1837 1530 1877 ejusdem
1541 1837 1702 1878 Legendae

82 1892 289 1933 antiquiores,
319 1894 390 1933 post
411 1892 466 1923 illa
487 1892 587 1924 verba
605 1902 611 1923 :
632 1892 710 1924 Cum
733 1894 840 1925 autem
862 1892 907 1924 ad
929 1893 1107 1925 Romanam
1135 1895 1262 1927 cariam
1284 1896 1479 1935 pervenisset
1489 1895 1510 1936 ⁶,
1532 1906 1549 1929 e
1564 1898 1703 1939 vestigio

83 1951 174 1992 sequi
185 1951 318 1983 dehent:
342 1963 357 1981 a
371 1952 413 1985 Et
423 1951 633 1984 introductas
646 1955 725 1984 essct
738 1955 811 1984 ante
825 1954 1027 1992 conspectam
1036 1954 1156 1986 summi
1170 1953 1339 1994 pontificis
1350 1958 1378 1994 ⁷3
1396 1956 1576 1997 caeteraque
1594 1958 1705 1989 omnia

84 2010 229 2042 addititia
241 2012 326 2050 sunt,
335 2012 431 2051 ,iussu
444 2010 588 2052 praedicti
600 2010 763 2042 Generalis
778 2011 978 2052 interposita.
990 2011 1218 2052 Interpolatam
1234 2015 1342 2045 tamen
1356 2014 1503 2046 eamdem
1517 2015 1704 2056 Legendam

83 2069 118 2101 in
130 2070 256 2102 excusis
269 2070 517 2111 exemplaribus,
534 2079 571 2101 eo
585 2071 682 2110 quod,
697 2080 767 2111 cap.
784 2080 831 2109 iv,
849 2070 1071 2102 testimonium
1091 2071 1203 2104 reddat
1217 2073 1255 2104 de
1271 2073 1390 2113 grandi
1410 2074 1598 2107 Storearum
1613 2075 1705 2117 Capi-

85 2127 163 2167 tuio,
179 2137 216 2160 ac
230 2128 436 2160 disertissime
450 2128 488 2160 de
507 2129 661 2161 Fratrum
683 2129 907 2169 multitudine,
923 2138 995 2171 quoe
1019 2131 1106 2163 ultra
1127 2133 1269 2172 quinque
1285 2133 1394 2165 millia
1408 2135 1559 2168 convenit
1567 2137 1589 2174 Β,
1605 2136 1706 2176 suspi-

86 2187 152 2218 cari
174 2188 256 2219 mihi
283 2189 330 2219 fas
357 2197 423 2220 non
450 2190 516 2220 est:
532 2185 764 2220 dubitationem
788 2188 887 2226 enim,
906 2198 1006 2230 quam
1028 2190 1150 2230 ingerit
1177 2190 1345 2223 Echardus
1365 2192 1386 2231 ⁹,
1403 2191 1487 2224 tollit
1511 2192 1705 2225 Guilielmus

89 2245 232 2287 Cuperus
243 2246 277 2279 ¹⁰.

128 2303 159 2336 9.
174 2305 403 2338 Animadverto
417 2309 447 2338 3.
468 2307 673 2347 scriptionem
695 2305 796 2347 hujus
818 2306 979 2347 Legendae
1005 2307 1191 2339 mandatam
1211 2308 1343 2349 quidem
1368 2309 1467 2341 fuisse
1482 2310 1516 2342 S.
1536 2310 1705 2344 Bonaven-

89 2366 172 2397 turae
185 2374 227 2397 311
240 2367 331 2405 1260,
345 2365 400 2397 5311
414 2365 549 2397 minime
561 2366 658 2397 fuisse
682 2366 795 2397 eodem
818 2374 903 2397 anno
928 2366 968 2398 ab
993 2376 1031 2398 eo
1057 2367 1232 2407 perfectam
1249 2378 1256 2399 ι
1275 2367 1372 2408 idque
1387 2369 1568 2409 praesertim
1583 2371 1617 2402 111
1632 2381 1706 2403 5311-

125 2442 131 2456 “
146 2441 259 2473 Antiqua
276 2441 386 2472 scilicet,
407 2442 440 2466 ad
461 2449 538 2473 quam
560 2442 700 2467 Uberlinus
723 2442 868 2473 respexisse
884 2442 993 2467 videtur.
1005 2456 1036 2461 -
1055 2443 1063 2457 ²
1079 2444 1137 2468 Non
1152 2443 1231 2473 enim,
1252 2451 1308 2475 cap.
1326 2450 1367 2476 VI,
1388 2446 1513 2477 expressit
1527 2446 1605 2471 fuisse
1621 2448 1709 2473 sedem

94 2477 218 2507 Luciferi,
236 2477 281 2502 sed
304 2477 367 2501 dixit
384 2488 389 2501 t
410 2477 498 2502 Sedem
525 2485 578 2509 proe
599 2479 695 2502 caeteris
717 2478 868 2509 digniorem.
886 2479 943 2503 Vid.
963 2486 1021 2510 pag.
1044 2480 1099 2510 313,
1126 2479 1174 2503 301.
1190 2481 1213 2504 2.
1228 2493 1259 2498 -
1277 2480 1287 2496 ³
1307 2480 1400 2505 Arbor.
1421 2482 1466 2505 vit.
1487 2482 1601 2514 Cracifi„
1617 2483 1661 2509 lib.
1677 2485 1709 2516 V,

95 2520 118 2537 3.
133 2519 168 2537 ιν.
182 2526 212 2531 -
226 2512 236 2529 ¹·
250 2514 346 2538 Versus
361 2514 405 2538 fin.
422 2520 478 2545 cap.
493 2520 522 2544 11,
537 2521 594 2545 pag.
611 2516 667 2544 299,
681 2514 730 2538 col.
748 2516 771 2538 2.
792 2515 901 2545 Legatur
916 2514 967 2539 vita
983 2517 1007 2539 5.
1024 2515 1152 2539 Francisci
1168 2515 1260 2539 Gallice
1273 2516 1367 2547 scripta
1384 2524 1399 2540 a
1414 2518 1442 2540 F.
1457 2518 1572 2542 Candido
1588 2519 1710 2552 Chalippe

95 2548 235 2573 Strictioris
256 2549 374 2580 ObserV„
396 2551 460 2574 torn.
482 2550 512 2580 ΙΙ,
535 2556 593 2581 pag.
610 2551 663 2581 291,
685 2550 746 2574 edit.
766 2549 871 2574 Mediol.
889 2551 958 2574 1760.
971 2550 1094 2575 Videatur
1112 2558 1214 2582 quoque
1230 2551 1317 2575 Codex
1336 2559 1386 2576 ms.
1402 2552 1465 2584 in-4,
1481 2554 1575 2584 partim
1591 2556 1711 2587 membr„

94 2585 188 2615 partim
208 2585 318 2609 chartac.
341 2585 462 2609 soliorum
484 2587 522 2616 16,
545 2587 661 2609 servatus
676 2585 796 2610 Fabriani
811 2585 878 2616 apud
893 2585 1028 2610 Minoritas
1045 2587 1245 2611 Conventuales.
1261 2600 1291 2604 —
1309 2588 1319 2604 ⁵
1338 2588 1366 2611 ln
1381 2588 1477 2613 Hz'stor.
1493 2591 1583 2614 critica
1598 2591 1711 2622 ejusdem

97 2620 274 2653 Indulgentiae,
289 2623 353 2652 part.
371 2623 393 2652 3,
412 2629 434 2646 3.
452 2627 486 2652 11,
501 2622 516 2652 ἓ
532 2623 541 2645 1
560 2628 588 2645 30
609 2628 674 2652 seq„
690 2622 749 2646 edit.
767 2622 888 2652 Ant11e1p.
906 2623 978 2653 1726,
994 2622 1059 2647 111-8.
1078 2636 1108 2640 -
1123 2623 1132 2639 ⁶
1149 2623 1207 2653 Huj.
1223 2624 1287 2646 tom.
1306 2630 1365 2654 pag.
1389 2625 1450 2655 302,
1466 2625 1515 2649 col.
1536 2628 1559 2650 2.
1575 2640 1605 2644 —
1622 2626 1631 2643 7
1648 2628 1713 2652 thid.

96 2669 127 2673 —-
141 2658 149 2670 Β
166 2657 239 2688 111111.,
255 2664 314 2688 pag.
329 2658 384 2686 306,
398 2657 447 2681 col.
463 2659 526 2681 ΞΖ.-
537 2657 547 2674 ⁹
563 2658 655 2689 Script.
673 2657 732 2681 ΟΜΖ.
748 2656 842 2686 Proed.,
856 2659 919 2681 tom.
936 2658 954 2688 1,
970 2665 1030 2689 pag.
1043 2659 1082 2682 78.
1093 2671 1124 2675 —
1141 2659 1161 2675 ¹⁰
1179 2659 1205 2682 ln
1221 2658 1290 2683 Actis
1304 2659 1361 2688 SS..
1378 2661 1443 2683 tom.
1463 2661 1481 2685 1.
1497 2663 1573 2693 Aug„
1591 2662 1632 2687 die
1649 2664 1672 2694 4,
1689 2664 1715 2688 in

97 2692 242 2719 comment.
258 2693 355 2724 praevio
371 2694 402 2717 de
417 2694 444 2718 S.
462 2694 607 2725 Dominico,
626 2694 639 2723 ,ξ
655 2694 695 2723 34,
712 2700 738 2717 n.
754 2694 841 2716 652.--
857 2693 890 2723 (α)
905 2694 992 2717 Prode.
1007 2694 1227 2724 transgressionis.
1244 2708 1274 2712 —
1293 2694 1324 2725 (b)
1343 2695 1434 2720 Prodr.
1452 2703 1538 2728 quam.
