2029 3052
378 322 469 377 DE
527 320 863 376 PASSIONE
924 319 1271 375 DOMINICA
1330 306 1699 375 OFFICIUM¹

860 607 1213 645 ARGUMENTUM

911 694 966 731 eam
977 694 1042 722 edet.
1058 693 1162 729 Vatia.)

269 782 434 816 Passionis
450 781 630 816 Dominicae
644 781 802 815 Officium
817 793 836 815 a
850 781 1017 815 Matutino
1033 792 1139 826 usque
1156 780 1195 814 ad
1213 780 1475 825 Completorium
1496 784 1562 814 tam
1577 781 1741 825 singulari
1757 782 1843 815 arti-

224 840 298 874 ficio
317 844 349 874 et
363 840 492 874 ardenti
513 841 642 886 pietatis
664 840 783 874 affectu
804 852 823 873 a
843 840 964 873 Sancto
988 839 1226 873 Bonaventura
1244 840 1464 885 compositum
1486 843 1547 882 est,
1570 844 1606 873 ut
1628 845 1848 885 compunctus

223 899 356 933 animus
370 899 589 933 acerbissimae
604 899 748 944 passioni
764 898 995 944 Redemptoris
1009 898 1227 943 compatiens,
1246 898 1280 931 in
1296 910 1401 944 eaque
1417 898 1585 931 infinitam
1600 898 1734 932 Domini
1750 899 1847 933 mise-

225 957 403 992 ricordiam
419 969 497 1002 erga
511 969 616 1002 genus
631 958 818 992 humanum
836 957 1052 1003 conspiciens,
1075 957 1137 990 suh
1158 957 1218 990 hac
1240 957 1347 991 forma
1369 957 1477 990 Officii
1503 956 1652 991 assiduas
1675 957 1715 991 ad
1739 958 1844 992 Deum

224 1028 336 1061 preces
350 1016 522 1051 effundere
537 1017 656 1051 valeat.

480 1249 525 1276 AD
544 1248 666 1276 MATUTI
671 1249 749 1276 NUM.

258 1328 392 1363 Domine,
407 1328 487 1357 labia
506 1337 574 1357 mea
598 1329 723 1365 aperies
748 1329 777 1365 13).
796 1330 827 1357 Et
842 1337 875 1357 os
891 1337 1005 1363 meum,

221 1378 276 1404 etc.
296 1376 323 1411 3(-
342 1377 427 1412 Deus,
443 1376 474 1404 in
489 1376 674 1412 adjutorium
695 1384 813 1411 meum,
830 1378 884 1404 etc.
902 1378 930 1411 ἡ.
949 1377 1005 1404 Do-

221 1423 312 1458 mine,
323 1423 362 1452 ad
373 1423 592 1459 adjuvandum,
608 1426 662 1452 etc.
680 1423 788 1458 Gloria,
803 1425 857 1452 etc.
870 1423 1003 1451 Alleluia.

221 1471 365 1498 Invitator.
383 1470 529 1499 Christum
543 1472 663 1507 captum
675 1472 702 1498 et
713 1471 856 1507 derisum,
873 1470 1005 1507 flagella—

220 1519 283 1545 tum
299 1519 326 1546 et
341 1518 528 1553 crucifixum,
543 1518 653 1552 venite,
666 1518 838 1546 adoremus.

255 1566 390 1593 psalmus.
406 1565 506 1593 Venite
521 1565 689 1594 exultemus
705 1565 841 1602 Domino,
859 1568 912 1595 etc.

551 1649 676 1676 Hrnmus.

400 1711 431 1737 In
446 1709 582 1737 passione
598 1709 726 1745 Domini,

361 1758 425 1791 Qua
439 1756 527 1785 datur
542 1757 622 1785 salus
637 1757 766 1792 homini,

361 1803 402 1832 Sit
416 1806 552 1832 nostrum
565 1803 765 1840 refrigerium,

362 1852 394 1879 Et
409 1851 508 1879 cordis
522 1851 715 1879 desiderium.

397 1899 551 1926 Portemus
566 1898 597 1925 in
612 1899 759 1926 memoria

362 1944 484 1973 Dolores
504 1946 532 1973 et
550 1945 726 1981 opprobria,

349 1992 465 2024 *Christi
481 2000 625 2021 coronam
640 1993 788 2030 spineam,

362 2040 496 2075 Crucem,
513 2039 624 2076 clavos,
641 2042 669 2068 et
682 2040 836 2076 lanceam3

397 2088 430 2115 Et
443 2086 549 2123 plagas
565 2087 788 2124 sacratissimas,

361 2134 446 2162 Omni
460 2134 551 2163 laude
567 2135 767 2171 dignissimas,

362 2182 494 2216 Acetum,
510 2181 559 2217 fel,
576 2182 766 2218 arundinem,

363 2229 395 2256 Et
409 2228 513 2257 mortis
528 2229 769 2258 amaritudinem.

398 2276 464 2303 Haec
479 2276 581 2305 omnia
596 2285 650 2305 nos
666 2278 782 2313 satient,

363 2324 395 2351 Et
409 2323 535 2351 dulciter
550 2324 707 2359 inebrient,

361 2371 418 2398 Nos
432 2370 567 2406 repleant
578 2371 748 2407 virtutibus,

361 2418 393 2445 Et
407 2417 545 2452 gloriosis
558 2418 714 2447 fructibus.

396 2465 433 2492 Te
447 2464 623 2493 crucifixum
639 2466 776 2502 colimus,

360 2513 392 2540 Et
406 2513 468 2540 toto
481 2512 572 2541 corde
586 2513 747 2548 poscimus,

249 2588 257 2604 ¹
270 2587 312 2618 Cf.
326 2588 390 2613 Edit.
405 2589 550 2620 Argentin..
564 2596 605 2614 an.
621 2590 692 2622 1495,
708 2597 767 2622 pars
781 2592 817 2622 113
835 2591 895 2616 edit.
910 2592 1002 2623 Vatic„

217 2629 258 2647 an.
282 2624 358 2655 1596,
375 2626 438 2649 tom.
458 2626 507 2657 Vi,
526 2633 586 2657 pag.
605 2627 665 2657 4363
686 2627 747 2651 edit.
769 2628 846 2658 Ven.,
865 2634 907 2652 an.
930 2629 1002 2659 1611,

218 2659 281 2684 tom.
298 2660 332 2691 11;
349 2661 411 2687 edit.
428 2662 520 2694 Lugd„
535 2669 577 2687 an.
594 2663 662 2693 1647,
678 2665 741 2688 tom.
759 2664 778 2695 l,
794 2671 852 2696 pag.
867 2665 922 2695 4393
939 2665 1001 2690 edit.

1208 1236 1240 1262 Ut
1254 1242 1309 1262 nos
1324 1236 1493 1262 sanctorum
1509 1234 1634 1262 ccetibus

1205 1282 1376 1317 conjungas
1390 1282 1421 1309 in
1436 1282 1615 1310 coelestibuS.

1242 1331 1328 1364 LauS,
1336 1330 1434 1358 honor
1441 1330 1554 1358 Christo
1563 1330 1697 1365 vendito,

1206 1378 1239 1405 Et
1252 1377 1345 1405 nostri
1361 1384 1452 1405 causa
1465 1377 1597 1413 prodito,

1206 1427 1293 1453 Passo
1312 1426 1436 1453 mortem
1453 1433 1509 1461 pro
1524 1425 1653 1461 populo,

1206 1474 1237 1501 In
1252 1480 1359 1508 aspero
1374 1472 1522 1508 patibulo.
1539 1473 1643 1500 Amen.

1098 1520 1265 1555 Antiphone.
1281 1520 1514 1547 Insurrexerunt.

1098 1568 1230 1595 Psalmus.
1245 1568 1340 1601 Quare
1356 1566 1541 1595 fremuerunt
1556 1568 1669 1602 gentes,
1685 1568 1739 1595 eto.

1097 1615 1321 1643 insurrexerunt
1334 1615 1365 1642 in
1379 1623 1427 1643 me
1440 1615 1496 1643 viri
1511 1616 1574 1643 sine
1590 1615 1806 1650 misericordia,
1823 1619 1851 1645 et

1060 1671 1123 1691 non
1144 1665 1342 1699 pepercerunt
1366 1663 1474 1691 animae
1496 1671 1579 1692 meae.
1606 1665 1632 1699 541.
1657 1664 1774 1701 Reliqui
1794 1665 1850 1693 do-

1060 1718 1145 1738 mum
1156 1718 1265 1746 meam,
1279 1710 1379 1738 dimisi
1394 1711 1598 1739 haereditatem
1612 1719 1721 1740 meam.
1736 1713 1766 1747 ιῇ.
1779 1712 1851 1740 Dedi

1061 1757 1197 1785 dilectam
1213 1758 1345 1786 animam
1361 1765 1460 1786 meam
1478 1759 1509 1786 in
1525 1766 1633 1787 manus
1647 1761 1848 1795 peccatorum.

1061 1806 1143 1833 Pater
1159 1806 1269 1833 noster.

1098 1852 1251 1880 Absolutio.
1275 1852 1373 1881 Passio
1402 1852 1517 1881 Domini
1538 1853 1631 1882 nostri
1654 1855 1720 1882 Jesu
1748 1853 1852 1882 Christi

1062 1899 1202 1934 perducat
1212 1907 1267 1927 nos
1283 1900 1322 1927 ad
1339 1900 1451 1936 gaudia
1468 1900 1609 1929 Paradisi.
1628 1903 1731 1929 Amen.

1096 1946 1180 1981 Jube,
1202 1948 1332 1982 Domne,
1354 1947 1464 1975 bened.
1494 1949 1548 1976 Per
1567 1956 1652 1976 suam
1668 1948 1850 1985 passionem,

1061 1993 1110 2022 det
1124 1993 1213 2022 nobis
1229 1994 1373 2023 Dominus
1385 2002 1473 2023 suam
1483 1995 1735 2024 benedictionem.
1746 1997 1848 2024 Amen.

1340 2077 1428 2104 Lectio
1444 2078 1535 2111 prima
1550 2076 1572 2104 2.

1097 2139 1300 2176 Apprehendit
1312 2140 1420 2168 Pilatus
1430 2142 1541 2174 Jesum,
1555 2142 1582 2168 et
1593 2140 1757 2176 flagellavit
1768 2148 1848 2169 eum.

1061 2189 1093 2216 Et
1106 2187 1216 2215 milites
1231 2187 1393 2223 plectentes
1414 2195 1558 2215 coronam
1574 2187 1611 2216 de
1630 2187 1734 2224 spinis,
1750 2188 1850 2224 impo-

1060 2236 1182 2263 suerunt
1204 2234 1293 2270 capiti
1312 2235 1386 2271 ejus,
1410 2236 1438 2263 et
1457 2236 1537 2263 veste
1553 2243 1706 2272 purpurea
1726 2236 1851 2264 circum-

1061 2282 1168 2310 derunt
1183 2290 1259 2309 eum.
1279 2283 1311 2309 Et
1326 2282 1488 2310 veniebant
1502 2282 1541 2310 ad
1556 2290 1635 2318 eum,
1648 2284 1676 2311 et
1690 2283 1848 2312 dicebant:

1060 2331 1119 2357 Ave
1135 2331 1196 2356 Rex
1208 2328 1390 2357 Judeeorum.
1408 2331 1440 2357 Et
1454 2329 1568 2358 dabant
1583 2329 1609 2358 ei
1625 2329 1739 2366 alapas,
1755 2331 1782 2358 et
1798 2338 1849 2358 ex-

1060 2377 1206 2413 spuerunt
1229 2376 1259 2403 in
1282 2384 1351 2404 eum
1374 2386 1381 2404 z
1403 2379 1582 2414 acceperunt
1604 2377 1794 2412 arundinem,
1822 2379 1850 2406 et

1060 2423 1266 2459 percutiebant
1282 2425 1370 2460 caput
1385 2425 1458 2460 ejus,
1476 2426 1517 2452 Tu
1532 2426 1642 2460 autem,
1659 2426 1713 2452 etc.

1097 2471 1125 2505 ις’.
1143 2473 1214 2499 Ecce
1228 2470 1360 2499 vidimus
1372 2480 1441 2500 eum
1453 2479 1515 2501 non
1526 2471 1688 2500 habentem
1704 2472 1847 2508 speciem,

1061 2525 1158 2554 neque
1182 2518 1323 2546 decorem
1344 2527 1351 2546 :
1375 2520 1513 2555 aspectus
1533 2519 1596 2555 ejus
1611 2519 1641 2547 in
1656 2527 1692 2548 eo
1707 2527 1770 2548 non
1784 2520 1845 2555 est3

1062 2587 1138 2647 Yerti„
1154 2593 1196 2611 an.
1214 2588 1285 2617 1754,
1300 2589 1363 2612 tom.
1383 2588 1454 2619 ΧΙΙΙ,
1470 2594 1529 2619 pag.
1546 2588 1601 2613 320.
1616 2601 1647 2606 —
1663 2588 1671 2603 ²
1685 2590 1846 2620 Joan.,.XIx‚

1090 2630 1103 2647 e
1130 2629 1185 2654 seq.

1092 2665 1127 2696 (a)
1145 2665 1205 2690 Caet.
1221 2665 1284 2690 edit.
1301 2666 1436 2697 passionis.
