2060 3052
100 721 179 742 Exem-

74 752 143 780 plum.

184 2689 219 2717 ἰι.
245 2696 290 2722 :21;
316 2701 340 2716 ιιι
372 2693 477 2723 Erany„
505 2692 575 2715 honi.
603 2697 722 2721 nsvin,
748 2698 774 2715 n.
804 2692 831 2721 7,-

197 216 236 248 30

195 285 260 312 Non
286 283 328 311 est
349 289 426 318 opus
449 280 547 310 amico
571 282 702 310 amicum
720 281 848 318 prodere
872 279 976 310 osculo

195 329 332 358 inimicis.
347 330 411 358 Non
426 329 527 357 tamen
541 336 646 357 omnes
655 327 817 362 sunttales,
827 329 861 356 ut
870 327 976 363 Judas3

195 376 248 406 sed
262 376 348 405 multi
362 377 441 411 sunt,
457 375 520 412 qui,
531 375 604 404 dum
617 383 685 404 cum
697 375 786 404 bonis
801 383 977 403 conversan-

195 426 253 459 tur,
275 423 315 452 ad
334 423 450 452 bonum
470 424 631 451 mutantur.
655 421 830 459 Exemplum
854 422 976 451 Hilario-

195 472 252 506 nis,
268 472 319 508 qui
335 471 409 500 dum
426 470 538 498 famam
553 469 670 498 Antonii
694 469 824 504 audivit,
846 469 885 497 ad
907 477 976 497 eum

195 519 249 547 ivit
263 527 270 546 z
287 526 379 555 quem
395 517 511 552 videns,
524 516 662 553 exemplo
675 517 740 552 ejus
753 516 794 545 ad
807 516 934 546 meliora
945 524 976 545 se

194 566 329 595 mutavit.
346 567 421 602 Lege
435 564 590 592 historiam
606 565 626 592 ¹.
643 564 736 592 Etiam
752 563 827 592 nihil
841 564 872 592 in
886 564 976 593 rebus

196 618 239 642 est
250 613 346 650 magis
361 613 464 647 fixum,
482 619 574 648 quam
589 611 674 648 quod
686 611 717 639 in
730 611 821 640 stellis
833 613 903 640 esta
918 613 976 640 Deo

195 661 377 698 plantatum3
394 661 421 688 et
435 661 534 687 tamen
555 659 586 686 in
605 658 646 687 eis
666 658 815 687 invenitur
840 658 975 694 mutatio,

195 707 453 744 approximatione
475 706 637 735 bonorum.
669 707 741 734 Nam
769 706 912 734 Saturnus
935 708 978 734 est

193 755 312 792 planeta
329 762 391 791 prae
410 754 521 782 cunetis
536 753 718 788 malevolus,
742 753 814 789 quia
835 752 976 781 omnibus

192 801 331 837 nocivus,
357 800 432 829 nulli
455 800 624 838 proficuus,
640 808 709 828 cum
729 800 766 828 sit
783 799 924 836 frigidus,
949 801 977 828 et

191 849 301 884 siccus,
324 851 354 877 et
376 848 406 876 in
427 856 481 876 sua
507 847 716 884 complexione
741 846 927 882 mortiferus,
945 850 976 876 ut

191 897 256 925 vult
278 895 460 932 Astrologus.
484 895 566 923 Unde
585 895 649 930 ejus
679 894 763 922 color
785 896 829 922 est
848 894 974 929 lividus,

192 943 254 972 sive
267 943 442 980 plumbeus,
458 942 562 970 mortis
580 941 802 977 significativus.
826 941 976 977 Contingit

192 993 289 1019 tamen
305 989 461 1027 quoddam
476 989 629 1023 mirabile,
645 989 770 1024 dignum
786 988 949 1016 imitatione
965 997 972 1016 ε

191 1037 263 1074 quia
278 1037 352 1066 dum
370 1037 482 1065 clreulo
497 1036 577 1064 Jovis
591 1036 790 1072 approximat,
805 1043 894 1072 quem
910 1035 974 1072 pla-

191 1086 292 1113 netam
306 1093 359 1121 per
377 1084 479 1112 omnia
495 1083 677 1112 benevolum
691 1091 753 1111 esse
772 1085 897 1116 constat,
912 1090 975 1110 ma-

190 1131 283 1160 litiam
305 1132 368 1167 ejus
392 1133 500 1166 mutat,
524 1133 552 1158 et
579 1130 711 1158 colorem
735 1130 838 1163 variat,
868 1131 899 1157 ut
924 1130 976 1157 fiat

191 1178 291 1207 colore
311 1179 481 1214 mgentem,
502 1177 564 1205 sive
580 1177 690 1211 clarus,
713 1177 764 1213 qui
786 1178 848 1204 erat
871 1176 971 1212 plum-

189 1225 264 1254 beus
281 1225 368 1253 simul
385 1227 413 1253 et
428 1224 547 1252 lividus.
565 1226 604 1252 Ex
623 1224 734 1260 quibus
755 1224 896 1251 omnibus
912 1231 974 1251 ma-

189 1273 292 1301 nit'este
306 1272 464 1307 colligitur,
482 1272 565 1308 quod
582 1271 653 1299 mali
665 1270 805 1307 exemplo
821 1271 972 1299 bonorum

190 1323 217 1348 et
247 1319 510 1356 praedicationibus
541 1320 762 1347 convertuntur.
793 1319 849 1346 Nec
874 1318 973 1346 minus

190 1367 247 1396 hoe
273 1375 378 1395 verum
401 1374 464 1394 esse
488 1366 692 1402 perpenditur,
717 1365 800 1402 quod
830 1365 920 1399 boni,
945 1367 974 1393 et

190 1414 317 1442 maxime
330 1414 385 1441 viri
401 1414 534 1450 perlecti,
545 1422 581 1441 ex
592 1413 678 1440 malis
694 1413 833 1440 meliores
844 1412 973 1440 reddun-

190 1465 246 1491 tur.
270 1463 340 1490 Dato
361 1462 463 1496 etiam,
490 1461 572 1497 quod
597 1469 657 1488 non
683 1463 879 1495 revertantur,
900 1461 972 1489 dum

191 1518 242 1538 eos
256 1509 295 1537 ad
310 1509 435 1537 salutem
457 1508 564 1536 ducere
580 1508 723 1540 nituntur,
740 1511 767 1536 et
783 1516 843 1535 non
859 1510 972 1536 tantum

190 1565 251 1585 non
276 1556 427 1584 credentes
449 1557 507 1591 eis;
533 1555 584 1583 sed
608 1557 636 1583 ct
655 1555 777 1590 injurias
799 1555 972 1590 reddentes,

190 1613 243 1641 per
263 1612 328 1638 eOS,
354 1604 428 1631 sicut
452 1611 559 1631 aurum
582 1603 611 1630 in
635 1602 772 1636 fornace,
795 1603 970 1638 probantur.

190 1652 233 1679 Ad
248 1652 305 1679 hoe
321 1651 399 1678 enim
414 1650 483 1678 mali
499 1650 577 1677 nasei
600 1650 822 1686 permittuntur,
847 1652 876 1677 ut
901 1650 971 1677 boni

189 1708 243 1736 per
257 1708 308 1727 eos
322 1701 523 1726 exerceantur.
541 1697 621 1724 Unde
637 1697 730 1724 relicti
747 1699 815 1724 sunt
837 1697 972 1731 Jebusaei,

190 1747 350 1782 pluresque
366 1745 415 1773 alii
433 1745 460 1772 in
483 1744 583 1772 medio
600 1744 731 1771 tiliorum
754 1743 852 1775 lsrael,
870 1746 899 1771 ut
922 1752 974 1779 per

191 1802 242 1821 eos
257 1793 464 1830 probarentur,
483 1794 581 1819 utrum
602 1793 690 1819 Deum
709 1790 874 1825 diligerent.
896 1791 973 1819 Sicut

192 1841 270 1869 enim
285 1840 443 1876 Gregorius
468 1839 538 1867 <licit
553 1838 585 1866 ²:
606 1850 618 1864 (ι
639 1841 702 1866 Non
725 1842 767 1866 est
788 1839 896 1873 bonus,
921 1839 972 1875 qui

192 1888 287 1916 malos
310 1888 452 1915 sustinere
477 1895 536 1914 non
563 1889 656 1922 potest
685 1895 690 1913 :
720 1886 770 1921 qui
795 1886 891 1913 malos
912 1894 972 1913 non

191 1936 323 1969 sustinet,
339 1935 401 1970 ipse
422 1942 476 1970 per
500 1933 714 1969 impatientiam
739 1933 794 1960 sibi
821 1933 898 1960 tc>tis
920 1935 972 1967 ost,

192 1983 263 2018 quia
278 1982 374 2010 bonus
390 1990 450 2009 non
465 1984 516 2009 cst.
534 1991 547 2006 n
565 1980 659 2008 Sancti
677 1980 747 2007 boni
765 1980 973 2008 fructuosiores

192 2031 275 2061 iiunt,
292 2029 364 2056 dum
378 2037 432 2064 per
448 2028 543 2055 malos
555 2028 727 2055 occasiones
742 2028 883 2055 virtutum
900 2028 973 2055 acci-

192 2077 286 2113 piunt,
302 2076 375 2103 sicut
390 2075 481 2103 David
497 2075 589 2102 erevit
605 2075 633 2101 in
650 2074 771 2107 meritis,
788 2084 823 2102 vx
839 2083 973 2110 perscru-

193 2125 272 2152 tione
287 2122 390 2151 Saulis.
407 2123 478 2150 Nam
491 2121 514 2148 si
529 2121 679 2157 sylvestris
694 2121 766 2148 finus
783 2124 861 2157 (qum
878 2122 973 2150 malos

192 2171 355 2207 significat,
377 2178 412 2197 eo
441 2169 524 2205 quod
547 2177 607 2196 non
633 2169 799 2203 fructificat)
824 2169 973 2205 plantetur

189 2219 274 2253 juxta
289 2217 483 2245 domesticam
494 2238 501 2250 ,
518 2215 680 2243 domestica
701 2215 769 2242 fucit
789 2224 854 2243 eam
870 2216 971 2244 frueti-

192 2266 290 2293 ficare.
306 2264 446 2292 Videmus
461 2263 555 2296 enim,
576 2263 658 2298 quod
679 2263 766 2290 etiam
788 2263 890 2299 spinae,
907 2272 972 2299 quie

193 2313 221 2339 in
238 2321 268 2338 se
284 2314 350 2339 sunt
370 2310 546 2347 pungitivae,
570 2310 621 2337 etsi
646 2310 830 2338 iun-ucumsae
851 2313 917 2337 suut
943 2311 971 2338 in

193 2367 233 2391 sc,
246 2361 342 2386 tumen
352 2357 523 2393 compositae
535 2358 581 2392 (a),
594 2356 688 2384 vinem
696 2359 762 2384 sunt
772 2357 970 2391 cuatoditivnq

194 2406 264 2441 quia
284 2406 356 2432 dum
376 2404 447 2432 boni
464 2404 613 2432 malcrum
636 2404 698 2431 vias
720 2404 884 2437 attendunt,
908 2413 970 2432 ma-

190 2452 247 2487 jori
262 2461 291 2479 se
309 2460 379 2479 eura
395 2451 573 2479 custodiunt.
590 2450 635 2477 Sic
650 2458 722 2485 ergo
737 2453 817 2486 patet
833 2451 970 2487 aliquali-

194 2502 236 2527 ter
253 2508 287 2526 ex
304 2499 398 2532 dictis,
412 2498 494 2533 quod
516 2497 645 2525 amicitia
659 2497 809 2524 bonorum
824 2506 891 2525 cum
908 2507 970 2526 ma-

192 2547 239 2582 lis,
255 2548 283 2574 et
297 2545 444 2574 malorum
456 2553 524 2572 eum
539 2544 637 2579 bonis,
652 2546 748 2580 potest
763 2553 824 2572 esse
840 2545 971 2581 utrisque

227 2624 230 2635 ¹
256 2620 328 2651 Apud
348 2620 465 2649 Surium,
482 2620 522 2643 die
541 2621 569 2643 ⁸20
591 2620 687 2647 octob„
704 2626 734 2642 ex
754 2620 780 2643 B.
804 2619 969 2650 Hieronymo,

194 2657 218 2682 in
235 2658 291 2682 Vita
309 2656 427 2688 ejusd.—
443 2656 451 2670 ²
466 2657 583 2685 ttregor„
599 2656 623 2678 ιἰι
639 2655 739 2684 E:‹·el1.,
752 2654 793 2679 lib.
812 2655 827 2682 Ι.
847 2655 917 2679 lium.
936 2662 969 2684 ix,

865 2692 967 2722 Moral„

599 212 810 246 SERMONES
832 212 883 245 DE
905 210 1071 245 SANCTIS
1095 209 1136 244 IN
1155 211 1348 246 COMMUNI.
1371 210 1409 245 X.

1033 279 1125 308 utilis.
1141 279 1198 310 Sed
1212 279 1378 317 aliquando
1389 279 1544 316 contingit,
1560 279 1645 316 quod
1657 279 1701 308 est
1709 277 1818 309 nociva

1033 326 1102 362 illis,
1119 329 1148 356 et
1160 327 1222 363 his5
1239 330 1269 356 et
1288 327 1418 356 maxime
1432 328 1521 356 nocet
1533 326 1605 355 viris
1625 325 1816 363 imperfectis,

1034 374 1086 411 qui
1109 374 1196 402 malis
1217 374 1303 403 facile
1317 375 1551 411 corrumpuntur
1563 373 1718 410 exemplis.
1735 373 1817 402 Unde

1034 420 1146 450 dictum
1175 423 1218 450 est
1242 421 1305 457 regi
1329 421 1472 458 Josaphat
1495 429 1549 458 per
1572 420 1751 458 prophetam
1773 422 1784 440 ³
1807 430 1814 449 :

1037 478 1051 494 «
1067 468 1160 505 impio
1175 468 1291 506 praebes
1314 467 1470 502 auxilium,
1490 470 1519 496 et
1540 467 1596 502 his,
1622 468 1674 505 qui
1689 468 1819 497 oderunt

1036 516 1207 550 Dominum,
1229 514 1358 544 amicitia
1370 514 1504 550 jungeris
1529 523 1536 542 :
1557 517 1586 543 et
1607 514 1720 544 idcireo
1741 515 1817 544 iram

1036 563 1153 591 Domini
1175 562 1338 591 merebaris
1363 571 1370 590 :
1396 561 1450 590 sed
1470 561 1554 591 bona
1580 569 1673 598 opera
1696 561 1818 591 inventa

1033 611 1102 639 sunt
1125 610 1156 638 in
1182 611 1219 644 te,
1243 617 1280 638 eo
1304 609 1388 646 quod
1411 609 1564 646 paraveris
1587 617 1639 637 cor
1659 611 1762 644 tuum,
1785 610 1819 638 ut.

1034 664 1182 694 quaereres
1197 657 1356 685 Dominum
1374 657 1468 684 Deum
1488 658 1583 684 tuum.
1605 666 1619 682 n
1640 655 1818 691 Exemplum

1034 704 1072 733 de
1086 704 1163 732 Juda
1178 703 1356 738 Machabaeo,
1372 703 1434 740 qui,
1455 711 1524 732 eum
1538 705 1614 732 esset
1627 703 1673 732 vir
1694 703 1817 732 fortissi-

1033 759 1110 786 mus,
1126 753 1155 780 et
1168 751 1297 780 inbellis
1311 750 1584 786 victoriosissimus,
1600 750 1694 779 iaetus
1708 752 1817 779 Roma-

1033 806 1141 827 norum
1160 798 1274 827 amicus
1297 799 1318 833 ⁸,
1339 798 1379 826 ab
1401 797 1580 827 adversariis
1601 801 1644 826 est
1665 798 1779 826 occisus
1793 798 1814 826 ⁸.

1034 845 1100 874 Vult
1113 853 1184 881 ergo
1199 846 1285 880 Deus,
1301 847 1333 873 ut
1347 845 1403 873 viri
1417 844 1594 882 imperfecti,
1611 846 1755 881 tanquam
1775 844 1815 874 ad

1033 892 1148 921 malum
1169 893 1274 929 proni,
1299 893 1414 929 fugiant
1435 891 1586 920 malorum
1609 892 1770 926 consortia,
1787 894 1816 921 et

1032 949 1137 969 eorum
1152 940 1302 969 declinent
1322 940 1494 969 amicitiam.
1510 942 1583 969 Nam
1599 943 1629 969 et
1645 941 1813 976 Mercurius,

1857 954 1937 974 Exem-

1031 988 1100 1016 licet
1115 987 1151 1016 de
1166 995 1197 1016 se
1212 988 1249 1016 sit
1262 987 1382 1025 planeta
1394 987 1571 1022 benevolus,
1586 988 1618 1016 fit
1634 990 1733 1016 tamen
1748 996 1806 1017 ma·
1831 984 1875 1012 ¹²¹⁸·

1032 1035 1159 1069 levolus,
1174 1034 1324 1063 malevolo
1339 1035 1466 1071 planetae
1476 1035 1662 1070 conjunctus.
1677 1035 1816 1064 Similiter

1032 1082 1081 1111 Sol
1097 1085 1124 1111 et
1139 1083 1220 1110 Luna
1233 1090 1302 1110 cum
1321 1082 1410 1110 bonis
1433 1083 1502 1110 sunt
1523 1081 1614 1117 boni,
1638 1090 1706 1110 cum
1729 1081 1816 1110 malis

1031 1132 1100 1157 sunt
1112 1129 1206 1165 impii.
1222 1130 1295 1158 Nam
1310 1137 1379 1157 cum
1398 1137 1504 1165 pennae
1525 1128 1633 1166 aquilae
1652 1131 1722 1158 sunt
1743 1136 1814 1157 con-

1028 1176 1138 1212 junetoe
1150 1175 1256 1212 pennis
1279 1175 1408 1211 gallinae,
1430 1183 1480 1204 eas
1497 1178 1677 1204 consumunt
1697 1179 1725 1204 et
1749 1176 1814 1204 des-

1031 1225 1141 1251 truunt.
1151 1223 1290 1252 Similiter
1301 1223 1455 1251 etchordoe
1463 1223 1500 1251 de
1515 1223 1659 1251 intestinis
1673 1223 1813 1260 luporum

1030 1270 1131 1304 factm,
1159 1279 1227 1298 cum
1251 1271 1371 1299 chordis
1395 1270 1479 1298 factis
1496 1270 1533 1298 de
1552 1270 1696 1298 intestinis
1711 1271 1813 1299 ovium

1031 1319 1132 1354 positae
1145 1340 1152 1352 ,
1183 1326 1286 1346 earum
1324 1320 1392 1346 sunt
1426 1317 1593 1346 corrosivae.
1623 1318 1698 1352 Quia
1726 1318 1812 1353 mali,

1031 1365 1154 1401 quando
1172 1374 1241 1393 cum
1262 1365 1350 1393 bonis
1370 1373 1486 1393 moram
1509 1365 1644 1400 trahunt,
1665 1373 1743 1401 saepe
1763 1373 1814 1393 eos

1030 1415 1236 1449 corrumpunt,
1253 1414 1281 1440 et
1295 1412 1334 1440 ad
1351 1412 1465 1440 malum
1480 1412 1644 1440 adducunt.
1666 1412 1815 1448 Contingit

1857 1424 1935 1444 Exom-

1030 1463 1130 1488 autem
1155 1459 1381 1488 occasionaliter
1409 1461 1437 1487 et
1465 1467 1518 1495 per
1547 1459 1702 1493 accidens,
1729 1459 1814 1496 quod
1829 1454 1898 1482 ΡΜ·-

1030 1507 1100 1535 mali
1131 1507 1218 1534 bonis
1241 1506 1365 1534 admixti
1394 1506 1469 1534 fiunt
1495 1514 1531 1534 ex
1556 1506 1642 1534 malis
1666 1506 1812 1542 pessimi:

1030 1554 1116 1590 quia,
1133 1554 1205 1581 dum
1228 1554 1316 1582 bonis
1337 1562 1397 1582 non
1422 1553 1563 1587 credunt,
1581 1561 1634 1581 nec
1654 1554 1736 1581 hona
1752 1562 1814 1582 mo-

1030 1602 1091 1629 nita
1106 1602 1241 1637 capiunt,
1267 1601 1396 1628 maxime
1417 1602 1507 1628 Deum
1531 1600 1706 1634 offendunt,
1729 1603 1757 1629 et
1779 1608 1814 1629 ex

1030 1648 1112 1677 bono
1133 1651 1259 1676 mortem
1286 1648 1416 1684 capiunt.
1444 1649 1516 1676 Nam
1541 1650 1569 1675 et
1598 1647 1703 1684 vulpes
1728 1656 1814 1684 amy-·

1030 1696 1130 1731 gilala,
1151 1704 1217 1731 quie
1233 1695 1270 1723 de
1291 1696 1336 1723 sui
1353 1698 1459 1723 natura
1474 1698 1542 1723 sunt
1563 1703 1648 1729 sana,
1672 1695 1696 1722 si
1717 1703 1815 1723 come-

1030 1743 1092 1777 dat,
1106 1752 1140 1770 ex
1158 1743 1226 1771 cibo
1245 1743 1402 1770 sanissimo
1419 1742 1506 1771 morti
1530 1751 1560 1770 se
1577 1743 1711 1770 damnat.
1736 1742 1814 1771 Multi

1029 1793 1095 1818 sunt
1111 1790 1257 1824 homines,
1278 1790 1329 1826 qui
1347 1789 1384 1818 de
1403 1790 1561 1824 medicina,
1588 1798 1654 1826 quae
1669 1790 1706 1817 de
1727 1798 1757 1818 se
1773 1792 1816 1817 est

1029 1846 1112 1872 sana,
1130 1840 1157 1865 et
1173 1838 1305 1865 curativa
1321 1837 1431 1871 morbi,
1456 1837 1624 1873 periculum
1648 1837 1751 1865 mortis
1772 1837 1813 1864 in-

1030 1888 1159 1913 currunt.
1173 1885 1254 1912 Unde
1266 1887 1368 1913 narrat
1380 1886 1408 1912 B.
1425 1885 1582 1919 Gregorius
1593 1885 1613 1918 ⁶,
1624 1884 1707 1920 quod
1720 1895 1733 1910 (ι
1749 1884 1815 1920 qui—

1029 1932 1099 1960 dam
1115 1932 1281 1960 monachus
1301 1932 1395 1959 sactus
1410 1934 1473 1959 erat
1493 1931 1570 1959 adeo
1590 1939 1763 1967 perversuS‚
1787 1933 1814 1958 et

1029 1980 1141 2013 malm,
1165 1979 1250 2015 quod
1277 1979 1375 2007 nullas
1396 1978 1632 2013 admonitiones,
1655 1978 1701 2006 vel
1723 1978 1815 2006 verba

1029 2027 1130 2054 salutis
1141 2027 1246 2055 audire
1262 2026 1384 2054 volebat
1398 2035 1404 2054 :
1423 2026 1474 2053 sed
1490 2034 1596 2054 omnes
1609 2033 1695 2053 sanas
1710 2025 1814 2052 admo-

1029 2074 1156 2102 nitiones
1172 2074 1342 2110 spernebat,
1366 2076 1393 2101 et
1408 2073 1604 2100 admonentes
1619 2072 1813 2108 blasphemiis

1029 2121 1206 2157 impetebat5
1244 2123 1272 2148 ct
1303 2120 1386 2156 quod
1415 2127 1571 2155 nunquam
1601 2119 1699 2147 honus
1720 2121 1812 2154 esset,

1028 2177 1105 2204 swpe
1131 2168 1260 2202 jurabat,
1285 2171 1313 2195 et
1335 2169 1375 2195 sic
1401 2176 1437 2194 ex
1458 2167 1540 2195 hono
1565 2175 1640 2203 saepe
1656 2167 1740 2203 pejor
1760 2166 1812 2193 iic—

1029 2216 1090 2244 l›at.
1122 2216 1203 2243 l'nde
1227 2215 1265 2243 ad
1290 2217 1416 2243 mortem
1438 2215 1598 2248 deductus,
1620 2214 1725 2242 videns
1747 2214 1812 2241 dra-

1028 2271 1133 2291 conem
1151 2265 1253 2290 contra
1276 2270 1306 2289 se
1325 2265 1461 2294 stantem,
1478 2262 1541 2296 ejus
1555 2264 1682 2289 mortem
1703 2269 1812 2297 cxpec-

1028 2313 1149 2341 tantem.
1164 2309 1311 2337 clamabat
1327 2319 1335 2335 .·
1348 2309 1492 2343 Recedite,
1509 2308 1645 2339 recedite.
1661 2309 1731 2344 quia
1745 2308 1811 2336 dra-

1028 2357 1094 2385 coni
1118 2357 1157 2385 ad
1181 2356 1389 2384 devorandum
1411 2356 1497 2383 datus
1519 2363 1596 2390 sum,
1621 2358 1649 2383 et
1670 2355 1733 2390 ,iam
1755 2363 1810 2391 pro

1028 2412 1139 2439 magna
1162 2406 1243 2440 parte
1271 2403 1310 2431 ab
1335 2412 1371 2431 eo
1395 2403 1552 2439 absorptus
1575 2410 1651 2430 sum.
1681 2403 1713 2429 Ut
1737 2401 1810 2437 quid

1030 2454 1152 2487 propter
1174 2458 1227 2478 vos
1247 2458 1346 2478 moras
1362 2451 1478 2486 patior?
1490 2462 1502 2475 »
1518 2450 1563 2478 Sic
1579 2449 1680 2485 igitur,
1696 2448 1810 2483 fratres,

1029 2498 1189 2526 amicitiam
1206 2498 1370 2525 habeamus
1381 2506 1448 2524 cum
1462 2497 1560 2531 bonis,
1575 2496 1645 2532 quia
1660 2495 1810 2523 nobisim-

1029 2575 1072 2599 lib.
1095 2575 1153 2605 XX,
1168 2581 1191 2598 c.
1207 2580 1280 2603 xxix,
1301 2574 1332 2597 ul.
1351 2579 1447 2602 xxxix,
1462 2580 1488 2597 n.
1508 2574 1547 2597 75.
1564 2585 1593 2590 —-
1614 2573 1622 2586 ³
1642 2572 1737 2599 Parni„
1754 2579 1808 2603 xix,

1027 2613 1077 2635 2-3.
1099 2624 1124 2627 -
1144 2612 1150 2624 ⁴
1168 2612 1174 2634 1
1192 2610 1283 2640 Maeli„
1310 2615 1364 2633 ιἰιι.
1382 2623 1410 2627 -
1430 2610 1440 2626 ⁸
1462 2609 1534 2637 tbid.,
1555 2614 1589 2632 ix.
1605 2621 1635 2626 -
1654 2609 1663 2623 ⁴¹
1678 2609 1807 2639 Greg.‚1‘n

1031 2647 1137 2677 Isi-any„
1154 2646 1223 2669 hom.
1242 2652 1295 2675 xix,
1313 2652 1337 2669 n.
1355 2647 1381 2676 7;
1399 2645 1469 2669 hom.
1487 2650 1640 2675 xxxv11¹‚n.
1659 2645 1695 2668 16.

1060 2692 1093 2722 (ιι)
1111 2691 1198 2722 Suppl.
1215 2698 1274 2715 cum
1290 2691 1374 2714 vinea.
