2029 3052
190 394 425 460 QUARE
469 395 781 451 FRATRES
824 395 1138 451 MINORES
1181 395 1595 452 PRAEDICENT

524 531 587 569 ET
614 530 972 572 CONFESSIONES
1003 530 1219 572 AUDIANT
1256 525 1263 541 ¹

757 811 1026 850 ARGUMENTUM

635 893 693 930 (Eae
716 893 779 921 edic.
805 895 958 930 Vaticana,
981 903 1027 922 an.
1055 895 1148 930 1596.)

1339 933 1361 962 5

129 973 167 1006 In
197 973 259 1008 hoc
282 973 450 1019 Opusculo
476 973 699 1008 determinans
720 975 936 1020 quaestionem
959 975 1160 1021 propositam
1185 974 1219 1009 S.
1246 975 1502 1018 Bomventnra,
1524 978 1556 1009 et
1580 975 1697 1009 adver-

83 1032 247 1066 sariorum
271 1032 511 1078 objectionibus
533 1033 747 1076 satisfaciens,
774 1033 958 1068 doctrinam
987 1034 1199 1068 utilissimam
1223 1034 1323 1068 tradit
1347 1045 1406 1079 pro
1429 1034 1567 1068 materia
1590 1045 1697 1068 sacra-

84 1091 189 1125 menti
207 1091 429 1136 Poenitentiae,
455 1092 617 1138 praecipue
640 1092 750 1138 quoad
771 1093 962 1127 ministrum
985 1093 1100 1139 ipsius.

124 1338 204 1377 Quia
219 1339 365 1380 plerique
384 1339 540 1379 dubitant,
559 1342 590 1371 et
607 1341 770 1380 quaerunt,
789 1349 864 1371 cum

83 1402 148 1425 non
167 1393 343 1425 habeamus
366 1403 477 1425 curam
499 1394 682 1425 animarum
705 1394 864 1425 ordinarie

82 1447 175 1479 nobis
190 1448 405 1488 commissam,
426 1458 490 1489 qua
508 1449 642 1488 ratione,
660 1448 712 1481 vel
727 1458 790 1489 qua
805 1457 864 1479 au-

83 1502 238 1541 ctoritate,
263 1502 314 1534 vel
340 1512 406 1543 qua
429 1503 531 1534 forma
555 1502 779 1543 praedicemuS,
812 1501 863 1533 vel

83 1557 295 1588 consessiones
316 1557 350 1588 in
375 1557 492 1598 populo
512 1557 705 1588 audiamus:
727 1556 813 1596 quod
829 1557 864 1587 ut

82 1611 209 1651 plenius
223 1613 254 1643 et
269 1611 396 1652 planius
415 1611 624 1651 intelligatur,
648 1610 781 1642 rationis
799 1610 864 1641 hu-

78 1666 133 1706 jus
147 1666 287 1697 radicem
302 1666 397 1697 altius
410 1665 630 1706 inspiciamus,
655 1665 695 1696 ab
714 1665 782 1705 ipsa
797 1665 863 1705 pri-

83 1720 186 1751 maria
200 1719 347 1752 Ecclesiae
362 1720 561 1751 institutione
576 1720 741 1760 originem
760 1719 864 1752 brevi-

81 1776 130 1805 ter
144 1774 341 1814 colligentes.

123 1828 278 1860 Dominus
296 1829 386 1860 Jesus
401 1829 555 1867 Christus,
580 1829 727 1860 omnium
740 1831 863 1860 creator

81 1885 113 1914 et
127 1883 337 1923 gubernator,
354 1883 387 1914 S.
405 1882 576 1914 Ecclesiam
591 1892 696 1922 suam,
715 1892 863 1914 ascensu-

81 1945 138 1968 rus
153 1937 187 1968 in
211 1936 349 1975 coelum,
366 1936 525 1977 Apostolis
545 1937 721 1977 regendam
736 1939 767 1968 et
781 1937 860 1968 dila-

81 1991 213 2023 tandam
228 1991 476 2030 commendavit,
493 1991 709 2032 principaliter
720 1990 755 2022 B.
768 1991 860 2022 Petro

80 2046 247 2087 Apostolo,
273 2046 326 2077 cui
349 2046 387 2077 de
409 2046 561 2077 universo
589 2055 691 2085 grege
717 2045 861 2077 fidelium

80 2101 260 2142 specialiter
291 2101 372 2132 dixit
399 2101 514 2132 terti0³
532 2112 539 2131 z
557 2101 636 2132 Pace
660 2108 733 2133 oves
761 2109 859 2133 meas.

81 2154 143 2186 Sed
157 2157 195 2186 ut
218 2155 395 2186 ordinatius
416 2155 653 2195 gubernaretur
669 2154 860 2187 universalis

82 2209 233 2248 Ecclesia,
259 2209 474 2241 distinxerunt
493 2218 564 2240 eam
590 2209 623 2240 S.
640 2208 782 2248 Apostoli
804 2218 860 2249 per

80 2265 326 2305 patriarchatus,
356 2265 524 2305 primatus,
554 2264 857 2304 archiepiscopatus,

81 2319 300 2359 episcopatus,
327 2319 515 2359 parochias,
541 2320 572 2349 et
591 2318 669 2349 alias
691 2318 859 2349 canonicas

80 2371 297 2402 distinctiones
325 2382 331 2402 :
360 2373 396 2402 ut
418 2371 494 2411 quia
518 2380 575 2411 per
600 2380 703 2401 unum
729 2370 781 2402 vel
802 2379 859 2411 per

79 2435 198 2466 paucos
212 2435 278 2456 non
293 2427 415 2466 poterat
430 2425 567 2464 singulis
584 2425 727 2456 fidelium
744 2425 777 2456 in
791 2435 859 2456 om-

80 2479 176 2510 nibus
197 2479 293 2511 saluti
315 2479 500 2510 necessariis
524 2488 669 2518 congrue
691 2479 856 2517 satisfieri,

81 2533 190 2573 plures
206 2533 246 2564 ad
260 2533 358 2573 hujus
372 2532 593 2563 sollicitudinis
610 2534 714 2572 partes
731 2542 786 2572 per
802 2533 856 2564 de-

80 2587 267 2619 terminatos
288 2587 348 2618 sibi
366 2587 483 2618 limites
505 2596 563 2627 pro
585 2586 718 2618 utilitate
733 2587 857 2618 anima-

80 2652 156 2674 rum
171 2645 378 2682 vocarentur3
396 2644 427 2674 et
445 2642 622 2674 secundum
645 2651 732 2673 curae
757 2645 859 2682 pasto-

113 2725 121 2742 ¹
144 2725 184 2755 Cf.
204 2725 270 2749 Edit.
289 2725 430 2757 Argentin.,
453 2731 493 2748 an.
516 2725 588 2755 1495,
613 2725 650 2754 19,
673 2725 774 2755 purs15
796 2724 856 2749 edit.

81 2762 174 2793 Vatia,
190 2768 233 2786 an.
254 2763 326 2792 1596,
347 2764 409 2786 tom.
427 2761 487 2792 Vll,
504 2768 564 2792 pars
586 2766 622 2791 iv,
640 2767 697 2792 pag.
716 2762 774 2791 366,-
795 2761 856 2786 edit.

919 1339 995 1371 ralis
1009 1339 1269 1380 amplitudinem,
1289 1340 1384 1372 etiam
1410 1341 1546 1382 quilibet
1565 1342 1702 1374 istorum

919 1394 1038 1434 accepit
1052 1395 1170 1425 certam
1184 1394 1380 1426 auctoritatis
1396 1398 1596 1436 potestatem,
1619 1397 1700 1428 resi-

919 1448 1012 1479 dente
1047 1449 1244 1489 plenitudine
1280 1450 1442 1490 potestatis
1482 1451 1702 1484 ecclesiasticae

919 1503 1003 1543 apud
1021 1503 1133 1534 Sedem
1146 1503 1359 1544 Apostolicam
1370 1504 1523 1536 Romanae
1539 1505 1698 1544 Ecclesiae,

919 1557 972 1588 cui
988 1557 1160 1597 Apostolus
1175 1557 1289 1589 Petrus
1306 1558 1455 1599 Princeps
1472 1559 1701 1600 Apostolorum

919 1611 1095 1651 specialiter
1121 1612 1281 1652 praesedit,
1311 1615 1342 1644 et
1370 1614 1606 1645 successoribus
1633 1614 1700 1645 suis

919 1664 1036 1696 ibidem
1052 1665 1195 1697 eamdem
1212 1668 1401 1706 potestatem
1420 1667 1562 1708 reliquit.

961 1718 1091 1759 Triplex
1106 1721 1153 1751 est
1172 1722 1280 1751 autem
1303 1720 1404 1761 hujus
1424 1722 1587 1762 potestatis
1601 1722 1699 1763 pleni·
1713 1733 1820 1791 203³ssss

918 1773 1006 1811 tudo,
1032 1773 1153 1805 scilicet
1172 1775 1259 1815 quod
1282 1774 1348 1815 ipse
1369 1775 1524 1807 Summus
1552 1775 1697 1808 Pontifex
1724 1796 1809 1816 temti,

917 1828 1003 1859 solus
1019 1828 1116 1859 habet
1130 1830 1229 1859 totam
1244 1829 1472 1868 plenitudinem
1488 1831 1694 1869 auctoritatis,
1713 1826 1820 1854 fflpfflffi‘

917 1891 1015 1922 quam
1044 1882 1187 1913 Christus
1208 1881 1355 1914 Ecclesiae
1381 1884 1526 1922 contulit,
1552 1886 1583 1915 et
1611 1886 1697 1925 quod
1712 1858 1770 1884 pm,

917 1935 1038 1976 ubique
1053 1935 1086 1966 in
1098 1936 1248 1967 omnibus
1264 1936 1411 1968 Ecclesiis
1425 1937 1521 1969 habet
1536 1938 1635 1977 illam,
1652 1939 1694 1970 si-

917 1992 971 2021 cut
983 1990 1016 2021 in
1031 1999 1090 2021 sua
1104 1991 1232 2031 speciali
1248 1991 1322 2022 sede
1337 1991 1491 2031 Romana,
1511 1995 1542 2024 ct
1556 1993 1640 2034 quod
1657 1994 1696 2025 ab

917 2044 986 2085 ipso
1007 2047 1117 2076 manat
1134 2045 1168 2076 in
1184 2054 1296 2077 omnes
1312 2046 1477 2078 inferiores
1492 2056 1548 2087 per
1563 2047 1695 2080 univer-

917 2108 985 2129 sam
1000 2099 1171 2130 Ecclesiam
1198 2100 1304 2130 omnis
1318 2101 1500 2140 auctoritas,
1521 2104 1618 2142 prout
1633 2103 1696 2133 sin-

917 2153 1004 2192 gulis
1018 2153 1168 2193 competit
1179 2163 1251 2184 eam
1266 2154 1461 2194 participari,
1480 2155 1561 2186 sicut
1571 2156 1604 2186 in
1615 2157 1695 2188 coelo

915 2207 955 2238 ab
970 2207 1038 2247 ipso
1060 2208 1146 2238 sonte
1170 2208 1270 2239 totius
1287 2208 1362 2239 boni
1379 2208 1502 2240 Christo
1528 2209 1604 2241 Jesu
1625 2211 1697 2242 ssuit

915 2261 1021 2293 omnis
1037 2262 1142 2301 gloria
1157 2262 1358 2302 Sanctorum,
1374 2263 1448 2295 licet
1462 2274 1533 2295 eam
1547 2265 1695 2297 differen-

915 2318 962 2348 ter
979 2317 1099 2357 singuli
1115 2317 1306 2357 participent
1318 2327 1376 2359 pro
1391 2321 1486 2359 captu
1501 2328 1571 2351 suo.

955 2371 1110 2403 Praedicta
1125 2381 1203 2403 vero
1218 2371 1376 2404 distinctio
1388 2373 1592 2405 ecclesiarum
1605 2376 1635 2405 et
1644 2384 1696 2415 pa·
1731 2385 1794 2406 natio

914 2425 1099 2456 rochiarum
1128 2426 1245 2466 triplici
1271 2426 1309 2457 de
1336 2436 1432 2458 cansa
1457 2430 1503 2458 est
1530 2428 1674 2459 instituta
1718 2417 1808 2437 ‘³⁵⁰⁰oe

1682 2453 1691 2468 ³
1729 2449 1794 2468 tionis

913 2479 1031 2510 scilicet
1045 2488 1052 2510 :
1068 2482 1094 2510 l.
1113 2482 1242 2520 propter
1255 2483 1417 2512 rectorum
1435 2482 1690 2514 sollicitudinem.
1709 2480 1815 2531 ἳζῦὲξζῑζ

914 2534 1003 2571 Quod
1015 2534 1100 2564 cuim
1112 2534 1226 2575 cuique
1237 2535 1403 2575 specialius
1412 2536 1631 2576 committitur,
1649 2537 1692 2568 di-
1722 2542 1797 2576 plures

913 2587 1069 2627 ligentius
1094 2589 1276 2629 exequitur3
1305 2599 1362 2620 nec
1386 2591 1532 2630 expectat
1554 2593 1590 2621 ut
1614 2591 1693 2622 alter
1708 2573 1814 2594 d¹ae⁰⁸⁵³⁵

913 2642 1078 2683 provideat
1092 2642 1155 2682 his,
1171 2643 1227 2683 qui
1242 2652 1310 2675 suae
1326 2643 1531 2676 sollicitudini
1548 2645 1693 2685 speciali-

914 2724 990 2755 Vcn.,
1011 2731 1052 2748 un.
1080 2726 1147 2756 1611,
1170 2726 1212 2755 16,
1237 2727 1299 2749 tom.
1326 2725 1346 2756 l;
1374 2725 1433 2750 edit.
1456 2726 1532 2757 Ven.‚
1555 2733 1597 2751 an.
1620 2727 1689 2758 1754,

914 2762 977 2784 tom.
995 2761 1026 2791 V,
1042 2767 1099 2792 pag.
1117 2762 1171 2785 721.
1185 2775 1210 2779 -—
1231 2762 1239 2775 ²
1253 2763 1333 2790 loun„
1350 2767 1408 2792 xm,
1424 2763 1460 2786 17.
