2029 3052
818 225 948 259 CAPUT
969 226 1008 258 Xl
1015 251 1022 259 .

113 301 256 334 Psalmos
272 307 347 332 cum
361 299 452 330 tanta
467 295 582 328 mentis
597 303 634 327 ac
647 293 776 336 spiritus
790 295 890 326 atten-

112 356 198 388 tione
210 354 342 391 dicebat,
359 352 449 394 quasi
463 353 565 383 Deum
579 350 769 390 praesentem
789 348 889 380 habe-

113 411 162 441 ret
176 418 184 440 :
198 409 312 440 etcum
325 414 443 438 nomen
458 403 582 436 Domini
595 403 630 434 in
641 402 686 434 eis
696 404 887 441 occurreret,

115 471 182 504 prae
207 461 370 493 suavitatis
389 458 553 490 dulcedine
575 457 659 488 labia
682 465 740 488 sua
762 455 890 496 lingere

115 517 292 549 videbatur.
305 515 414 556 Ipsum
424 521 551 554 quoque
562 511 685 544 Domini
695 520 813 542 nomen
826 519 890 542 non

115 570 220 602 solum
244 569 440 610 cogitatum,
464 575 579 598 verum
602 565 697 597 etiam
716 565 887 606 prolatum,

115 626 146 655 et
155 624 321 664 seriptum,
332 621 510 654 reverentia
524 619 634 652 voleus
644 620 801 650 honorare
812 628 891 659 prae-

115 678 220 718 cipua,
237 676 387 708 fratribus
402 674 560 716 persuasit
573 673 745 714 aliquando
765 674 801 704 ut
821 682 890 704 0111-

115 740 172 763 1105
194 730 359 763 schedulas
380 729 511 769 scriptas
530 728 725 768 ubicumque
751 729 892 768 repertas

116 783 312 822 colligerent,
339 770 524 821 mundoque
545 779 614 811 loco
633 780 836 819 reponerent,
853 788 893 810 ne

116 837 196 868 forte
211 845 338 867 sacrum
352 835 430 867 illud
451 843 570 866 nomen
589 834 790 873 contingeret
813 842 892 865 con-

115 890 244 922 culcari.
260 889 384 922 Nomen
398 890 506 921 autem
520 888 536 920 J
539 897 596 920 esu
611 897 686 919 curn
701 888 894 928 exprimeret

116 945 168 977 vel
181 944 315 983 audiret,
324 943 430 984 ,iubilo
445 942 583 984 quodam
599 942 736 983 repletus
746 942 892 980 interius,

117 1001 202 1032 totns
216 999 383 1030 videbatur
397 997 538 1029 exterius
552 996 690 1034 alterari,
705 1005 742 1027 ac
755 995 781 1026 si
797 995 896 1026 melli-

117 1053 203 1085 ssuus
212 1061 306 1093 sapor
320 1053 464 1091 gustum,
472 1051 523 1083 vel
534 1049 739 1081 harmonicus
746 1050 787 1088 (a)
798 1058 895 1080 sonus

117 1107 219 1148 ipsius
237 1106 420 1137 immutaset
439 1105 597 1135 auditum.
621 1103 762 1143 Contigit
787 1105 896 1135 autem

119 1169 203 1192 anno
218 1159 310 1190 tertio
332 1160 404 1190 ante
428 1158 552 1189 obitum
576 1166 687 1196 suum,
714 1159 750 1188 ut
771 1167 893 1189 memo-

118 1214 200 1245 riam
222 1212 395 1243 nativitatis
417 1211 507 1252 pueri
529 1211 615 1250 Jesu,
636 1211 675 1242 ad
694 1211 896 1243 devotionem

119 1267 330 1305 excitandam,
346 1266 431 1306 apud
442 1266 587 1297 Castrum
602 1265 702 1297 Grecii
718 1266 898 1306 disponeret

119 1329 228 1360 agere,
245 1329 319 1351 cum
334 1321 454 1359 quanta
468 1319 582 1359 majori
598 1319 797 1350 solemnitate
810 1321 898 1352 vale-

120 1375 180 1405 ret.
198 1373 243 1405 Ne
258 1383 334 1405 vero
348 1373 409 1404 hoc
434 1373 557 1405 levitati
579 1375 683 1413 posset
707 1373 857 1413 adscribi,
880 1384 900 1406 a

123 1428 258 1460 Summo
275 1427 426 1459 Pontifice
441 1427 538 1467 petita
555 1428 585 1457 et
608 1427 738 1458 obtenta
760 1427 897 1466 licentia,

123 1482 195 1514 fecit
217 1482 391 1522 praeparari
420 1481 630 1521 praesepium,
655 1481 816 1520 apportari
840 1482 898 1512 100-

124 1546 220 1574 1111111,
246 1537 363 1567 bovem
388 1537 418 1566 et
436 1535 564 1566 asinum
583 1535 623 1565 ad
646 1535 752 1566 locum
774 1535 898 1566 adduci.

125 1590 332 1621 Advocantur
346 1589 468 1627 fratres,
485 1589 662 1620 adveniunt
683 1589 804 1629 populi,
827 1598 899 1629 per-

125 1644 216 1675 sonat
231 1643 321 1683 sylva
335 1651 439 1681 voces,
454 1644 485 1673 et
499 1642 692 1673 venerabilis
706 1642 759 1673 illa
772 1652 838 1674 nox
852 1643 901 1674 lu-

127 1697 267 1728 minibus
283 1697 418 1737 copiosis
434 1699 464 1727 et
487 1696 590 1735 claris,
613 1696 826 1737 laudibusque
849 1706 900 1728 5οκ

126 1751 212 1782 110115
226 1752 256 1781 et
275 1750 433 1788 consonis,
458 1750 626 1790 splendens
648 1750 784 1781 efficitur
805 1752 836 1781 et
850 1760 901 1782 so-

126 1804 250 1835 lemnis.
287 1803 397 1834 Stabat
431 1804 480 1834 vir
518 1803 570 1834 Dei
601 1813 710 1834 coram
747 1805 903 1845 praesepio

127 1858 243 1899 pietate
257 1857 409 1896 repletus,
425 1865 587 1896 respersus
601 1857 762 1898 lacrymis,
780 1859 811 1888 et
825 1867 904 1898 gau-

128 1912 180 1943 dio
208 1910 405 1950 superfusus.
430 1910 635 1941 Celebrautur
662 1910 831 1942 Missarum
853 1921 903 1943 so-

127 1964 246 1996 lemnia
261 1973 356 2004 super
375 1973 527 2004 praesepe,
550 1964 646 1995 levita
667 1964 781 1995 Christi
804 1965 903 1996 Fran-

127 2019 208 2050 01500
225 2027 353 2049 sacrum
370 2018 584 2057 Evangelium
602 2018 799 2049 decantante.
820 2019 905 2050 prae-

127 2074 209 2105 dicat
228 2073 340 2104 deiude
355 2072 472 2112 populo
492 2073 710 2103 circumstanti
733 2073 770 2104 de
791 2073 906 2104 nativi-

128 2128 191 2157 tate
212 2126 306 2166 Regis
328 2126 493 2166 pauperis,
521 2136 617 2166 quem
642 2136 715 2158 cum
738 2127 905 2159 nominare

128 2180 237 2219 vellet,
268 2189 405 2220 puerum
434 2181 472 2211 de
501 2180 662 2212 Bethleem
691 2190 758 2221 prae
787 2182 906 2213 amoris

128 2234 338 2266 teneritudine
360 2235 575 2274 nuncupabat.
598 2235 687 2266 Miles
708 2238 816 2267 autem
832 2237 903 2276 qui-

129 2289 203 2320 dam
218 2288 380 2319 virtuosus
397 2289 428 2318 et
442 2297 552 2326 verax,
565 2289 631 2328 qui,
649 2291 776 2329 propter
789 2290 905 2321 Christi

129 2351 272 2373 amorem
296 2341 441 2372 saeculari
464 2341 572 2372 relicta
597 2343 730 2381 militia,
756 2344 825 2375 viro
851 2344 905 2375 Dei

130 2405 250 2436 magna
264 2395 323 2426 fuit
342 2395 556 2426 familiaritate
578 2397 777 2435 conjunctus,
801 2397 904 2428 domi-

130 2459 191 2481 nus
214 2452 351 2481 Joannes
374 2449 412 2480 de
436 2448 545 2480 Grecio
572 2458 605 2480 se
629 2450 744 2480 vidisse
771 2451 906 2482 asseruit

131 2503 303 2544 puerulum
317 2503 489 2543 quemdam
504 2502 595 2534 valde
611 2503 787 2534 formosum
802 2505 835 2535 in
851 2505 905 2536 illo

131 2557 285 2597 praesepio
310 2557 537 2593 dormientem,
560 2566 657 2596 quem
679 2557 790 2588 beatus
817 2560 906 2597 pater

132 2610 318 2641 Franciscus
346 2611 501 2641 ambobus
533 2611 739 2651 complexans
768 2612 906 2642 brachiis

131 2663 269 2694 excitare
286 2663 453 2694 videbatur
468 2674 486 2694 a
501 2673 624 2695 somno.
646 2664 733 2695 Hanc
748 2665 906 2705 siquidem

131 2716 237 2749 devoti
252 2716 362 2748 militis
382 2718 539 2749 visionem
560 2727 625 2750 non
640 2719 744 2750 solum
768 2719 906 2751 videntis

1667 230 1726 260 329

947 295 1096 327 sanctitas
1122 295 1306 328 credibilem
1327 295 1410 334 facit,
1431 295 1486 327 sed
1508 296 1540 326 et
1563 295 1728 336 designata

947 349 1064 380 veritas
1087 350 1293 390 comprobat,
1325 351 1356 381 et
1380 349 1535 380 miracula
1558 350 1728 381 subsecuta

947 403 1148 435 confirmant.
1164 403 1243 435 Nam
1265 403 1450 444 exemplum
1470 403 1630 434 Francisci
1651 412 1726 435 con-

947 456 1122 488 sideratum
1135 467 1154 489 a
1169 458 1289 489 mundo
1304 457 1510 489 excitativum
1522 458 1569 488 est
1583 457 1726 488 cordium

947 511 980 542 in
995 511 1058 543 fide
1074 511 1189 543 Christi
1204 513 1417 553 torpentium;
1434 513 1465 543 et
1476 511 1600 543 foenum
1612 520 1729 552 praese-

949 566 992 607 pii
1006 568 1207 598 reservatum
1231 576 1250 598 a
1271 567 1398 607 populo,
1423 565 1610 597 mirabiliter
1634 574 1728 596 sana-

947 620 1052 652 tivum
1067 620 1127 651 fuit
1148 620 1318 651 brutorum
1336 619 1579 659 languentium,
1599 620 1632 650 et
1648 619 1728 650 alia-

948 683 1022 705 rum
1037 674 1236 714 repulsivum
1251 673 1389 714 pestium
1402 673 1615 711 diversarum,
1631 672 1730 712 glori·

948 729 1063 759 ficante
1078 727 1140 759 Deo
1155 737 1212 768 per
1232 727 1341 759 omnia
1357 735 1487 758 servum
1510 735 1618 764 suum,
1637 735 1730 757 sanc-

949 784 1054 822 taeque
1069 781 1223 813 orationis
1244 780 1418 813 efficaciam
1438 779 1640 811 evidentibus
1665 780 1729 810 mi-

949 836 1135 868 raculorum
1150 835 1308 877 prodigiis
1325 835 1572 866 demonstrante.

1203 949 1381 984 CAPUT
1415 949 1481 982 XI.

1012 1033 1048 1060 De
1070 1033 1254 1068 intelligentia
1276 1032 1498 1067 scripturarum,
1522 1032 1547 1059 et
1571 1033 1675 1067 spiritu

1262 1077 1423 1112 prophetioe.

994 1159 1043 1190 Ad
1070 1160 1193 1190 tantam
1228 1161 1338 1191 autem
1377 1159 1493 1190 mentis
1531 1159 1735 1190 serenitatem

953 1212 1148 1243 indefessum
1163 1213 1318 1244 orationis
1332 1213 1473 1244 studium
1490 1221 1563 1244 cum
1580 1212 1735 1243 continua

954 1265 1180 1296 exercitatione
1194 1267 1362 1305 virtutum,
1380 1267 1488 1298 virum
1507 1266 1561 1297 Dei
1577 1266 1734 1306 perduxe-

954 1322 1014 1358 rat,
1031 1322 1066 1351 ut
1077 1321 1225 1360 quamvis
1240 1330 1304 1352 non
1318 1320 1466 1351 habuerlt
1478 1329 1643 1351 sacrarum
1657 1319 1738 1350 litte-

954 1383 1066 1405 rarum
1082 1374 1229 1414 peritiam
1249 1383 1306 1414 per
1325 1374 1516 1413 doctrinam,
1534 1375 1664 1404 aeternae
1688 1374 1738 1404 ta-

956 1438 1030 1459 men
1047 1428 1127 1459 lucis
1151 1428 1320 1459 irradiatus
1342 1428 1536 1467 fulgoribus,
1557 1427 1737 1467 Scriptura-

957 1491 1031 1513 rum
1055 1482 1213 1522 profunda
1236 1483 1319 1514 miro
1341 1482 1519 1513 intellectus
1543 1483 1740 1512 scrutaretur

957 1536 1115 1567 acumine.
1134 1536 1323 1568 Penetrabat
1335 1537 1421 1567 enim
1437 1536 1477 1567 ab
1491 1536 1579 1567 omni
1594 1535 1664 1566 labe
1680 1544 1739 1575 pu-

957 1599 1031 1621 rum
1046 1590 1216 1629 ingenium
1233 1590 1459 1631 mysteriorum
1475 1589 1677 1627 abscondita,
1708 1591 1739 1620 et

957 1644 1014 1675 ubi
1041 1643 1236 1683 magistralis
1260 1643 1390 1674 scientia
1413 1644 1487 1674 foris
1510 1645 1585 1681 stat,
1609 1643 1741 1674 aflectus

958 1698 1109 1729 introibat
1125 1698 1272 1729 amantis.
1290 1698 1431 1737 Legebat
1445 1697 1639 1738 quandoque
1654 1697 1688 1727 in
1702 1696 1739 1727 li-

958 1752 1024 1782 bris
1037 1752 1146 1790 sacris,
1164 1754 1194 1782 et
1217 1752 1303 1792 quod
1320 1752 1427 1783 animo
1452 1752 1550 1782 semel
1575 1752 1738 1791 injecerat,

959 1806 1112 1837 tenaciter
1127 1806 1331 1846 imprimebat
1355 1805 1522 1836 memoriae
1544 1816 1550 1836 z
1575 1805 1652 1845 quia
1676 1814 1740 1836 non

961 1860 1080 1890 frustra
1095 1859 1242 1890 mentalis
1267 1859 1450 1890 attentionis
1473 1859 1667 1899 percipiebat
1681 1868 1740 1890 au-

961 1914 1040 1952 ditu,
1067 1914 1151 1954 quod
1176 1914 1337 1944 continua}
1358 1913 1535 1945 devotionis
1557 1913 1742 1944 ruminabat

961 1969 1087 1999 affectu.
1114 1968 1339 2005 Quaerentibus
1368 1967 1541 2008 aliquando
1569 1967 1739 2006 fratribus,

960 2025 1069 2054 utrum
1081 2023 1141 2053 sibi
1152 2023 1285 2063 placeret
1297 2022 1382 2062 quod
1393 2021 1533 2059 litterati,
1544 2022 1613 2061 Jam
1625 2021 1743 2061 recepti

961 2077 999 2107 ad
1016 2077 1173 2115 ordinem,
1188 2076 1388 2107 intenderent
1403 2075 1508 2107 studio
1523 2084 1620 2106 sacrae
1637 2075 1742 2114 Scrip-

962 2132 1053 2168 turae,
1072 2129 1232 2169 respondit
1249 2140 1255 2159 :
1276 2129 1353 2159 Mihi
1375 2129 1505 2168 quidem
1527 2128 1639 2168 placet,
1664 2128 1742 2158 dum

961 2185 1079 2221 tamen,
1102 2183 1251 2222 exemplo
1278 2182 1405 2220 Christi,
1429 2182 1485 2222 qui
1509 2182 1613 2221 magis
1635 2190 1742 2213 orasse

960 2237 1082 2276 legitur
1095 2245 1192 2276 quam
1205 2236 1333 2275 legisse,
1351 2235 1504 2266 orationis
1519 2235 1663 2266 studium
1677 2245 1743 2266 non

961 2290 1126 2327 omittant,
1146 2298 1205 2320 uec
1221 2291 1326 2319 tamen
1345 2289 1382 2328 (b)
1402 2288 1561 2327 studeant,
1584 2290 1620 2319 ut
1645 2288 1744 2319 sciant

961 2345 1096 2385 qualiter
1111 2344 1247 2375 debeant
1260 2343 1361 2383 loqui,
1379 2343 1432 2373 sed
1445 2345 1482 2374 ut
1494 2343 1601 2374 audita
1614 2343 1741 2380 faciant,

961 2401 992 2430 et
1018 2407 1093 2429 011111
1115 2398 1264 2434 fecerint,
1288 2396 1358 2427 aliis
1382 2397 1524 2427 facienda
1550 2398 1740 2436 proponant.

961 2452 1050 2491 Volo,
1066 2451 1182 2492 iuquit,
1206 2451 1320 2481 fratres
1342 2460 1428 2481 meos
1450 2450 1621 2490 discipulos
1644 2459 1742 2480 evan-

963 2506 1082 2545 gelicos
1095 2514 1173 2542 esse,
1191 2505 1300 2544 sicque
1314 2505 1347 2534 iu
1363 2504 1475 2535 notitia
1487 2503 1628 2535 veritatis
1644 2503 1741 2542 profi-

964 2568 1042 2597 cere,
1061 2558 1145 2598 quod
1161 2558 1195 2588 in
1217 2557 1428 2597 simplicitatis
1444 2557 1580 2597 puritate
1602 2564 1743 2586 concres-

963 2615 1045 2649 cant,
1062 2614 1099 2642 ut
1123 2611 1358 2651 simplicitatem
1379 2610 1596 2641 columbinam
1623 2619 1642 2639 a
1661 2618 1743 2649 pru-

963 2666 1069 2696 dentia
1094 2665 1276 2704 serpentina
1298 2674 1364 2695 non
1385 2665 1550 2703 separent,
1572 2671 1651 2703 quas
1677 2671 1743 2692 ma-

995 2728 1026 2759 (α)
1047 2728 1107 2752 Caet.
1125 2727 1185 2752 edit.
1198 2726 1388 2751 harmoniacus.
1400 2739 1431 2744 —-
1447 2726 1478 2757 (b)
1496 2726 1554 2756 Leq.
1569 2726 1677 2749 tantum.
