2029 3052
66 771 99 793 Ad
121 770 170 792 vn.

75 1413 107 1435 Ad
118 1414 179 1434 vm.

86 2320 119 2340 Ad
153 2321 194 2340 lx.

185 205 246 235 374

182 270 241 302 ubi
263 268 309 300 sic
328 267 373 299 ait
387 267 397 285 ¹
415 277 424 299 ε
444 278 460 297 <1
474 266 632 298 Caeterum
651 263 805 296 Dominus
827 271 894 294 non
916 262 960 293 si-

185 322 255 355 mul
268 321 341 355 vult
362 320 485 353 effundi
503 328 590 360 opes,
614 318 670 350 sed
692 315 882 357 dispensari,
898 315 962 346 nisi

183 379 263 409 forte
277 378 314 408 ut
328 375 462 408 Elisaeus
479 375 578 406 boves
592 381 666 404 suos
680 371 804 409 occidit,
825 373 856 402 et
875 370 963 410 pavit

184 439 341 472 pauperes
361 439 401 461 ex
422 438 460 460 eo
478 427 564 469 quod
584 426 709 465 habuit,
729 424 870 457 utnulla
883 433 962 455 cura

183 487 349 517 teneretur
362 482 545 520 domestica,
561 481 616 512 sed
629 480 746 511 relictis
759 479 911 510 omnibus
928 478 961 509 in

186 538 386 579 disciplinam
400 545 434 567 se
448 535 669 576 propheticam
683 534 783 565 daret.
801 544 815 562 »
834 532 868 564 Si
883 541 964 571 ergo

185 601 243 633 pro
257 591 422 631 disciplina
436 588 622 630 prophetica
643 589 719 619 sunt
733 587 844 618 omnia
864 585 964 617 relin-

188 645 327 687 quenda,
343 643 446 675 multo
455 643 568 674 fortius
581 651 640 683 pro
659 640 851 682 perfectione
864 648 965 671 evan-

189 699 303 740 getica.

226 752 276 784 Ad
296 751 375 783 illud
389 751 474 792 quod
495 749 655 791 oincitur,
678 747 765 789 quod
787 746 897 778 omnia
917 745 970 776 di-v

186 814 338 846 spergere
361 806 408 836 est
432 803 642 845 prodigalitas
653 825 663 841 ,
691 801 862 832 dicendum
881 799 968 840 quod

186 862 263 892 tunc
277 861 324 891 est
338 857 558 899 prodigalitas,
577 855 707 896 quando
721 854 830 886 omnia
844 854 966 894 disper-

187 915 312 954 guntur
335 921 396 953 pro
424 911 582 949 vanitate,
611 918 676 940 non
705 910 812 940 autem
840 907 968 948 quando

187 968 305 999 dantur
322 975 381 1007 pro
396 965 543 997 utilitate.
560 965 597 994 Et
610 963 655 994 sic
668 964 716 994 est
731 962 769 993 de
783 971 862 993 evan
868 961 970 1000 gelica

187 1021 389 1062 paupertate,
415 1018 492 1059 quia
514 1017 668 1049 Dominus
682 1017 693 1033 Ξ
708 1015 892 1055 centuplum
916 1023 969 1045 re-

188 1075 299 1106 stituet
323 1074 360 1105 in
379 1073 532 1113 proesenlz'
551 1080 623 1104 cum
642 1070 861 1108 tribulacione,
884 1071 913 1100 ec
936 1069 971 1099 in

193 1129 307 1169 futuro
322 1128 423 1160 vitam
441 1129 607 1158 (eternam.
630 1124 727 1156 Secus
749 1125 858 1154 autem
872 1125 920 1153 est
933 1122 972 1153 de

192 1180 368 1214 universali
389 1179 568 1211 retentione
591 1178 739 1210 omnium
764 1189 771 1208 :
803 1177 857 1207 illa
884 1176 971 1207 enim

193 1244 257 1266 non
272 1235 309 1265 fit
322 1243 381 1275 pro
391 1232 547 1274 spirituali
565 1232 710 1269 utilitate,
723 1231 777 1262 sed
795 1230 900 1269 magis
914 1238 972 1269 pro

193 1291 321 1320 terrena
336 1287 516 1328 cupiditate.
535 1286 607 1317 ideo
624 1294 689 1316 non
710 1286 757 1316 est
772 1284 875 1315 simile
898 1283 974 1314 hinc

195 1344 226 1373 et
240 1342 325 1373 inde.

237 1395 285 1426 Ad
298 1395 374 1426 illud
389 1394 474 1434 quod
489 1393 659 1434 objicitur:
680 1403 694 1420 «
711 1391 749 1422 Et
763 1391 819 1431 qui
834 1390 886 1421 alii
902 1391 972 1421 sub-

196 1449 293 1480 trahit
305 1447 492 1485 neoessaria,
508 1458 522 1475 i)
541 1448 614 1484 etc,
631 1445 800 1477 dicendum
814 1444 898 1484 quod
910 1453 975 1475 non

196 1505 242 1534 est
256 1502 370 1539 simile,
388 1501 463 1542 quia
478 1500 533 1541 qui
550 1499 709 1530 subtrahit
723 1498 775 1529 alii
787 1497 974 1534 necessaria,

195 1556 383 1588 violentiam
397 1555 484 1592 facit,
509 1556 540 1585 et
561 1553 680 1584 inducit
699 1562 773 1584 eum
790 1552 823 1583 in
839 1560 976 1592 pauper-

196 1612 295 1641 tatem
314 1608 574 1640 involuntariam.
600 1607 660 1644 Qui
679 1609 786 1637 autem
817 1605 978 1636 subtrahit

199 1664 271 1701 sibi,
287 1663 468 1695 voluntarie
483 1662 565 1699 facit,
581 1664 611 1692 et
627 1661 659 1691 in
682 1661 903 1701 paupertatem
919 1668 977 1690 vo-

200 1717 372 1749 luntariam
392 1726 424 1747 se
440 1715 569 1746 inducit.
594 1715 639 1745 Ac
654 1723 709 1754 per
724 1714 798 1751 hoc,
823 1713 904 1743 sicut
923 1722 978 1743 ar-

199 1772 394 1811 gumentum
426 1769 503 1800 illud
529 1777 594 1799 non
619 1767 704 1798 valet
725 1778 731 1798 ς
767 1779 781 1795 (ι
806 1766 979 1806 Paupertas

199 1823 415 1855 involuntaria
441 1831 505 1853 non
531 1824 579 1852 est
607 1820 789 1851 laudanda:
816 1828 895 1859 ergo
924 1828 982 1849 noc

202 1877 401 1914 voluntaria3
422 1888 436 1905 »
465 1876 509 1906 sic
527 1884 591 1906 non
611 1874 698 1913 cogit
719 1873 799 1904 ratio
818 1873 978 1913 praedicta.

201 1932 292 1963 Alius
307 1931 403 1962 ctiam
425 1932 470 1961 est
487 1929 626 1960 desectus
642 1928 675 1958 in
690 1929 882 1966 argumento
901 1936 983 1967 prce-

203 1986 299 2023 dieto‚
316 1985 391 2024 qnia
405 1983 544 2024 procedit
560 1991 615 2021 per
629 1982 697 2012 salsi
720 1981 981 2021 suppositionem,

203 2048 261 2079 pro
288 2048 325 2069 eo
354 2037 441 2078 quod
467 2036 616 2067 omnibus
644 2035 866 2065 universaliter
895 2035 984 2065 alire-

204 2092 367 2129 nuntians,
386 2089 562 2121 necessaria
575 2089 635 2119 sibi
651 2088 759 2118 omnia
774 2097 841 2118 non
857 2089 983 2119 subtra-

206 2147 274 2184 hit,
301 2146 375 2185 quia
395 2144 511 2175 divinae
535 2142 744 2183 providentiae
775 2141 927 2180 regimini
953 2151 986 2173 se

208 2199 388 2236 committit,
403 2200 431 2228 et
444 2197 562 2228 multos
577 2195 706 2228 vivendi
719 2195 839 2233 modos,
857 2197 887 2225 et
901 2205 987 2235 qure-

210 2252 300 2283 rcndi
315 2251 500 2287 necessaria,
519 2250 578 2279 sibi
594 2249 756 2288 relinquit.

252 2305 299 2336 Ad
315 2304 393 2334 illud
416 2303 499 2342 quod
518 2302 677 2341 objtcitur,
699 2302 782 2341 quod
805 2311 837 2333 se
859 2303 988 2342 exponit

211 2358 351 2399 periculo
370 2356 478 2393 famis3
504 2355 672 2386 dicendum
695 2355 778 2395 quod
799 2356 914 2386 salsum
930 2359 986 2395 est,

211 2413 292 2442 sicut
307 2410 438 2442 omnino
454 2410 584 2448 apparet
602 2418 641 2438 cx
659 2409 827 2448 [aredii-tis,
844 2411 875 2439 et
892 2410 989 2439 maui-

211 2466 286 2496 seste
308 2464 469 2503 colligitur
488 2471 528 2492 ex
549 2461 698 2491 omnibus
722 2462 917 2501 temporibus
939 2473 988 2493 re-

213 2519 351 2550 troactis.
365 2517 530 2557 Nusquam
543 2517 572 2545 et
582 2524 748 2554 nunquam
760 2515 890 2554 legitur,
904 2517 989 2556 quod

214 2573 328 2612 aliquis
338 2571 448 2602 volens
465 2570 496 2599 in
512 2570 696 2609 paupertate
712 2569 773 2598 Deo
788 2570 919 2607 servire,
932 2580 989 2610 pro

214 2626 335 2657 defectu
360 2624 421 2655 cibi
437 2624 519 2654 same
545 2622 682 2662 perierit.
709 2621 746 2651 Et
763 2622 822 2652 hoc
844 2625 890 2653 est
905 2624 990 2663 quod

250 2688 258 2703 ⁴
282 2687 410 2716 Ambros.‚
432 2686 461 2709 (Ie
481 2685 560 2716 offic-v
585 2684 628 2708 lib.
652 2684 675 2715 1,
698 2691 720 2708 c.
744 2689 810 2715 xxx,
834 2692 859 2709 11.
889 2688 938 2709 tls).
961 2700 990 2704 -

734 195 786 228 DE
807 194 1072 229 PAUPERTATE
1094 196 1250 230 CHRISTI

1016 263 1093 296 dicit
1106 265 1311 306 Augustinus
1319 264 1353 296 in
1363 265 1500 296 tractatu
1510 265 1650 304 quodam
1659 265 1698 299 de
1712 267 1792 300 Ora-

1016 318 1103 350 tione
1119 319 1289 361 Dominicq
1305 329 1316 350 .·
1333 330 1347 348 α
1363 316 1473 359 Neque
1487 317 1574 349 enim
1587 319 1697 351 deesse
1709 329 1794 360 quo-

1015 372 1155 404 tidianus
1178 373 1267 404 cibus
1290 374 1394 413 potest
1414 373 1514 412 justo,
1541 381 1617 403 cum
1642 373 1796 414 scriptum

1018 426 1104 458 sit⁸z
1131 427 1201 459 Non
1221 425 1344 459 occidet
1371 426 1529 458 Dominus
1546 427 1630 466 same
1652 428 1799 460 animam

1013 480 1109 520 justi.
1133 480 1174 511 Et
1195 479 1335 511 iterum‘
1361 490 1369 511 :
1396 480 1512 512 Junior
1534 480 1598 520 fui,
1614 482 1733 514 etenim
1747 489 1797 514 se-

1017 535 1094 572 nui,
1119 536 1149 566 et
1170 541 1235 566 ηοη
1256 532 1330 566 vidi
1351 532 1479 573 justum
1500 533 1698 567 derelictum.
1717 546 1733 564 n
1761 534 1800 566 Et

1018 587 1135 618 iteruin
1175 598 1182 618 :
1221 598 1236 616 α
1260 587 1484 625 Quaerentibus
1503 596 1646 627 regnum
1672 587 1742 627 Dei,
1769 589 1801 620 et

1016 640 1173 681 justitiam
1187 642 1269 681 ejus,
1290 640 1399 672 omnia
1420 641 1576 681 promittit
1584 641 1703 682 apponi
1716 645 1745 681 ⁵,
1770 643 1802 674 et

1017 695 1088 734 ¹iam
1102 703 1177 726 cum
1197 694 1260 725 sint
1274 694 1329 725 Dei
1342 694 1463 733 omnia,
1480 694 1611 726 habenti
1631 695 1733 727 Deum
1747 696 1802 727 ni-

1021 747 1068 778 hil
1082 747 1192 786 deerit,
1212 747 1239 778 si
1254 747 1317 779 Deo
1331 747 1399 788 ipse
1415 757 1480 779 non
1500 748 1592 780 desit.
1614 748 1665 780 Sic
1682 749 1800 788 Daniel,

1021 801 1055 832 in
1077 801 1208 833 leonum
1228 801 1300 833 lacu
1318 802 1413 842 jussu
1435 802 1523 842 regis
1542 802 1678 842 incluso,
1703 812 1800 843 pran-

1022 855 1113 887 dium
1132 856 1287 888 divinitus
1315 858 1523 896 procuratur,
1550 858 1582 888 et
1608 857 1691 889 inter
1719 858 1804 890 feras

1024 909 1198 941 esurientes
1208 910 1305 941 homo
1318 910 1372 941 Dei
1383 910 1535 950 pascitur.
1550 910 1603 942 Sic
1613 911 1710 942 alitur
1720 911 1805 942 Elias

1024 963 1058 994 in
1078 963 1178 1003 fuga,
1201 964 1306 995 corvis
1329 964 1587 995 ministrantibus
1608 966 1640 995 et
1663 964 1802 995 volucri-

1024 1017 1086 1048 bus
1104 1017 1212 1048 cibum
1234 1017 1493 1057 apportantibu5‚
1519 1017 1554 1048 in
1586 1017 1806 1057 persecutione

1025 1071 1181 1102 nutritur.
1199 1071 1222 1102 Ο
1238 1071 1389 1102 huinanae
1401 1070 1532 1102 malitiae
1542 1071 1725 1102 detestanda
1735 1080 1806 1102 cru-

1026 1124 1152 1156 delitas!
1170 1125 1246 1155 ferae
1262 1126 1384 1165 parent,
1400 1126 1432 1155 et
1445 1133 1520 1155 aves
1535 1126 1689 1164 pascunt;
1707 1127 1738 1155 et
1752 1125 1810 1156 ho-

1028 1178 1129 1209 mines
1143 1178 1344 1216 insidiantur,
1360 1181 1391 1209 et
1405 1178 1552 1209 saeviunt.
1569 1189 1583 1206 n
1604 1177 1652 1209 Ex
1666 1177 1717 1208 his
1736 1187 1809 1209 ma-

1028 1232 1140 1262 nifeste
1159 1231 1337 1271 colligitur,
1358 1231 1443 1271 quod
1465 1240 1530 1262 non
1549 1232 1597 1262 est
1619 1231 1808 1272 periculum,

1029 1285 1082 1316 sed
1101 1285 1276 1324 refugium,
1297 1285 1410 1325 spretis
1432 1285 1596 1324 omnibus,
1618 1285 1755 1316 totaliter
1777 1294 1811 1316 se

1030 1340 1174 1371 dedicare
1191 1340 1229 1370 ad
1245 1339 1345 1370 Deum
1361 1338 1539 1370 colendum.

1071 1393 1119 1424 Ad
1135 1393 1211 1424 illud
1227 1393 1311 1433 quod
1330 1393 1492 1433 objicitur,
1515 1392 1600 1433 quod
1616 1393 1649 1423 in
1664 1393 1811 1424 oratione

1034 1447 1193 1478 Dominica
1212 1447 1348 1486 petimus
1364 1455 1479 1487 panem
1492 1448 1639 1477 nostrum
1653 1447 1812 1487 quotidia-

1033 1510 1124 1538 num,
1150 1500 1320 1531 dicendum
1349 1499 1433 1540 quod
1459 1500 1519 1531 hoc
1540 1500 1646 1540 potius
1674 1501 1747 1532 facit
1772 1500 1813 1532 ad

1034 1554 1228 1594 oppositum,
1256 1563 1353 1593 quam
1379 1554 1419 1584 ad
1443 1553 1653 1594 propositum.
1678 1553 1726 1585 Ex
1750 1563 1814 1595 quo

1035 1608 1121 1639 enim
1153 1607 1293 1647 quotidie
1322 1607 1460 1647 petimus
1499 1607 1620 1638 victum
1647 1607 1812 1647 diurnum,

1036 1670 1093 1692 nec
1122 1661 1258 1701 petimus
1289 1660 1373 1700 quod
1406 1660 1584 1699 hahemus,
1610 1661 1814 1692 manifestum

1035 1716 1093 1752 cst,
1116 1714 1201 1754 quod
1223 1714 1417 1753 evangelicae
1445 1713 1646 1753 perfectionis
1665 1715 1712 1744 est
1729 1723 1811 1754 quo-

1036 1767 1156 1799 tidiano
1185 1767 1271 1798 victu
1294 1776 1361 1797 esse
1395 1768 1591 1797 contentum.
1621 1767 1710 1804 Quod
1738 1767 1815 1807 quia

1040 1830 1102 1851 non
1140 1822 1241 1860 potest
1278 1820 1381 1851 videri
1420 1819 1568 1860 perfectio
1606 1819 1639 1849 in
1672 1819 1819 1851 cordibus

1038 1883 1222 1911 avarorum,
1243 1874 1398 1904 Dominus
1416 1883 1480 1904 non
1506 1873 1608 1903 solum
1625 1873 1664 1904 ad
1686 1873 1745 1904 hoe
1769 1874 1818 1904 in-

1039 1929 1132 1961 duxit
1146 1929 1286 1959 consiliis
1299 1929 1473 1968 sapientise,
1491 1928 1704 1959 verumetiam
1715 1937 1821 1959 exem-

1041 1983 1101 2023 plis
1116 1985 1249 2020 naturae,
1262 1985 1292 2013 et
1307 1983 1444 2013 oraculis
1460 1982 1584 2021 gratiae,
1601 1983 1637 2012 ut
1649 1981 1692 2012 sic
1708 1981 1819 2012 saltem

1042 2046 1097 2077 per
1122 2037 1199 2067 illud
1222 2036 1338 2076 triplex
1360 2036 1598 2072 testimonium,
1626 2034 1819 2075 paupertatis

1042 2090 1209 2121 consilium
1226 2089 1360 2120 firmiter
1374 2089 1610 2128 comprobetur,
1627 2089 1709 2119 sicut
1723 2088 1821 2119 totius

1044 2144 1243 2184 perfectionis
1266 2143 1463 2181 evangelica}
1485 2142 1675 2173 altissimum
1705 2144 1736 2173 et
1758 2143 1821 2172 sta-

1044 2198 1106 2228 bile
1121 2197 1378 2228 fundamentum.

1277 2304 1521 2338 ARTICULUS
1547 2304 1588 2337 ΙΙ.

1106 2389 1143 2415 De
1160 2390 1324 2423 paupertate
1344 2388 1476 2421 quantum
1497 2386 1533 2412 ad
1552 2385 1763 2413 mendicitatem.

1087 2467 1245 2504 Qua’ritur
1268 2466 1306 2496 de
1330 2464 1576 2501 mendicatione,
1602 2465 1712 2494 utrum
1734 2471 1824 2493 men-

1047 2521 1150 2551 dicare
1172 2528 1229 2559 pro
1253 2518 1376 2549 Christo
1398 2519 1437 2548 stt
1455 2517 1635 2548 christianae
1661 2515 1823 2555 perfectio-

1049 2573 1108 2603 nis.
1128 2573 1164 2603 Et
1180 2582 1255 2603 voco
1274 2571 1465 2609 mendicare,
1483 2571 1716 2609 eleemosynam
1733 2577 1822 2608 quae-

1050 2654 1061 2669 ²
1077 2653 1177 2683 Metili„
1196 2659 1250 2682 mx,
1265 2654 1303 2676 29.
1322 2666 1351 2670 —
1376 2652 1384 2666 ³
1404 2652 1487 2676 Ρι-ου..
1502 2657 1528 2681 x,
1545 2652 1567 2677 3.
1581 2664 1611 2668 —
1628 2650 1636 2666 ⁴
1650 2649 1716 2674 Psal.
1734 2655 1823 2681 xxm,

1051 2690 1088 2713 25.
1108 2703 1133 2706 —-
1150 2690 1158 2703 ⁵
1174 2689 1240 2718 Luc„
1258 2694 1311 2719 xii,
1327 2689 1366 2712 31.

1839 1403 1873 1425 Ad
1889 1404 1918 1425 X.
