2029 3052
152 1651 230 1671 Exem-

124 1681 192 1709 pluni.

241 212 300 242 112

239 275 408 307 Bernardus
421 279 431 297 ¹
448 283 454 304 :
470 282 485 301 α
498 273 563 303 Fuit
575 270 710 310 protecto
722 269 839 299 Domini
851 270 1022 298 Mater-ante

239 326 351 360 sancta,
367 329 460 360 quam
473 323 552 350 nata.
568 321 652 354 Puto,
667 329 682 345 υ
699 317 807 355 inquit,
821 327 835 344 α
847 316 932 354 quod
941 317 1023 345 tanta

241 371 336 409 gratia
349 367 591 399 sanctificationis
606 366 637 394 in
651 373 718 394 eam
729 364 926 400 descenderit,
937 363 1022 400 quod

239 426 303 448 non
317 417 416 446 solum
431 416 494 452 ejus
508 412 736 443 sanctificaverit
752 414 861 447 ortum,
875 411 928 440 sed
940 411 1023 439 dein-

241 474 311 503 ceps
326 465 365 494 ab
380 463 462 493 omui
477 462 599 499 peccato
619 458 749 488 servavit
768 459 944 488 immunem.
961 468 976 485 n
991 459 1023 487 ln

241 520 303 550 quo
317 510 475 540 :eremium
490 507 678 544 prophetam,
693 507 840 535 loannem
851 505 1022 542 Baptistam,

241 562 270 589 et
284 567 390 588 omnes
402 555 600 586 sanctificatos
612 554 643 583 iu
657 556 760 583 ventre
774 553 934 591 praecessit,
951 553 1024 590 quia

241 606 316 636 nulli
334 613 470 643 unquam
493 605 616 641 peccato
643 601 778 631 obnoxia
801 601 866 629 tuit.
890 599 1023 636 Augusti-

241 654 324 682 nus'
340 662 347 681 ι
365 664 378 678 ιι
393 654 467 681 Cum
488 650 526 680 de
549 649 678 687 peccetis
707 648 815 684 agitur,
842 647 958 676 nullam
985 646 1024 675 de

241 702 329 729 Matre
352 698 468 728 Domini
492 697 564 726 volo
587 696 700 725 habere
723 695 941 732 quaestionem:
962 702 1024 730 qua

241 747 306 776 sola
320 749 454 783 excepta,
470 745 494 774 si
509 752 614 774 omnes
630 743 728 772 Sancti
750 742 851 776 simul,
873 744 901 770 et
919 749 1024 770 omnes

242 796 353 824 sanctae
364 794 527 830 jungentur
542 792 572 820 in
588 799 693 825 unum,
710 789 785 818 nihil
799 788 883 818 uliud
897 796 1024 824 respon·

243 841 314 870 dere
328 843 461 878 possent,
476 839 532 867 nisi
545 837 629 876 quod
645 837 752 866 dicitur
766 837 777 854 ³
792 845 799 864 z
815 836 847 864 Si'
862 835 1024 871 dixerimus,

242 889 314 925 quod
324 890 463 925 peccatum
477 894 530 915 non
544 886 683 920 habemus,
699 891 761 912 vere
775 885 903 919 nosipsos
920 883 1025 911 seduci-

242 944 311 971 mus,
328 938 353 964 et
368 936 470 963 veritas
484 935 515 962 in
534 933 612 961 nobis
630 940 683 960 non
705 934 754 959 est.
775 930 857 958 Unde
882 929 946 966 ipsa
959 929 1025 958 sola

243 983 281 1011 de
302 982 443 1011 omnibus
463 980 558 1017 potuit
577 987 645 1007 vere
665 979 764 1007 dicere
786 977 861 1005 illud
877 978 887 994 ⁸
904 987 911 1005 :
931 986 945 1003 α
960 978 1024 1004 Non

242 1029 433 1067 reprehendit
449 1036 496 1056 mc
511 1035 563 1056 cor
578 1034 679 1055 meum
695 1025 725 1054 in
741 1025 825 1053 omni
843 1024 903 1052 vita
918 1031 995 1052 mea.
1008 1034 1022 1050 ι)

244 1078 274 1106 ln
287 1077 345 1105 hoe
359 1076 456 1110 dono,
480 1075 594 1110 fratres,
616 1081 683 1102 eam
706 1073 814 1102 imitari
839 1080 900 1100 non
921 1080 1026 1108 possu-

242 1132 310 1152 mus
326 1133 333 1152 :
348 1123 420 1160 quia
433 1123 508 1151 sicut
521 1122 552 1150 in
568 1123 690 1159 peccato
712 1120 909 1156 concipimur,
932 1119 974 1147 ita
997 1121 1025 1147 et

243 1171 403 1200 nascimur.
424 1170 480 1199 Sed
511 1170 541 1197 in
569 1169 627 1197 hoc
658 1167 845 1196 considerare
867 1166 1025 1200 dehemus,

243 1218 326 1255 quod
342 1217 406 1252 iste,
423 1217 474 1254 qui
489 1219 548 1244 tam
564 1214 712 1244 mundum
731 1213 922 1251 praeservavit
934 1213 1026 1248 Virgi-

243 1266 288 1293 nis
302 1267 431 1299 uterum,
446 1272 506 1292 non
522 1263 646 1297 soedum,
664 1261 716 1290 sed
739 1261 887 1289 mundum
902 1260 1027 1297 requirit

242 1312 458 1340 habitaculum.
473 1312 483 1328 Β
500 1322 514 1336 (ι
532 1312 658 1338 Domum
674 1311 767 1342 tuam,
786 1308 920 1342 Domine,
941 1307 1026 1335 dccet

243 1358 420 1387 sanctitudo.
436 1369 450 1385 »
469 1360 577 1386 Domus
594 1356 641 1384 Dei
658 1358 701 1384 est
716 1358 816 1383 noster
831 1355 959 1387 animus,
973 1354 1024 1390 qui

243 1406 333 1434 debet
356 1414 417 1434 esse
437 1413 490 1442 per
516 1405 618 1433 omnia
642 1402 773 1431 mundus
796 1404 823 1430 et
842 1405 970 1436 sancius,
988 1409 1024 1429 ne

243 1453 331 1481 nobis
342 1452 418 1480 illud
427 1452 542 1480 dicutur
553 1452 563 1468 ⁶
580 1461 586 1479 :
600 1462 613 1476 u
627 1452 736 1478 Domus
751 1457 819 1477 meu
834 1449 943 1477 domus
957 1456 1025 1476 ora-

244 1500 331 1529 tionis
342 1502 401 1535 est,
413 1508 466 1527 vos
477 1502 576 1527 autem
588 1498 694 1526 fecistis
706 1497 788 1525 illam
797 1496 970 1533 speluncam
983 1495 1025 1524 la-

245 1550 373 1575 tronum.
389 1558 401 1571 »
420 1546 489 1581 Quis
505 1548 547 1574 est
562 1548 620 1573 tam
637 1544 793 1578 rusticalis,
806 1544 856 1580 qui
868 1552 928 1571 non
939 1551 1025 1571 mun-

245 1595 328 1623 daret
343 1594 468 1622 domuin
484 1602 581 1627 suam,
599 1593 622 1620 si
645 1592 730 1620 sciret
755 1599 854 1627 regem
880 1592 1026 1618 Romano-

244 1649 310 1669 rum
332 1641 370 1669 ad
390 1649 420 1668 se
442 1641 471 1668 in
493 1641 618 1668 donnini
645 1648 706 1667 csse
732 1640 911 1666 venturum?
935 1637 1025 1665 Valde

245 1689 323 1716 enim
345 1691 427 1724 turpe
452 1690 503 1719 cst,
531 1686 615 1723 quod
639 1694 710 1722 apes
730 1688 790 1712 tam
811 1693 909 1721 parvm
925 1693 1024 1719 carne,

245 1738 273 1763 et
287 1735 432 1770 sanguine
447 1734 530 1770 quusi
548 1733 649 1767 nullm,
664 1733 702 1760 ab
719 1732 800 1760 omni
817 1740 884 1760 suas
899 1731 1026 1759 domun-

244 1783 326 1810 culas
348 1781 495 1809 mundant
514 1781 612 1815 sorde,
637 1788 690 1808 nec
716 1779 811 1807 ulium
838 1779 900 1807 sine
931 1780 1025 1806 morte

244 1832 367 1866 possunt
390 1829 450 1865 pati
477 1829 631 1858 faetorem:
653 1830 680 1855 et
699 1827 802 1861 homo,
823 1828 1025 1854 creaturarum

244 1876 378 1904 omniurn
395 1876 546 1909 dominus,
562 1883 622 1903 non
639 1874 857 1902 verecundatur
869 1873 932 1901 {ieri
949 1875 1026 1900 totus

245 1924 373 1957 iniimus,
389 1932 455 1951 curn
479 1925 576 1950 tama-n
600 1922 781 1949 inhabitator
800 1921 863 1956 ojus
883 1921 919 1948 sit
940 1922 1023 1948 Deus.

244 1973 315 1998 Nam
340 1973 367 1998 et
391 1978 525 2006 passeres
555 1972 581 1996 ct
609 1968 795 2001 hirundines,
823 1976 921 2003 parvus
944 1976 1024 2002 aves,

244 2025 349 2045 ornnes
362 2017 446 2044 suffe-es
461 2017 498 2044 de
514 2016 574 2043 suis
589 2016 666 2042 nidis
688 2015 818 2050 ejiciunt,
835 2017 861 2042 et
876 2014 952 2041 filios
973 2014 1025 2049 oji-

244 2072 309 2092 cere
326 2064 481 2091 instruunt.
499 2062 555 2090 Sed
571 2062 695 2098 qnidam
721 2065 854 2089 nostrum
877 2064 944 2088 sunt
964 2069 1026 2089 sca-

244 2112 389 2139 l›r0nil›ns
413 2110 533 2145 similes,
554 2110 605 2146 qui
629 2110 780 2138 odorifera
801 2109 928 2144 fugiunt,
951 2112 976 2136 ei
995 2108 1023 2135 in

244 2158 364 2186 faecibus
381 2157 498 2186 bovinis
513 2166 542 2184 se
559 2157 683 2185 totaliter
699 2156 863 2184 involvunt.
886 2155 966 2183 l'nde
987 2155 1024 2183 de

244 2205 285 2233 eis
300 2208 395 2241 potest
410 2205 484 2232 illud
501 2204 558 2232 dici
575 2205 583 2221 ³
600 2213 606 2231 :
627 2216 639 2227 κ
657 2205 831 2231 l'utruerunt
844 2203 877 2237 (u)
889 2203 1025 2237 jumenta

243 2253 273 2280 in
293 2255 421 2280 stercore
444 2260 498 2279 suo
527 2262 539 2276 n
559 2251 696 2278 nomines
717 2250 856 2277 dicuntur
877 2250 1023 2284 jumenta,

244 2299 327 2333 dum,
342 2298 478 2327 rationali
496 2298 595 2326 relicta
609 2302 723 2331 natura,
740 2298 812 2324 liunt
828 2297 939 2324 similes
950 2297 1022 2324 bru·

245 2347 296 2381 tis;
312 2349 434 2382 propter
449 2345 532 2382 qnod
548 2344 679 2372 psalmus
694 2343 703 2358 ⁸
721 2353 727 2371 :
751 2355 764 2369 (ι
786 2345 878 2372 llomo
899 2352 968 2371 cum
993 2343 1023 2371 in

244 2394 357 2421 honore
378 2395 463 2426 essct,
476 2400 536 2419 non
553 2391 706 2425 intellexit,
724 2402 735 2414 n
752 2394 803 2417 cic.

280 2440 426 2474 Secundo,
444 2439 567 2467 Domina
579 2440 678 2466 nostru
694 2437 745 2464 suit
761 2437 848 2473 plena
863 2437 956 2472 gratia
972 2437 1023 2465 103-

245 2488 391 2516 cundunte
413 2488 442 2515 in
461 2487 511 2514 liiii
528 2486 573 2514 sui
594 2485 788 2521 conceptione
807 2494 812 2512 :
836 2485 914 2512 uude
936 2485 962 2512 ei
984 2484 1022 2512 ab

277 2576 282 2591 ¹
301 2576 386 2604 livi-n„
404 2575 477 2606 epist.
493 2579 603 2604 cmxiv,
624 2580 650 2596 n.
671 2573 693 2596 5.
715 2585 740 2588 —
759 2572 765 2585 '-
785 2574 859 2601 Λιις-ν..
878 2571 907 2594 ιΙ»)
922 2571 982 2594 Nat.
1000 2573 1021 2594 ct

245 2612 328 2639 (ἔντη,
348 2619 370 2635 e.
391 2617 483 2640 xxxvi,
500 2617 526 2634 n.
548 2611 586 2634 422.
603 2622 633 2626 —
649 2608 680 2631 ³1
700 2608 782 2637 doun„
806 2613 828 2636 ι,
849 2612 872 2630 5.
893 2620 922 2624 —
943 2608 949 2620 ¹
969 2607 1022 2635 lob,

245 2653 327 2676 xxvii,
343 2648 365 2669 6.
383 2660 413 2664 -
428 2647 438 2662 ¹³
455 2646 519 2670 Psal.
541 2651 607 2675 xcii,
623 2647 647 2668 s.
662 2659 693 2663 —
715 2644 723 2657 ὃ
741 2643 842 2670 Mami..
863 2644 977 2672 xx1,13.
993 2656 1022 2660 -

246 2683 336 2708 ⁷J0e!..
358 2689 380 2713 1,
405 2683 440 2706 17.
458 2695 486 2699 -
507 2685 514 2695 ‘
536 2681 719 2711 l’snl.x1.vin‚
734 2680 778 2710 ¹4,
794 2681 831 2703 21.
851 2693 873 2695 -
894 2675 986 2708 «(ιιωμ,
1003 2684 1020 2708 1,

580 201 790 238 SERMONES
812 201 864 234 DE
885 198 1053 234 SANCTIS
1073 199 1116 232 IN
1138 199 1333 235 commum.
1355 199 1520 235 xxxvm.

1077 269 1192 305 Angelo
1206 269 1320 299 dictum
1331 272 1375 300 est
1387 270 1398 288 ⁰
1414 279 1422 299 ε
1440 278 1455 297 α
1467 271 1508 299 Ne
1521 269 1638 306 timeas,
1650 269 1762 300 Uatia:
1776 271 1859 301 inve-

1077 315 1146 344 nisti
1159 317 1240 345 enim
1252 317 1378 354 gretiam
1393 317 1475 354 apud
1488 317 1646 346 Dominum
1658 326 1667 346 ε
1679 325 1748 348 ecce
1761 318 1860 357 eonci-

1077 362 1152 399 pies,
1167 365 1196 392 et
1209 364 1309 402 paries
1326 363 1434 399 filium,
1449 374 1464 392 ιι
1481 366 1537 393 etc.
1553 366 1576 394 0
1594 372 1687 402 quam
1702 372 1858 402 magnum,

1078 417 1172 446 quam
1191 411 1285 440 altum
1299 411 1494 448 praeconium,
1512 415 1626 449 quanta
1646 412 1750 450 utique
1768 411 1860 442 laude

1079 455 1217 493 dignum,
1238 457 1323 494 quod
1341 458 1432 487 simul
1445 461 1474 487 et
1487 458 1580 488 semel
1595 459 1645 488 Dei
1665 461 1740 488 esset
1753 461 1860 494 mater,

1079 506 1108 532 et
1121 503 1195 539 filia,
1212 505 1242 532 et
1258 504 1368 533 ancilla
1374 514 1384 540 ;
1399 504 1536 541 vii-gom
1548 505 1704 535 toecunda!
1720 506 1794 542 Quis
1806 513 1861 534 un-

1079 558 1172 587 quam
1186 551 1302 580 audivit
1315 551 1374 580 tale
1388 551 1482 588 quid?
1496 553 1564 590 quis
1573 553 1647 582 vidit
1659 553 1730 582 huic
1743 552 1861 582 simile?

1080 598 1188 626 Verum
1200 600 1322 635 propter
1335 598 1414 627 hanc
1427 599 1553 635 gratiam
1567 598 1646 629 facta
1661 602 1706 629 est
1720 601 1779 629 Deo
1792 599 1861 629 inti-

1079 639 1131 674 ma
1146 647 1175 673 et
1188 645 1370 674 amicissima
1383 654 1472 683 super
1486 654 1576 675 omne
1589 649 1766 676 creaturam.
1778 647 1861 677 Unde

1080 691 1118 720 de
1129 692 1228 721 Esther
1239 692 1351 722 dictum
1361 695 1405 722 est
1414 693 1444 722 in
1454 693 1563 730 figura,
1576 701 1643 730 quae
1654 693 1863 731 interpretatur

1077 742 1254 776 proeparata,
1269 743 1296 768 et
1310 740 1399 776 hujus
1410 741 1536 776 Virginis
1554 740 1610 769 t'uit
1622 748 1753 778 persona
1766 740 1863 777 signa-

1080 787 1142 815 tiva
1156 787 1176 804 ¹⁰
1192 797 1199 816 :
1219 787 1418 816 «introducta
1441 789 1484 816 est
1499 788 1610 824 Esther,
1625 799 1639 815 ι»
1658 788 1766 826 inquit,
1791 799 1805 815 α
1821 788 1862 818 ad

1080 834 1254 863 cubiculum
1276 835 1365 872 regis,
1388 837 1416 864 et
1437 835 1591 864 adamavit
1611 843 1679 864 eam
1700 844 1753 864 rex
1772 843 1862 873 super

1080 889 1184 910 omnes
1204 881 1356 916 mulieres,
1378 881 1543 919 habuitque
1567 882 1806 912 misericordiam
1833 884 1863 911 et

1079 928 1204 964 gratiam
1225 937 1327 958 coram
1341 937 1390 964 eo,
1407 931 1436 958 et
1450 929 1550 966 posuit
1567 929 1708 958 diadema
1731 929 1811 966 regis
1830 929 1862 958 in

1080 976 1174 1012 capite
1189 976 1263 1012 eJus.
1278 985 1293 1003 n
1310 976 1387 1010 Quid
1405 976 1463 1005 hoc
1478 976 1656 1005 sublimius?
1666 976 1741 1014 quid
1751 976 1862 1013 glorio-

1081 1023 1163 1051 sius?
1180 1023 1286 1051 mundi
1300 1023 1391 1051 totius
1405 1023 1531 1052 domina
1544 1023 1622 1052 tacta
1635 1025 1680 1052 est
1692 1026 1721 1052 et
1735 1023 1839 1060 regina
1850 1033 1860 1059 ;

1080 1070 1142 1098 haec
1157 1072 1201 1098 est
1215 1071 1306 1105 enim,
1322 1073 1353 1098 ut
1367 1070 1475 1098 dicitur
1488 1072 1519 1104 ¹¹,
1537 1080 1552 1096 ιι
1566 1070 1669 1098 Mulier
1683 1070 1735 1099 illa
1754 1070 1863 1100 amicta

1080 1118 1160 1152 Sole,
1175 1120 1203 1146 et
1219 1118 1301 1146 Luna
1318 1117 1374 1146 sub
1390 1116 1519 1154 pedibus
1536 1117 1618 1153 ejus:
1633 1125 1745 1147 corona
1763 1117 1864 1147 stella-

1081 1173 1148 1193 rum
1159 1164 1331 1193 duodecim.
1341 1175 1354 1190 n
1369 1164 1450 1193 Unde
1465 1164 1631 1193 Bernardus
1646 1164 1717 1193 dicit
1729 1165 1767 1194 de
1779 1173 1815 1194 ea
1825 1164 1861 1194 ¹²:

1083 1222 1096 1237 u
1111 1213 1205 1246 Quam
1221 1211 1375 1240 familiaris
1390 1220 1421 1240 es
1434 1211 1559 1246 Christo,
1579 1220 1598 1240 0
1615 1212 1756 1241 Domina!
1771 1220 1862 1249 quam

1081 1259 1122 1286 illi
1135 1259 1286 1295 proxima!
1305 1262 1448 1295 quantam
1463 1259 1589 1295 gratiam
1602 1259 1684 1295 apud
1698 1267 1768 1287 eum
1782 1259 1864 1288 inve-

1081 1306 1159 1341 nisti,
1182 1309 1214 1334 ut
1230 1308 1364 1334 maneret
1392 1306 1422 1334 in
1446 1309 1484 1341 te,
1507 1309 1534 1334 et
1551 1308 1583 1334 tu
1605 1306 1637 1334 in
1662 1306 1748 1343 ipso!
1773 1306 1863 1335 vestis

1081 1363 1161 1389 eum,
1177 1356 1205 1382 et
1216 1357 1246 1382 tu
1261 1354 1374 1382 vestiris
1389 1354 1428 1382 ab
1441 1353 1507 1390 ipso
1521 1364 1529 1382 :
1542 1354 1629 1382 vestis
1644 1362 1713 1382 eum
1727 1354 1864 1383 substan·

1082 1401 1121 1429 tia
1135 1401 1249 1436 carnis;
1266 1400 1319 1429 sed
1335 1400 1384 1429 ille
1400 1403 1426 1429 te
1442 1401 1527 1429 vestit
1542 1400 1639 1437 gloria
1653 1409 1713 1429 suae
1729 1401 1865 1437 majesta-

1082 1448 1128 1476 tis.
1143 1460 1154 1474 »1
1170 1449 1199 1476 ln
1213 1448 1269 1476 bac
1285 1450 1345 1476 tum
1359 1447 1478 1475 sublimi
1492 1447 1597 1483 gratia,
1611 1447 1636 1475 si
1650 1456 1710 1476 non
1721 1447 1757 1477 sit
1769 1449 1865 1476 Domi-

1082 1503 1119 1524 na
1131 1495 1339 1529 imitanda,e.-t
1349 1498 1447 1523 tamen
1459 1495 1541 1523 omni
1556 1495 1630 1524 hora
1646 1495 1862 1531 benedicenda,

1081 1546 1108 1571 et
1131 1542 1333 1579 praedicanda,
1349 1545 1377 1570 et
1392 1542 1556 1576 laudanda,
1571 1545 1600 1570 et
1615 1543 1644 1570 in
1659 1546 1793 1571 nostrum
1809 1550 1863 1571 au·

1082 1589 1186 1617 xiiiuni
1199 1589 1377 1617 invocanda.
1399 1590 1429 1617 lu
1443 1589 1584 1617 omnibus
1595 1590 1739 1625 pressuris
1750 1589 1863 1626 respice

1081 1636 1196 1664 stellam
1207 1636 1307 1671 maris,
1325 1644 1400 1664 voca
1415 1639 1443 1664 et
1457 1636 1554 1664 clama
1565 1637 1684 1665 Mariam
1698 1646 1704 1665 :
1717 1637 1788 1673 quia
1799 1637 1864 1674 ipsa

1082 1686 1134 1717 est,
1151 1692 1217 1719 quae
1231 1683 1282 1711 dat
1297 1683 1326 1710 in
1349 1683 1423 1710 mari
1446 1684 1536 1718 viam,
1558 1685 1585 1711 et
1603 1683 1677 1711 inter
1696 1683 1801 1712 ssuctus
1817 1684 1864 1712 fir-

1082 1730 1246 1758 missimum
1260 1730 1406 1758 semitam.
1423 1731 1489 1767 ipsa
1501 1733 1544 1758 est
1555 1731 1634 1759 enim
1648 1731 1790 1762 anchora,
1803 1739 1863 1767 qua

1082 1778 1167 1805 navis
1182 1777 1211 1804 in
1229 1778 1301 1805 inuri
1318 1778 1469 1812 firmatur,
1487 1780 1515 1805 et
1530 1779 1573 1805 est
1585 1777 1680 1811 navis,
1695 1786 1756 1814 qua
1770 1778 1862 1806 homo

1082 1832 1100 1852 a
1115 1825 1310 1852 tentationum
1331 1824 1470 1852 [luctibus
1485 1823 1638 1852 liberatur.
1656 1824 1706 1853 ille
1721 1824 1804 1853 solus
1823 1824 1862 1853 ab

1082 1872 1145 1907 ejus
1159 1871 1305 1899 abstineut
1317 1870 1469 1906 laudibus,
1485 1872 1536 1908 qui
1553 1880 1619 1900 eain
1632 1872 1661 1899 in
1673 1871 1863 1900 tribulatione

1082 1919 1236 1953 invocans,
1252 1927 1313 1946 non
1329 1918 1415 1946 suerit
1429 1918 1596 1947 exauditus.

1118 1966 1224 2000 Tertio,
1247 1966 1371 1993 Domina
1393 1968 1493 1993 nostra
1517 1965 1571 1993 suit
1595 1965 1684 2002 plena
1698 1967 1792 2002 gratia
1810 1966 1863 1995 de-

1083 2016 1202 2042 corante
1220 2013 1249 2040 in
1265 2012 1346 2040 omui
1363 2021 1416 2040 sua
1429 2013 1665 2040 conversatione.
1683 2013 1763 2041 Unde
1780 2014 1810 2041 in
1828 2014 1863 2041 fi-

1083 2069 1157 2097 gura
1169 2061 1260 2096 ipsius
1277 2060 1383 2087 dicitur
1399 2061 1418 2076 ¹³
1435 2081 1441 2087 .
1461 2070 1473 2084 u
1491 2060 1557 2087 Erat
1573 2059 1705 2088 formosa
1717 2060 1817 2096 valde,
1835 2063 1864 2090 et

1083 2107 1248 2136 incredibili
1278 2106 1510 2143 pulchritudine,
1541 2107 1737 2144 omniumque
1767 2108 1863 2136 oculis

1082 2155 1211 2190 gratiosa
1227 2156 1254 2182 et
1276 2153 1415 2182 amabilis
1438 2153 1606 2181 videbatur.
1630 2165 1642 2179 »
1666 2156 1728 2183 lloec
1748 2158 1791 2183 est
1810 2155 1863 2184 illa

1083 2202 1226 2236 Rebecca,
1243 2201 1279 2229 de
1295 2209 1356 2237 qua
1372 2200 1478 2228 dicitur
1496 2202 1512 2216 ¹⁸
1530 2210 1536 2228 :
1553 2212 1564 2224 «ι
1578 2200 1677 2229 Puella
1691 2201 1801 2230 decora
1816 2202 1861 2230 ni-

1082 2250 1148 2284 mis,
1165 2249 1311 2284 virgoque
1326 2247 1526 2284 pulcherrima
1541 2250 1568 2275 et
1589 2247 1740 2284 incognita
1755 2249 1830 2277 viro.
1845 2259 1858 2275 ι»

1083 2295 1162 2323 [Tude
1187 2296 1213 2323 ei
1234 2295 1341 2323 dieitur
1364 2295 1381 2311 ¹'¹
1408 2305 1413 2320 :
1435 2305 1447 2320 «
1462 2297 1532 2323 't'ota
1549 2295 1675 2331 pulchra
1702 2304 1743 2331 es,
1764 2296 1861 2324 amica

1082 2352 1158 2371 mea.
1180 2353 1193 2368 n
1213 2344 1290 2374 Tota,
1313 2342 1394 2376 dicit,
1416 2343 1486 2378 quia
1507 2342 1537 2370 in
1553 2351 1640 2371 carne
1662 2345 1690 2370 et
1714 2343 1744 2370 in
1764 2346 1861 2371 mente

1081 2390 1282 2426 pulcherrima
1292 2389 1356 2423 suit,
1371 2392 1400 2417 ut
1414 2398 1569 2426 nunquam
1580 2389 1635 2417 sibi
1650 2389 1752 2417 similis
1762 2389 1859 2417 suerit.

1081 2437 1163 2465 t'nde
1176 2437 1353 2471 Bernartius,
1368 2446 1457 2473 super
1472 2437 1522 2464 illo
1537 2437 1629 2464 verbo
1643 2445 1649 2463 ε
1664 2438 1730 2464 Tota
1742 2438 1861 2472 pulchra

1081 2493 1118 2519 es,
1131 2485 1190 2513 ait⁶
1204 2495 1209 2511 :
1228 2496 1240 2509 u
1254 2484 1335 2512 Facie
1348 2485 1469 2520 quidem
1480 2483 1690 2520 pulcherrima,
1703 2487 1801 2511 mente
1817 2483 1861 2512 in-

1082 2564 1120 2586 311.
1137 2574 1168 2579 -
1186 2563 1203 2578 ¹⁰
1217 2561 1297 2591 Esth„
1315 2568 1342 2591 ιι,
1360 2563 1442 2585 1ι;.-·
1459 2561 1575 2591 ’1,1μος,
1592 2566 1641 2588 xit,
1659 2562 1677 2583 1.
1694 2573 1724 2577 -
1740 2561 1757 2576 ¹²
1773 2560 1859 2592 Bern.,

1081 2605 1158 2622 serni.
1179 2599 1203 2621 ιἰι
1220 2599 1303 2622 Odor.
1319 2600 1417 2627 Assum!
1428 2599 1455 2625 1.,
1473 2603 1498 2619 n.
1517 2597 1540 2619 ti.
1556 2608 1586 2613 -—
1604 2596 1623 2611 ¹³
1639 2595 1722 2624 tisun„
1736 2601 1765 2624 11,
1783 2597 1860 2620 15.-

1082 2634 1100 2649 ¹⁸
1116 2634 1189 2663 Gom,
1204 2640 1275 2664 xxiv,
1296 2634 1332 2657 1ὓ.
1349 2646 1377 2650 -
1394 2633 1414 2649 ¹⁸
1429 2633 1513 2662 (jann,
1530 2637 1565 2662 iv,
1581 2632 1604 2656 7.
1623 2645 1650 2649 —
1670 2632 1689 2648 ¹¹³
1705 2633 1779 2656 Bern.

1113 2680 1148 2709 (a)
1168 2678 1240 2709 Γαίῃ.
1258 2679 1477 2709 computruerunt.
