2029 3052
534 223 586 255 DE
607 221 822 254 MIRACULlS
844 221 971 254 IPSIUS
995 222 1093 255 POST
1115 223 1296 257 MORTEM.
1667 227 1721 256 351

152 291 284 324 ,iuvenis
299 291 431 332 quidam
443 291 482 323 de
496 290 606 330 Burgo
616 289 733 329 Gelani,
751 299 808 330 pro
823 298 890 321 me-

112 346 216 378 tendis
230 345 337 377 herbis
347 345 467 376 exierat
475 344 514 375 ad
524 343 714 384 campestria
726 344 888 384 quaedam,

113 398 147 428 in
169 397 286 438 quibus
307 397 399 427 vetus
426 395 543 426 latebat
563 397 680 435 puteus
693 420 700 433 ,
726 395 834 426 herbis
857 396 891 426 in

114 458 242 482 summo
276 457 331 481 ore
361 448 539 480 virentibus
571 448 797 487 obumbratus,
835 448 891 489 qui

115 504 206 545 quasi
221 512 277 544 per
292 512 405 544 passus
419 504 557 543 quatuor
569 512 728 543 aquarum
748 502 889 533 altitudi-

113 566 189 589 nem
203 556 395 588 continebat.
408 556 616 596 Segregatim
626 556 729 596 igitur
741 565 795 595 per
809 565 891 587 cam-

113 619 192 651 pum
211 609 464 642 discurrentibus
479 610 598 651 pueris,
614 618 699 641 unus
717 619 757 641 ex
770 610 890 650 impro-

113 664 183 695 viso
197 664 336 695 decurrit
352 664 386 694 in
400 666 545 704 puteum.
566 663 765 694 Absorbente
784 666 892 694 autem

113 718 272 758 profunda
286 717 378 749 fovea
392 726 519 758 corpus,
542 717 673 757 spiritus
694 717 809 748 mentis
821 726 893 748 sur-

115 781 188 803 sum
210 771 395 803 recurrebat
417 771 457 802 ad
481 770 566 802 beati
594 770 748 801 Francisci
777 770 891 801 suffra-

114 826 226 866 gium,
251 825 393 856 clamans
421 825 454 855 in
478 824 547 871 ipso
576 824 669 864 lapsu
698 823 833 855 fideliter
862 824 893 854 et

114 878 250 910 fidenter
267 889 273 909 :
293 877 406 910 Sancte
418 878 594 916 Francisce,
611 877 731 917 adjuva
747 885 808 907 me.
824 876 891 908 Cae-

115 932 185 972 teri,
210 932 275 963 huc
289 934 384 973 atque
398 932 473 963 illuc
486 941 519 963 se
533 932 703 969 vertentes,
720 932 798 962 dum
814 939 893 970 puer

115 986 196 1017 alius
217 996 282 1018 non
306 988 514 1026 compareret,
538 985 686 1024 clamore,
705 985 839 1016 circuitu
863 986 894 1015 et

114 1040 266 1081 lacrymis
294 1041 500 1081 requirebant
530 1040 691 1071 eumdem.
722 1039 890 1079 Comperto

114 1095 244 1126 tandem
260 1095 346 1135 quod
361 1095 392 1125 in
408 1097 541 1135 puteum
556 1094 729 1132 cecidisset,
745 1094 894 1124 festinan—

114 1149 162 1179 tes
185 1157 259 1179 cum
281 1148 454 1188 gemitibus
476 1148 641 1178 redierunt
661 1147 700 1178 ad
725 1147 891 1187 Burgum,

115 1200 290 1232 indicantes
306 1203 476 1239 eventum,
497 1203 704 1241 exposcentes
722 1201 890 1232 auxilium.

115 1254 333 1286 Redeuntibus
356 1257 461 1286 auten]
485 1255 548 1285 illis
569 1264 642 1285 cun]
663 1254 764 1285 multa
786 1254 891 1285 homi-

115 1317 196 1339 num
220 1308 332 1347 turba,
358 1308 514 1339 demissus
536 1317 620 1338 unus
647 1317 704 1348 per
730 1308 839 1338 sunem
860 1307 893 1337 in

114 1364 259 1402 puteum,
284 1372 420 1402 puerum
438 1362 578 1402 respexit
600 1362 632 1392 in
655 1371 811 1401 aquarum
838 1370 891 1391 su-

116 1416 244 1456 perficie
267 1416 470 1454 residentem,
500 1416 582 1445 nihil
610 1425 740 1455 passum
768 1416 894 1454 penitus

82 1486 89 1490 -
115 1468 270 1500 laesionis.
290 1469 458 1500 Extractus
469 1478 545 1499 vero
560 1468 598 1499 de
614 1471 709 1508 puteo
720 1478 800 1508 puer
814 1469 895 1499 dixit

115 1523 265 1554 omnibus
284 1522 339 1563 qui
360 1523 505 1553 astabant
526 1531 533 1552 :
558 1522 689 1559 Quando
714 1522 818 1553 subito
842 1532 893 1554 ce-

115 1576 191 1615 cidi,
209 1576 294 1607 beati
315 1576 475 1607 Francisci
499 1575 711 1616 patrocinium
732 1575 892 1614 invocavi,

115 1629 171 1669 qui
185 1629 345 1660 corruenti
360 1629 439 1659 mihi
459 1629 566 1660 statim
587 1629 830 1669 praesentialiter
844 1630 893 1660 af-

114 1683 186 1721 fuit,
202 1685 233 1714 et
247 1692 380 1714 manum
396 1683 565 1723 porrigens
588 1683 701 1714 leviter
715 1684 893 1723 apprehen-

115 1737 171 1776 dit,
185 1746 243 1768 nec
261 1746 406 1777 unquam
423 1737 574 1776 deseruit,
590 1737 690 1768 donec
704 1747 771 1768 una
786 1738 892 1769 vobis-

116 1800 191 1821 cum
207 1791 245 1822 de
257 1793 352 1830 puteo
368 1800 420 1821 me
435 1791 555 1821 eduxit.

158 1844 193 1874 In
208 1844 339 1875 ecclesia
350 1845 433 1875 beati
448 1844 606 1875 Francisci
622 1845 706 1885 apud
721 1845 892 1883 Assisium,

116 1898 194 1929 dum
223 1900 379 1938 praesente
414 1898 556 1929 Romana
592 1898 686 1929 Curia
708 1899 895 1938 praedicaret

117 1952 267 1982 dominus
292 1951 467 1991 Episcopus
489 1951 650 1988 Ostiensis,
673 1951 730 1991 qui
755 1954 893 1991 postmo-

116 2004 194 2035 dum
218 2014 365 2036 summus
389 2005 538 2048 *Pontifex
569 2004 673 2035 extitit
702 2004 891 2044 Alexander,

117 2059 247 2098 quidam
271 2058 351 2099 lapis
377 2059 574 2098 ponderosus
602 2060 634 2089 et
657 2067 817 2097 magnus,
843 2059 892 2089 in-

118 2115 208 2143 caute
223 2122 318 2153 super
333 2113 495 2153 pulpitum
512 2112 674 2143 excelsum
690 2115 721 2143 et
735 2112 893 2152 lapideum

118 2166 298 2204 derelictus,
322 2176 389 2207 prae
411 2167 574 2197 nimietate
595 2175 753 2206 pressurae
776 2166 894 2206 impul—

118 2228 183 2257 sus,
201 2229 296 2259 super
311 2222 405 2260 caput
419 2220 585 2260 cujusdam
607 2220 718 2250 cecidit
740 2219 894 2251 mulieris,

118 2272 346 2304 Existimantes
369 2274 469 2313 igitur
492 2274 734 2304 circumstantes
761 2274 895 2313 perfecte

118 2326 220 2366 ipsam
235 2328 303 2366 Jam
320 2328 490 2365 mortuam,
508 2329 538 2357 et
562 2329 657 2367 caput
676 2327 746 2366 ejus
760 2327 897 2358 totaliter

118 2382 365 2420 conquassatum
379 2404 387 2418 ,
420 2383 654 2419 cooperuerunt
678 2389 749 2411 eam
778 2380 893 2419 pallio,

118 2441 182 2471 quo
196 2435 263 2464 erat
277 2433 402 2471 amicta,
421 2434 457 2463 ut
471 2441 618 2463 sermone
636 2433 728 2464 finito
743 2433 896 2464 educere-

119 2487 173 2516 tur
185 2489 277 2517 extra
289 2487 453 2518 ecclesiam
464 2486 601 2525 lugubre
614 2486 720 2517 funus.
735 2487 806 2526 lpsa
819 2497 896 2519 vero

120 2548 153 2569 se
165 2539 255 2571 beato
271 2540 449 2579 Francisco,
466 2542 538 2570 ante
549 2540 642 2579 cujus
651 2541 774 2579 jacebat
785 2541 894 2579 altare,

119 2592 254 2623 fideliter
267 2594 513 2625 commendavit.
531 2593 569 2624 Et
583 2602 654 2624 ecce
672 2594 896 2633 praedicatione

120 2646 222 2685 finita,
239 2648 353 2679 mulier
367 2657 475 2679 coram
491 2647 642 2679 omnibus
662 2647 740 2678 adeo
758 2650 897 2681 surrexit

120 2700 299 2738 incolumis,
321 2703 358 2732 ut
380 2701 501 2734 nullius
522 2701 557 2733 in
580 2710 617 2733 ea
638 2701 777 2733 laesionis
798 2704 894 2735 vesti-

947 290 1038 329 gium
1066 294 1243 332 appareret.
1270 292 1330 324 Sed
1354 293 1384 323 et
1409 291 1493 332 quod
1518 292 1566 323 est
1590 293 1727 333 amplius

947 344 1183 386 admirandum,
1200 356 1273 377 cum
1288 355 1344 387 per
1353 345 1454 385 longa
1468 347 1612 385 tempora
1622 355 1725 386 usque

948 398 986 429 ad
1006 399 1118 430 horam
1134 400 1220 432 illam
1237 400 1377 431 dolorem
1394 399 1506 439 capitis
1521 399 1612 439 quasi
1628 400 1726 431 conti-

947 461 1049 484 nuum
1066 453 1241 493 habuisset,
1255 454 1346 494 plene
1358 454 1416 485 suit
1427 463 1468 485 ex
1479 456 1556 485 tunc
1567 453 1607 484 ab
1621 454 1725 485 omnis

948 506 1051 537 morbi
1067 507 1211 538 molcsstia
1225 508 1368 546 liberata,
1391 508 1473 539 sicut
1495 507 1563 548 ipsa
1582 509 1724 548 postmo-

947 560 1025 592 dum
1036 562 1223 593 testabatur.

988 613 1081 653 Apud
1097 614 1281 652 Cornetum,
1302 623 1376 645 cum
1393 615 1424 645 in
1445 614 1513 646 loco
1530 615 1666 646 fratrum
1686 615 1726 646 ad

947 667 1107 699 fusionem
1131 677 1295 708 campanae
1318 668 1378 700 viri
1405 668 1535 708 quidam
1559 669 1728 700 convenis-

948 723 1019 753 sent
1033 722 1152 761 devoti,
1168 722 1323 763 puerulus
1337 722 1468 763 quidam
1484 723 1638 761 octenniS,
1655 723 1728 754 Bar-

948 776 1141 808 tholomaeus
1163 777 1304 816 nomine,
1326 777 1459 808 xenium
1482 777 1641 817 quoddam
1663 777 1727 808 tra-

947 829 1050 861 tribus
1071 830 1292 862 laborantibus
1310 830 1499 870 apportavit.
1527 830 1565 861 Et
1586 839 1657 862 ecce
1673 840 1728 862 su-

948 883 1015 915 bito
1029 886 1146 915 ventus
1169 884 1361 922 vehemenS‚
1381 892 1534 915 concussa
1548 883 1655 923 domo,
1678 893 1728 915 os-

947 936 1029 968 tium
1055 939 1175 977 portae,
1202 947 1303 977 grave
1332 937 1461 977 quidem
1485 939 1524 968 et.
1547 946 1727 976 magnum,

949 1000 1046 1030 super
1068 991 1174 1031 ipsum
1200 991 1374 1031 puerulum
1399 991 1442 1021 ita
1465 990 1571 1021 valido
1597 991 1730 1031 projecit

949 1044 1101 1084 impulsu,
1122 1046 1158 1075 ut
1182 1054 1278 1084 quem
1304 1046 1369 1075 tam
1391 1044 1506 1084 ingens
1525 1044 1651 1084 pondus
1671 1053 1727 1084 op-

949 1099 1120 1138 presserat,
1135 1098 1245 1129 lethali
1261 1098 1443 1128 crederetur
1461 1097 1622 1128 collisione
1632 1106 1729 1137 quas-

950 1154 1048 1182 satus.
1071 1151 1121 1182 Sic
1140 1152 1225 1182 enirn
1248 1151 1385 1182 totaliter
1403 1150 1530 1191 jacebat
1552 1151 1731 1182 tumulatus

951 1205 1011 1236 sub
1035 1206 1195 1245 pondere,
1220 1207 1255 1236 ut
1282 1205 1363 1236 nihil
1386 1205 1528 1235 exterius
1550 1208 1728 1245 appareret.

951 1259 1167 1290 Accurrerunt
1181 1268 1292 1290 omnes
1307 1259 1363 1299 qui
1377 1259 1518 1298 aderant,
1534 1259 1619 1290 beati
1636 1259 1730 1291 Fran-

951 1313 1024 1343 cisci
1040 1313 1216 1344 virtuosam
1234 1313 1397 1344 dexteram
1413 1313 1607 1343 invocantes.
1625 1313 1687 1344 Sed
1700 1315 1732 1345 et

951 1368 1040 1406 pater
1060 1367 1171 1407 ipsius,
1198 1367 1253 1407 qui
1268 1367 1500 1406 rigescentibus
1523 1367 1677 1397 membris
1698 1376 1730 1398 se

951 1429 1082 1451 movere
1094 1430 1158 1451 non
1172 1423 1294 1461 poterat
1305 1429 1372 1461 prae
1382 1420 1501 1459 dolore⁷
1514 1420 1598 1451 votis
1608 1422 1639 1451 et
1652 1429 1730 1451 voce

952 1477 1059 1506 sancto
1075 1475 1241 1506 Francisco
1261 1475 1364 1505 filium
1385 1475 1548 1505 offerebat.
1574 1473 1730 1505 Levatum

951 1530 997 1558 est
1012 1528 1149 1569 denique
1174 1529 1335 1559 funestun]
1357 1528 1481 1568 pondus
1496 1528 1630 1567 desuper
1650 1536 1728 1567 pue-

951 1591 1036 1620 rum,
1046 1585 1076 1613 et
1086 1592 1157 1613 ecce
1165 1592 1261 1622 quem
1271 1582 1440 1613 credebant
1451 1583 1628 1620 mortuum,
1639 1581 1730 1621 quasi

951 1637 1119 1667 suscitatus
1139 1646 1157 1667 a
1179 1646 1290 1667 somno
1312 1636 1405 1680 laetus
1425 1636 1582 1676 apparuit,
1606 1636 1730 1666 nullam

951 1690 983 1720 in
1006 1699 1039 1721 se
1062 1699 1193 1730 prorsus
1220 1690 1391 1730 praeferens
1420 1690 1594 1720 laesionem.
1620 1689 1728 1728 Igitur

951 1753 1024 1774 Cum
1036 1744 1279 1783 quatuordecim
1293 1744 1374 1774 esset
1388 1751 1559 1781 annorum,
1572 1742 1672 1773 factus
1684 1744 1730 1773 est

952 1798 1047 1828 frater
1062 1798 1178 1835 minor,
1200 1798 1251 1828 vir
1272 1799 1380 1837 postea
1401 1797 1558 1828 litteratus
1573 1799 1604 1827 et
1626 1797 1727 1827 famo-

952 1860 1007 1882 sus
1024 1851 1056 1881 in
1071 1851 1185 1882 Ordine
1202 1850 1399 1891 praedicator.

995 1905 1144 1935 Homines
1158 1905 1196 1935 de
1207 1904 1339 1934 Lentino
1354 1903 1490 1943 lapidem
1505 1904 1729 1943 praegrandem

952 1958 1154 1989 absciderunt
1169 1958 1206 1988 de
1218 1959 1337 1995 monte,
1354 1957 1411 1997 qui
1422 1957 1650 1997 supponendus
1662 1960 1730 1988 erat

952 2013 1042 2044 altari
1065 2012 1234 2052 cujusdam
1259 2011 1398 2042 ecclesiae
1415 2011 1498 2042 beati
1519 2012 1674 2042 Francisci
1696 2012 1728 2042 in

952 2067 1098 2107 proximo
1114 2066 1347 2097 consecrandae.
1363 2066 1441 2097 Cum
1453 2068 1560 2096 autem
1576 2066 1639 2096 fere
1652 2075 1728 2106 qua-

952 2121 1101 2160 draginta
1123 2120 1268 2151 homines
1291 2120 1429 2159 lapidem
1455 2119 1546 2149 illum
1574 2129 1726 2159 superpo-

951 2183 1027 2204 nere
1042 2173 1189 2204 vehiculo
1203 2174 1381 2203 niterentur
1395 2173 1537 2212 repetitis
1552 2174 1669 2213 saepius
1683 2173 1730 2204 vi-

952 2228 1053 2264 ribus,
1080 2236 1174 2267 super
1197 2227 1368 2266 quemdam
1387 2226 1552 2257 hominem
1574 2226 1655 2266 lapis
1679 2226 1731 2257 ille

952 2281 1074 2319 cecidit,
1096 2282 1127 2311 et
1150 2281 1182 2310 in
1199 2281 1331 2310 modum
1347 2280 1507 2320 sepulchri
1523 2280 1652 2311 obtexit.
1671 2279 1729 2310 Sed

953 2344 1037 2373 cum,
1055 2336 1160 2365 mente
1177 2334 1311 2372 confusi,
1329 2334 1404 2374 quid
1424 2334 1575 2372 facerent,
1595 2334 1728 2373 ignora-

952 2391 1034 2426 rent,
1052 2389 1112 2427 maj
1119 2397 1155 2418 or
1170 2397 1243 2428 pars
1258 2388 1429 2419 hominum
1442 2388 1607 2427 desperata
1617 2388 1730 2418 disces-

952 2441 1002 2471 sit.
1019 2441 1117 2471 Porro
1133 2440 1194 2471 viri
1209 2441 1329 2479 decem,
1355 2441 1410 2480 qui
1432 2442 1663 2476 remanserant,
1680 2440 1729 2470 lu-

954 2494 1052 2533 gubri
1068 2503 1144 2524 voce
1159 2496 1303 2524 sanctum
1314 2494 1499 2525 invocantes
1512 2493 1728 2532 Franciscum,

952 2557 993 2577 ne
1009 2548 1041 2577 in
1057 2556 1115 2578 suo
1131 2548 1260 2578 servitio
1275 2548 1318 2578 sic
1338 2547 1495 2578 horrende
1518 2547 1599 2578 mori
1623 2547 1726 2577 homi-
1756 2577 1760 2580 ,

951 2610 1025 2632 nem
1064 2603 1241 2640 pateretur,
1270 2603 1431 2640 resumpto
1461 2601 1587 2631 tandem
1619 2601 1723 2637 corde,

953 2656 1040 2685 tanta
1054 2654 1200 2685 facilitate
1218 2654 1356 2694 lapidem
1371 2657 1573 2693 amoverunt,
1596 2656 1631 2685 ut
1650 2653 1727 2684 nul-

952 2708 1002 2739 lus
1029 2707 1189 2738 dubitaret
1216 2707 1368 2739 virtutem
1398 2707 1526 2738 affuisse
1554 2707 1723 2738 Francisci.
