2029 3052
279 275 338 306 100

277 348 354 369 rare.
370 338 533 375 ,Quomodo
548 344 619 372 ergo
641 343 702 363 non
722 334 833 362 faciunt
858 332 993 361 homines
1017 331 1050 359 in

280 387 381 415 Christi
403 384 546 418 doctrina,
568 382 650 419 quod
670 381 702 409 in
721 380 861 409 doctrinis
873 379 1029 407 hominum
1040 398 1049 412 ,

279 433 463 469 repugnante
481 431 597 468 natura,
621 427 809 456 inveniuntur
825 426 921 454 facere
936 425 1023 453 bruta
1037 425 1051 451 ἰ)

316 478 466 512 Secundo,
490 476 592 504 audire
616 474 759 502 debemus
779 471 1050 508 Christum'praeci-

279 526 428 562 pientem;
443 523 540 551 et·hoc
555 520 779 555 studiosissime,
793 520 867 548 sicut
886 517 1051 554 potentissi-

280 580 365 600 mum
386 571 501 598 ducem.
522 568 591 602 Quis
611 570 652 595 est
672 567 704 595 in
723 575 815 602 regno
835 565 979 599 Franciae,
1000 563 1052 600 qui

280 619 400 654 respuat
412 616 505 644 verba
525 615 613 650 regis,
630 616 658 642 et
678 613 729 650 qui
743 613 805 648 ejus
826 613 970 648 praecepta
984 617 1054 638 con-

281 666 402 698 temnat,
418 663 467 699 qui
486 661 603 690 ultionis
617 660 718 696 gladio
733 668 795 687 non
815 658 1010 686 succumbat?
1025 656 1053 684 Si

282 711 323 738 sic
337 717 426 745 grave
437 710 478 736 est
490 709 675 736 contemnere
689 707 766 741 regis
779 704 887 733 terreni
901 703 1053 737 mandata,

283 765 374 793 quam
388 764 476 792 grave
491 757 533 782 est
553 757 622 782 tunc
643 755 829 781 contemnere
847 751 950 779 Christi
971 757 1054 777 man-

284 804 371 832 data?
386 803 413 831 Si
428 802 469 830 sic
483 809 571 837 grave
587 803 629 828 est
650 803 837 827 contemnere
861 797 963 825 Christi
986 797 1056 824 doc-

282 850 406 885 trinam,
434 856 524 885 quam
548 855 638 883 grave
668 848 710 874 est
739 847 927 873 contemnere
952 842 1056 871 Christi

283 897 443 926 mandata?
467 895 533 923 Plus
553 895 596 922 est
610 893 689 921 enim
709 892 863 925 mandare,
887 898 978 927 quam
1000 891 1055 918 doe

284 953 367 973 cere:
393 944 462 980 quia
483 942 557 970 illud
580 943 621 969 est
639 941 859 975 magistrorum,
883 939 939 966 hoc
959 941 1057 966 autem

285 991 486 1019 dominorum.
507 991 580 1017 Nam
594 987 738 1015 obediunt
752 986 812 1014 suis
827 985 974 1021 magistris
996 985 1058 1012 leo-

284 1046 352 1072 nes,
369 1037 513 1065 obediunt
526 1034 665 1063 bubulcis
679 1034 781 1067 boves,
797 1035 824 1060 et
841 1032 985 1060 obediunt
998 1031 1057 1058 suis

286 1083 415 1112 dominis
439 1090 536 1110 canes.
560 1081 641 1108 Unde
667 1080 764 1108 vocati
790 1079 923 1112 veniunt,
947 1078 1057 1113 repulsi

284 1131 436 1165 recedunt,
449 1129 528 1157 missi
539 1128 578 1156 ad
588 1127 711 1155 bestiam
723 1128 852 1160 currunt,
864 1133 963 1159 omne,
974 1124 1058 1160 quod

286 1177 415 1213 capiunt,
431 1175 554 1203 domino
570 1182 623 1201 suo
647 1173 825 1201 custodiunt.
850 1173 944 1207 Turpe
964 1172 1015 1205 est,
1032 1171 1059 1197 et

286 1222 459 1251 detestanda
473 1230 528 1256 res,
544 1222 575 1248 ut
590 1220 660 1247 dum
676 1219 813 1246 videmus
828 1226 926 1253 grues,
940 1225 1020 1253 apeS,
1032 1218 1060 1244 et

286 1278 415 1303 ansereS,
432 1270 460 1296 et
472 1268 608 1295 homines
623 1266 758 1293 infideles
778 1265 837 1292 suis
856 1264 975 1299 regibus
991 1263 1059 1296 obe—

287 1317 364 1351 dire;
382 1318 409 1343 et
423 1314 506 1350 quod
527 1322 581 1341 nos
601 1313 706 1340 fideles
721 1311 792 1346 Regi
813 1310 1016 1347 potentissimo
1033 1311 1060 1336 et

287 1362 445 1390 immortali
470 1361 592 1388 omnino
618 1367 678 1386 non
701 1358 893 1391 obediamus,
925 1357 977 1384 sed
998 1356 1060 1391 ejus

286 1411 431 1445 praecepta
442 1408 569 1444 pedibus
580 1406 796 1434 conculcamus.
809 1404 884 1432 Audi
899 1403 971 1439 quid
982 1403 1057 1430 dica-

287 1459 333 1484 tur
349 1457 355 1472 ¹
373 1464 379 1482 :
397 1466 409 1479 «
431 1455 482 1482 Fili
498 1454 550 1488 mi,
570 1454 593 1480 si
613 1451 774 1488 susceperis
792 1458 942 1478 sermones
967 1457 1059 1483 meos,

288 1505 316 1530 et
326 1502 466 1530 mandata
478 1508 545 1528 mea
561 1499 752 1527 absconderis
767 1505 857 1534 penes
868 1499 905 1530 tc,
918 1498 950 1524 ut
959 1496 1061 1523 audiat

287 1549 460 1585 sapientiam
478 1547 556 1575 auris
572 1549 631 1579 tua,
655 1545 763 1572 inclina
785 1545 932 1571 cortuum
956 1543 995 1569 ad
1015 1550 1060 1569 co-

288 1595 488 1631 gnoscendam
503 1593 702 1630 prudentiam.
718 1602 730 1616 n
751 1591 823 1624 Quid
841 1592 883 1617 est
897 1589 974 1617 enim
991 1597 1060 1625 pru-

288 1643 418 1670 dentiam
434 1648 605 1676 agnoscere,
621 1639 675 1666 nisi
697 1637 843 1664 mandatis
866 1636 914 1663 Dei
929 1636 1059 1669 credere,

288 1691 316 1716 et
330 1697 365 1716 ea
375 1689 510 1716 servare?
527 1686 605 1713 Unde
621 1685 651 1712 in
673 1685 822 1711 Proverbiis
836 1682 846 1697 ‘³
863 1692 869 1710 :
890 1693 903 1707 «
918 1683 979 1716 Fili,
997 1690 1061 1709 aus-

288 1736 366 1763 culta
381 1741 530 1762 sermones
545 1740 638 1766 meos,
655 1734 682 1758 et
695 1731 733 1758 ad
746 1729 865 1765 eloquia
876 1738 941 1756 mea
952 1729 1061 1756 inclina

287 1790 389 1810 aurem
405 1784 495 1813 tuam,
512 1788 564 1807 nec
580 1778 718 1806 recedant
732 1777 769 1804 ab
786 1776 878 1803 oculis
901 1776 965 1803 tuis.
988 1776 1058 1802 Cus-

288 1828 360 1862 todi,
374 1838 386 1854 »
404 1827 508 1862 inquit,
528 1837 541 1851 ιι
566 1833 601 1852 ea
624 1825 654 1852 in
676 1823 774 1851 medic
795 1822 892 1850 cordis
912 1821 969 1856 tui,
990 1821 1060 1857 quia

287 1876 346 1904 vita
361 1878 427 1902 sunt
444 1873 659 1902 invenientibus
675 1880 717 1899 ea.
734 1882 746 1897 n
765 1871 845 1898 Unde
858 1870 954 1897 dicere
971 1869 1061 1896 debe-

287 1926 329 1950 ret
346 1922 549 1957 unusquisque
575 1923 708 1947 nostrum
729 1917 814 1951 illud,
841 1916 923 1952 quod
943 1915 1060 1943 Samuel

288 1969 361 1996 dixit
376 1978 391 1995 a
406 1968 529 1996 Domino
545 1968 666 1994 vocatus
682 1967 691 1982 ‘³
707 1975 713 1992 z
734 1977 745 1989 ιι
762 1966 902 1999 Loquere,
921 1974 932 1989 »
954 1962 1059 1998 inquit,

292 2028 303 2041 ιι
321 2016 456 2049 Domine,
477 2015 548 2050 quia
568 2014 649 2041 audit
672 2021 772 2040 servus
797 2015 873 2039 tuus.
898 2022 910 2037 ›>
929 2013 950 2039 Ο
969 2019 1059 2046 quam

287 2063 384 2090 felices
396 2070 534 2094 essemuS,
546 2061 568 2087 si
580 2061 619 2087 sic
629 2059 800 2087 obedientes
809 2059 951 2086 essemus!
966 2058 1059 2090 Quam

287 2112 384 2137 sancte
408 2109 582 2140 viveremus,
599 2115 690 2142 quam
706 2114 806 2133 secure
822 2112 1016 2137 moreremur,
1032 2105 1060 2130 ct

288 2155 514 2191 quamjucunde
525 2154 563 2181 ad
572 2153 696 2189 patriam
708 2152 916 2187 migraremus!
930 2151 935 2166 ”
947 2162 958 2174 ιι
966 2152 1058 2183 Nunc,

287 2202 383 2236 lsrael,
409 2201 477 2228 audi
502 2202 646 2236 praecepta
665 2207 746 2232 mea,
771 2207 836 2233 quae
856 2197 949 2224 doceo
969 2199 1006 2230 te,
1028 2198 1059 2223 ut

286 2249 394 2275 taciens
409 2255 452 2279 ca,
478 2247 571 2280 vivam,
596 2249 622 2273 ot
645 2245 811 2280 ingrediens
832 2243 984 2279 possideas
1005 2244 1057 2269 ter-

285 2303 359 2328 ram,
372 2302 461 2329 quain
475 2293 613 2320 Dominus
626 2294 741 2319 Petrum
757 2293 921 2317 vestrorum
935 2289 1056 2316 daturus

286 2344 326 2368 est
340 2341 434 2367 vobis
452 2350 464 2365 »
490 2339 545 2366 Sed
561 2338 750 2373 conqueritur
770 2337 909 2363 Dominus
925 2344 975 2370 per
990 2337 1057 2361 Pro-

285 2387 404 2423 phetam
426 2386 524 2413 dicens
546 2386 555 2401 ⁵
582 2394 588 2411 :
611 2396 623 2409 ιι
650 2383 789 2418 Populus,
813 2391 901 2418 quem
926 2389 986 2408 non
1010 2388 1057 2408 co-

285 2433 514 2468 gnovi,servivit
537 2432 623 2466 mihi;
649 2431 677 2457 in
702 2430 804 2457 auditu
825 2429 902 2456 auris
927 2427 1057 2456 obedivit

286 2481 367 2507 mihi.
384 2490 397 2505 »
410 2481 419 2495 ⁶
434 2490 446 2505 «
463 2478 605 2513 Cognovit
623 2477 677 2504 bos
698 2484 897 2511 possessorem
915 2483 1012 2508 suum,
1029 2475 1057 2501 et

285 2527 384 2553 asinus
411 2533 541 2562 praesepe
573 2523 685 2551 domini
717 2522 777 2556 sui;
806 2522 934 2557 populus
959 2523 1055 2548 autem

286 2581 368 2599 meus
389 2581 449 2600 non
465 2571 604 2606 cognovit
622 2578 679 2597 me.
701 2580 712 2593 »ν
729 2568 804 2601 Quid
824 2571 866 2595 est
886 2569 975 2594 Deum
996 2575 1056 2594 non

286 2627 474 2651 cognoscere,
491 2618 546 2645 nisi
558 2616 698 2644 mandata
713 2615 775 2649 ejus
787 2615 866 2642 nolle
884 2614 1020 2641 servare?

320 2684 323 2694 ¹
341 2682 410 2704 Pror.
438 2687 469 2710 ιι,
491 2683 511 2704 t.
529 2693 555 2697 -
573 2681 583 2695 ἒ
600 2679 721 2708 ibi‹1.‚1x·,
736 2679 820 2700 :tl-21.
838 2690 867 2693 —
883 2677 890 2691 ³
907 2678 912 2699 l
931 2677 997 2706 lisy„
1015 2682 1054 2705 111,

287 2699 606 2739 1¹.4[›i1zer<.1v,t.—
622 2713 711 2737 ⁸1¹val.
729 2718 790 2738 xvii,
808 2714 841 2735 25¹..
859 2726 864 2727 ν
879 2726 885 2728 -
899 2713 908 2727 θ
922 2713 957 2734 lm
973 2730 978 2739 ,
996 2718 1011 2739 i,
1029 2713 1050 2734 ’ἶΑ

648 266 855 301 SERMONES
877 266 927 297 DE
950 263 1113 297 SANCTIS
1136 264 1175 295 ΙΝ
1197 261 1388 295 COMMUNI.
1409 259 1528 292 XXXV.

1141 330 1245 366 Tertio,
1270 329 1373 358 audire
1397 329 1542 356 dehemus
1560 326 1705 355 Christum
1725 327 1882 356 exhortan—

1106 379 1164 406 tem
1181 386 1252 411 nos;
1267 379 1296 404 et
1309 377 1367 404 hoc
1386 375 1555 408 affectuose⁷
1574 376 1716 410 tanquam
1737 374 1883 402 sanctissi-

1106 432 1190 452 mum
1209 423 1364 460 praesutem
1383 431 1390 450 :
1410 422 1473 458 ipse
1493 421 1572 449 enim
1596 420 1669 448 dixit
1689 421 1699 438 ⁷
1721 429 1728 449 :
1747 431 1760 446 ιι
1781 420 1810 448 Si
1828 428 1883 449 vo-

1107 470 1230 504 lueritis,
1244 473 1272 498 et
1291 468 1442 497 audieritis
1459 476 1519 502 me,
1538 467 1620 495 bona
1641 469 1724 495 terrae
1746 466 1884 495 comede-

1109 518 1154 546 tis.
1179 528 1192 544 »
1219 517 1290 546 Miro
1319 516 1412 544 modo
1437 515 1645 543 animabantur
1673 517 1816 551 martyres
1842 514 1883 543 ad

1108 564 1232 598 bellum,
1249 571 1324 599 quos
1335 561 1433 590 verbis
1451 559 1481 589 et
1501 561 1643 597 exemplis
1660 561 1802 598 praesules
1821 561 1884 589 ani-

1109 611 1241 639 mabant.
1257 609 1326 643 Quis
1341 609 1421 637 enim
1442 616 1502 636 non
1523 607 1669 636 animetur
1687 608 1728 636 ad
1745 615 1883 644 pugnan-

1111 658 1193 692 dum,
1216 657 1370 685 attendens
1385 663 1535 683 summum
1557 653 1726 682 Pontificem
1739 654 1885 682 Christum

1110 714 1165 733 nos
1185 703 1455 737 animare‘verbiS‚
1477 704 1505 730 et
1522 702 1653 730 animare
1678 702 1837 738 exemplis,
1858 703 1886 729 et

1110 753 1230 788 insuper
1245 751 1376 778 animare
1390 748 1507 777 auxiliis
1519 749 1532 775 ?
1548 750 1652 776 Nonne
1665 748 1753 776 valde
1769 747 1885 776 anima-

1111 801 1157 826 tus
1171 801 1213 826 est
1224 797 1387 833 Stephanus
1400 795 1513 831 primus
1527 796 1643 831 Martyr,
1664 795 1736 822 dum
1751 794 1790 822 ad
1805 793 1887 822 auxi-

1111 845 1246 873 liandum
1260 844 1404 876 Christum
1419 844 1555 878 paratum
1571 841 1702 878 aspexit?
1713 842 1722 858 ⁸
1741 850 1755 867 «
1775 843 1857 875 Ecce,
1870 850 1884 866 n

1112 892 1217 927 inquit,
1240 901 1253 916 «
1275 890 1362 918 video
1386 890 1477 917 coelos
1497 891 1624 925 apertos,
1647 890 1675 916 et
1692 889 1790 916 ,lesum
1807 889 1887 915 stan-

1113 941 1181 973 tem,
1196 948 1209 964 »
1228 939 1256 965 et
1269 945 1324 973 pro
1339 944 1386 964 me
1400 937 1595 972 pugnantem,
1616 943 1726 971 meque
1741 934 1887 969 adJ'uvan-

1113 987 1180 1013 tem.
1204 983 1370 1011 Exhortatio
1395 982 1473 1010 enim
1504 982 1670 1017 majorum,
1695 981 1772 1008 miro
1794 979 1886 1008 modo

1114 1031 1192 1059 valet
1205 1031 1235 1058 in
1250 1031 1342 1064 bono,
1365 1031 1393 1056 et
1417 1030 1504 1056 nocet
1525 1028 1556 1055 in
1571 1027 1662 1055 malo.
1686 1029 1718 1055 Et
1736 1026 1810 1062 quid
1833 1026 1888 1053 mi-

1113 1086 1190 1111 rum,
1205 1085 1273 1104 cum
1287 1076 1417 1104 falcones
1438 1075 1478 1102 sic
1498 1074 1666 1102 animantur
1683 1073 1887 1101 clamoribus?

1114 1125 1183 1152 Miro
1199 1123 1290 1151 modo
1306 1130 1392 1150 canes
1413 1121 1539 1149 animosi
1560 1120 1644 1153 fiunt,
1660 1127 1728 1147 cum
1742 1127 1811 1147 suos
1831 1118 1885 1146 do-

1114 1170 1210 1198 minos
1235 1169 1430 1197 confortantes
1455 1167 1619 1195 advertunt.
1653 1168 1744 1194 Boves
1771 1165 1888 1193 facilius
1901 1157 1946 1184 Ph·

1112 1217 1218 1252 jugum
1233 1216 1339 1248 serunt,
1356 1215 1428 1242 dum
1444 1214 1592 1242 bubulcos
1608 1221 1638 1240 se
1654 1211 1818 1240 confortare
1834 1219 1887 1239 au-

1116 1263 1209 1297 diunt,
1219 1265 1246 1290 et
1259 1262 1386 1290 maxime
1401 1261 1548 1289 cantando
1558 1261 1615 1288 hoc
1625 1260 1745 1293 faciunt,
1759 1267 1794 1286 eo
1805 1259 1889 1295 quod

1115 1309 1276 1337 melodiam
1286 1309 1411 1336 libenter
1426 1308 1557 1335 audiunt.
1574 1306 1666 1334 Valde
1679 1306 1809 1341 gaudent
1819 1305 1888 1341 equi

1115 1358 1145 1385 iu
1169 1357 1294 1393 praeliis,
1318 1357 1391 1384 dum
1411 1363 1516 1384 vocem
1539 1355 1617 1382 tubae
1640 1353 1764 1381 audiunt
1783 1352 1889 1380 exhor-

1116 1404 1210 1432 tantis.
1227 1403 1297 1431 Miro
1310 1402 1402 1430 modo
1424 1401 1537 1437 pugiles
1553 1401 1731 1434 animantur,
1744 1407 1812 1427 cum
1830 1398 1890 1426 cla—

1116 1450 1250 1477 moribus
1269 1449 1440 1477 excitantur.
1464 1447 1548 1475 Fiunt
1569 1446 1608 1474 ad
1629 1453 1764 1482 pugnam
1782 1444 1890 1472 milites

1115 1495 1278 1532 proniores,
1296 1498 1323 1522 et
1337 1494 1439 1522 fortius
1454 1493 1566 1528 agitant
1579 1492 1696 1520 lanceas
1717 1492 1889 1527 strictosque

1116 1550 1283 1576 mucrones,
1299 1541 1370 1568 dum
1392 1548 1465 1568 voce
1490 1539 1643 1567 clamantis
1667 1538 1805 1574 principis
1827 1537 1890 1565 ani-

1116 1591 1242 1617 mantur.
1267 1587 1441 1623 Exemplum
1465 1587 1501 1613 de
1526 1585 1681 1613 Mathathia
1698 1586 1718 1619 ⁹,
1735 1584 1889 1620 quomodo

1116 1634 1319 1663 exhortatoriis
1334 1633 1432 1661 verbis
1447 1632 1485 1660 ad
1506 1631 1695 1659 moriendum
1713 1639 1768 1666 pro
1790 1630 1890 1657 desen-

1116 1682 1196 1709 sione
1218 1681 1292 1716 legis
1308 1680 1384 1707 tilios
1405 1679 1561 1713 animaxit3
1583 1678 1661 1705 etde
1680 1677 1756 1704 Juda
1777 1677 1890 1705 Macha-

1116 1729 1181 1756 bzeo
1191 1728 1210 1744 ¹⁰
1221 1728 1250 1755 in
1260 1727 1358 1754 verbis
1370 1726 1440 1759 suis,
1455 1724 1609 1761 quomodo
1624 1732 1725 1752 omnes
1737 1722 1890 1750 animabat

1116 1775 1154 1802 ad
1169 1782 1313 1810 pugnam,
1329 1775 1360 1800 ut
1375 1774 1470 1800 essent
1484 1771 1588 1807 parati,
1605 1773 1632 1798 et
1647 1779 1707 1798 non
1721 1770 1819 1797 solum
1832 1770 1888 1797 ho-

1115 1822 1219 1856 mines,
1235 1821 1287 1848 sed
1303 1822 1330 1848 et
1344 1820 1452 1847 bestias
1471 1819 1666 1855 penetrarent.
1685 1819 1757 1845 Nam
1778 1818 1806 1844 et
1818 1824 1888 1851 apes

1116 1871 1388 1905 quantumcumque
1412 1866 1537 1901 fatigatae
1560 1864 1667 1892 fuerint
1688 1864 1719 1891 in
1741 1863 1888 1898 volando,

1115 1915 1287 1943 mirabiliter
1308 1922 1378 1941 mox
1405 1912 1615 1944 confortantur,
1642 1910 1706 1937 viso
1732 1918 1786 1937 suo
1807 1917 1887 1945 rege.

1116 1964 1190 1997 Ergo
1204 1961 1270 1997 quis
1281 1968 1340 1988 non
1351 1959 1539 1992 animabitur,
1554 1957 1625 1984 dum
1639 1965 1655 1984 a
1666 1958 1742 1991 Rege
1755 1955 1889 1984 omnium

1115 2016 1218 2043 regum
1234 2007 1319 2034 suerit
1333 2006 1534 2033 confortatus?

1151 2056 1270 2088 Quarto,
1283 2053 1385 2081 audire
1401 2051 1544 2079 debemus
1559 2050 1703 2078 Christum
1718 2057 1772 2076 nos
1784 2056 1888 2076 conso-

1114 2102 1233 2133 lantem3
1242 2103 1269 2128 ct
1280 2100 1336 2127 hoc
1346 2099 1478 2132 sollicite,
1490 2100 1632 2132 tanquam
1644 2095 1888 2130 benignissimum

1114 2150 1237 2184 patrem.
1262 2146 1342 2173 Unde
1367 2145 1511 2180 Propheta
1536 2143 1653 2170 dicebat
1675 2142 1715 2169 ¹¹:
1735 2141 1888 2170 «Audiam

1114 2195 1187 2230 quid
1201 2194 1339 2229 loquatur
1354 2192 1384 2219 in
1399 2200 1445 2218 me
1468 2190 1607 2218 Dominus
1631 2190 1705 2216 Deus
1721 2197 1727 2216 :
1744 2187 1887 2224 quoniam

1113 2241 1250 2276 loquetur
1274 2246 1377 2275 pacem
1397 2238 1426 2264 in
1452 2237 1569 2273 plebem
1588 2244 1681 2263 suam.
1698 2245 1711 2260 u
1730 2235 1799 2262 Mira
1820 2233 1886 2261 dul-

1114 2287 1197 2320 cedo,
1214 2289 1240 2314 et
1255 2284 1463 2313 inaestimabilis
1479 2283 1644 2316 delectatio,
1661 2284 1687 2309 et
1702 2279 1886 2308 admirabilis

1113 2334 1217 2362 animae
1240 2331 1420 2368 pacificatio,
1447 2330 1518 2357 (lum
1543 2331 1615 2356 Deus
1640 2328 1670 2355 in
1695 2327 1753 2354 suis
1777 2326 1886 2354 intimis

1112 2380 1272 2416 alloquitur
1287 2378 1428 2411 animam,
1449 2379 1476 2404 et
1490 2376 1523 2403 fit
1545 2374 1681 2411 quaedam
1703 2371 1885 2400 delectabilis

1112 2427 1182 2454 unio
1198 2426 1302 2453 animae
1317 2433 1384 2452 eum
1400 2423 1500 2451 divina
1515 2421 1646 2449 essentia.
1663 2419 1737 2447 Nihil
1753 2419 1831 2446 enim
1842 2421 1884 2446 est

1113 2473 1275 2506 delectatio,
1293 2479 1382 2507 quam
1396 2468 1520 2497 amantis
1536 2475 1603 2495 cum
1618 2475 1670 2493 suo
1692 2468 1789 2493 amato
1813 2473 1883 2493 con-

1108 2519 1232 2554 junctio.
1254 2518 1281 2545 Si
1305 2512 1345 2544 sic
1367 2516 1546 2543 delectantur
1562 2512 1650 2546 cervi,
1667 2512 1739 2540 dum
1759 2512 1884 2539 audiunt

1112 2569 1249 2600 cantum;
1266 2565 1287 2591 si
1304 2564 1344 2591 sic
1357 2571 1441 2598 apes,
1459 2561 1530 2588 dum
1553 2560 1676 2587 audiunt
1691 2558 1880 2594 cymbalum3
1896 2549 1939 2576 1⁹³³·

1111 2613 1135 2640 si
1150 2613 1189 2639 sic
1205 2611 1303 2647 cygni,
1319 2610 1390 2638 dum
1411 2608 1535 2636 audiunt
1550 2606 1679 2642 aliquem
1702 2605 1820 2633 dulcem
1834 2613 1882 2633 so-

1112 2689 1140 2692 —
1156 2676 1162 2689 7
1181 2675 1251 2699 ibid..
1271 2676 1307 2696 w.
1324 2685 1353 2689 -
1367 2672 1377 2688 ¹³
1394 2672 1517 2699 Art..v11‚
1535 2671 1574 2693 55.
1591 2682 1620 2686 —
1641 2670 1649 2683 ⁹
1671 2668 1783 2696 1Mach.,
1803 2668 1880 2697 11,50

1112 2713 1133 2733 et
1151 2717 1203 2739 seq.
1222 2722 1236 2726 --
1270 2710 1288 2724 ¹⁰
1308 2709 1324 2731 ΙΙ
1344 2709 1432 2736 Mursa,
1450 2713 1491 2731 xv.
1510 2708 1591 2730 11⁴—
1612 2706 1627 2720 ¹¹
1646 2705 1711 2728 Psal.
1730 2709 1835 2733 mxxiv,
1856 2704 1879 2726 9.

1903 1852 1972 1878 plum.
1999 1851 2001 1854 “

1928 1127 1998 1147 Exem

1930 1822 2003 1842 Exem‘

1925 2520 1991 2540 Exem
