2029 3052
215 236 275 267 520

213 301 270 333 Dei
285 302 436 342 pertinet,
457 303 674 345 habentesque
692 303 815 335 victum
838 304 870 334 et
891 301 992 335 vesti-

214 357 297 394 tum,
312 356 363 387 his
384 357 526 397 gaudent
544 357 679 396 divitiis;
705 357 760 397 qui
783 356 856 397 plus
873 356 992 388 habere

213 409 338 450 nolunt,
353 410 380 441 si
400 412 510 442 tamen
527 412 657 443 servant
673 410 887 451 propositum3
911 410 989 442 alio-

214 463 294 504 quin
308 464 335 494 si
353 464 490 505 amplius
511 464 701 502 desiderant,
722 464 773 496 his
794 473 868 505 quae
883 473 991 495 neces-

214 517 298 549 saria
324 519 419 556 sunt,
453 518 630 558 probantur
658 518 796 558 indigni.
821 528 836 547 n
863 517 912 549 Ex
940 517 992 549 his

213 571 402 612 Hieronymi
410 571 517 604 verbis
531 571 706 612 colligitur,
717 572 802 613 quod
815 573 992 603 sustentare

212 625 399 666 hujusmodi
418 625 620 666 evangelicos
645 635 819 667 pauperes,
842 635 922 667 opus
945 628 993 657 est

212 678 338 719 pietatis
361 679 525 718 maximae,
554 689 591 711 ac
618 688 676 720 per
695 679 756 711 hoc
774 680 860 720 ipsos
887 688 993 720 perse-

212 733 341 773 quendo
366 733 577 774 calumniari,
604 733 706 765 scelus
727 735 775 765 est
795 743 860 765 non
881 742 992 774 parvae

211 786 367 828 pertidiae.
389 786 460 818 Non
475 787 563 819 enim
581 787 688 828 inopia
709 788 900 826 voluntaria,
915 789 953 819 ut
965 787 993 819 is

213 840 299 880 dicit,
315 842 361 872 est
370 850 466 873 causa
479 842 642 874 malorum
656 844 686 873 et
694 842 922 882 multiplicium
936 842 993 873 cri-

213 894 351 934 minum,
368 895 434 935 sed,
457 897 494 927 ut
514 896 590 927 dicit
607 895 865 936 chrysostomus,
882 898 913 927 et
936 905 993 927 su-

213 957 272 989 pra
290 949 438 980 habitum
462 951 521 989 est,
546 950 748 982 infinitorum
770 959 865 981 causa
888 951 991 982 bono-

213 1012 298 1034 rum.
313 1002 402 1034 Sicut
415 1004 501 1035 enim
514 1004 606 1036 radix
615 1005 761 1036 omnium
775 1004 933 1036 malorum
945 1006 993 1036 est

214 1057 381 1098 cupiditas,
393 1067 467 1099 quae
477 1061 525 1090 est
534 1068 625 1090 amor
638 1059 824 1091 divitiarum
835 1070 842 1098 ;
860 1060 904 1090 sic
915 1068 991 1100 pau-

213 1113 320 1151 pertas
334 1115 524 1144 cunctorum
537 1115 583 1145 est
600 1114 693 1154 origo
713 1114 871 1144 bonorum
895 1113 992 1153 spiri-

213 1165 363 1205 tualium,
386 1176 460 1206 quae
484 1170 531 1198 est
553 1169 755 1208 contemptus
773 1168 947 1198 affluentiae
961 1169 993 1198 et

213 1228 305 1250 amor
329 1220 552 1260 penuriarum.
587 1220 658 1252 Nou
690 1230 770 1260 ergo
796 1220 889 1252 multi
913 1221 992 1252 deli-

213 1276 353 1314 querunt
376 1277 504 1316 propter
524 1276 665 1316 inopiam
682 1285 780 1316 quam
796 1276 990 1315 dilexerunt,

214 1327 268 1358 sed
295 1330 424 1368 propter
456 1329 598 1370 inopiam
632 1338 729 1370 quam
756 1329 908 1367 oderunt,
940 1329 992 1361 vel

214 1382 309 1419 certe,
325 1381 407 1413 sicut
422 1382 530 1414 Glossa
545 1383 631 1422 dicit,
647 1383 784 1415 verbum
802 1383 878 1414 illud
896 1383 990 1414 intel-

213 1433 326 1473 ligitur
351 1444 416 1466 non
449 1436 488 1467 de
515 1437 621 1477 inopia
648 1437 808 1468 bonorum
831 1439 991 1477 tempora-

214 1487 307 1525 lium,
324 1489 378 1520 sed
394 1490 610 1529 spiritualium
626 1490 784 1522 virtutum
800 1492 896 1530 atque
913 1490 992 1521 cha-

215 1542 396 1576 rismatum.
420 1544 495 1576 Haec
519 1546 635 1577 idcirco
654 1546 801 1584 diximus,
828 1555 894 1576 non
917 1546 994 1586 quia

216 1598 477 1630 commendemus
509 1600 709 1632 effraenatam
744 1600 994 1631 mendicantium

428 234 640 268 APOLOGIAE
662 233 881 266 PAUPERUM
903 232 1186 266 RESPONSIONIS
1207 233 1380 273 QUARTAE
1401 235 1530 269 CAPUT
1552 236 1606 269 111.

1046 302 1294 343 multitudinem,
1312 305 1369 335 aut
1386 313 1516 336 omnem
1530 304 1732 337 mendicandi
1752 314 1823 338 mo-

1046 355 1136 395 dum,
1152 358 1189 388 ut
1200 357 1377 397 perfectum
1398 359 1576 399 approbare
1596 358 1752 398 velimus;
1770 360 1825 392 sed

1046 419 1120 442 eum
1132 411 1309 449 dumtaxat,
1322 411 1379 452 qui
1389 421 1554 444 annexum
1568 413 1667 444 habet
1681 413 1825 445 studium

1046 464 1210 504 sapientiae
1231 464 1432 505 septiforme,
1455 466 1507 498 vel
1529 467 1672 498 laborem
1693 476 1826 499 manua-

1046 517 1122 556 lem,
1143 527 1218 549 cum
1237 518 1432 558 professione
1451 522 1484 552 et
1505 521 1710 552 observantia
1730 530 1826 553 evan-

1047 572 1159 612 gelicae
1173 573 1378 613 paupertatis,
1391 576 1422 605 et
1435 575 1662 607 exercitatione
1676 576 1825 616 pertectae

1046 625 1187 657 virtutis.
1218 625 1318 663 Quem
1339 627 1470 668 quidem
1497 629 1631 661 modum
1659 639 1734 662 cum
1760 631 1826 662 tota

1047 677 1162 710 Christi
1175 679 1243 712 vita
1256 681 1288 711 et
1301 680 1445 713 doctrina
1465 683 1654 724 evangelica
1675 693 1824 725 compro·

1047 733 1110 772 bet,
1135 733 1162 764 si
1184 733 1256 774 quis
1280 734 1380 775 ipsius
1400 738 1597 769 contrarium
1621 738 1824 778 evangeliza-

1046 787 1140 826 verit,
1151 788 1247 828 Juxta
1260 788 1396 820 verbum
1411 789 1552 830 Apostoli
1565 792 1573 809 ¹
1589 792 1762 824 anathema
1771 793 1823 825 sit.

1046 840 1174 873 Desinat
1198 841 1301 882 igitur
1321 847 1504 883 persecutor
1529 845 1582 876 hic
1603 855 1782 887 pauperum
1806 857 1826 879 a

1047 895 1200 935 malignis
1213 896 1382 927 calumniis
1397 899 1428 928 et
1449 898 1556 930 verbis
1577 900 1749 940 maledicis,
1766 910 1826 933 nec

1047 949 1176 981 Balaam
1198 951 1449 983 transcendendo
1471 952 1626 984 malitiam
1646 953 1710 984 illis
1724 955 1824 986 male-

1046 1004 1142 1043 dicat,
1158 1004 1274 1044 quibus
1289 1004 1443 1036 Dominus
1461 1006 1635 1046 benedixit,
1660 1016 1700 1038 ne
1724 1008 1826 1039 bene-

1046 1058 1215 1089 dictionem
1231 1058 1365 1098 perdens
1375 1059 1500 1091 coelitus
1509 1061 1745 1100 repromissam,
1761 1070 1827 1093 ma-

1047 1112 1247 1143 ledictionem
1262 1112 1404 1143 incurrat
1417 1115 1584 1146 aeternam.
1601 1114 1693 1152 Quod
1714 1115 1741 1145 si
1755 1124 1824 1147 ces-

1046 1175 1116 1197 sare
1139 1166 1287 1204 noluerit,
1311 1175 1408 1197 verus
1438 1176 1559 1207 pauper
1586 1168 1724 1199 clamare
1759 1178 1826 1200 non

1046 1222 1146 1251 cesset
1160 1221 1171 1236 ²
1193 1229 1202 1251 ι
1229 1219 1363 1260 AclJuva
1382 1229 1442 1259 me,
1458 1222 1592 1254 Domine
1614 1222 1712 1260 Deus,
1729 1223 1824 1261 Deus,

1046 1274 1172 1306 salvum
1187 1282 1234 1306 me
1245 1274 1298 1313 fac
1310 1277 1439 1314 propter
1453 1275 1709 1308 misericordiam
1722 1279 1824 1309 tuam.

1047 1328 1085 1359 Et
1097 1328 1212 1359 dehinc
1227 1328 1331 1359 media
1346 1337 1552 1369 prosequens,
1566 1330 1600 1360 in
1616 1330 1680 1361 fine
1695 1330 1824 1361 conclu-

1047 1383 1100 1414 dat
1115 1386 1125 1403 ³
1143 1394 1149 1413 :
1170 1382 1348 1422 Confitebor
1363 1383 1498 1416 Domino
1513 1385 1612 1416 nimis
1627 1384 1661 1415 in
1676 1392 1727 1416 ore
1742 1392 1824 1423 meo,

1047 1441 1074 1470 ec
1095 1439 1131 1469 τη
1154 1437 1259 1469 medio
1277 1437 1453 1469 multorum
1470 1437 1609 1470 laudabo
1633 1446 1722 1477 emm
1746 1439 1827 1478 quia

1047 1492 1154 1524 astitit
1168 1499 1189 1523 a
1210 1491 1338 1523 dextris
1356 1493 1521 1531 pauperis,
1543 1496 1580 1525 ut
1605 1493 1729 1524 salvam
1745 1493 1826 1530 sace-

1048 1549 1095 1578 rec
1110 1554 1130 1577 a
1144 1545 1402 1585 persequentibus
1417 1547 1562 1578 animam
1575 1555 1688 1578 meam.

1082 1609 1089 1625 ¹
1104 1607 1171 1637 Gal„
1187 1614 1205 1639 1,
1221 1609 1244 1632 8.
1255 1621 1286 1625 -
1301 1608 1308 1622 ²
1324 1608 1391 1633 Psal.
1405 1614 1483 1639 cviii,
1499 1610 1538 1634 26.
1552 1623 1582 1627 —
1597 1609 1607 1626 ³
1624 1609 1698 1640 ibid„
1712 1610 1794 1633 30-31.
