2029 3052
179 240 240 272 604

179 307 301 348 quanto
314 305 421 346 magis
440 303 582 336 subsidio
602 302 740 335 aliorum
760 302 956 343 indigemus.

179 359 220 392 Et
232 359 308 400 quia
321 358 501 400 spiritualia
507 357 657 390 fidelibus
668 356 878 396 seminamus,
890 365 957 388 non

179 413 308 443 tantum
330 420 372 442 ex
394 411 501 451 gratia
521 410 562 441 ab
582 409 628 441 eis
649 408 790 441 carnalia
817 408 960 440 subsidia

179 467 388 506 expectamus
401 465 411 482 ²
433 475 441 495 :
467 464 596 504 Diqnus
618 465 665 495 est
687 463 854 503 operarius
875 470 958 494 mer-

180 518 254 552 cede
274 527 346 552 sua.
362 518 579 558 Hieronymus
593 517 604 534 ²
619 527 627 548 ε
649 528 663 546 α
679 516 870 549 Reddituum
885 525 957 557 pos-

181 573 356 605 sessionem
371 571 464 603 nobis
480 571 650 612 providere
666 579 731 602 non
745 571 888 610 oportet3
904 569 960 601 sed

181 627 222 659 ad
235 635 382 658 mensam
399 625 529 657 Domini
547 626 700 665 tanquam
721 623 831 656 fideles
846 632 961 664 coope—

181 681 306 713 ratores
318 687 537 712 occurramus.
554 689 570 708 n

432 789 638 831 QUAESTIO
661 789 706 823 V.

228 874 283 902 Cur
301 874 405 908 fratres
423 873 544 900 Minores
561 879 615 900 non
635 871 734 907 degant
752 872 784 898 in
801 870 914 899 deserto.

223 952 302 984 Item
331 959 443 992 quaero
464 959 472 982 :
499 949 579 982 Cum
602 949 747 990 religiosi
774 958 794 980 a
818 948 963 980 tumultu

182 1005 346 1038 saecularis
367 1004 556 1046 frequentiae
578 1013 647 1035 sese
665 1012 813 1044 separare
832 1003 961 1035 studue-

181 1060 258 1099 rint,
283 1061 316 1091 et
333 1059 367 1090 in
382 1058 609 1090 solitudinibus
628 1057 784 1096 hahitare,
813 1057 889 1098 quid
915 1058 964 1088 est

181 1114 269 1155 quod
285 1122 342 1146 vos
357 1113 555 1154 frequentius
569 1112 603 1143 in
623 1111 808 1144 civitatibus
826 1113 858 1143 et
871 1111 962 1151 oppi-

182 1169 232 1201 dis
259 1177 391 1199 manere
412 1167 533 1205 soletis,
557 1167 649 1207 quasi
672 1165 896 1207 voluptuosius
919 1165 962 1197 ibi

183 1222 344 1264 pascendi,
360 1223 392 1253 et
406 1221 592 1262 inquietius,
609 1222 640 1251 et
659 1219 841 1251 indevotius
855 1219 899 1250 ibi
914 1219 962 1251 vi-

183 1276 286 1309 vatis?

225 1329 411 1371 Respondeo
428 1340 435 1360 :
453 1329 531 1360 Tres
552 1330 628 1360 sunt
650 1337 755 1359 causae
778 1329 960 1369 praecipuae,

183 1394 242 1427 pro
258 1384 376 1425 quibus
397 1383 481 1414 inter
502 1382 650 1414 homines
670 1382 788 1414 morari
810 1382 961 1414 solemus.

185 1440 275 1478 Una,
311 1439 442 1480 propter
478 1445 591 1468 eorum
626 1436 869 1468 aedificationcm
881 1461 891 1475 ,
929 1439 965 1467 ut

185 1493 365 1535 promptius
379 1493 424 1524 eis
438 1492 592 1530 adsimus,
612 1491 742 1532 quando
763 1491 933 1532 requirunt
947 1501 966 1522 a

185 1548 279 1579 nobis
305 1546 544 1587 poenitentiam,
574 1545 770 1583 doctrinam,
795 1547 826 1576 et
854 1545 965 1576 salutis

185 1601 366 1639 consilium,
380 1603 411 1632 et
426 1600 554 1631 videant
575 1609 594 1630 a
608 1599 700 1630 nobis
720 1599 812 1630 bonae
827 1608 965 1631 conver-

185 1655 316 1688 sationis
330 1654 526 1695 exemplum.
545 1653 577 1685 Si
593 1653 679 1684 enim
694 1653 808 1684 remoti
821 1662 965 1684 essemus

186 1711 225 1742 ab
240 1710 297 1749 eis,
313 1718 371 1740 nec
386 1708 445 1748 ipsi
468 1710 595 1748 possent
621 1708 660 1737 ad
680 1716 747 1745 nos,
772 1707 900 1747 quando
922 1707 968 1737 in-

187 1765 345 1804 digerent,
362 1763 528 1794 commode
543 1762 701 1799 accedere,
725 1764 754 1792 et
778 1761 903 1791 difficile
918 1770 966 1791 es-

188 1821 235 1850 set
254 1827 313 1849 nos
332 1817 424 1849 toties
445 1817 567 1853 vocari,
592 1819 623 1846 et
643 1817 746 1855 major
772 1818 854 1846 esset
877 1815 969 1846 nobis

189 1872 376 1913 inquietudo
399 1871 550 1902 continue
571 1879 718 1906 currere,
742 1871 772 1900 et
791 1878 967 1906 recurrere,

189 1936 287 1968 quam
303 1927 383 1957 iuter
401 1935 454 1957 eos
471 1933 611 1962 manere,
629 1927 659 1954 et
673 1924 868 1963 priusquam
884 1923 970 1953 veni-

190 1990 310 2018 remus,
327 1980 459 2011 affectus
474 1981 505 2010 et
520 1977 721 2018 compunctio
738 1976 970 2016 requirentium

190 2034 409 2076 paenitentiam
423 2042 507 2073 saepe
528 2031 688 2071 tepuisset.
712 2030 855 2062 Secunda
876 2039 971 2061 causa

191 2091 237 2119 est
253 2089 380 2128 propter
403 2085 614 2125 indigentiam
632 2084 831 2121 victualium,
847 2084 923 2124 quia
940 2084 971 2114 in

191 2142 267 2173 locis
284 2140 416 2172 desertis
429 2148 493 2170 non
513 2138 745 2173 inveniremus,
763 2138 900 2177 quoties,
917 2147 972 2168 su-

193 2194 454 2236 pervenientibus
479 2192 530 2223 vel
554 2191 782 2228 residentibus,
812 2192 861 2222 vel
884 2192 974 2222 intir-

193 2249 264 2287 mis,
283 2248 504 2287 indigeremus
521 2246 577 2286 qui
593 2246 685 2276 nobis
703 2245 879 2275 necessaria
898 2246 973 2276 vitae

193 2303 425 2339 ministrarent,
451 2309 524 2331 cum
545 2308 600 2339 per
621 2308 677 2329 nos
699 2308 763 2329 non
785 2300 973 2330 habeamus.

194 2356 345 2389 Extranei
361 2355 470 2392 etiam,
494 2354 550 2393 qui
567 2362 624 2393 pro
640 2353 769 2383 consilio
785 2354 973 2393 superveni-

194 2412 283 2446 rent,
308 2418 381 2440 cum
406 2408 512 2439 statim
536 2416 601 2437 11011
632 2409 759 2446 possent
778 2408 921 2448 expediri
948 2411 978 2439 et

195 2464 352 2501 recedere,
376 2464 566 2502 cogerentur
587 2461 753 2491 nobiseum
778 2463 976 2502 frequentius

197 2517 362 2557 hospitari,
380 2516 466 2557 quod
489 2515 596 2546 multis
612 2524 651 2546 ex
667 2515 772 2545 causis
795 2516 977 2547 nullatenus

197 2571 370 2610 expediret,
387 2572 517 2610 propter
539 2568 803 2608 inquietudinem,
820 2570 975 2609 suspicio-

199 2633 273 2655 nem
284 2627 313 2654 et
327 2625 559 2664 paupertatem.
571 2621 675 2653 Tertia
686 2625 733 2652 est
741 2632 835 2653 causa
850 2626 977 2663 propter

199 2678 378 2714 tuitionem,
400 2677 475 2717 quia
496 2677 522 2706 si
551 2678 642 2706 extra
666 2676 811 2707 homines
833 2686 976 2709 morare-

236 2741 242 2756 ·
259 2740 326 2771 Luc„
340 2746 365 2770 x,
382 2741 404 2764 Ἰ.
419 2753 447 2758 -
463 2739 471 2753 ²
485 2739 590 2763 Hieron.

652 233 1031 268 DETERMINATIONES
1054 234 1324 282 QUAESTIONUM

1011 311 1097 344 mur,
1113 313 1172 336 nec
1182 304 1295 345 libros,
1311 315 1371 339 nec
1385 306 1510 347 calices,
1525 315 1586 338 nee
1598 307 1714 347 vestes,
1729 316 1790 340 nec

1012 357 1075 389 alia
1086 359 1264 391 necessaria
1280 361 1348 392 tute
1368 370 1496 394 servare
1516 369 1684 402 possemus
1697 370 1718 392 a
1739 361 1787 393 la-

1013 411 1172 452 tronibus,
1192 413 1245 445 vel
1267 415 1484 454 praedonibus,
1506 414 1558 446 vel
1575 414 1789 447 servientibus

1013 467 1204 506 potentium.
1221 467 1304 500 Nam
1324 478 1469 510 personae
1485 469 1582 501 etiam
1596 469 1716 510 saepius
1738 478 1788 500 es-

995 522 1085 565 ⁸sent
1098 521 1133 552 in
1145 521 1299 562 periculo,
1318 523 1346 554 si
1362 523 1493 565 quando
1510 523 1545 555 in
1564 522 1792 564 praedicatione

1013 573 1146 605 forsitan
1165 575 1291 616 aliquos
1318 576 1573 616 offenderemus,
1597 576 1650 608 vel
1671 576 1790 615 filium,

1014 627 1067 659 vel
1082 628 1212 660 fratrem
1226 629 1372 672 aliquus,
1394 631 1434 663 de
1453 639 1520 672 quo
1542 630 1687 662 dolerent.
1705 629 1793 671 quod

1016 681 1051 712 in
1065 681 1182 714 Ordine
1198 683 1432 725 reciperemus;
1453 684 1511 726 qui
1533 684 1631 716 etiam
1651 683 1794 716 amicum

1015 734 1152 767 fratrum
1165 736 1262 768 vellet
1274 737 1431 770 malitiose
1451 738 1623 777 offendere,
1645 737 1699 770 vel
1722 746 1793 769 mo-

1016 787 1096 820 leste
1107 789 1203 822 ferret
1221 800 1279 823 nos
1293 791 1329 823 in
1345 793 1431 824 terra
1452 791 1585 830 morari,
1609 791 1726 823 domus
1738 798 1795 822 no-

1016 844 1097 874 stras
1110 844 1301 884 incenderet,
1317 848 1348 877 et
1366 855 1536 887 nunquam
1558 853 1726 886 possemus
1748 844 1793 875 ihi

1016 897 1145 938 pacifice
1158 900 1360 932 commorari.
1376 900 1437 938 Qui
1457 903 1565 932 autem
1583 900 1704 931 habent
1717 908 1793 940 pos-

1016 952 1172 984 sessiones
1191 955 1223 984 et
1235 954 1365 994 praedia,
1383 963 1456 995 quae
1470 954 1599 985 sibimet
1612 952 1790 991 sufficiunt,

1018 1009 1152 1047 possunt
1165 1009 1257 1039 extra
1269 1007 1414 1040 civitates
1433 1008 1566 1040 morari.
1589 1006 1741 1040 Similiter
1764 1008 1796 1038 et

1018 1059 1149 1091 solitarii
1164 1061 1220 1101 qui
1236 1061 1346 1102 paucis
1366 1062 1525 1102 indigent,
1542 1070 1644 1103 pauca
1665 1060 1706 1091 ab
1726 1059 1797 1091 aliis

1018 1113 1184 1154 requirere
1190 1124 1317 1147 necesse
1330 1116 1458 1148 habent.
1471 1114 1666 1148 Suntetaliae
1676 1122 1794 1154 causae‚

1019 1177 1100 1209 quas
1114 1168 1210 1200 modo
1223 1171 1390 1210 praetereo,
1410 1172 1540 1211 propter
1553 1178 1633 1210 quas
1647 1167 1797 1200 convenit

1019 1223 1102 1254 inter
1115 1222 1275 1262 homines,
1286 1224 1391 1264 potius
1401 1233 1500 1264 quam
1510 1223 1545 1254 in
1556 1223 1691 1261 deserto,
1702 1222 1798 1262 juxta

1020 1276 1217 1309 conditiones
1237 1279 1338 1309 nostri
1362 1277 1488 1310 Ordinis
1507 1277 1664 1310 habitare.
1681 1275 1743 1308 Sed
1757 1275 1797 1308 ad

1020 1340 1160 1372 praesens
1175 1332 1245 1363 istae
1265 1332 1435 1364 sufficiant.

1269 1440 1472 1482 QUAESTIO
1495 1441 1554 1474 VI.

1041 1523 1093 1551 Gur
1111 1524 1211 1557 fratres
1230 1524 1350 1550 Minores
1369 1523 1483 1550 habeant
1503 1528 1613 1556 maqnos
1631 1522 1783 1548 conventus.

1065 1602 1142 1633 ltem
1157 1610 1287 1642 quaero:
1303 1601 1381 1632 Cum
1393 1600 1491 1631 sancti
1508 1599 1616 1631 Patres
1630 1598 1803 1630 laudentur

1024 1657 1056 1687 in
1080 1655 1200 1687 casellis
1224 1657 1255 1686 ct
1276 1655 1394 1685 vilibus
1418 1652 1607 1684 habitaculis
1630 1652 1801 1690 habitasse,

1024 1710 1102 1751 quid
1119 1712 1176 1747 est,
1191 1709 1276 1749 quod
1301 1718 1356 1739 vos
1377 1708 1455 1738 altas
1474 1710 1504 1738 et
1526 1715 1663 1746 magnas
1692 1706 1804 1737 domos

1024 1763 1159 1803 erigitis,
1177 1762 1314 1793 oratoria
1340 1764 1541 1801 sumptuosa,
1562 1762 1593 1791 et
1616 1768 1705 1790 areas
1725 1759 1804 1790 latas

1027 1826 1148 1857 magno
1162 1817 1264 1857 pretio
1282 1815 1484 1856 comparatis,
1500 1823 1575 1845 cum
1596 1814 1664 1845 sitis
1689 1821 1806 1853 paupe-

1027 1880 1078 1901 res
1095 1872 1127 1901 et
1148 1870 1301 1907 mendici,
1325 1871 1357 1900 et
1378 1871 1597 1908 contempores
1625 1866 1803 1897 mundano-

1028 1934 1100 1956 rum
1117 1933 1185 1955 esse
1204 1923 1364 1955 debeatis?

1070 1979 1254 2019 Respondeo
1278 1990 1284 2009 :
1314 1978 1395 2008 sicut
1414 1978 1482 2017 jam
1505 1977 1626 2007 dictum
1649 1977 1707 2013 est,
1732 1983 1806 2005 cum

1032 2035 1114 2065 inter
1124 2033 1271 2064 homines
1283 2041 1412 2062 manere
1423 2040 1481 2062 nos
1491 2032 1645 2070 oporteat,
1660 2030 1715 2060 aut
1726 2037 1807 2067 crgo

1030 2090 1120 2118 extra
1139 2096 1248 2117 muros
1263 2086 1412 2122 civitatis,
1428 2087 1483 2115 aut
1498 2084 1592 2114 iutra.
1611 2083 1644 2113 Si
1659 2084 1750 2113 extra
1765 2082 1807 2113 ci-

1030 2142 1144 2172 vitates
1164 2149 1388 2177 maneremus,
1414 2139 1469 2169 ubi
1495 2146 1660 2178 possemus
1681 2136 1809 2167 latiores

1031 2204 1120 2225 areas
1134 2194 1244 2225 leviori
1270 2193 1369 2233 pretio
1393 2200 1590 2231 comparare,
1607 2189 1752 2221 videlicet
1775 2189 1809 2219 in

1031 2248 1151 2288 campis
1173 2247 1224 2278 vel
1247 2247 1364 2284 hortis,
1395 2245 1663 2286 quandocumque
1689 2243 1810 2274 bellum

1032 2303 1216 2340 timeretur,
1238 2301 1288 2331 vel
1313 2309 1448 2339 guerra,
1476 2299 1559 2329 cives
1581 2298 1641 2328 loci
1662 2296 1810 2327 formida-

1033 2358 1116 2393 rent,
1133 2365 1173 2386 ne
1189 2355 1267 2385 sorte
1284 2354 1390 2385 hostes
1407 2354 1517 2384 domos
1533 2354 1657 2383 nostras
1674 2358 1809 2390 occupa-

1033 2412 1115 2447 rent,
1133 2411 1161 2439 et
1175 2409 1212 2439 de
1228 2408 1290 2439 illis
1306 2408 1484 2438 niterentur
1498 2407 1670 2443 civitatem,
1689 2404 1739 2435 vel
1754 2413 1808 2443 op-

1035 2464 1145 2504 pidum
1168 2471 1369 2502 expugnare,
1395 2464 1425 2491 et
1450 2470 1513 2491 non
1539 2460 1692 2490 auderent
1712 2457 1809 2488 etiam

1034 2517 1124 2555 alias,
1139 2516 1268 2557 quando
1283 2516 1342 2546 sibi
1358 2516 1515 2551 timerent,
1538 2513 1577 2544 ad
1593 2513 1660 2544 loca
1675 2512 1810 2542 fratrum

1035 2580 1092 2611 pro
1107 2570 1313 2607 consessione,
1331 2568 1381 2599 vel
1396 2569 1502 2600 missa,
1519 2577 1575 2597 seu
1591 2564 1813 2606 praedicatione

1036 2625 1140 2656 securi
1166 2624 1290 2660 venire3
1315 2625 1345 2653 et
1367 2623 1436 2653 ideo
1453 2630 1518 2652 non
1544 2620 1696 2658 diligunt,
1721 2620 1757 2648 ut
1780 2616 1813 2647 in

1037 2678 1153 2709 talibus
1177 2677 1253 2708 locis
1274 2684 1522 2707 commoremur.
1559 2672 1648 2710 Quod
1678 2672 1704 2701 si
1730 2671 1814 2701 intra

1039 2741 1149 2763 muros
1171 2731 1362 2768 habitamus,
1379 2730 1434 2761 ubi
1455 2730 1583 2769 propter
1604 2724 1814 2766 frequentiam
