2029 3052
865 191 1004 224 LECTIO
1028 192 1079 225 IV.

161 260 203 288 est
217 259 341 288 domina
354 259 512 288 hominum
521 259 553 288 in
562 259 687 288 mundo.
702 259 740 288 Dc
752 259 808 288 hac
819 258 944 287 domina

160 307 192 335 in
206 307 322 336 Psalmo
338 307 444 336 dicitur
461 306 465 320 ¹
480 315 487 334 :
503 307 580 335 Sicut
597 307 668 334 oculi
688 307 795 335 ancillae
809 307 839 334 in
853 308 943 334 mani·-

161 355 207 383 bus
222 356 338 383 dominoe
351 362 420 389 suae,
437 355 491 382 etc.
514 353 628 382 Ancilla
643 353 773 382 Dominae
792 353 887 382 Mariae
902 355 945 382 est

162 401 305 438 quaelibet
317 401 417 430 anima
431 401 539 436 fidelis,
553 401 615 429 imo
631 401 720 429 etiam
736 400 864 429 Ecclesia
877 400 944 429 uni-

162 449 295 477 versalis.
313 448 395 477 Oculi
405 448 493 484 hujus
503 447 617 476 ancillae
625 447 655 476 in
667 447 806 476 manibus
815 447 945 476 dominae

163 504 224 525 suce
240 504 356 532 semper
371 495 482 524 debent
506 503 580 531 esse,
603 495 674 532 quia
699 496 778 524 oculi
794 496 944 531 Ecclesiae,

164 543 243 572 oculi
257 543 392 572 omnium
403 544 537 571 nostrum
547 543 586 571 ad
599 551 705 571 manus
719 543 814 572 Mariae
829 551 946 580 semper

164 591 275 619 debent
296 591 461 627 respicere,
488 592 520 618 ut
543 599 597 627 per
618 598 725 619 manus
744 591 808 626 ejus
830 591 946 627 aliquid

163 637 236 666 boni
251 638 443 674 accipiamus,
460 639 487 665 et
505 645 559 674 per
578 645 686 665 manus
710 638 774 673 ejus
798 638 947 674 quidquid

162 683 237 712 honi
262 684 392 719 agimus,
422 683 546 712 Domino
568 684 738 712 ofleramus.
765 686 818 712 Per
841 693 948 713 manus

164 731 244 759 enim
265 731 354 767 hujus
377 731 510 759 Dominae
534 731 681 759 hahemus
703 732 852 768 quidquid
874 732 948 760 boni

163 777 367 814 possidemus,
397 779 518 806 testante
540 779 569 806 B.
594 778 744 806 Bernardo
772 779 823 815 qui
846 779 886 807 ait
906 781 914 795 ²
939 789 946 808 :

167 833 181 850 t<
194 824 271 852 Nihil
285 832 340 852 nos
355 826 430 852 Deus
440 825 552 853 habere
567 825 673 860 voluit,
689 825 773 862 quod
788 834 842 862 per
853 826 949 855 Mariae

163 879 271 900 manus
286 880 347 900 non
360 872 504 900 transiret.
528 882 542 899 ν
561 875 613 901 Per
635 881 741 901 manus
757 881 878 909 quoque
893 873 949 901 hu-

162 918 211 954 jus
238 919 368 947 Dominae
406 919 512 947 offerre
542 921 599 947 Deo
630 919 774 948 debemus
799 920 950 956 quidquid

165 965 239 994 boni
260 966 418 1001 eger-imus,
445 966 704 1003 quemadmodum
728 968 758 994 B.
785 968 950 995 Bernardus

166 1012 309 1049 hortatur,
322 1013 423 1041 dicens
433 1014 443 1030 3
458 1023 464 1041 :
481 1024 493 1039 «
504 1013 651 1042 ModIcum
659 1013 735 1042 illud
749 1015 833 1050 quod
844 1015 950 1044 offerre

167 1059 328 1094 desideras,
344 1060 516 1096 gratissimis
539 1060 598 1088 illis
622 1063 649 1089 et
675 1062 757 1089 omni
778 1062 950 1098 acceptione

166 1108 346 1144 dignissimis
361 1108 456 1136 Mariae
469 1108 609 1136 manibus
624 1109 740 1137 tradere
752 1118 835 1145 cura,
851 1110 875 1137 si
889 1118 951 1138 non

166 1155 210 1183 vis
225 1155 368 1183 sustinere
383 1156 546 1192 repulsam.
562 1157 637 1184 Bene
652 1156 750 1191 nobis,
774 1157 951 1194 charissimi,

165 1202 242 1230 bene
263 1202 369 1237 nobis,
395 1203 478 1238 quod
499 1203 589 1231 talem
612 1204 769 1232 Dominam
794 1205 951 1241 habemus,

165 1257 232 1285 quae
244 1257 351 1277 manus
366 1251 426 1277 tam
441 1250 579 1278 liberales
600 1250 692 1278 hahet
706 1251 746 1278 ad
761 1259 824 1283 nOS,
849 1253 878 1279 et
891 1254 951 1280 tam

164 1298 330 1332 praepotens
350 1298 393 1324 est
407 1297 489 1332 apud
502 1296 598 1325 filium
616 1305 705 1333 super
722 1306 788 1332 nos,
803 1300 835 1326 ut
855 1299 952 1326 securi

165 1343 204 1371 ad
218 1343 315 1379 ipsam
330 1343 490 1379 confugere
505 1345 655 1380 possimus
667 1353 772 1373 omnes
788 1353 853 1373 nos.
871 1346 952 1373 Unde

166 1390 376 1418 devotissimus
399 1392 554 1419 Anselmus
570 1392 610 1420 ait
626 1402 632 1420 z
652 1402 665 1418 α
691 1393 814 1420 Domina
831 1402 952 1429 magna,

166 1437 213 1464 cui
228 1438 337 1472 gratias
350 1438 411 1474 agit
428 1439 532 1467 concio
548 1439 614 1467 lae'a
631 1440 790 1475 justorum,
807 1441 845 1468 ad
861 1449 952 1477 quam

167 1484 268 1512 territa
283 1485 358 1521 fugit
370 1485 457 1513 turba
471 1493 593 1514 reorum
609 1495 615 1513 :
633 1486 671 1514 ad
687 1489 725 1521 te,
742 1489 910 1523 praepotens
926 1490 954 1516 et

165 1531 332 1559 misericors
349 1532 483 1567 Domina,
500 1540 556 1568 ego
572 1535 711 1569 peccator
730 1534 836 1562 anxius
852 1535 954 1563 confu-

167 1578 226 1613 gio.
244 1588 257 1605 u
275 1579 362 1608 Vides
377 1580 481 1614 modo,
497 1580 654 1616 quomodo
670 1580 759 1608 Maria
774 1584 817 1609 est
830 1582 953 1610 domina

167 1625 345 1660 angelorum
367 1627 398 1653 in
419 1627 504 1654 coelo.
528 1627 615 1654 Vides
638 1628 770 1655 secundo
796 1629 952 1664 quomodo

166 1672 255 1700 Maria
268 1675 310 1700 est
324 1673 448 1701 domina
460 1673 617 1701 homiuum
630 1674 661 1701 in
677 1675 802 1703 mundo.

202 1720 296 1748 Tertio
311 1720 479 1755 considera,
495 1721 677 1756 charissime,
694 1723 849 1757 quomodo
863 1724 953 1752 Maria

168 1768 210 1794 est
225 1766 349 1795 domina
362 1767 534 1795 daemonum
549 1768 579 1795 in
598 1768 724 1803 inferno,
739 1771 799 1796 tam
819 1773 953 1805 potenter

163 1813 208 1849 eis
233 1813 392 1841 dominans
416 1814 514 1849 etiam,
539 1817 569 1842 ut
593 1815 629 1842 dc
657 1815 722 1850 ipsa
744 1816 838 1852 accipi
861 1817 953 1853 possit

168 1859 244 1887 illud
260 1860 366 1888 Psalmi
381 1860 391 1875 ¹*
408 1870 414 1888 :
436 1862 548 1896 Virqam
567 1863 681 1889 virtutis
694 1864 747 1890 cuae
770 1866 873 1892 emittet
899 1866 952 1892 Do-

168 1908 269 1941 minus,
286 1908 339 1935 etc.
356 1907 444 1942 Virga
460 1908 573 1935 virtutis
594 1911 636 1936 est
657 1909 742 1944 virgo
766 1910 864 1939 Maria.
886 1913 952 1947 Ipsa

169 1955 211 1981 est
239 1953 324 1988 virga
352 1956 450 1981 Aaron
473 1954 581 1983 florida
609 1964 662 1991 per
684 1956 893 1993 virginitatem,
925 1960 952 1986 et

166 1999 317 2028 fructifera
340 2009 393 2036 per
416 2001 647 2030 foecunditatem.
678 2005 742 2038 ipsa
763 2012 885 2040 quoque
910 2008 953 2033 est

167 2046 261 2082 virga,
274 2047 310 2075 de
326 2056 386 2083 qua
401 2048 508 2076 dicitur
521 2048 551 2076 in
566 2050 641 2077 Ιεαία
652 2050 662 2067 5
676 2059 683 2076 .·
699 2051 860 2084 Ερνσιίῑείιιν
874 2053 952 2085 ¹uirqa

168 2093 201 2120 de
224 2094 314 2121 radice
337 2096 416 2122 Jesse.
446 2097 512 2123 Hsec
529 2096 614 2131 virga
635 2096 718 2132 virgo
742 2097 846 2132 Maria,
866 2098 952 2134 virga

169 2140 283 2168 virtutis
304 2143 346 2169 est
368 2144 470 2170 eontra
489 2143 625 2171 inimicos
644 2144 813 2177 infernales,
842 2146 951 2181 quibus

167 2195 279 2222 magna
295 2188 401 2216 virtute
421 2189 609 2224 dominatum
626 2192 654 2218 el
668 2191 736 2219 ideo
753 2192 875 2220 domina
890 2194 950 2221 tam

167 2242 291 2269 magna,
313 2237 374 2262 tam
403 2244 519 2271 magnae
543 2237 666 2272 virtutis,
692 2239 796 2266 merito
821 2247 837 2266 a
863 2240 951 2267 nohis

168 2282 295 2315 amatur,
318 2282 420 2310 merito
441 2291 458 2310 a
475 2283 562 2311 nobis
584 2283 733 2319 laudatur,
757 2287 784 2313 et
807 2286 911 2313 merito
934 2295 951 2314 a

168 2328 256 2356 nobis
279 2330 432 2363 exoratur,
456 2332 487 2357 ut
509 2338 563 2357 nos
590 2334 693 2359 contra
719 2332 855 2360 inimicos
881 2333 951 2361 istos

168 2376 293 2403 tueatur.
321 2376 496 2411 Exemplum
525 2377 574 2404 dat
596 2378 682 2405 nobis
703 2380 868 2415 Ansclmus,
899 2381 950 2416 qui

168 2424 278 2450 tantam
299 2423 453 2451 Dominam
468 2423 625 2459 alloquens
647 2425 687 2452 ait
704 2434 709 2452 :
731 2428 804 2459 «Te,
828 2428 951 2456 Domina

168 2476 287 2504 magna,
315 2471 343 2497 et
367 2470 452 2497 valde
482 2478 603 2505 magna,
628 2473 655 2499 te
682 2473 745 2500 vult
771 2481 822 2500 cor
851 2482 950 2502 mcum

170 2523 280 2550 amare,
297 2518 323 2544 te
339 2517 463 2553 cupitos
478 2526 580 2545 meum
599 2518 732 2553 laudare,
754 2522 780 2548 te
802 2520 951 2550 desiderat

171 2563 304 2592 venerari
324 2572 407 2592 mens
426 2573 504 2600 mea,
520 2566 546 2592 te
567 2566 683 2594 allectat
704 2574 827 2595 exorare
851 2569 950 2597 anima

204 2659 210 2674 ¹
228 2659 292 2684 Psac.
310 2666 393 2691 cxxn,
413 2662 435 2685 ἓ.
452 2675 482 2678 -
496 2662 505 2677 *2
523 2663 656 2692 Bernard„
673 2663 698 2686 in
720 2663 772 2693 Viq.
789 2663 849 2687 Nat.
868 2665 949 2689 Doni..

291 2714 364 2736 TOM.
391 2715 458 2738 XIV.

1726 203 1782 234 241

1002 268 1079 295 mea,
1097 261 1168 297 quia
1184 262 1301 292 tuitioni
1315 265 1372 292 tuae
1385 271 1416 292 se
1431 266 1624 295 commendat
1637 267 1699 296 tota
1717 268 1786 296 sub-

1000 308 1106 336 stantia
1119 317 1195 338 mea.
1212 311 1257 339 Sic
1273 319 1345 348 ergo
1361 312 1447 341 vides
1465 314 1621 350 quomodo
1641 315 1731 344 Maria
1745 318 1788 346 est

1001 354 1125 384 domina
1146 357 1321 393 angelorum
1336 359 1366 387 in
1382 359 1469 395 coelo,
1485 359 1610 390 domina
1629 362 1788 391 hominum

1000 401 1031 428 in
1046 403 1173 439 mundo,
1190 406 1217 432 et
1232 405 1356 435 domina
1367 407 1540 436 daemonum
1555 409 1586 436 in
1600 409 1727 438 inferno.
1745 411 1789 438 Vi-

1002 448 1054 476 des
1069 457 1140 485 ergo
1156 459 1192 478 ex
1215 452 1373 488 praedictis,
1399 454 1483 490 quod
1502 455 1594 492 Maria
1611 464 1693 485 mare
1708 465 1789 485 ama-

1001 503 1080 531 rum,
1100 497 1185 533 quod
1202 499 1291 527 Maria
1306 500 1392 528 stelza
1407 501 1508 538 maris,
1529 503 1619 531 Maria
1639 503 1790 533 illumina-

1001 542 1068 577 trix,
1084 543 1173 572 Maria
1185 544 1308 574 domina
1324 548 1602 578 convenientissime
1616 549 1790 587 interpreta-

1002 591 1059 618 tur.
1076 591 1165 619 Maria
1182 591 1262 620 enim
1278 601 1415 622 amarum
1430 603 1512 624 mare
1536 598 1579 624 est
1601 597 1790 627 daemonibus

1002 637 1150 673 perversis
1156 648 1164 674 3
1181 640 1271 668 Maria
1283 640 1368 669 stella
1383 642 1473 670 maris
1484 645 1526 671 est
1536 644 1710 674 hominibus
1721 654 1792 674 con-

1003 684 1109 720 versis:
1127 685 1216 714 Maria
1230 686 1425 716 illuminatrix
1445 691 1487 718 est
1502 691 1616 726 angelis
1631 700 1693 721 non
1707 701 1791 722 aver-

1004 730 1058 767 sis;
1092 732 1181 761 Maria
1213 734 1256 761 est
1280 734 1439 763 dominans
1468 738 1608 766 creaturis
1636 739 1790 769 universis.

1005 778 1137 814 OremuS,
1160 780 1336 816 charissimi,
1356 790 1476 811 oremus
1501 784 1701 822 devotissime,
1728 796 1792 816 ore-

1005 832 1071 852 mus
1087 826 1219 862 Mariam,
1242 829 1269 856 et
1284 828 1418 858 dicamus
1442 840 1448 856 z
1472 831 1533 866 Eia,
1558 840 1640 861 mare
1656 841 1793 862 amarum

1006 872 1105 907 Maria,
1123 873 1235 909 adjuva
1250 883 1316 910 nos,
1332 878 1364 904 ut
1379 877 1410 904 in
1425 886 1496 906 vera
1510 879 1684 914 poenitentia
1697 882 1794 910 totali-

1006 920 1050 947 ter
1070 920 1279 950 amaricemur.
1303 923 1364 958 Eia,
1386 924 1469 953 stella
1491 926 1582 954 maris
1608 928 1713 963 Maria,
1738 929 1793 957 ad-

1004 966 1078 1002 juva
1093 975 1158 1002 nOS,
1170 970 1201 996 ut
1215 976 1269 1004 per
1277 978 1359 998 mare
1375 972 1473 1000 saeculi
1488 973 1678 1009 spiritualiter
1691 977 1795 1004 rectifi-

1008 1021 1120 1041 cemur.
1137 1014 1200 1050 Eia,
1214 1015 1408 1045 illuminatrix
1421 1020 1520 1054 Maria,
1530 1021 1641 1056 adjuva
1648 1030 1713 1058 nost,
1725 1024 1794 1052 utin

1008 1062 1105 1096 gloria
1133 1064 1308 1093 aeternaliter
1332 1065 1544 1095 illuminemur.
1575 1069 1640 1104 Eia,
1669 1070 1794 1099 Domina

1007 1109 1108 1145 Maria,
1124 1111 1237 1147 adJuva
1251 1120 1317 1148 nos,
1333 1115 1365 1141 ut
1388 1115 1437 1142 tua
1460 1115 1676 1150 gubernatione
1698 1119 1726 1145 et
1741 1118 1795 1146 do-

1008 1156 1171 1186 minatione
1189 1158 1318 1188 filialiter
1335 1161 1547 1196 gubernemur.
1569 1165 1621 1191 Per
1637 1165 1795 1193 Dominum

1008 1205 1153 1240 nostrum,
1170 1208 1223 1233 etc.

1295 1307 1432 1338 LECTIO
1459 1310 1509 1339 IV.

1010 1374 1111 1402 Nomen
1126 1376 1220 1404 Μανία
1242 1378 1274 1404 Β.
1302 1379 1414 1413 Virgini
1435 1389 1517 1415 quam
1536 1383 1574 1409 sit
1599 1385 1796 1412 convenientis—

1045 1418 1156 1452 simum,
1187 1422 1212 1446 et
1241 1421 1312 1454 quod
1340 1422 1431 1449 eadem
1458 1425 1531 1451 cmm⁴
1555 1425 1626 1452 vitio
1646 1428 1744 1462 caruit,
1770 1430 1796 1454 et

1044 1463 1117 1489 cmiii
1131 1464 1233 1491 virtute
1244 1466 1353 1493 claruit.

1044 1537 1108 1571 Ave,
1129 1538 1230 1565 Maria.
1248 1540 1361 1567 Nomen
1380 1540 1411 1568 id
1428 1541 1623 1570 affectuosum
1646 1545 1673 1571 ct
1689 1544 1796 1572 dulcis-

1008 1582 1127 1618 simum,
1146 1592 1254 1613 nomen
1277 1586 1308 1613 id
1330 1588 1492 1622 gratiosum
1513 1591 1540 1617 ct
1562 1590 1794 1626 nobilissimum,

1008 1638 1120 1658 nomen
1131 1631 1163 1658 id
1174 1632 1339 1666 gloriosum
1349 1636 1376 1662 et
1387 1635 1596 1669 dignissimum
1606 1637 1716 1673 optime
1728 1647 1796 1667 con-

1008 1677 1088 1704 venit
1100 1678 1193 1705 beatae
1208 1679 1320 1715 Virgini
1333 1681 1462 1710 dominae
1475 1685 1592 1711 nostrce.
1610 1685 1794 1713 Convenien-

1009 1723 1118 1751 lissime
1126 1725 1213 1761 Virgo
1225 1728 1284 1754 tam
1295 1728 1345 1762 pia
1356 1730 1462 1756 vocata
1475 1731 1516 1757 est
1529 1731 1629 1758 Maria.
1640 1733 1705 1767 Ipsa
1716 1733 1795 1760 enim

1008 1773 1051 1798 est
1058 1772 1156 1805 Maria,
1166 1781 1232 1808 quae
1240 1776 1267 1801 et
1277 1775 1359 1802 omni
1371 1776 1441 1804 vitio
1449 1777 1554 1812 caruit,
1568 1779 1794 1807 etomnivirtute

1008 1818 1122 1846 claruit.
1136 1821 1211 1855 Ipsa,
1220 1820 1358 1856 inquam,
1367 1825 1409 1850 est
1422 1823 1520 1858 Maria,
1531 1832 1596 1859 quae
1606 1833 1623 1852 a
1634 1828 1746 1861 septem
1755 1827 1796 1854 vi-

1008 1865 1053 1892 tiis
1075 1866 1253 1900 capitalibus
1280 1868 1333 1895 suit
1356 1868 1584 1898 immunissima.
1608 1872 1697 1900 Maria
1716 1873 1795 1900 enim

1008 1913 1111 1939 contra
1127 1913 1300 1948 superbiam
1320 1915 1555 1950 profundissima
1571 1925 1625 1953 per
1645 1919 1795 1948 humilita-

1008 1960 1081 1992 tem;
1097 1962 1199 1987 contra
1214 1960 1358 1989 invidiam
1373 1962 1618 1992 affectuosissima
1632 1973 1684 2001 per
1699 1967 1795 1995 chari-

1007 2007 1095 2033 tatem
1103 2016 1110 2040 ς
1137 2008 1237 2034 contra
1260 2008 1334 2036 iram
1360 2011 1598 2039 mansuetissima
1616 2020 1670 2047 per
1691 2013 1794 2042 lenita-

1007 2054 1080 2088 tem3
1097 2056 1200 2082 contra
1214 2055 1349 2083 acediam
1365 2056 1596 2086 indefessissima
1613 2067 1665 2094 per
1686 2061 1793 2089 seduli-

1006 2100 1107 2134 tatem3
1133 2101 1221 2128 Maria
1243 2104 1346 2130 contra
1367 2104 1521 2132 avaritiam
1547 2106 1718 2136 tenuissima
1739 2117 1793 2144 per

1006 2149 1226 2182 paupertatem3
1253 2149 1341 2177 Maria
1365 2154 1467 2178 contra
1488 2152 1590 2186 gulam
1611 2155 1791 2190 temperatis-

1006 2193 1081 2221 sima
1101 2202 1154 2229 per
1179 2195 1384 2231 sol)rictatem;
1408 2198 1496 2226 Maria
1515 2201 1617 2228 contra
1641 2200 1790 2230 luxuriam

1007 2241 1168 2268 castissima
1184 2249 1236 2277 per
1252 2242 1450 2277 virginitatem
1470 2245 1531 2273 fuit.
1555 2248 1617 2275 Haec
1636 2249 1737 2276 omnia
1754 2258 1790 2277 ex

1006 2287 1062 2314 illis
1085 2288 1235 2323 scripturis
1261 2289 1400 2325 colligere
1425 2300 1597 2327 possumus,
1623 2294 1652 2321 in
1681 2296 1790 2331 quibus

1006 2341 1117 2361 nomen
1132 2335 1225 2362 Mariae
1240 2343 1412 2371 expressum
1428 2338 1606 2367 invenimus.

1042 2381 1138 2408 Primo
1153 2383 1317 2418 considera,
1332 2384 1513 2420 charissime,
1528 2387 1610 2422 quod
1623 2388 1712 2416 Maria
1722 2397 1789 2424 pro-

1005 2428 1182 2456 fundissima
1201 2430 1281 2464 apud
1300 2438 1330 2458 se
1354 2431 1405 2458 suit
1423 2440 1476 2467 per
1495 2432 1700 2462 humilitatem.
1723 2437 1788 2471 Ipsa

1006 2475 1084 2501 enim
1100 2477 1141 2502 est
1155 2476 1252 2510 Maria,
1269 2477 1305 2505 de
1321 2486 1380 2513 qua
1396 2478 1503 2506 (licitur
1522 2480 1551 2506 iu
1566 2481 1638 2508 Luca
1653 2482 1662 2497 ⁶
1677 2491 1685 2508 .·
1702 2483 1784 2510 Dixit

1006 2524 1092 2548 aulum
1108 2522 1201 2549 Maria
1214 2532 1222 2550 :
1234 2524 1300 2550 Ecce
1313 2526 1414 2552 ancilla
1424 2527 1542 2552 Domini.
1559 2528 1580 2554 Ο
1591 2520 1667 2556 inira
1678 2531 1706 2556 et
1717 2537 1784 2564 pro-
1797 2531 1902 2581 rig-³2:¹-

1799 2592 1889 2612 militas.

1005 2568 1097 2595 funda
1107 2568 1256 2597 humilitas
1271 2571 1378 2599 Mariael
1398 2574 1468 2599 Ecce
1485 2574 1573 2601 Maria
1588 2575 1786 2611 archangelus

1006 2639 1081 2656 serm.
1106 2638 1122 2663 1,
1145 2633 1168 2656 lu
1189 2634 1248 2658 fine.
1265 2647 1295 2651 —
1311 2635 1320 2651 3
1342 2635 1415 2666 Μὰ,
1433 2636 1462 2660 <le
1474 2638 1641 2669 Aquaeiluctu,
1659 2641 1726 2665 circa
1742 2643 1785 2665 lin.

1010 2681 1034 2684 ᾔ
1053 2668 1062 2683 ¹³
1079 2668 1146 2692 Psal.
1163 2675 1216 2699 uix,
1232 2671 1256 2693 2.
1269 2684 1299 2687 —
1314 2671 1322 2684 ⁵
1336 2672 1394 2699 Im„
1413 2675 1529 2700 x1,l.—
1546 2675 1634 2706 ¹³Luc.,
1653 2682 1669 2706 ῐ,
1685 2677 1723 2701 38.

1631 2724 1669 2751 16
