2029 3052
399 305 539 334 entiam
551 305 641 332 instar
652 303 731 332 initis
742 302 881 335 nubam,
893 303 938 333 nr.

319 359 456 394 Domina,
481 358 584 388 audivi
607 357 791 386 auditionem
811 357 905 390 tuam,
919 355 949 383 ct
962 353 1063 383 obstu-

283 406 338 443 pui
352 415 360 434 :
375 405 564 434 consideravi
577 411 670 441 opera
683 405 744 438 tua,
759 403 789 432 et
803 401 923 438 expavi.

319 453 454 488 Domina,
469 460 546 488 opus
559 453 664 480 tuumz
679 449 758 478 cirea
768 448 903 478 medium
914 455 1064 477 annorum

285 499 440 529 vivificasti
451 499 537 527 illud.

320 546 491 575 confitebor
508 545 576 580 tihi,
599 543 725 572 Domina
750 553 758 572 :
783 543 856 580 quia
883 541 1064 571 abscondisti

284 593 348 622 hinc
361 601 380 621 a
393 591 586 629 sapientibus,
603 593 632 620 et
644 590 780 619 revelasti
795 598 831 619 ea
843 589 991 626 parvulis

322 639 443 676 Operuit
469 638 561 667 coelos
587 637 684 674 gloria
707 639 758 666 tua
784 646 791 665 :
812 639 841 665 et
857 634 1065 665 misericordia

285 688 338 715 tua
353 686 444 723 plena
457 688 500 714 est
512 687 600 714 terra.

284 734 444 770 *gugressa
461 741 504 768 οε,
518 732 617 768 Virgo,
635 732 668 760 in
685 731 809 760 salutem
823 729 928 766 populi
947 728 991 757 tui
1006 737 1014 755 :
1034 727 1065 755 in

286 780 412 809 salutem
424 788 494 808 cum
508 779 622 808 Christo
636 780 698 806 tuo.

322 829 345 856 Ο
358 827 527 861 benedicta,
541 826 572 854 in
586 825 726 854 manibus
739 824 798 852 tuis
812 825 855 851 est
868 821 999 858 reposita
1011 828 1067 849 no-

286 877 347 903 stra
364 874 445 903 salus
461 883 468 902 :
489 872 660 906 recordare,
674 871 734 908 pia,
750 869 932 908 paupertatis
946 870 1063 896 nostrae.

323 923 416 956 Quem
433 921 489 956 vis,
510 921 573 956 ipse
596 919 697 947 salvus
713 917 768 946 erit
776 927 785 952 ;
801 919 829 945 et
844 925 863 945 a
882 924 943 952 quo
958 915 1065 943 avertis

286 969 402 998 vultum
415 970 511 1002 tuum,
525 966 609 995 vadit
622 966 653 994 in
666 965 825 994 interitum.
842 963 941 992 Gloria
955 965 1009 991 etc.

335 1035 477 1064 Canticum
491 1036 582 1062 instar
595 1034 672 1061 itlius
685 1033 774 1067 Moysi
787 1031 893 1068 (Deut.‚
907 1029 1011 1062 xxxii).

321 1097 438 1132 Audite,
463 1095 541 1130 coeli,
566 1103 632 1132 quae
651 1094 761 1130 loquar
781 1092 818 1120 de
835 1091 924 1120 Maria
939 1100 947 1119 :
963 1089 1066 1119 audiat

287 1146 365 1172 terra
376 1143 470 1181 verba
485 1143 544 1171 oris
557 1143 626 1170 mei.

323 1190 505 1226 Magnificate
523 1189 618 1225 ipsam
634 1195 753 1216 mecum
768 1192 886 1221 semper
907 1193 914 1212 :
936 1186 964 1212 et
984 1182 1066 1211 exal-

287 1240 382 1266 temus
396 1244 507 1265 nomen
523 1236 586 1271 ejus
601 1235 631 1262 in
646 1233 788 1262 saeculum
799 1231 908 1260 saeculi.

323 1283 476 1312 Generatio
490 1290 585 1319 prava
599 1284 687 1318 atque
698 1287 856 1316 perversa:
875 1285 1002 1314 agnosce
1013 1279 1066 1305 Do-

287 1331 401 1359 minam
414 1332 547 1358 nostram
560 1328 744 1357 salvatricem
759 1329 849 1354 tuam.

321 1377 472 1414 Numquid
486 1385 548 1404 non
557 1376 621 1412 ipsa
635 1378 677 1404 est
687 1377 780 1402 mater
792 1377 851 1408 tua,
863 1381 928 1409 quae
936 1371 1068 1408 possedit

288 1429 334 1454 te:
351 1428 379 1453 et
393 1426 424 1452 in
437 1425 497 1452 fide
514 1423 664 1460 generavit
680 1422 729 1450 te?

323 1474 350 1502 Si
366 1473 443 1501 hanc
458 1472 589 1505 dimittis,
606 1478 667 1499 non
683 1479 713 1498 es
728 1469 840 1497 amicus
852 1467 960 1496 summi
975 1468 1067 1495 Caesa-

287 1521 328 1548 ris
344 1530 350 1548 :
367 1520 510 1556 quoniam
524 1519 586 1555 ipse
602 1518 664 1545 sine
680 1525 715 1545 ea
729 1524 790 1544 non
806 1515 932 1543 salvabit
947 1517 984 1542 te.

324 1567 439 1595 [tinam
453 1573 582 1602 saperes,
600 1567 628 1593 et
641 1564 840 1599 intelligeres:
857 1570 890 1590 ac
905 1560 1068 1589 novissima

288 1613 477 1651 provideres!

325 1659 584 1695 Quemadmodum
605 1658 702 1686 inians
722 1657 783 1684 sine
804 1655 916 1683 nutrice
935 1662 996 1682 non
1015 1661 1068 1690 po-

290 1712 343 1737 test
361 1709 460 1736 vivere
477 1717 482 1734 z
501 1707 542 1735 ita
562 1714 616 1734 nec
636 1705 698 1732 sine
722 1704 845 1732 Domina
867 1705 967 1730 nostra
984 1704 1068 1738 potes

290 1756 400 1784 habere
415 1754 550 1782 salutem.

326 1803 406 1830 Sitiat
417 1810 488 1837 ergo
498 1801 598 1828 anima
613 1802 661 1827 tua
676 1799 714 1826 ad
727 1799 832 1834 ipsam,
849 1800 911 1824 tene
924 1803 1000 1830 eam,
1014 1802 1067 1823 nec

291 1850 404 1878 dimitte
419 1858 425 1876 ε
442 1848 537 1876 donec
552 1845 736 1875 benedixerit
751 1844 814 1872 tibi.

326 1897 483 1933 Repleatur
503 1903 536 1922 os
553 1897 638 1921 tuum
659 1892 748 1920 laude
769 1899 822 1919 sua
840 1900 846 1918 ;
869 1890 994 1918 decanta
1009 1891 1068 1917 tota

292 1945 338 1973 die
353 1942 604 1979 magnificentiam
619 1941 692 1976 ejus.
709 1939 806 1967 Gloria
822 1938 907 1972 Patri,
923 1940 976 1965 etc.

367 2019 507 2046 Canticum
532 2019 623 2043 instar
647 2016 723 2042 illius
748 2016 828 2041 trium
853 2013 997 2039 Puerorum

602 2059 694 2092 (Dan,
711 2057 764 2085 ιιι).

327 2127 503 2160 Benedicite,
519 2125 619 2154 omnia
637 2132 740 2160 opera,
760 2122 890 2151 Dominae
911 2121 1066 2156 gloriosae:

293 2175 410 2203 laudate
426 2177 453 2202 et
467 2172 680 2209 superexaltate
697 2179 762 2199 eam
778 2170 807 2197 in
823 2168 939 2196 ssecula.

328 2221 504 2255 Benedicite,
519 2219 632 2255 Angeli,
654 2218 782 2246 Dominae
797 2219 902 2245 nostrae
920 2224 926 2242 :
949 2212 1070 2242 henedi-

293 2271 357 2304 cite,
373 2269 450 2302 coeli,
464 2267 593 2295 Dominae
608 2268 722 2294 nom-ce.

329 2315 483 2344 Benedicat
497 2314 593 2342 omnis
608 2316 740 2340 creatura
754 2311 908 2339 Dominam
924 2311 1068 2337 nostram:

293 2371 384 2400 quam
399 2364 458 2390 Rex
470 2362 509 2388 sic
524 2361 618 2388 voluit
634 2359 779 2387 benedici.

329 2409 484 2438 Benedicta
499 2408 547 2442 sis,
561 2416 578 2435 0
588 2407 694 2434 summi
708 2405 791 2440 Regis
805 2405 866 2432 filia
878 2413 884 2431 :
900 2411 965 2439 quae
978 2402 1070 2431 odore

294 2458 380 2494 praeis
394 2459 498 2484 cuncta
513 2455 584 2482 lilia.

331 2504 486 2531 Benedicta
501 2502 549 2536 sis,
567 2507 677 2528 corona
700 2498 891 2526 dominarum
912 2496 1046 2525 omnium
1064 2504 1070 2522 ε

295 2551 450 2579 benedicta
465 2550 519 2583 sis,
535 2547 630 2584 gloria
650 2545 840 2573 Hierusalem.

332 2599 411 2626 Odor
426 2602 491 2626 tuus
507 2598 579 2624 sicut
597 2596 659 2631 agri
678 2594 767 2630 pleni,
785 2593 830 2621 eui
846 2591 998 2620 benedixit
1014 2591 1071 2618 Do-

295 2647 411 2674 minus:
431 2646 482 2681 qui
502 2645 532 2672 in
553 2642 761 2671 benedicentes
786 2643 811 2668 te
833 2639 990 2672 redundat,
1008 2636 1072 2665 irri-

297 2701 370 2729 gans
385 2693 485 2720 omnia
501 2691 602 2718 intima
618 2697 732 2718 eorum.

1136 0 1147 6 ⁵
1169 0 1434 27 “-·”-“ἾἼ<··Ξ“Ι;
1450 0 1500 22 '²31⁶-
1591 0 1761 25 *firmet-’‘-

734 213 907 249 CANTIGA
925 210 1073 247 BEATAE
1092 211 1234 246 mum
1253 212 1442 246 VIRGINIS.

1149 281 1206 316 Qui
1218 281 1405 310 benedixerit
1424 279 1489 316 tibi,
1509 287 1530 308 ο
1552 279 1643 315 Virgo
1661 279 1772 314 beata:
1789 279 1828 309 sit
1841 278 1893 308 ille

1112 327 1223 364 iugiter
1234 327 1418 356 benedictus.
1723 327 1729 330 “
1743 327 1746 330 “
1815 327 1820 330 ’

1151 376 1207 411 Qui
1225 375 1414 404 maledixerit
1429 374 1493 410 tibi,
1510 382 1580 403 rosa
1600 373 1836 403 candidissima:
1856 373 1896 403 sit

1115 422 1166 451 ille
1179 422 1365 452 maledictus.

1151 471 1217 498 Non
1229 469 1349 498 recedat
1362 469 1400 498 de
1414 469 1506 498 domo
1517 476 1672 497 servorum
1682 469 1821 496 tuorum:
1833 466 1898 496 vini

1116 518 1147 545 et
1159 516 1218 545 olei
1231 515 1426 545 abundantia.

1153 566 1186 593 ln
1200 563 1323 592 nominc
1345 564 1399 591 tuo
1419 569 1509 591 omne
1526 570 1606 598 genn
1624 562 1760 590 flectatur
1779 571 1787 590 :
1808 560 1897 590 coele-

1117 609 1217 643 stium,
1231 609 1413 638 terrestrium
1426 611 1455 638 et
1467 609 1664 638 infernorum.

1154 656 1367 685 Benedicamus
1384 657 1493 692 Deum,
1509 656 1562 693 qui
1574 658 1602 684 te
1621 655 1732 684 creavit
1746 664 1756 683 τ
1771 654 1896 684 benedi-

1119 706 1182 732 ctus
1195 705 1320 740 uterque
1333 711 1453 740 parens,
1469 703 1520 740 qui
1532 705 1561 731 te
1576 702 1736 739 generavit.

1153 751 1310 779 Benedicta
1319 750 1369 786 sis,
1380 750 1516 785 Domina,
1528 750 1560 778 in
1567 750 1644 778 ooelo
1652 751 1680 778 et
1687 749 1820 778 interra:
1832 748 1898 778 lau-

1119 797 1237 833 dabilis,
1251 799 1280 826 et
1298 797 1440 834 gloriosa,
1455 799 1483 826 et
1497 796 1715 834 superexaltata
1728 795 1760 824 in
1774 795 1895 824 saecula.

1154 845 1253 875 Gloria
1268 844 1355 880 Patri,
1370 846 1425 872 etc.

1191 904 1334 932 Canticum
1348 904 1437 930 instar
1449 903 1528 930 illius
1540 902 1677 930 zadiar-icc
1690 902 1780 938 (Luc.‚
1793 901 1825 938 ι).

1155 964 1310 993 Benedicta
1345 964 1396 998 sis,
1429 963 1554 991 Domina
1580 964 1609 990 et
1637 963 1726 991 Mater
1761 961 1812 990 Dei
1838 962 1898 990 mei

1118 1012 1228 1041 lsrael:
1249 1012 1301 1048 qui
1323 1019 1377 1048 per
1398 1013 1425 1039 te
1442 1009 1615 1045 vivificavit,
1640 1012 1669 1038 ct
1690 1009 1759 1038 fecit
1784 1009 1900 1038 redem-

1118 1059 1253 1096 ptionem
1265 1058 1364 1096 plebis
1382 1066 1452 1086 suoe.

1155 1107 1187 1134 Et
1193 1105 1286 1134 erexit
1292 1105 1438 1134 unicornu
1449 1105 1487 1140 (a)
1494 1103 1630 1132 salutaris
1637 1103 1774 1132 castitatis
1782 1106 1838 1132 tuae
1850 1112 1857 1132 :
1868 1103 1899 1132 in

1120 1153 1213 1182 domo
1229 1152 1322 1181 David
1335 1151 1420 1188 pueri
1433 1151 1489 1179 sui.

1155 1200 1233 1228 Sicut
1255 1199 1371 1227 locutus
1394 1201 1437 1226 est
1459 1206 1513 1234 per
1531 1206 1564 1226 os
1588 1198 1669 1226 Isaiae
1692 1207 1700 1226 ε
1724 1199 1753 1226 et
1770 1197 1900 1226 aliorum

1119 1249 1288 1276 sanctorum
1306 1245 1520 1282 prophetarum
1535 1245 1608 1280 ejus.

1156 1294 1284 1323 Salutem
1302 1302 1338 1321 ex
1352 1293 1478 1320 inimicis
1492 1295 1606 1328 praesta,
1622 1292 1776 1328 Virginum
1792 1292 1898 1327 Virgo:

1121 1342 1158 1370 de
1172 1349 1263 1369 manu
1278 1341 1425 1375 omnium,
1438 1339 1489 1376 qui
1504 1347 1559 1367 nos
1574 1339 1711 1374 oderunt,
1726 1346 1834 1375 pacem
1843 1345 1899 1366 no-

1120 1389 1166 1417 bis
1180 1388 1286 1416 tribue.

1157 1439 1189 1465 Et
1201 1436 1244 1464 t'ac
1259 1435 1493 1464 misericordiam
1503 1442 1558 1470 pro
1567 1432 1742 1470 parentibus
1752 1434 1780 1461 et
1791 1431 1881 1460 nobis
1891 1441 1898 1460 ι

1120 1487 1152 1512 ut
1166 1491 1282 1511 memor
1296 1483 1335 1510 sis
1349 1482 1514 1510 testamenti
1529 1479 1740 1516 omnipotentis
1755 1479 1817 1507 Dei.

1157 1530 1243 1564 Quod
1256 1529 1366 1565 juravit
1379 1528 1418 1556 ad
1432 1530 1528 1564 patres
1541 1530 1658 1556 nostros
1675 1537 1682 1554 :
1705 1525 1856 1555 Abraham
1871 1527 1899 1554 et

1122 1577 1226 1606 semini
1239 1578 1302 1612 ejus
1316 1576 1348 1604 in
1362 1575 1478 1603 saecula.

1157 1625 1201 1653 Sic
1216 1624 1278 1652 sine
1293 1624 1397 1651 timore
1416 1622 1453 1650 de
1473 1629 1565 1649 manu
1579 1621 1766 1649 im'mioorum
1780 1622 1897 1648 nostro-

1122 1680 1189 1700 rum
1202 1670 1316 1699 liberati
1331 1680 1337 1698 :
1355 1669 1452 1706 quiete
1464 1669 1626 1696 serviemus
1641 1668 1695 1696 illi.

1157 1720 1188 1747 ln
1203 1717 1353 1746 sanctitate
1377 1719 1404 1744 et
1422 1715 1533 1751 justitia
1557 1723 1657 1743 coram
1682 1717 1709 1742 te
1727 1723 1734 1742 :
1760 1712 1900 1742 omnibus

1122 1766 1229 1794 diebus
1243 1764 1358 1792 nostris.

1159 1815 1190 1842 Et
1201 1816 1242 1846 tu,
1254 1811 1352 1845 Maria,
1360 1810 1506 1846 Propheta
1518 1809 1566 1837 Dei
1575 1808 1747 1837 vocaberis:
1758 1807 1902 1844 quoniam

1123 1859 1240 1894 novisti,
1252 1858 1334 1895 quod
1347 1857 1475 1893 respexit
1488 1856 1684 1884 humilitatem
1701 1854 1816 1882 ancillae
1830 1862 1899 1882 suae.

1158 1909 1210 1935 Per
1223 1914 1314 1942 quam
1330 1905 1411 1933 dedit
1426 1903 1578 1932 scientiam
1592 1902 1693 1930 salutis
1710 1901 1792 1938 plebi
1812 1901 1876 1936 ejus
1892 1909 1899 1928 :

1123 1955 1153 1983 in
1168 1953 1374 1982 remissionem
1387 1953 1586 1987 peccatorum.

1158 2003 1210 2029 Per
1236 2000 1348 2027 viscera
1371 1997 1567 2026 multitudinis
1589 1995 1799 2024 misericordiae
1818 1996 1874 2022 tuae
1892 2002 1899 2021 :

1123 2049 1209 2078 visita
1223 2056 1288 2082 nos,
1304 2046 1393 2075 Stella
1407 2045 1561 2078 matutina,
1575 2044 1673 2072 oriens
1688 2051 1724 2071 ex
1739 2042 1809 2070 alto.

1161 2095 1297 2125 illumina
1308 2093 1443 2121 tenebras
1453 2091 1618 2119 sedentium
1628 2090 1659 2117 in
1667 2089 1775 2117 umbra
1783 2088 1900 2116 mortis:

1123 2146 1150 2171 et
1171 2150 1220 2170 eas
1256 2141 1321 2168 luce
1345 2139 1380 2175 (b)
1410 2137 1592 2166 dilectissimi
1618 2136 1680 2164 Filii
1703 2136 1744 2164 tui
1770 2134 1902 2170 digneris

1124 2189 1273 2218 instillare.

1160 2238 1304 2270 Miserere,
1317 2233 1528 2262 misericordia:
1551 2234 1651 2265 Mater,
1676 2230 1765 2258 nobis
1787 2229 1902 2257 miseris

1124 2283 1338 2321 peccatoribus,
1364 2281 1416 2317 qui
1443 2281 1588 2308 retroacta
1615 2279 1738 2314 peccata
1760 2276 1902 2313 poenitere

1125 2330 1303 2366 negligimus
1320 2338 1326 2356 :
1342 2336 1376 2356 ac
1391 2327 1485 2354 multa
1499 2325 1632 2362 quotidie
1643 2323 1814 2361 poenitenda
1822 2330 1901 2350 com-

1125 2377 1276 2406 mittimus.
1293 2375 1391 2404 Gloria
1407 2374 1492 2407 Patri,
1509 2375 1562 2400 etc.

1126 2440 1246 2472 Hymnus
1274 2438 1363 2463 instar
1389 2435 1475 2468 illius,
1503 2435 1551 2468 qui
1583 2432 1731 2460 ascribitur
1758 2430 1901 2457 Ambrosio

1410 2480 1435 2504 et
1453 2476 1614 2510 Augustino.

1161 2545 1197 2571 Te
1220 2543 1339 2570 Matrem
1361 2540 1410 2568 Dei
1427 2538 1600 2567 laudamus:
1618 2538 1646 2564 te
1669 2535 1788 2565 Mariam
1810 2533 1901 2569 Virgi-

1126 2598 1195 2619 nem
1210 2588 1394 2626 profitemur.

1160 2688 1192 2712 (ω
1211 2685 1264 2715 Les)⁴
1283 2690 1374 2707 cornu.
1389 2695 1420 2699 -
1436 2680 1470 2711 (h,
1486 2680 1544 2703 [tem
1563 2679 1598 2702 eis
1612 2678 1704 2702 lucem*
