2029 3052
241 270 300 299 548

239 336 442 375 peccatorum
455 359 463 375 ‚
479 344 537 368 seu
558 336 779 368 satisfactionis
797 335 961 377 qualitate,
977 336 1015 366 ut

239 389 339 420 sciant
352 389 430 430 quid
450 389 491 421 sit
511 391 678 430 peccatum
696 390 831 421 mortale
843 414 852 429 ,
866 389 944 430 qnid
957 397 1014 421 ve-

239 442 334 482 niale,
351 443 428 484 quid
442 452 584 483 enorme,
602 443 682 485 quid·
692 443 813 483 levius,
834 443 887 476 vel
909 442 1015 484 quali-

238 497 287 527 ter
315 496 379 528 Deo
407 497 596 536 satisfaciat,
625 499 657 529 ct
681 497 819 538 qualiter
853 496 1012 538 proximo,

240 550 369 590 quando
383 550 520 590 publice,
535 551 587 582 vel
601 552 733 583 occulte.
750 551 831 583 Nam
844 551 878 581 in
898 550 1016 582 talibus

239 603 430 642 negligens,
452 605 580 635 tantum
605 607 698 637 nocet
720 605 786 644 alii,
813 605 894 636 sicut
918 604 1016 636 idiota

239 656 296 696 qui
311 656 400 688 docet
415 666 534 698 errare,
554 658 600 689 ita
618 658 789 699 negligens
811 658 965 699 relinquit
981 658 1015 689 in

238 718 356 742 errore.
372 710 564 752 Exemplum
579 712 618 744 de
631 721 714 744 caeco
729 713 825 752 duce,
840 714 872 744 et
887 712 943 753 qui
957 721 1015 743 cae-

238 773 315 795 cum
338 765 520 797 deviantem
540 775 607 797 non
624 767 747 798 reducit
760 766 800 798 ad
814 766 912 797 viam.
929 765 1012 797 Sub-

238 816 294 847 diti
309 817 397 848 enim
411 818 530 850 horum
548 818 616 859 ipsa
628 818 813 850 necessitate
827 818 939 850 salutis
960 827 1012 850 co-

237 872 364 910 guntur
385 871 463 903 alios
479 872 672 904 confessores
686 873 866 913 requirere,
884 872 919 903 in
937 872 1014 913 qui-

236 924 298 956 bus
322 925 558 957 insufficientiae
583 926 743 967 praedictae
763 936 827 958 non
849 926 1011 958 videntur.

236 977 326 1010 Sicut
342 979 398 1019 qui
411 980 469 1010 scit
483 979 645 1011 medicum
660 989 756 1012 suum
768 980 1012 1012 insufficientem

235 1032 275 1063 ad
298 1033 476 1064 curandum
494 1042 590 1072 eum,
608 1034 710 1066 alium
731 1034 906 1066 necessarie
927 1043 1013 1075 quae-

233 1087 295 1124 rat,
310 1086 337 1117 si
352 1087 421 1118 vult
435 1087 549 1118 mortis
564 1087 741 1128 periculum
757 1087 911 1127 effugere.
923 1087 1011 1125 Quod

233 1140 260 1171 si
275 1140 429 1180 plebanus
444 1141 517 1172 talis
529 1141 615 1172 nolet
627 1142 666 1182 (a)
679 1141 807 1172 subdito
821 1141 897 1173 dare
910 1141 1012 1173 licen-

233 1192 311 1222 tiam
332 1192 483 1224 idoneum
505 1194 718 1225 consessorem
747 1193 932 1234 quaerendi,
960 1194 1013 1225 vel

233 1258 292 1289 pro
313 1249 453 1288 malitia,
470 1249 523 1281 vel
538 1250 673 1289 invidia,
690 1259 747 1282 seu
770 1251 920 1292 superbia
941 1260 1010 1291 sua,

232 1302 299 1333 imo
319 1303 398 1334 forte
421 1304 565 1344 praecipit
588 1314 628 1335 ne
651 1305 745 1336 vadat
765 1305 804 1336 ad
827 1305 946 1343 alium·,
969 1305 1013 1336 ita

233 1358 359 1388 tenetur
381 1357 409 1388 ei
434 1358 468 1388 in
487 1358 548 1388 hoc
562 1358 689 1389 obedire
700 1382 708 1396 ‚
725 1358 807 1389 sicut
828 1368 940 1390 servus
955 1359 1011 1390 (10-

234 1411 333 1450 mino,
349 1412 406 1452 qui
420 1411 517 1442 nollet
532 1421 605 1442 eum
621 1421 765 1452 pascere,
781 1415 811 1443 et
828 1413 1013 1453 praeciperet

234 1465 265 1496 ei
279 1475 319 1496 ne
339 1465 413 1497 alibi
435 1465 496 1496 sibi
518 1466 625 1497 cibum
641 1466 832 1506 provideret.
849 1467 937 1504 Quod
953 1477 1013 1498 au-

234 1521 299 1550 tem
320 1519 453 1559 (licitur,
471 1520 557 1560 quod
579 1520 725 1551 subditus
742 1521 835 1551 (lebet
849 1521 939 1561 prius
957 1531 1011 1562 pe-

234 1575 301 1604 tere
324 1573 484 1604 licentiam
496 1598 504 1612 ,
522 1576 558 1604 ut
573 1575 667 1605 vadat
681 1575 719 1604 ad
736 1575 874 1615 peritum
890 1576 1011 1606 confes-

235 1636 354 1664 sorem,
370 1629 499 1667 propter
514 1628 669 1659 cautelam
686 1628 805 1659 factum
820 1631 878 1667 est,
895 1629 1013 1661 scilicet

234 1689 275 1711 ne
292 1690 332 1711 ex
349 1683 533 1721 contemptu
545 1684 668 1721 quan-at
678 1682 787 1719 alium,
801 1682 902 1713 velue
918 1683 1012 1714 vadat

234 1735 273 1765 ad
290 1735 397 1766 minus
413 1735 574 1774 idoneum,
596 1735 647 1766 vel
663 1745 702 1766 ne
718 1736 813 1766 vadat
834 1737 872 1767 ad
890 1737 1014 1768 11311611-

235 1797 320 1826 611111,
337 1788 388 1819 vcl
404 1798 443 1819 ne
459 1790 551 1820 detur
565 1789 654 1819 locus
668 1790 901 1829 tergiversandi
918 1791 1010 1821 mali-

234 1843 318 1882 gnis,
336 1843 412 1874 (lum
428 1845 580 1883 quaerunt
595 1843 713 1883 ignotis
724 1844 879 1882 confiteri,
896 1846 931 1874 ut
944 1853 1012 1875 cor-

234 1897 406 1928 rectionem
422 1898 470 1928 sui
487 1897 621 1937 pastoris
636 1897 813 1937 effugiant,
831 1900 861 1929 et
876 1898 919 1929 ita
934 1899 1011 1929 libc-

234 1951 302 1982 rius
316 1953 455 1991 peccent,
472 1952 523 1982 vel
538 1961 578 1982 116
593 1951 745 1982 simulent
759 1962 792 1983 56
805 1952 874 1983 aliis
888 1954 1010 1985 conses-

234 2014 296 2043 sos,
313 2014 386 2036 cum
402 2004 481 2035 nulli
498 2004 561 2035 sint
576 2005 720 2036 confessi.

650 268 784 308 QUARE
804 266 987 300 FRATRES
1008 266 1186 302 MINORES
1207 269 1440 304 PRAEDICENT

1069 336 1207 369 ecclesiis
1229 348 1309 380 quas
1329 340 1450 379 tenent,
1474 338 1519 371 ita
1538 340 1571 372 et
1590 339 1682 381 plebs
1701 339 1738 371 in
1757 338 1846 371 nullo

1067 390 1196 422 tenetur
1209 392 1340 424 eisdem.

1110 443 1190 477 Cum
1212 455 1293 486 ergo
1315 448 1543 488 praedictorum
1560 447 1706 480 omnium
1726 446 1846 478 subditi

1069 498 1206 537 possint,
1231 501 1263 531 et
1289 500 1424 533 debeant
1448 502 1518 533 aliis
1545 501 1710 540 confiteri,
1740 500 1848 541 potius

1069 559 1167 590 quam
1181 551 1255 591 illis,
1272 554 1329 594 qui
1341 555 1493 587 videntur
1501 564 1570 587 esse
1580 554 1708 596 plebani
1718 562 1845 592 eorum,

1069 607 1199 646 propter
1210 608 1394 648 praemissos
1415 619 1529 641 eorum
1550 609 1707 648 defectus,
1723 609 1755 639 et
1775 607 1848 638 laici

1069 659 1213 692 nesciant
1227 661 1406 694 discernere
1419 672 1500 704 quos
1510 663 1633 704 eligant
1646 661 1804 700 meliores,
1816 661 1849 692 et

1069 713 1173 746 clerici
1194 716 1301 756 potius
1327 718 1433 750 vitiosi
1455 718 1617 750 mitterent
1637 727 1692 750 eos
1714 717 1755 749 ad
1787 716 1848 747 sihi

1069 768 1200 808 similes,
1217 780 1315 811 quam
1332 772 1371 804 ad
1385 772 1530 812 idoneos,
1547 774 1579 804 et
1591 772 1671 804 satis
1689 771 1755 803 rari
1773 772 1849 803 sunt

1068 822 1101 854 in
1117 823 1200 855 clero
1218 826 1308 865 Jam,
1335 835 1415 867 quos
1434 827 1524 858 nulla
1539 827 1764 868 praedictarum
1779 834 1848 857 res-

1067 879 1182 918 pergat
1196 879 1413 919 macularum3
1431 881 1519 912 missi
1533 882 1608 912 sunt
1621 881 1735 912 fratres
1754 890 1773 912 a
1794 879 1847 912 Se—

1067 930 1106 962 de
1120 931 1300 972 Apostolica
1313 943 1371 974 per
1385 935 1556 973 mundum,
1569 935 1687 966 muniti
1698 936 1769 974 ejus
1782 936 1845 965 tes-

1067 984 1213 1024 timonio,
1225 986 1280 1026 qui
1296 987 1464 1027 praedictos
1486 988 1625 1024 defectus
1643 987 1844 1026 clericorum,

1067 1039 1124 1070 ubi
1137 1048 1266 1071 necesse
1288 1041 1400 1079 fuerit,
1417 1041 1597 1082 suppleant,
1614 1043 1644 1072 et
1659 1041 1845 1081 indigentiae

1067 1093 1210 1124 fidelium
1225 1095 1438 1134 subveniant,
1456 1097 1488 1127 et
1507 1105 1573 1127 non
1595 1097 1720 1127 tantum
1739 1095 1845 1134 laicos,

1068 1148 1123 1179 sed
1148 1150 1178 1178 et
1201 1148 1286 1189 ipsos
1307 1149 1437 1181 clericos
1452 1152 1483 1181 et
1497 1149 1666 1190 religiosos
1693 1149 1845 1190 praedica-

1067 1202 1207 1233 tionibus
1233 1203 1413 1243 instruant,
1436 1204 1712 1236 exhortationibus
1727 1214 1746 1234 a
1763 1203 1847 1235 malo

1067 1256 1252 1295 retrahant,
1276 1257 1409 1298 insuper
1433 1258 1588 1299 exemplis
1610 1258 1788 1295 aedificent,
1817 1258 1849 1288 et

1068 1311 1268 1342 orationibus
1297 1312 1436 1351 gratiam
1464 1312 1510 1343 eis
1535 1314 1567 1343 et
1593 1312 1722 1344 veniam
1751 1311 1848 1352 impe-

1068 1365 1153 1395 trent
1176 1365 1261 1405 apud
1277 1364 1388 1397 Deum.
1405 1365 1469 1397 Nos
1483 1366 1569 1397 enim
1583 1374 1696 1397 sumus
1709 1365 1755 1396 illi
1769 1374 1848 1406 pau-

1069 1427 1171 1458 peres,
1188 1419 1245 1460 qui
1266 1423 1469 1451 remanentes
1491 1419 1673 1460 manipulos
1686 1421 1847 1464 segetum,

1068 1475 1100 1503 et
1121 1473 1222 1514 spicas
1245 1474 1423 1506 decidentes
1441 1476 1513 1515 post
1528 1483 1695 1512 messores,
1713 1476 1743 1505 et
1758 1482 1849 1505 race-

1069 1536 1138 1558 mos
1162 1527 1286 1559 relictos
1310 1528 1344 1559 in
1366 1529 1461 1560 vinea
1480 1531 1489 1548 ¹
1509 1528 1660 1568 colligere
1683 1527 1848 1566 debemus,

1069 1581 1173 1619 idest,
1195 1581 1264 1612 illas
1285 1581 1438 1622 reliquias
1460 1591 1540 1623 quas
1560 1581 1704 1623 plebani,
1721 1582 1778 1623 qui
1791 1582 1851 1612 ha-

1069 1635 1145 1665 bent
1170 1635 1311 1666 officium
1329 1636 1362 1666 111
1376 1635 1466 1676 plebe
1483 1645 1543 1667 sua
1556 1636 1689 1667 docendi
1704 1637 1735 1667 ct
1754 1636 1851 1667 corri-

1069 1689 1181 1728 gendi,
1199 1689 1402 1730 relinquunt,
1419 1692 1456 1720 ut
1477 1699 1530 1720 eas
1550 1699 1591 1720 ex
1614 1699 1690 1721 area
1704 1689 1850 1721 Ecclesiae

1069 1742 1107 1773 ad
1125 1743 1279 1774 horreum
1295 1743 1431 1774 coelestis
1447 1743 1559 1783 patriae
1570 1744 1757 1774 referamus.
1770 1743 1851 1780 Quia

1070 1805 1147 1827 vcro
1171 1796 1211 1827 ad
1232 1796 1292 1827 hoc
1315 1806 1382 1828 non
1396 1799 1545 1827 tenemur
1558 1806 1598 1827 ex
1613 1797 1718 1828 debito
1733 1796 1851 1827 astrin-

1071 1852 1178 1889 gente,
1195 1850 1249 1881 sed
1264 1860 1304 1881 ex
1319 1850 1483 1881 charitatis
1497 1850 1643 1882 libertate
1653 1875 1661 1890 ,
1679 1850 1750 1882 ideo
1764 1850 1851 1881 simi-

1068 1903 1140 1934 liter
1160 1906 1190 1935 et
1213 1904 1255 1935 illi
1276 1913 1342 1935 non
1364 1906 1515 1935 tenentur
1529 1904 1621 1936 nobis
1641 1905 1672 1935 in
1693 1903 1848 1945 corporali

1069 1958 1261 1998 provisione,
1289 1958 1350 1989 nisi
1379 1968 1419 1989 ex
1443 1958 1543 1989 libera
1563 1959 1688 1998 pietate.
1711 1958 1849 1990 Possunt

1069 2013 1155 2042 enim
1179 2012 1296 2043 nostris
1322 2012 1602 2052 praedicationibus
1623 2012 1799 2050 intendere,
1823 2012 1849 2043 si

141 2066 219 2087 Pleba-
276 2058 435 2090 Plebanus
449 2060 556 2090 autem
578 2058 685 2089 nullus
700 2061 764 2098 est,
783 2060 838 2100 qui
860 2062 945 2092 tenet
960 2070 1011 2092 ec·
1068 2066 1246 2105 voluerint,
1271 2068 1301 2096 et
1324 2066 1417 2097 nobis
1437 2066 1598 2104 confiteri,
1625 2067 1655 2096 et
1677 2065 1850 2106 eleemosy-

113 2099 220 2156 Γυῗᾳῖῗέἶ
235 2112 374 2151 ClOSiam,
390 2122 464 2143 cum
477 2113 517 2143 Sit
532 2113 681 2144 inhabilis
695 2113 733 2143 ad
753 2114 942 2145 beneficium
960 2116 1012 2146 ha·
1069 2129 1126 2150 nas
1148 2119 1258 2158 largiri
1283 2121 1437 2159 possunt,
1461 2122 1492 2150 et
1512 2119 1682 2151 dimittere.
1700 2119 1724 2151 E
1740 2121 1850 2151 eontra

234 2165 313 2196 bens
327 2175 438 2197 curam
453 2167 646 2205 animarum,
661 2169 697 2198 ut
710 2167 900 2207 illegitimus
913 2170 1010 2208 filius,

234 2219 285 2250 vel
314 2221 626 2258 exconnnunicatuS,
658 2221 709 2251 vel
734 2221 834 2252 laicus
847 2247 854 2259 ‚
880 2223 930 2253 vel
955 2224 1011 2263 qui

234 2283 332 2305 unani
349 2274 469 2305 habens
484 2298 491 2311 ‚
509 2275 620 2315 recipit
635 2275 741 2306 aliam.
761 2275 838 2306 ltcni
861 2277 915 2317 qui
929 2278 1011 2308 reci-

234 2329 280 2368 pit
294 2329 456 2360 ecclesiam
472 2338 535 2359 non
551 2330 590 2359 ab
608 2339 645 2359 60
656 2354 665 2367 ,
682 2330 738 2370 qui
754 2330 847 2361 habet
859 2332 914 2369 jus
933 2341 1010 2363 con-

1068 2182 1239 2213 possunius
1265 2182 1321 2203 nos
1345 2173 1390 2204 eis
1416 2173 1474 2204 ista
1497 2173 1674 2213 spiritualia
1696 2173 1849 2204 beneficia

1068 2228 1252 2268 impendere
1286 2227 1539 2268 praedicationis,
1577 2228 1782 2260 confessionis
1818 2230 1849 2259 et

1068 2282 1221 2313 orationis
1233 2307 1241 2320 ,
1260 2282 1331 2313 licet
1355 2281 1393 2312 ad
1414 2291 1450 2312 ea
1466 2291 1505 2313 ex
1521 2282 1626 2313 debito
1642 2291 1708 2313 non
1723 2281 1846 2322 oblige-

1068 2345 1152 2375 mur,
1171 2336 1232 2366 nisi
1247 2336 1353 2367 debito
1371 2336 1543 2367 charitatis.

233 2382 365 2420 ferendi,
388 2383 439 2414 vel
458 2384 669 2423 praeseutamli
691 2384 728 2413 ad
752 2394 834 2422 cam,
852 2385 901 2415 vel
917 2386 1007 2417 inve-

233 2437 356 2474 stis-ndi,
380 2437 430 2467 vel
452 2437 490 2467 ab
506 2437 796 2476 excommunicato,
813 2438 864 2469 vel
881 2441 1009 2479 (plaudo

231 2492 284 2530 jus
300 2494 345 2521 ost
361 2492 397 2521 :ul
422 2492 620 2532 superiorem
643 2491 829 2522 devolutum
845 2502 885 2523 ex
901 2504 1005 2526 causa.

234 2544 309 2575 Item
325 2546 378 2585 qui
396 2548 479 2576 tenet
500 2545 663 2576 ecclesiam
686 2554 750 2575 non
766 2546 871 2576 debita
892 2548 1004 2587 forma,

231 2599 415 2637 simoniace,
442 2609 498 2639 per
511 2600 675 2637 fraudem,
690 2599 739 2630 vel
764 2600 930 2639 1101611161,
957 2604 1006 2633 vel

229 2655 275 2683 est
292 2653 429 2683 vicarius
445 2654 580 2693 alicu-ius
601 2653 748 2684 istorum.
766 2654 855 2690 Quod
871 2655 1006 2696 quisque

227 2717 292 2739 non
314 2708 421 2747 habet,
445 2718 502 2740 nec
521 2710 622 2749 putest
637 2708 727 2738 alteri
746 2716 805 2738 sua
819 2711 1005 2742 auctoritate

227 2763 380 2794 conferre.
396 2763 512 2793 Omnes
526 2763 575 2792 isti
591 2763 672 2792 516111
686 2771 751 2792 11011
766 2761 949 2802 habentjus
968 2766 1001 2796 in

1108 2391 1270 2428 Quaeritur
1288 2393 1396 2421 autem
1412 2390 1437 2420 si
1455 2390 1496 2420 1111
1510 2416 1517 2429 ,
1534 2390 1589 2431 qui
1606 2390 1698 2421 nobis
1713 2389 1845 2421 confessi
1887 2393 1920 2412 Au
1931 2391 1968 2417 qui

1067 2449 1153 2483 sunt,
1176 2446 1346 2476 teneantur
1365 2444 1508 2484 plebanis
1527 2444 1592 2475 suis
1614 2444 1731 2475 iterum
1746 2443 1842 2473 consi-
1869 2423 1958 2475 csffzsst

1066 2500 1144 2530 teri?
1163 2499 1210 2529 Ad
1225 2499 1285 2530 1106
1297 2499 1477 2535 «licendum,
1496 2498 1581 2538 quod
1596 2497 1712 2538 duplici
1721 2496 1843 2527 ratione
1858 2487 1969 2539 {fflffi‘t'g‘g’

1066 2555 1214 2584 tenentur
1229 2553 1374 2584 homines
1390 2553 1533 2583 confiteri
1554 2551 1770 2582 sacerdotibus
1785 2550 1843 2581 ha-
1864 2552 1964 2602 οιὲῖἓῖἕζι

1064 2607 1213 2638 bentibus
1243 2607 1347 2638 claves
1367 2607 1400 2637 iu
1428 2607 1495 2637 soro
1522 2604 1716 2646 poenitentiae
1743 2604 1845 2635 absol·
1859 2614 1962 2640 plebano.

1064 2660 1159 2691 vendi
1173 2663 1204 2691 et
1218 2660 1352 2700 ligandi,
1369 2670 1408 2691 ex
1424 2661 1580 2700 praecepto
1596 2658 1662 2696 Dei,
1681 2660 1711 2689 et
1725 2667 1766 2689 ex
1783 2661 1843 2689 sta-

1063 2716 1131 2745 tuto
1147 2714 1305 2745 Ecclesiae.
1331 2713 1529 2754 Praeceptum
1555 2712 1609 2743 Dei
1629 2714 1675 2743 est
1689 2712 1844 2752 poeniten-

1095 2778 1101 2792 ¹
1119 2777 1202 2807 Dent„
1218 2783 1288 2807 xxtv,
1307 2778 1387 2800 19-21.
1398 2789 1430 2793 —
1445 2776 1475 2805 ((11
1488 2775 1545 2806 Leq.
1557 2781 1610 2798 11011
1621 2775 1684 2799 vult.
