2029 3052
223 210 263 240 82

223 277 292 306 vitis
305 283 390 310 uvas,
404 275 434 303 et
454 273 541 302 olivae
554 271 662 301 baccas
682 270 836 298 manitas:
856 267 900 295 est
922 265 1004 294 enim

223 323 328 352 similis
342 321 507 360 quadrigae,
523 319 608 355 cujus
620 317 733 346 naturae
747 316 801 350 est,
813 313 898 351 quod
908 312 1006 348 maJus

224 370 346 408 pondus
366 367 437 406 equi
454 365 631 405 pertrahunt
647 371 717 392 cum
736 360 896 398 quadriga,
911 366 1005 396 quam

224 418 339 455 possint
351 416 448 445 facere
461 415 525 443 sine
539 420 583 441 ea.
603 413 694 440 Amor
708 408 788 438 enim
810 407 881 436 facit
898 413 1004 444 poenas

224 467 425 497 contemnere,
447 463 476 490 et
497 461 595 497 ipsam
616 459 743 486 mortem
764 456 922 492 appetere,
941 453 1004 481 imo

223 511 294 540 facit
312 510 398 548 quasi
414 516 477 538 non
490 506 609 536 sentire.
627 503 708 532 Unde
728 501 832 531 similis
856 503 900 530 est
920 507 1005 528 man-

225 558 360 595 dragoroe
369 558 390 592 ¹,
405 555 490 592 cujus
498 554 596 582 cortex
606 552 638 580 in
650 551 720 580 vino
735 549 886 583 decoetus,
895 547 1004 576 biben-

224 607 284 634 tem
313 604 353 633 ad
387 610 492 632 omnes
516 600 638 629 dolores
668 596 873 627 insensibilem
894 593 1003 623 reddit.

225 652 306 681 Unde
321 651 361 680 ad
371 649 540 688 potandum
549 647 608 676 illis
618 646 683 675 dari
697 644 862 678 consuevit,
873 649 1006 680 quorum

225 706 354 736 corpora
375 699 445 726 sunt
464 695 604 724 secanda.
630 693 703 722 Dicit
725 692 806 721 enim
831 689 1006 727 Dionysius,

226 745 310 783 quod
323 745 386 773 hoec
399 743 494 773 herba
508 743 632 771 decocta
646 740 677 769 in
690 739 774 774 vino,
795 740 823 767 et
838 737 952 766 sortiter
965 735 1008 763 sic

224 795 336 831 potata,
350 791 504 820 hominem
519 789 650 818 dormire
664 787 744 822 facit,
758 787 792 815 ut
806 785 930 814 vulnera
942 790 1009 811 sen-

224 840 279 869 tire
294 847 356 868 non
374 837 476 875 possit.
499 838 532 866 Et
552 837 713 873 propterea
735 834 766 862 in
788 833 909 862 eunucis
932 829 1008 858 dici-

225 890 273 930 tur
286 888 308 921 ¹,
324 885 408 924 quod
425 895 440 912 «
454 892 540 921 aquae
555 883 665 916 multae,
682 892 697 909 »
714 881 746 909 id
765 882 818 915 est,
844 877 1010 908 tribulatio-

225 943 278 964 nes
292 934 398 968 νοτία,
416 942 431 959 ι(
454 939 516 960 non
537 931 700 968 potuerunt
721 928 892 963 extinguere
916 925 1010 954 chari-

226 984 327 1010 tatem.
343 991 358 1007 v»
374 982 434 1009 lmo
456 987 517 1007 non
538 977 636 1006 solum
661 984 723 1005 non
747 975 939 1010 extinguunt,
957 971 1011 1000 sed

227 1037 294 1058 eam
315 1027 498 1062 incendunt;
521 1026 592 1062 quia
617 1024 768 1057 videmus,
792 1021 876 1058 quod
898 1019 1010 1048 solares

226 1076 303 1106 radii
311 1076 458 1111 maj0rem
470 1073 602 1102 calorem
617 1073 761 1108 generant
769 1070 800 1098 in
815 1076 906 1105 aqua,
917 1075 1010 1104 quam

227 1125 258 1152 in
273 1125 351 1152 terra
366 1132 373 1150 :
391 1122 462 1159 quia
484 1129 552 1150 cum
575 1127 655 1156 aqua
669 1117 764 1154 magis
778 1117 815 1145 sit
828 1115 921 1144 calori
939 1121 1012 1142 cou-

227 1171 329 1206 traria,
346 1177 439 1207 quam
461 1168 497 1196 sit
517 1170 605 1201 terra,
625 1166 699 1194 dum
721 1164 818 1199 majus
842 1163 879 1198 (a)
898 1163 1013 1190 eontra-

228 1219 306 1247 rium
328 1217 358 1245 in
372 1224 451 1253 aqua
471 1214 644 1248 inveniunt,
666 1212 772 1240 lortius
792 1209 832 1238 ad
856 1208 1012 1237 victoriam

228 1265 305 1294 radii
321 1263 460 1293 contrarii
477 1261 692 1290 exardescunt:
710 1259 792 1296 quia,
805 1260 836 1286 ut
849 1257 1011 1293 suprajam

230 1313 309 1347 dixi,
331 1319 421 1340 omne
444 1309 626 1338 contrarium
651 1307 755 1335 fortius
777 1305 919 1340 insurgit,
939 1303 1013 1331 dum

229 1369 317 1389 suum
332 1359 514 1388 contrarium
529 1357 633 1386 adesse
649 1355 798 1393 persentit.
814 1353 858 1381 Sic
874 1354 902 1380 et
917 1351 1014 1380 chari-

230 1411 283 1442 tas,
305 1407 377 1435 dum
401 1414 504 1443 prunas
528 1405 743 1439 extinguentes,
765 1401 813 1429 vcl
835 1401 875 1429 ad
900 1399 1013 1427 malum

230 1455 393 1483 allicientes
412 1453 515 1481 adesse
531 1451 682 1488 persentit,
699 1449 738 1478 ad
760 1447 957 1477 resistendum
973 1445 1014 1473 eis

230 1511 261 1531 sc
276 1501 420 1537 recolligit
436 1502 538 1533 totam,
562 1501 589 1526 et
604 1498 733 1533 majores
755 1504 790 1524 ex
812 1496 871 1523 hoc
892 1493 1015 1522 assumit

231 1550 317 1578 vires.
347 1551 378 1577 Et
409 1549 466 1576 hoc
502 1547 600 1574 dicere
628 1544 773 1581 Propheta
802 1542 897 1570 voluit
910 1562 917 1573 ,
947 1548 1015 1568 cum

232 1597 272 1626 ait
299 1598 309 1614 ³
339 1606 345 1624 :
377 1606 391 1621 (ι
421 1597 494 1622 Dum
525 1592 658 1629 superbit
692 1591 818 1627 impius,
848 1588 1016 1617 incenditur

234 1652 358 1681 pauper.
375 1655 387 1667 u

269 1691 396 1719 Tertium
415 1690 544 1724 signum,
561 1686 644 1723 quod
660 1687 751 1713 homo
768 1684 875 1712 habeat
895 1681 1018 1710 charita-

235 1742 305 1774 tem,
322 1740 364 1766 est
381 1736 549 1773 emnpassio
569 1735 705 1761 l'ralcrna.
723 1731 857 1760 Nobilius
877 1732 919 1758 est.
939 1729 1017 1757 enim

236 1783 516 1822 corpusspiritu:1lc‚
529 1790 619 1818 quam
636 1779 787 1808 materiale
807 1788 812 1806 :
833 1785 903 1813 ergo
923 1777 1020 1811 maj0r

237 1835 326 1862 debet
357 1840 420 1859 esse
459 1831 529 1858 uuio
561 1829 767 1856 membrorum
798 1824 995 1861 spiritualium
1011 1844 1019 1857 ‚

237 1889 329 1917 quam
354 1877 562 1907 materialium.
593 1875 649 1903 Sed
678 1874 882 1902 membrorum
913 1878 1020 1906 corpo-

237 1928 345 1956 ralium
370 1929 449 1954 tanta
473 1926 516 1951 cst
535 1924 619 1957 unio,
640 1924 709 1949 teste
735 1919 876 1956 Apostolo
902 1919 923 1952 ⁸,
939 1917 1021 1953 quod

241 1986 254 2001 a
279 1975 301 2001 si
329 1974 436 2010 patitur
463 1980 555 1999 uuum
584 1969 772 2000 membrum,
802 1966 1022 2001 compatiuntur

240 2021 341 2049 omniu
364 2019 516 2051 membra,
540 2028 552 2042 u
577 2020 604 2043 ct
632 2014 771 2049 gaudenti
802 2012 992 2047 congaudent
1014 2021 1020 2039 z

241 2070 269 2095 et
295 2070 337 2095 est
359 2065 542 2102 impossibile
565 2064 648 2091 aliter
673 2070 757 2089 esse:
783 2069 855 2096 ergo
880 2060 902 2086 si
927 2059 1023 2093 major

243 2118 285 2142 est
316 2114 387 2141 unio
419 2112 624 2140 membrorum
658 2108 856 2145 spiritualium
875 2128 881 2140 ‚
911 2106 1023 2141 impos-

242 2162 327 2190 sibile
350 2163 392 2189 est
411 2160 580 2187 membrum
596 2157 672 2193 pati,
697 2155 781 2192 quod
800 2162 861 2182 nou
885 2154 921 2180 sit
942 2161 1024 2179 com-

244 2210 342 2246 passio
372 2208 498 2236 aliorum
526 2205 740 2233 membrorum.
768 2204 842 2237 Ergo
869 2201 891 2228 si
922 2200 1024 2234 t'ratri,

246 2256 291 2284 vel
307 2255 442 2292 proximo
459 2253 590 2290 patienti,
607 2254 632 2279 te
649 2251 781 2278 invenies
797 2248 938 2284 compati,
953 2255 1024 2283 pro-

246 2303 346 2331 babile
361 2302 479 2337 siguum
494 2303 546 2334 ρει,
566 2299 648 2334 quod
671 2298 782 2326 habeas
797 2295 981 2328 charitatem,
1000 2295 1028 2320 et

246 2352 285 2378 sis
300 2349 434 2385 eorporis
448 2347 551 2375 Christi
567 2346 747 2373 membrum.
759 2344 786 2371 Si
809 2345 908 2371 autem
926 2340 1027 2377 proxi-

247 2406 297 2426 mo
321 2395 443 2433 patienti
468 2398 494 2422 te
514 2401 574 2421 nou
597 2391 745 2420 inveneris
768 2398 855 2426 posse
880 2387 1026 2424 compati,

248 2453 308 2472 nou
324 2443 391 2472 dico
411 2442 464 2470 tibi
485 2440 648 2477 probabili,
669 2438 721 2466 sed
745 2439 920 2472 argumento
940 2434 1027 2462 intul-

249 2491 323 2518 libili
345 2490 396 2518 tibi
421 2487 576 2522 concludi,
599 2486 682 2523 quod
711 2493 771 2512 nou
802 2494 832 2511 cs
858 2482 1028 2510 membrum

285 2576 484 2605 litandi-agorn*
508 2574 600 2603 virtus,
620 2579 651 2596 ox
673 2570 808 2601 Dionysio,
833 2569 954 2599 scripture
977 2574 1030 2591 uin*-

251 2614 322 2641 dico,
344 2612 386 2642 qui
406 2619 420 2634 a
440 2612 566 2639 Varrone,
583 2608 626 2632 lib.
642 2608 665 2636 l,
681 2607 711 2630 cle
729 2607 759 2629 Re
775 2608 848 2631 rust„
866 2605 1030 2633 nominatur,-

253 2654 302 2673 otu
321 2647 414 2676 Plinio,
430 2646 472 2670 lib.
492 2647 544 2675 xli,
558 2646 613 2669 Xlll
635 2643 724 2668 etxxt
742 2642 772 2665 de
793 2641 878 2665 herbis
898 2640 1029 2670 scripsisse

253 2686 424 2712 memoratur;
439 2683 498 2706 item
515 2689 545 2705 ex
564 2679 721 2709 Dioscuridu,
733 2678 776 2702 lib.
789 2678 831 2707 ΙΥ,
847 2685 870 2701 c.
883 2683 991 2706 cxxviii,
1007 2678 1032 2700 vt

556 232 561 237 .,
595 198 806 235 SERMONES
829 197 878 231 DE
899 195 1067 261 SANf‘T'S
1088 194 1128 228 ΙΝ
1149 193 1343 228 GOMMUM.
1366 192 1475 226 xxix.

1061 263 1197 302 eorporis
1210 262 1316 292 Christi
1330 272 1339 290 :
1355 261 1429 299 quia
1441 259 1628 298 impossibile
1642 261 1697 296 est,
1711 260 1737 289 si
1749 260 1844 290 homo

1061 311 1189 340 alterum
1200 318 1271 339 vere
1285 311 1376 345 amat,
1391 307 1476 346 quod
1490 307 1518 336 ei
1539 306 1654 336 dolenti
1668 314 1731 336 non
1754 307 1848 345 pleno

1062 357 1154 387 corde
1167 356 1337 392 condoleat,
1357 358 1387 384 et
1405 363 1437 384 se
1458 363 1528 384 cum
1541 354 1652 384 afflicto
1675 353 1800 391 affligat.
1814 356 1850 384 Et

1061 405 1086 434 si
1100 405 1159 434 hoc
1172 404 1241 434 facit
1254 411 1340 433 amor
1359 403 1498 438 carnalis,
1513 402 1588 440 quid
1607 410 1696 432 amor
1709 401 1850 440 spiritua-

1061 453 1099 481 lis
1118 452 1216 488 faciet,
1230 452 1256 481 si
1270 452 1350 480 intus
1364 451 1503 480 affuerit?
1520 452 1680 488 Nunquam
1700 450 1733 479 in
1757 450 1850 480 corde

1061 500 1171 538 poterit
1183 508 1246 529 esse
1269 499 1357 536 ignis,
1372 501 1401 528 et
1419 506 1483 528 non
1504 498 1632 528 ardebit.
1656 498 1850 528 proverbium

1063 549 1107 576 est
1126 546 1212 585 quod
1237 554 1323 576 amor
1347 547 1376 574 et
1399 545 1488 574 tussis
1509 545 1600 575 celari
1629 553 1693 575 non
1715 547 1848 583 possunt.

1063 595 1160 630 Quare
1181 593 1370 623 concluditur
1391 591 1534 628 ulterius,
1559 592 1645 630 quod
1666 592 1690 621 si
1709 592 1850 629 proximo

1064 649 1134 670 vere
1157 639 1348 678 compateris,
1370 640 1434 676 eJ'us
1457 638 1684 668 necessitatibus
1703 647 1760 676 pro
1780 638 1852 667 viri-

1065 689 1122 718 bus
1142 687 1295 717 subvenis.
1319 687 1406 722 Quod
1429 687 1454 715 si
1478 695 1541 716 non
1564 686 1647 721 racis,
1668 685 1745 715 scias
1767 682 1853 723 quod'

1065 736 1216 765 charitatis
1231 735 1309 771 ignis
1322 734 1354 763 in
1367 737 1394 764 te
1412 734 1545 763 funditus
1561 736 1604 762 est
1617 733 1773 762 extinctus.
1788 733 1852 762 Non

1066 783 1147 812 enim
1159 784 1202 812 est
1222 782 1376 820 possible,
1392 784 1425 810 ut
1441 782 1520 818 ignis
1536 781 1567 810 in
1586 781 1675 817 lignis
1695 780 1810 815 ardeat,
1824 783 1854 809 et

1065 838 1128 859 non
1139 830 1303 858 calefaciat.
1322 831 1354 858 Et
1367 831 1526 866 propterea
1542 829 1650 857 dicitur
1661 829 1671 846 ⁵
1688 837 1695 856 :
1712 838 1726 855 α
1740 827 1796 862 Qui
1810 827 1855 856 vi·

1067 877 1144 906 derit
1170 877 1292 906 tratrem
1317 885 1406 905 suum
1434 876 1639 905 necessitatem
1663 875 1796 910 habere,
1825 878 1855 904 et

1068 925 1208 954 clauserit
1226 924 1339 953 viscera
1351 932 1405 952 sua
1423 923 1462 952 ab
1482 931 1530 958 eo,
1545 922 1702 960 quomodo
1726 922 1854 951 charitas

1069 972 1118 1001 Dei
1134 975 1235 1000 manet
1248 972 1278 1000 in
1291 972 1348 1000 eo?
1363 983 1376 997 »
1395 970 1480 1008 quasi
1496 970 1575 999 dicat
1588 979 1595 998 :
1611 969 1797 1006 impossihile
1810 971 1855 998 est

1068 1019 1108 1048 ita
1124 1027 1196 1048 esse.
1215 1021 1303 1055 Ergo,
1317 1018 1420 1047 fratres
1434 1017 1504 1052 mei,
1522 1017 1656 1054 probetis
1671 1017 1783 1045 habere
1799 1023 1854 1044 vos

1067 1067 1145 1096 hanc
1160 1067 1333 1095 charitatem
1352 1065 1444 1094 corde
1465 1064 1688 1102 compatiendo,
1711 1066 1740 1093 et
1761 1071 1854 1101 opere

1068 1115 1130 1142 toto
1155 1121 1242 1150 posse
1266 1113 1490 1148 subveniendo,
1517 1112 1590 1150 quia
1613 1111 1786 1149 diligendus
1811 1113 1855 1140 est

1069 1161 1238 1197 proximus,
1253 1168 1314 1188 non
1331 1160 1429 1189 solum
1453 1159 1544 1188 corde
1559 1161 1588 1188 et
1611 1167 1673 1194 ore,
1689 1159 1742 1188 sed
1765 1158 1854 1187 etiam

1070 1216 1160 1244 opere
1178 1217 1184 1235 z
1202 1207 1286 1244 quod
1307 1207 1331 1234 si
1356 1207 1539 1244 possibilitas
1563 1206 1662 1243 operis
1684 1213 1746 1234 non
1767 1205 1855 1240 adsit,

1070 1254 1178 1282 sufficit
1198 1255 1366 1291 compassio
1381 1254 1481 1282 cordis
1495 1262 1564 1282 cum
1580 1253 1783 1282 consolatione
1797 1260 1856 1281 ser-

1070 1302 1179 1330 monis.
1196 1303 1293 1338 Turpe
1310 1304 1363 1337 est,
1378 1304 1410 1329 ut
1426 1301 1540 1337 maj0ra
1551 1301 1637 1337 signa
1651 1300 1762 1329 amoris
1775 1300 1856 1328 inve-

1071 1350 1190 1377 niantur
1206 1349 1235 1377 in
1255 1349 1366 1384 brutis,
1385 1348 1474 1377 etiam
1493 1347 1532 1376 ad
1550 1348 1638 1376 bruta
1660 1347 1792 1376 extranei
1807 1355 1857 1383 ge-

1071 1397 1169 1432 neris,
1197 1405 1289 1434 quam
1309 1397 1339 1424 in
1362 1395 1551 1431 hominibus,
1582 1395 1634 1432 qui
1660 1397 1728 1423 sunt
1751 1402 1857 1424 omnes

1072 1444 1207 1479 ejusdem
1225 1444 1351 1480 generis,
1365 1443 1404 1471 ab
1419 1451 1480 1471 uno
1496 1450 1601 1471 omnes
1615 1442 1775 1479 principio,
1788 1450 1856 1470 cum

1073 1492 1160 1519 bruta
1171 1491 1273 1519 omnia
1287 1490 1445 1518 habuerint
1463 1491 1495 1525 (b)
1509 1489 1667 1526 principia,
1683 1489 1793 1517 scilicet
1804 1488 1858 1516 foe-

1074 1539 1186 1567 minam
1214 1541 1241 1566 et
1262 1537 1439 1566 masculum.
1458 1539 1530 1565 Nam
1545 1536 1692 1571 cornices,
1707 1544 1776 1572 quoe
1790 1538 1859 1564 sunt

1073 1594 1154 1619 aves,
1177 1588 1281 1621 praeter
1296 1585 1353 1612 hoc
1370 1584 1454 1621 quod
1471 1584 1510 1612 ad
1533 1586 1668 1620 parentes
1689 1585 1757 1611 sunt
1780 1582 1857 1610 miro

1075 1633 1167 1661 modo
1196 1632 1371 1665 clementes,
1403 1632 1474 1667 quia
1500 1631 1530 1658 in
1553 1632 1702 1659 senectute
1730 1629 1860 1666 propriis

1074 1680 1180 1715 pennis
1205 1688 1256 1707 eos
1279 1679 1399 1712 fovent,
1424 1680 1491 1706 sunt
1517 1678 1606 1706 ctiam
1630 1678 1708 1705 circa
1730 1676 1861 1705 ciconias

1076 1726 1163 1754 valde
1179 1726 1346 1762 diligentes,
1370 1727 1442 1754 Nam
1464 1733 1533 1753 cum
1555 1725 1679 1752 ciconia·
1695 1726 1792 1761 partes
1807 1724 1861 1751 has

1076 1773 1304 1810 derelinquunt,
1330 1775 1362 1800 ut
1383 1772 1422 1800 ad
1447 1775 1545 1808 partes
1562 1772 1674 1800 calidas
1698 1773 1859 1805 transeant,

1076 1829 1126 1849 eas
1144 1820 1276 1848 cornices
1287 1820 1317 1847 in
1333 1819 1475 1848 domibus
1489 1819 1548 1846 suis
1564 1827 1632 1847 cum
1650 1827 1760 1855 magna
1775 1818 1862 1846 sedu-

1077 1868 1155 1896 litate
1166 1867 1345 1903 suscipiunt:
1364 1868 1392 1894 et
1406 1866 1529 1902 quando
1540 1866 1570 1893 in
1585 1866 1687 1894 itinere
1698 1867 1766 1894 sunt.
1781 1873 1862 1898 aves,

1079 1923 1145 1951 quae
1169 1914 1291 1942 ciconiis
1306 1916 1374 1941 sunt
1396 1913 1515 1947 infestae,
1531 1913 1664 1941 cornices
1683 1921 1734 1941 eas
1753 1915 1864 1940 turma-

1079 1962 1131 1989 tim
1145 1962 1303 1995 associant,
1319 1964 1346 1989 et
1366 1962 1469 1988 contra
1485 1960 1603 1988 infestas
1621 1968 1691 1988 aves
1706 1959 1862 1988 fortissime

1079 2011 1223 2045 pugnant,
1248 2008 1285 2035 ita
1301 2011 1332 2035 ut
1348 2016 1402 2043 pro
1423 2008 1465 2035 eis
1482 2007 1655 2035 vulneribus
1675 2009 1703 2034 et
1725 2006 1811 2034 morti
1831 2014 1862 2033 se

1080 2059 1238 2092 exponant.
1278 2055 1333 2088 Qui
1365 2054 1502 2082 homines
1533 2056 1618 2086 tantae
1656 2053 1862 2090 hospitalitatis

1080 2106 1159 2137 suut,
1175 2103 1248 2130 sicut
1264 2101 1408 2135 cornices,
1421 2101 1500 2129 etsie
1513 2101 1665 2137 proximos
1680 2100 1862 2136 diliguntb),

1082 2152 1112 2178 ut
1125 2158 1155 2177 se
1171 2158 1225 2186 pro
1241 2150 1282 2177 eis
1298 2149 1328 2176 in
1346 2148 1473 2176 vulnera
1488 2148 1615 2183 tradant,
1631 2150 1659 2176 et
1675 2148 1826 2176 mortem?
1841 2148 1863 2175 Ο

1902 1543 1980 1563 Exem-

1875 1574 1943 1601 plum.

1905 2154 1983 2173 Exem-

1082 2198 1213 2226 humana
1227 2196 1356 2230 miseria,
1372 2198 1399 2223 et
1417 2195 1573 2231 plorabilis
1588 2195 1718 2223 detectus
1733 2194 1859 2222 amoris!
1878 2184 1922 2211 ¹¹¹³·

1083 2245 1152 2280 quia
1174 2244 1196 2271 si
1220 2244 1299 2271 cadit
1322 2242 1454 2278 clephas,
1484 2244 1552 2270 tunc
1577 2246 1619 2270 est
1639 2242 1690 2279 qui
1713 2250 1748 2271 ex
1776 2241 1863 2270 sociis

1083 2292 1228 2320 auxilium
1248 2292 1332 2325 serat;
1354 2290 1468 2326 capitur
1483 2298 1594 2326 passer,
1611 2292 1638 2317 et
1652 2291 1721 2317 sunt
1733 2289 1783 2317 alii
1799 2296 1864 2325 pas-

1083 2348 1173 2374 seres,
1183 2339 1234 2375 qui
1245 2341 1433 2373 succurraut;
1451 2346 1560 2374 porcus
1574 2337 1761 2371 vociferatur,
1771 2339 1800 2364 et
1809 2344 1864 2372 pro

1084 2395 1169 2423 posse
1185 2386 1233 2414 alii
1249 2386 1394 2421 adjuvant
1416 2395 1422 2413 :
1439 2385 1491 2413 sed
1507 2385 1598 2414 homo
1614 2385 1638 2412 si
1652 2386 1732 2418 ruat,
1749 2391 1811 2411 non
1824 2386 1867 2411 est

1084 2435 1135 2471 qui
1151 2434 1189 2461 ad
1205 2433 1350 2461 auxilium
1366 2441 1489 2460 manum
1505 2433 1609 2466 mittat,
1626 2431 1673 2459 vel
1686 2430 1835 2459 extendat.

1121 2483 1263 2515 Quartum
1278 2481 1408 2515 signum,
1422 2479 1505 2516 quod
1518 2480 1610 2507 homo
1620 2478 1730 2506 habeat
1743 2478 1867 2506 charita-

1087 2558 1130 2582 lib.
1149 2558 1191 2588 vt,
1207 2564 1229 2582 c.
1247 2562 1290 2581 xvi
1321 2570 1346 2574 -—
1362 2558 1370 2572 ¹
1386 2556 1470 2585 δεινὼ,
1486 2561 1543 2585 viu,
1560 2556 1584 2578 ἶ.
1597 2567 1625 2572 —
1641 2554 1650 2571 ³
1665 2554 1735 2578 Psal.
1753 2560 1779 2585 x,
1797 2556 1820 2579 2.
1837 2567 1866 2572 —

1086 2596 1094 2608 ⁴
1113 2595 1118 2618 Ι
1137 2594 1206 2623 Corn,
1226 2599 1272 2623 xu,
1288 2594 1327 2616 Ξϋ.
1343 2605 1372 2610 —-
1387 2593 1396 2609 ὅ
1412 2592 1419 2615 l
1435 2592 1518 2621 loma„
1536 2596 1575 2621 ιιι,
1592 2591 1629 2615 Π.

1121 2640 1154 2669 (u')
1174 2639 1228 2669 toy.
1246 2638 1335 2667 magis.
1349 2650 1378 2654 -—
1397 2637 1430 2667 (b)
1447 2635 1535 2667 suppl.
1555 2636 1615 2660 ‹lu-i.
1632 2647 1660 2652 —-
1678 2636 1705 2666 (c)
1727 2635 1788 2659 Caet.
1804 2635 1865 2659 edit.

1085 2675 1200 2706 diligant.
