2029 3052
93 415 176 437 Munus

67 446 162 468 doctoris
169 463 175 475 ,

67 483 107 499 seu
118 484 174 505 pm-

81 509 163 531 dicato-

81 539 120 563 ris.

559 229 624 269 QUI
647 227 782 263 ORDlNI
804 227 998 262 FRATRUM
1020 229 1103 262 MlN.
1127 228 1435 265 ADVERSANTUR.

188 298 299 338 cando,
311 306 374 330 non
385 305 583 338 usurpamus
593 297 685 330 nobis
695 297 813 339 judicis
826 297 969 329 officium

186 353 356 395 ,iudicantis
387 361 484 394 super
521 353 660 394 aliquem
672 376 682 392 ,
712 352 766 384 sed
805 352 970 384 imitamur

190 409 315 440 tantum
337 407 475 438 formam
495 407 643 439 doctoris.
661 407 774 438 Doctor
797 406 895 446 enirn,
913 416 971 438 seu

189 461 398 503 praedicator,
421 461 478 502 qui
509 461 627 492 diversi
656 461 786 501 generis
809 460 971 492 auditores

189 515 282 547 debet
306 515 484 554 instruere,
506 516 541 546 nt
566 515 699 546 virtutes
726 514 833 554 magis
861 514 972 546 reddat

189 568 458 601 commendabiles
472 569 664 600 necessarias
680 568 720 600 ad
734 568 882 607 salutem,
893 568 971 600 vitia

188 623 239 655 his
254 623 399 664 opposita
414 632 512 664 qnam
527 623 592 654 sint
612 623 736 662 nociva,
754 625 785 654 et
800 622 970 654 detestabi-

187 677 231 709 lia
242 677 392 709 ostendit.
405 677 444 708 Et
461 677 657 718 quibusdam
669 677 844 718 generibus
863 677 968 708 homi-

186 741 265 763 num
272 732 420 773 quaedam
429 732 507 764 vitia
515 733 590 763 sunt
602 732 706 772 magis
712 732 839 770 usitata,
847 734 970 763 utmer-

185 786 345 817 catorihus
359 786 448 817 fraus
459 787 490 816 et
502 786 679 824 mendacia,
689 786 845 817 militibus
856 786 969 826 rapina

184 840 215 870 et
233 839 390 878 incendia,
407 841 438 870 et
456 839 500 870 ita
515 839 554 870 de
567 839 648 878 aliis,
666 848 793 871 necesse
807 842 864 879 est,
882 840 969 880 quod

182 895 313 934 propter
328 893 513 933 generalem
533 893 781 925 instructionem
802 893 968 935 quodlibet

185 956 292 988 genus
311 948 484 980 hominum
506 948 686 989 specialiter
705 950 834 989 arguat,
852 950 882 979 et
897 957 969 980 mo-

183 1003 256 1033 neat
277 1002 338 1033 sibi
356 1002 524 1043 specialius
548 1003 732 1034 insidiantia
750 1003 827 1035 vitia
842 1012 965 1043 cavere,

182 1055 266 1087 sicut
280 1056 424 1088 medicus
439 1065 557 1097 aegros,
572 1057 708 1088 diversis
726 1057 967 1088 infirmitatibus

181 1109 374 1150 laborantes,
390 1111 481 1142 docet
503 1121 521 1141 a
542 1111 601 1142 sibi
630 1111 736 1150 magis
759 1111 865 1142 noxiis
889 1111 967 1142 cibis

181 1165 213 1195 et
225 1164 295 1195 aliis
311 1165 481 1197 abstinere.
499 1165 584 1197 Nihil
599 1165 686 1196 enim
701 1165 865 1206 prodesset
879 1165 967 1196 infir-

180 1218 252 1257 miS,
266 1218 293 1249 si
312 1219 428 1250 diceret
441 1230 447 1250 :
462 1219 576 1251 Cavete
591 1219 632 1250 ab
645 1220 797 1251 omnibus
813 1220 890 1251 cibis
910 1229 967 1252 no-

179 1271 269 1312 civis,
280 1272 483 1312 generaliter,
501 1273 561 1304 nisi
571 1273 765 1314 specificaret
776 1274 809 1305 in
825 1274 967 1315 qualibet

179 1326 337 1366 passione,
364 1327 442 1367 quid
456 1326 501 1357 illi
520 1327 689 1368 specialius
712 1328 848 1359 noxium
870 1330 963 1368 esset,

179 1382 236 1411 aut
250 1382 431 1421 proficuum
449 1382 588 1413 sanitati.
606 1382 696 1419 Quod
711 1384 819 1413 autem
835 1383 961 1422 dicitnr,

178 1435 264 1474 qnod
289 1436 479 1476 praedicator
500 1436 614 1468 debeat
646 1437 679 1467 in
711 1445 830 1476 genere
851 1446 964 1468 omnes

178 1497 316 1528 arguere
342 1492 521 1530 peccantes,
552 1492 583 1522 et
612 1500 678 1522 non
702 1491 894 1522 descendere
923 1491 963 1523 ad

177 1544 317 1584 species,
342 1545 404 1576 hoc
430 1547 477 1577 est
499 1545 745 1585 intelligendum
767 1546 805 1577 de
830 1546 963 1577 notabili

176 1598 411 1639 specificatione
438 1609 652 1640 personarum
670 1624 678 1638 ‚
709 1609 775 1631 non
807 1600 961 1633 vitiorum

174 1652 228 1685 vel
243 1655 398 1692 statuum,
414 1654 467 1686 vel
489 1654 681 1693 officiorum,
698 1663 772 1695 quae
794 1663 860 1685 non
887 1663 961 1694 pos-

174 1708 250 1737 sunt
266 1707 393 1747 proprie
409 1707 547 1739 describi
560 1708 628 1739 sine
643 1707 849 1748 expressione
867 1708 961 1739 officii

174 1761 225 1793 vel
254 1762 355 1792 status
380 1761 536 1801 illorum,
560 1762 615 1802 qui
639 1762 673 1793 in
698 1762 760 1793 1100
783 1762 961 1802 specialiter

173 1814 335 1846 offendere
365 1818 612 1848 consueverunt.
653 1815 759 1847 Potest
793 1816 880 1847 enim
916 1816 960 1847 sic

172 1877 318 1908 congrue
335 1870 527 1909 generaliter
538 1870 599 1901 dici
617 1881 623 1901 z
643 1879 710 1908 VOS,
725 1870 873 1909 artifices,
890 1879 960 1910 pec·

172 1923 249 1953 catis
270 1923 452 1963 frequenter
476 1924 511 1954 in
539 1924 619 1963 hoc;
645 1927 676 1955 et
696 1933 763 1963 vos,
779 1924 906 1963 milites,
924 1924 958 1955 in

171 1976 252 2015 h0c;
277 1979 308 2008 et
331 1986 399 2016 vos,
417 1973 572 2017 religiosi,
589 1978 622 2009 in
650 1979 728 2017 isto;
753 1987 811 2010 vos
836 1978 956 2018 clerici,

171 2030 206 2061 in
230 2030 306 2069 illo;
324 2033 354 2062 et
371 2032 415 2062 510
430 2031 469 2063 (10
484 2032 564 2070 aliis,
581 2033 607 2062 si
631 2034 706 2063 sunt
727 2032 770 2063 ibi
798 2032 905 2073 plures
918 2033 957 2064 de

171 2084 313 2123 quolibet
328 2094 447 2125 genere
468 2085 598 2117 illorum
624 2087 663 2117 ad
689 2096 770 2126 quos
798 2086 953 2127 loquitur,

172 2137 240 2169 sive
262 2138 385 2178 nullus,
411 2141 448 2170 ut
472 2140 609 2180 quisque
631 2139 692 2170 sibi
716 2141 864 2171 conscius
884 2141 955 2171 talis

172 2192 292 2231 peccati
309 2196 558 2233 compungatur,
574 2196 605 2225 et
621 2194 654 2224 in
669 2203 702 2225 se
717 2195 932 2226 confundatur
944 2219 951 2233 ‚

172 2247 203 2276 et
219 2246 328 2277 nullus
346 2248 525 2287 specialiter
544 2248 692 2279 notabilis
707 2249 745 2280 de
761 2248 822 2280 1100
838 2250 951 2280 redda-

172 2301 235 2339 tur,
254 2310 350 2341 quem
365 2302 437 2332 facti
450 2302 610 2333 evidentia
622 2302 699 2333 alias
714 2312 779 2334 non
803 2303 878 2334 facit
893 2313 951 2334 no-

170 2356 317 2395 tabilem,
343 2356 395 2388 vel
419 2357 475 2397 qui
494 2358 635 2398 seipsum
664 2368 729 2389 non
762 2359 867 2399 prodit
885 2369 952 2391 esse

170 2419 275 2450 reum,
293 2411 352 2441 sibi
368 2412 553 2443 ascribendo
569 2413 746 2453 specialiter
767 2423 841 2444 cum
864 2423 951 2445 mur-

170 2473 274 2504 mure,
285 2465 370 2505 quod
383 2466 573 2505 generaliter
584 2467 705 2498 dictum
714 2469 867 2508 constat,j
874 2470 951 2500 uxta

170 2518 248 2550 illud
263 2519 368 2551 Poetae
387 2531 393 2551 :

224 2600 347 2627 Conscius
362 2601 416 2634 ipse
431 2601 488 2634 sibi,
506 2601 537 2627 de
553 2609 580 2627 se
596 2604 666 2634 putat
681 2604 769 2628 omnia
783 2604 838 2629 dici.

209 2683 401 2717 Correctioni
427 2686 514 2717 enim
537 2687 569 2717 et
591 2686 796 2718 aedificationi
822 2687 948 2719 tantum

168 2737 260 2770 dehet
274 2738 438 2772 intendere
447 2741 556 2773 doctor
565 2740 679 2781 fidelis,
692 2750 757 2773 non
768 2741 946 2775 confusioni

1746 237 1808 269 525

1027 298 1079 330 vel
1093 298 1293 331 infamationi
1304 300 1440 342 alicujus
1450 302 1617 342 praesentis
1626 303 1678 335 vel
1692 303 1807 335 absen-

1026 352 1076 383 tis.
1095 351 1295 394 Ubicumque
1310 363 1389 394 ergo
1404 355 1625 395 praesumitur,
1641 357 1726 397 quod
1745 357 1807 389 ali-

1026 407 1098 448 quis
1113 408 1291 448 specialiter
1314 409 1352 441 de
1375 411 1502 450 peccato
1526 409 1615 450 prius
1638 410 1806 451 incognito

1026 459 1096 491 aliis
1123 469 1163 491 ex
1193 461 1418 501 praedicatione
1445 463 1596 495 reddatur
1631 464 1780 496 notabilis
1795 489 1805 504 ,

1025 514 1111 544 unde
1126 516 1229 554 potest
1242 516 1317 547 oriri
1334 526 1524 556 gravamen,
1541 517 1593 550 vel
1608 517 1806 557 scandalum,

1027 567 1141 598 melius
1155 570 1202 599 est
1224 571 1339 610 tacere,
1355 573 1386 602 et
1405 571 1466 602 alia
1481 571 1688 603 aedificatoria
1701 571 1809 612 magis

1024 620 1123 662 loqui.
1140 621 1199 659 Qui
1212 632 1289 655 vero
1302 624 1404 656 facere
1417 625 1584 658 consuevit
1598 627 1806 665 contrarium,

1025 677 1080 706 aut
1095 676 1343 717 contentiosum,
1360 680 1417 710 aut
1431 679 1589 719 invidum,
1604 682 1661 711 aut
1679 680 1808 720 impru-

1024 729 1152 762 dentem
1178 740 1211 763 se
1238 732 1455 774 demonstrat,
1480 737 1536 766 aut
1570 744 1664 767 vanae
1692 735 1808 775 gloriae

1024 785 1189 825 cupidum,
1206 787 1262 827 qni
1281 788 1321 826 (a)
1339 797 1404 819 non
1419 789 1548 820 aliunde
1563 791 1646 820 esset
1660 791 1808 830 acceptus

1024 839 1109 878 apud
1124 839 1301 880 hominem,
1319 851 1360 873 ex
1372 842 1509 874 aliorum
1525 843 1656 874 infamia
1667 843 1807 882 gloriam

1023 892 1084 923 sibi
1102 895 1232 934 quaerit.
1257 895 1358 933 Quem
1380 897 1603 929 confundendo
1623 906 1804 938 exasperaS,

1022 945 1110 977 hunc
1137 948 1260 980 tardius
1288 950 1448 990 aedificas,
1474 953 1505 983 et
1530 951 1674 983 rancoris
1694 951 1805 983 aculeo

1022 1000 1186 1033 vulneras,

1298 1090 1415 1124 Quaestz'o
1436 1092 1529 1119 tertia.

1064 1163 1143 1195 Cum
1162 1164 1195 1196 in
1213 1166 1450 1207 praedicatione,
1471 1171 1503 1200 et
1524 1170 1723 1202 confessione
1743 1179 1802 1203 au-

1021 1217 1149 1257 dienda,
1164 1220 1267 1251 multa
1284 1221 1326 1252 sit
1341 1221 1488 1254 discretio
1500 1225 1689 1265 necessaria,
1704 1227 1734 1257 et
1748 1235 1804 1266 pe-

1021 1272 1094 1303 ritia
1120 1273 1381 1315 Scripturarum,
1409 1286 1509 1317 quare
1537 1279 1577 1310 ad
1606 1279 1675 1310 haec
1700 1280 1805 1312 officia

1020 1327 1087 1357 tam
1098 1328 1248 1367 JuveneS,
1266 1331 1303 1360 ut
1318 1329 1457 1368 videtur,
1474 1334 1505 1362 et
1524 1332 1714 1364 immaturos
1729 1343 1805 1374 pro-

1020 1381 1167 1420 movetis,
1184 1382 1239 1421 qui
1255 1384 1285 1413 et
1300 1383 1370 1422 sibi,
1385 1386 1415 1415 et
1426 1384 1498 1416 aliis
1510 1386 1680 1427 aliquando
1696 1388 1804 1420 minus

1019 1437 1163 1474 prosunt,
1182 1438 1212 1466 et
1237 1436 1372 1468 fortasse
1395 1438 1492 1470 etiam
1518 1440 1647 1480 obsunt,
1670 1451 1745 1473 cum
1770 1443 1802 1473 in

1019 1488 1140 1520 clericis
1156 1489 1226 1520 aliis
1249 1490 1310 1521 hoc
1330 1492 1566 1532 reprehendere
1589 1495 1717 1527 soleatis
1731 1496 1802 1527 ani-

1019 1551 1148 1575 marum
1162 1545 1363 1576 rectoribus?

1333 1641 1486 1677 Responsio.

1058 1705 1145 1737 Licet
1158 1706 1244 1737 enim
1260 1707 1432 1749 aliquando
1447 1711 1534 1751 quod
1550 1712 1662 1752 junior
1676 1712 1800 1746 littera-

1017 1758 1079 1790 tior
1095 1760 1146 1798 sit,
1165 1763 1194 1792 et
1218 1763 1326 1802 magis
1342 1764 1496 1796 discretus
1512 1766 1552 1797 sit
1566 1776 1664 1807 quam
1679 1769 1797 1808 senior,

1017 1815 1048 1844 et
1062 1814 1157 1845 facies
1168 1816 1324 1854 Juvenilis
1338 1819 1456 1858 saepius
1467 1821 1624 1860 maiorem
1635 1822 1713 1853 celet
1726 1825 1799 1854 aeta-

1016 1869 1092 1906 tem,
1116 1871 1147 1899 et
1170 1879 1299 1901 morum
1325 1873 1492 1904 maturitas
1514 1876 1616 1906 aetatis
1640 1876 1797 1909 defectum

1015 1923 1163 1963 suppleat
1181 1935 1188 1955 z
1208 1924 1242 1955 in
1257 1925 1417 1967 plerisque
1432 1929 1539 1960 tamen
1554 1930 1649 1961 etiam
1668 1934 1798 1972 propter

1014 1975 1075 2007 hoc
1099 1977 1267 2018 aliquoties
1286 1980 1326 2011 ad
1352 1981 1422 2012 haec
1444 1982 1547 2014 officia
1568 1993 1798 2025 promovemus

1010 2030 1167 2070 juniores,
1179 2035 1216 2063 ut
1235 2033 1363 2065 interim
1382 2035 1504 2067 discant
1522 2047 1579 2077 per
1593 2039 1793 2080 exercitium,

1013 2085 1088 2124 quia
1098 2095 1172 2116 cum
1187 2087 1296 2118 vident
1306 2097 1339 2119 se
1351 2089 1390 2120 ad
1400 2089 1470 2120 haec
1484 2091 1587 2123 officia
1602 2097 1792 2134 assumptos,

1012 2138 1064 2169 dili
1070 2140 1199 2178 gentius
1214 2142 1354 2181 student,
1366 2144 1422 2184 qni
1437 2144 1515 2176 alias
1532 2146 1613 2178 forte
1627 2149 1794 2188 segniores

1011 2199 1114 2225 essent
1144 2195 1178 2226 in
1203 2197 1374 2236 studendo,
1402 2201 1432 2229 et
1457 2200 1566 2231 minus
1589 2203 1791 2242 proficerent.

1011 2247 1116 2279 Minus
1137 2249 1234 2280 etiam
1254 2250 1354 2290 obest,
1370 2251 1397 2282 si
1416 2253 1524 2284 minus
1539 2255 1642 2287 adhuc
1662 2258 1792 2297 perfecti

1010 2305 1084 2333 sunt
1108 2301 1259 2343 promoti,
1277 2304 1356 2336 dum
1377 2306 1495 2338 vivunt
1514 2308 1619 2340 adhuc
1637 2311 1789 2351 seniores,

1009 2357 1065 2397 qui
1090 2366 1144 2388 eos
1162 2361 1296 2398 possunt
1319 2359 1503 2400 informare,
1519 2364 1550 2393 et
1570 2364 1742 2403 corrigere,
1760 2368 1790 2396 et

1008 2411 1147 2442 defectus
1162 2412 1291 2443 illorum
1306 2413 1340 2444 in
1360 2415 1500 2446 consiliis
1515 2417 1674 2456 supplere,
1689 2428 1788 2458 qnam

1007 2465 1036 2496 si
1057 2466 1104 2496 illi
1125 2466 1297 2498 delicerent
1322 2469 1461 2508 penitus,
1478 2472 1508 2500 et
1527 2480 1623 2502 nemo
1638 2480 1691 2502 eos
1711 2475 1789 2504 tunc

1007 2520 1101 2551 sciret
1116 2520 1286 2561 instruere,
1302 2524 1328 2553 si
1342 2524 1418 2553 tnnc
1434 2524 1537 2563 primo
1552 2526 1718 2557 exercitari
1732 2527 1787 2559 de-

1005 2574 1128 2606 berent.
1148 2574 1207 2606 Tot
1228 2576 1324 2606 etiam
1344 2579 1419 2607 sunt
1439 2578 1639 2618 requirentes
1657 2590 1677 2611 a
1695 2581 1787 2612 nobis

1005 2629 1247 2669 praedicationes
1270 2633 1301 2661 et
1325 2631 1551 2670 confessiones,
1578 2635 1610 2664 et
1635 2635 1783 2674 consilia,-

1005 2684 1090 2724 quod
1105 2684 1245 2716 seniores
1263 2694 1329 2716 non
1344 2686 1507 2718 sufficiunt
1527 2688 1678 2720 omnibus
1695 2690 1786 2721 satis·

1038 2748 1070 2779 (a)
1086 2747 1172 2780 Suppl.
1190 2747 1321 2779 quoniam,
