2029 3052
176 231 236 264 120
549 225 760 261 SERMONES
781 225 833 258 DE
855 224 1022 259 SANCTIS
1047 225 1089 259 IN
1110 223 1308 259 commum.
1329 223 1422 257 XLll.

176 300 294 336 gustare
307 305 460 327 summum
473 296 602 332 honum,
616 296 647 325 in
662 302 724 332 quo
737 295 782 323 est
799 293 957 331 plenitudo

177 345 314 375 omnium
332 344 574 378 delectationum,
590 342 752 379 plusquam
767 340 866 370 dicere
877 340 958 370 suffi-

177 393 291 422 ciamus
302 393 333 422 in
347 391 498 421 infinitum
506 391 521 418 ‘t
536 389 680 418 Deficiunt
691 388 771 417 enim
785 395 890 417 omnes
902 387 960 416 lin-

178 448 244 477 guoe
257 448 276 469 a
289 439 460 468 narratione
473 438 552 474 ejus,
574 438 698 473 propter
719 434 959 472 magnitudinem

177 495 241 517 esse
254 486 357 524 ipsius.
373 487 447 515 Nam
466 486 529 512 tam
550 490 672 519 magna,
693 484 755 511 tam
770 481 882 519 ampla,
897 483 960 510 tam

178 541 296 564 summa
311 534 355 562 est
368 532 420 561 illa
434 530 574 566 dulcedo,
599 531 633 558 ut
647 537 715 558 eam
732 537 795 558 non
813 528 961 566 exprimat

178 581 258 610 ullus
267 587 376 610 sermo.
387 578 470 607 Unde
483 577 641 615 Apostolus
655 576 749 606 semel
763 576 835 605 illuc
845 577 960 613 raptus,

178 628 255 658 vidit
268 629 278 647 ¹
297 637 311 654 α
325 634 435 656 arcana
453 625 514 661 Dei,
529 632 597 662 quoe
615 631 678 654 non
698 624 767 653 licet
786 623 903 653 homini
916 623 962 652 lo-

179 675 242 714 qui.
258 675 295 702 »2
312 685 324 700 a
346 673 455 703 Oculus
477 680 540 701 non
560 672 649 708 vidit,
670 674 760 707 Deus,
787 671 901 708 absque
922 672 961 706 te,

180 731 247 760 quae
258 722 429 759 praeparasti
444 719 637 756 diligentibus
652 721 690 748 te.
705 729 719 745 η
733 719 743 737 ³
760 728 775 745 α
789 719 886 753 Quam
898 725 962 746 ma-

180 777 240 806 gna
262 768 422 797 multitudo
446 766 624 802 dulcedinis,
637 775 651 792 i·
668 768 722 795 ete.
749 765 914 794 Bernardus
928 766 939 783 ⁴
952 775 961 793 :

185 828 198 844 ιι
213 816 309 846 Semel
325 818 351 844 te
366 814 494 852 gustavi,
510 814 551 843 mi
566 814 645 843 bone
659 815 738 849 lesu,
754 812 847 841 semel
858 815 885 841 te
897 820 966 848 gus-

181 865 242 894 tavi
258 874 265 893 :
281 865 310 892 et
324 864 438 892 utinam
453 861 560 890 millies
574 861 651 890 mori
667 868 798 898 possem,
813 862 846 888 ut
858 861 964 889 iterum

182 914 210 940 te
228 911 394 948 gustarem!
419 920 432 936 n
453 909 568 938 Utinam
584 908 764 937 haberemus
782 907 966 936 desiderium

184 959 336 995 Prophetae
348 957 472 986 dicentis
485 957 496 974 ⁸
515 966 522 985 ε
542 966 555 983 α
573 955 835 991 Quemadmodum
850 955 967 984 deside-

183 1009 229 1034 rat
239 1013 342 1034 cervus
357 1005 394 1033 ad
415 1004 522 1039 fontes,
537 1014 550 1030 ι)
568 1005 624 1032 etc.
641 1014 655 1029 ιι
669 1003 773 1039 Sitivit,
788 1014 801 1028 »
819 1005 874 1031 etc.
888 1003 968 1031 Sicut

186 1061 291 1082 cervus
305 1060 462 1089 nunquam
484 1054 527 1080 est
545 1052 586 1080 ita
610 1051 719 1086 lassus,
745 1050 819 1087 quin
842 1058 859 1078 a
880 1052 969 1086 gustu

187 1109 272 1138 aquae
283 1103 310 1129 et
320 1100 442 1128 transitu
457 1101 628 1136 reparetur;
641 1097 775 1126 sicnulla
789 1097 902 1126 homini
917 1097 969 1126 tri-

187 1148 302 1177 bulatio
317 1148 414 1184 gravis
427 1148 513 1180 esset,
528 1146 581 1183 qui
595 1145 675 1174 illius
689 1145 798 1172 summi
815 1144 887 1173 boni
905 1152 970 1173 mo-

189 1196 287 1224 dicam
307 1194 448 1223 stillulam
473 1193 651 1229 degustaret.
678 1193 801 1220 Pereant
823 1199 895 1228 ergo
916 1191 970 1220 filii

188 1243 289 1278 Belial,
305 1250 381 1278 quos
399 1241 498 1269 solum
519 1247 599 1268 nunc
618 1247 696 1267 vana
715 1239 877 1273 delectant,
902 1241 934 1267 ut
953 1247 971 1267 a

190 1289 384 1318 delectatione
404 1289 549 1325 perpetuo
565 1295 594 1315 se
610 1286 779 1315 excludant.
805 1289 861 1315 Nos
887 1294 970 1321 ergo,

191 1337 242 1374 qui
258 1336 430 1365 credimus⁶
447 1345 460 1361 α
483 1335 583 1363 videre
602 1334 684 1362 bona
708 1333 822 1361 Domini
843 1333 872 1361 in
897 1335 973 1361 terra

193 1384 371 1418 viventium,
396 1394 410 1409 »ι
431 1382 580 1418 fugiamus
604 1382 683 1409 hunc
705 1389 815 1408 vanum
838 1383 972 1416 gustum,

191 1440 303 1460 vanum
323 1434 486 1467 aspectum,
505 1438 616 1458 vanum
637 1429 784 1462 auditum,
809 1430 837 1456 et
861 1436 973 1456 vanum

193 1479 346 1513 olfactum,
358 1480 386 1506 ct
399 1485 520 1506 omnem
531 1476 740 1505 delectabilem
755 1483 885 1503 sensum.
903 1476 975 1502 Nam

194 1527 223 1554 in
242 1527 290 1554 Job
304 1525 432 1553 dicitur⁷
447 1534 454 1552 ι
469 1536 481 1549 «
499 1523 640 1551 Videbitis
662 1523 768 1550 faciem
789 1523 852 1558 ejus
877 1522 906 1549 in
930 1522 976 1557 ju-

195 1574 268 1601 bilo.
293 1583 306 1598 ιι
326 1574 372 1600 Est
395 1574 493 1600 autem
515 1571 629 1606 jubilus
652 1570 791 1607 quautam
817 1569 978 1597 indicibilis

195 1621 304 1655 lustitia,
320 1623 351 1649 ut
373 1620 531 1656 Gregorius
551 1619 621 1647 dicit
642 1620 662 1653 ⁸,
685 1619 801 1653 mentis,
824 1627 891 1655 quae
916 1626 978 1646 non

196 1671 291 1705 potest
319 1668 421 1703 lingua
455 1666 597 1702 exprimi,
626 1674 679 1694 nec
715 1674 750 1694 ex
783 1669 842 1694 toto
872 1666 977 1693 videri.

198 1715 374 1752 Exemplum
401 1715 437 1742 dc
461 1722 533 1742 cane
561 1713 729 1749 leporario,
752 1713 815 1749 qui,
836 1713 908 1741 dum
933 1713 979 1741 in-

198 1763 279 1791 venit
294 1762 414 1798 vestigia
430 1762 550 1798 leporis,
567 1764 677 1789 tantam
698 1761 826 1789 notitiam
841 1761 980 1797 concipit,

199 1813 263 1838 uta
279 1809 460 1846 quibusdam
485 1808 610 1839 vocibus
632 1808 810 1844 imperfectis
833 1808 981 1837 abstinere

200 1866 260 1886 non
277 1857 380 1894 possit.

236 1905 343 1939 Tertio,
358 1903 459 1939 Angeli
477 1903 577 1931 vident
599 1904 688 1931 licum
705 1903 818 1931 visione
837 1903 981 1939 plenaria.

202 1953 228 1980 si
254 1952 344 1984 enim,
368 1954 400 1979 ut
424 1954 532 1978 tactum
553 1952 605 1984 est,
626 1950 699 1977 illud
724 1951 837 1978 bonum
860 1950 985 1986 plenum

204 2007 265 2027 non
281 2000 366 2032 esset,
385 1998 423 2025 ita
439 1998 521 2034 quod
539 1998 567 2025 in
583 1997 646 2025 ullo
670 1998 751 2024 bono
773 1997 896 2025 omuino
913 1997 986 2024 deti-

205 2048 292 2080 ceret,
310 2053 461 2073 summum
477 2052 537 2072 non
553 2047 637 2079 essct,
652 2053 704 2071 nce
718 2045 886 2080 angelicum
898 2053 987 2081 appe-

207 2094 290 2121 titum
313 2100 350 2120 ex
372 2094 432 2119 toto
455 2091 626 2128 perficeret,
654 2100 721 2118 cum
744 2100 861 2127 semper
891 2092 987 2127 majus

208 2141 321 2169 bonum
345 2142 482 2175 appetere
508 2141 618 2174 posset.
641 2141 761 2167 Necesse
785 2141 827 2166 est
851 2147 933 2173 crgo,
957 2142 988 2167 ut

208 2187 281 2216 illut]
298 2187 333 2214 sit
356 2187 561 2223 plenissimum
577 2186 706 2220 bouum,
728 2188 759 2214 ut
782 2187 877 2221 majus
900 2195 988 2214 cxco-

209 2235 293 2271 gitari
308 2242 367 2261 nou
382 2234 482 2270 possit.
501 2234 581 2261 [Inde
598 2233 738 2261 Dominus
757 2233 831 2261 dixit
850 2233 888 2261 ad
909 2235 988 2270 Moy-

209 2290 259 2310 sen
273 2283 304 2309 ⁹.-
324 2292 336 2307 ιι
357 2283 416 2317 Ego
433 2281 587 2309 ostendam
604 2280 654 2308 tibi
671 2289 758 2308 omne
783 2281 908 2315 honum,
926 2292 938 2305 ι)
957 2281 988 2309 id

210 2333 262 2363 est,
281 2329 443 2366 perfectum
465 2329 589 2356 honum.
612 2330 642 2356 Et
664 2328 737 2364 quid
760 2331 801 2356 cst
825 2329 989 2364 perfectum

209 2377 342 2410 honum,
367 2376 422 2403 nisi
444 2375 557 2403 bonum
579 2379 836 2410 consummatum,
857 2376 903 2403 cui
929 2384 989 2404 non

210 2426 305 2460 potest
321 2422 383 2451 fieri
399 2422 655 2450 additamentum?
675 2422 754 2449 l'udc
777 2423 934 2458 Apostolus
945 2423 964 2439 ¹⁰
981 2433 988 2450 :

213 2483 225 2496 (ι
242 2473 297 2499 Nec
313 2470 416 2499 oculus
428 2469 513 2504 vidit,
527 2477 580 2497 nec
596 2469 674 2496 auris
688 2470 812 2503 audivit,
830 2470 924 2498 necin
940 2479 991 2499 cor

211 2518 340 2545 hominis
356 2517 563 2550 ascenderunt,
579 2525 644 2553 qum
659 2518 733 2544 Deus
754 2519 929 2553 purpuravit
945 2518 990 2552 iis,

212 2565 263 2600 qui
280 2565 406 2600 diligunt
420 2565 524 2592 illum:
543 2574 555 2590 ιι
574 2564 658 2600 quasi
674 2564 753 2591 (licat
769 2573 775 2592 :
792 2567 861 2592 'l'aun
877 2565 990 2601 ampla,

245 2640 287 2663 ἸΙ
312 2640 379 2666 Cor.v
397 2646 448 2669 xii,
463 2641 484 2663 4.
501 2653 530 2657 —
544 2640 715 2669 313(ι.,ωιν,
736 2641 796 2663 i.—
817 2640 822 2651 ¹
843 2640 991 2671 malms,

213 2677 251 2698 20.
270 2688 300 2693 —
321 2676 328 2689 ⁴
347 2677 421 2699 Bet-u.
438 2689 468 2693 —
488 2676 498 2691 Β
512 2675 579 2699 ΡκαΙ.
596 2682 653 2704 xm,
672 2677 700 2706 2,
716 2678 737 2699 3.
756 2688 786 2692 —
806 2676 813 2687 ⁸
831 2676 898 2699 psal.
919 2682 990 2707 xxvi,

218 2714 253 2735 13.
267 2725 297 2730 —-
311 2712 321 2729 ⁷
337 2711 390 2740 lab,
407 2717 503 2739 xxxin.
522 2713 559 2736 26.
572 2725 602 2730 -
617 2711 627 2727 ⁸
642 2712 728 2742 Greg„
746 2711 847 2742 *ilorci-²⁴,
862 2712 905 2735 lib.
923 2713 991 2740 tht.

1015 295 1075 322 tam
1085 293 1155 330 alta,
1165 295 1227 322 tam
1235 293 1392 322 innumera
1401 291 1529 321 suntilla
1535 291 1669 329 bona‚ut
1674 300 1797 324 omnem

1015 341 1162 370 excedant
1174 341 1342 370 humanum
1355 339 1511 375 intuitum,
1531 339 1699 369 humanum
1710 341 1797 370 audi-

1015 390 1094 424 tum,
1112 389 1142 417 et
1163 395 1286 417 omnem
1305 387 1398 416 animi
1420 387 1593 423 cogitatum.
1613 387 1710 422 Quare
1726 395 1799 417 oon-

1016 434 1138 464 eludere
1160 433 1243 470 licet,
1266 434 1350 472 quod
1369 433 1446 463 illud
1469 434 1585 464 bonum
1606 435 1722 463 tantum
1743 435 1799 470 est,

1017 481 1102 518 quod
1119 482 1216 518 majus
1229 489 1293 510 esse
1306 488 1369 510 non
1383 483 1479 518 potest
1488 481 1521 510 ¹¹.
1537 491 1551 507 u
1569 480 1799 511 inebriabuntur

1017 529 1057 558 ab
1074 529 1210 558 ubertate
1228 528 1337 558 domus
1350 535 1436 563 mete,
1449 538 1464 555 n
1479 530 1535 557 etc.
1551 529 1585 557 Et
1596 527 1711 557 ibidem
1724 527 1767 557 ¹¹:
1783 537 1800 555 ι

1018 575 1106 612 Apud
1126 578 1154 604 te
1168 577 1213 604 est
1229 575 1297 604 fons
1310 574 1390 611 vitai,
1411 577 1440 604 et
1460 575 1491 604 in
1509 574 1624 604 lumine
1643 577 1696 604 tuo
1716 575 1801 604 vide-

1019 623 1119 652 bimus
1140 622 1254 651 lumen.
1282 632 1297 650 »

1311 702 1440 734 SERMO
1463 702 1515 733 111.

1057 765 1112 800 Qui
1124 765 1193 799 facit
1208 765 1325 800 Anqelos
1338 772 1398 793 sitos
1413 766 1530 801 spiritus
1543 764 1575 793 ¹⁸.
1597 765 1746 798 Quantum
1759 763 1804 794 illi

1021 812 1128 841 milites
1142 814 1249 841 natura
1262 811 1417 847 sublimes,
1435 811 1542 841 virtute
1560 813 1706 849 potentes,
1726 811 1804 840 divi-

1022 860 1068 888 nis
1086 854 1319 888 revelationibus
1334 859 1492 896 sapientes,
1507 859 1615 896 pietate
1630 859 1802 894 clementes,

1022 907 1151 942 veloces,
1167 915 1244 944 quos
1253 907 1403 944 Scriptura
1413 914 1518 935 omnes
1531 906 1666 935 assistere
1678 906 1804 935 Domino

1024 954 1122 989 docet,
1135 954 1202 991 quis
1217 954 1315 982 verbis
1330 953 1495 991 exprimere
1509 954 1624 991 potest?
1639 955 1705 991 lpse
1722 953 1806 982 solus

1025 1010 1076 1030 eos
1090 1001 1258 1038 perspicere
1273 1001 1366 1037 novit,
1382 1001 1434 1038 qui
1451 1009 1503 1030 eos
1518 1000 1664 1036 condidit,
1679 1002 1741 1029 tem
1755 1007 1807 1028 su·

1025 1049 1133 1078 blimes
1159 1048 1269 1084 effecit,
1300 1051 1329 1078 et
1348 1056 1419 1076 suos
1439 1047 1586 1085 Angelos,
1600 1047 1632 1076 id
1653 1049 1711 1083 est,
1736 1054 1807 1076 suos

1026 1096 1145 1124 nuntios
1159 1095 1317 1124 constituit.
1340 1097 1373 1124 Et
1386 1095 1454 1124 ideo
1480 1094 1567 1123 valde
1591 1102 1722 1131 congrue
1746 1094 1808 1123 dic-

1027 1146 1090 1171 tum
1100 1145 1143 1172 est
1153 1153 1160 1172 ;
1170 1144 1224 1178 Qui
1235 1145 1304 1176 tacit
1321 1143 1440 1178 Angelos
1453 1150 1524 1170 suos.
1538 1144 1587 1171 Est
1601 1150 1672 1170 vero
1683 1149 1788 1170 sensus
1800 1151 1808 1171 :

1028 1190 1077 1219 llle
1092 1190 1143 1227 qui
1161 1193 1267 1219 cuncta
1286 1190 1414 1225 creavit,
1439 1189 1490 1226 qui
1515 1189 1652 1218 universa
1671 1188 1808 1226 perfecit,

1029 1240 1061 1266 ut
1074 1237 1178 1273 voluit,
1193 1237 1241 1266 ille
1262 1237 1368 1265 milites
1383 1245 1463 1272 suos,
1479 1237 1532 1273 qui
1547 1245 1583 1265 ex
1599 1239 1704 1264 natura
1726 1235 1812 1272 spiri·
1849 1251 1854 1256 ·

1030 1287 1074 1313 tus
1090 1287 1167 1319 sunt,
1184 1293 1219 1313 ex
1242 1284 1395 1312 nobilitate
1410 1286 1533 1318 naturae,
1554 1283 1622 1312 fecit
1641 1282 1760 1311 nuntios
1774 1291 1811 1311 ex

1029 1332 1293 1361 administratione.
1310 1331 1391 1359 Unde
1407 1330 1564 1368 Apostolus
1580 1331 1617 1358 ad
1626 1331 1750 1358 Hebroeos
1766 1329 1787 1348 ¹⁸
1801 1338 1810 1359 z

1034 1390 1047 1406 α
1062 1381 1170 1408 Omnes
1185 1381 1252 1407 sunt
1271 1378 1512 1406 administratorii
1530 1377 1661 1415 spiritus,
1678 1377 1708 1405 in
1723 1377 1812 1406 mini-

1031 1427 1152 1455 sterium
1170 1426 1250 1454 missi
1266 1428 1386 1462 propter
1401 1433 1463 1460 eoS‚
1479 1425 1531 1461 qui
1547 1424 1746 1453 haereditatem
1762 1432 1813 1453 ca-

1031 1475 1114 1511 pient
1129 1474 1240 1501 salutis.
1255 1483 1268 1499 n
1286 1473 1385 1501 Videte
1399 1480 1486 1508 ergo,
1503 1472 1618 1507 fratres,
1637 1480 1675 1500 ne
1695 1472 1815 1502 recedat

1033 1530 1051 1550 a
1070 1521 1175 1555 eorde,
1199 1529 1236 1548 nc
1260 1520 1380 1548 recedat
1402 1519 1441 1547 ab
1465 1527 1532 1554 ore,
1561 1527 1598 1547 ue
1626 1519 1746 1549 recedat
1775 1520 1814 1549 ab

1034 1577 1135 1605 opere,
1152 1570 1295 1604 quantum
1309 1569 1397 1595 Deum
1413 1569 1546 1594 nostrum
1558 1566 1723 1595 debeamus
1735 1569 1816 1596 ania-

1034 1625 1065 1644 re
1081 1625 1087 1642 ι
1107 1615 1178 1652 quia
1194 1623 1254 1642 non
1270 1614 1366 1642 solum
1382 1613 1517 1642 condidit
1537 1614 1701 1649 mundum,
1725 1617 1753 1642 et
1773 1617 1816 1643 to-

1036 1666 1098 1691 tum
1112 1663 1199 1690 nobis
1214 1662 1295 1690 dedit
1311 1662 1339 1689 in
1357 1669 1454 1694 usum,
1469 1661 1522 1689 sed
1538 1664 1565 1689 et
1582 1661 1709 1697 Angelos
1724 1661 1817 1690 tradi-

1037 1711 1079 1738 dit
1094 1711 1124 1738 in
1140 1710 1346 1743 ministerium,
1363 1711 1390 1736 et
1405 1708 1525 1736 tandem
1546 1709 1677 1745 seipsum
1699 1709 1727 1737 iu
1748 1717 1817 1745 pre-

1039 1758 1121 1785 tium.
1157 1759 1186 1785 ln
1224 1756 1317 1784 verbo
1351 1758 1449 1783 autem
1488 1755 1640 1792 praemisso
1673 1756 1820 1784 subtiliter

1038 1805 1197 1842 explanato
1212 1804 1304 1832 sancti
1327 1803 1428 1839 Angeli
1445 1803 1652 1831 describuntur
1674 1806 1820 1839 quantum

1039 1853 1076 1880 ad
1093 1853 1148 1879 tria
1167 1861 1172 1879 ι
1194 1852 1304 1888 primo,
1328 1860 1363 1879 cx
1388 1853 1470 1887 parte
1492 1850 1672 1878 auctoritatis
1693 1850 1819 1886 divinae;

1039 1899 1187 1934 secundo,
1210 1907 1245 1927 ex
1265 1901 1347 1935 parte
1368 1898 1570 1934 generositatis
1592 1900 1718 1932 naturoe3
1735 1897 1820 1926 tertio

1041 1956 1129 1982 vero,
1158 1955 1194 1974 ex
1218 1949 1300 1983 parte
1323 1946 1442 1981 gratim,
1468 1946 1529 1974 sive
1556 1945 1822 1974 administrationis

1042 1994 1216 2023 commissae.
1244 1996 1315 2021 Nam
1339 2001 1375 2021 ex
1403 1993 1505 2020 divina
1535 1993 1706 2020 auctoritate
1735 1992 1823 2020 nobis

1042 2045 1109 2070 sunt
1130 2041 1332 2073 venerabiles;
1351 2049 1384 2068 ex
1407 2042 1518 2067 naturze
1533 2039 1712 2067 sublimitate
1734 2039 1822 2067 nobis

1044 2092 1111 2117 sunt
1125 2087 1334 2121 admirabilem
1351 2087 1403 2115 sed
1419 2095 1455 2115 ex
1468 2086 1556 2114 officii
1574 2086 1618 2114 >ui
1639 2086 1779 2115 charitate
1794 2089 1822 2115 et

1044 2136 1217 2168 humilitate,
1238 2134 1326 2163 simul
1348 2137 1375 2162 et
1397 2134 1503 2170 pictate
1527 2133 1614 2161 nobis
1633 2135 1701 2161 sunt
1721 2133 1822 2170 diligi-

1045 2185 1128 2212 biles.
1143 2185 1264 2212 Notatur
1279 2190 1349 2217 ergo
1367 2181 1464 2217 primo
1480 2181 1557 2208 circa
1577 2180 1705 2216 Angelos
1721 2181 1824 2210 divina

1045 2232 1213 2265 auctoritas,
1231 2238 1298 2258 cum
1314 2229 1421 2256 dicitur
1439 2237 1445 2255 z
1469 2229 1522 2261 Oui
1537 2229 1622 2261 fucit:
1641 2230 1762 2257 Notatur
1779 2237 1824 2257 se-

1045 2280 1145 2309 cundo
1161 2278 1300 2314 angelica}
1316 2279 1426 2304 natura¹
1445 2276 1621 2311 sublimitas,
1644 2284 1713 2304 cum
1737 2277 1824 2305 addi-

1046 2331 1092 2356 tur
1110 2337 1115 2355 :
1132 2327 1264 2363 Spiritus.
1283 2326 1346 2353 llaec
1360 2327 1426 2352 sunt
1442 2324 1470 2351 in
1492 2326 1626 2351 creatura
1645 2331 1680 2351 ex
1702 2332 1755 2351 sua
1770 2332 1824 2352 na-

1046 2379 1110 2404 tura
1125 2376 1253 2409 accepta.
1272 2372 1413 2407 Exigebat
1428 2371 1507 2399 enim
1523 2370 1663 2407 perfectio
1673 2370 1823 2406 universa,

1046 2426 1075 2450 ut
1087 2422 1160 2449 sicut
1175 2420 1312 2457 qtltham
1328 2422 1445 2453 natura,
1456 2418 1516 2445 sive
1526 2420 1669 2451 creatura,
1682 2419 1724 2445 est
1736 2417 1825 2446 simul

1047 2469 1211 2505 corporalis
1228 2470 1254 2495 et
1268 2466 1438 2503 spiritualis,
1455 2467 1482 2493 et
1503 2464 1641 2501 quwtlam
1658 2472 1731 2500 pure
1756 2473 1823 2492 cor-

1047 2516 1171 2553 poralis;
1188 2516 1227 2543 ita
1242 2517 1314 2542 esset
1330 2513 1467 2550 quaedam
1488 2513 1592 2540 natura
1611 2514 1724 2539 tantum
1739 2511 1825 2548 spiri-

1049 2564 1142 2592 tualis.
1161 2565 1231 2591 Nam
1248 2564 1354 2598 quarta
1369 2560 1503 2589 doctrina
1517 2567 1579 2587 esse
1595 2566 1655 2586 non
1672 2559 1776 2594 potuit,
1794 2560 1826 2587 ut

1048 2648 1070 2663 c.
1093 2645 1169 2667 xxxi,
1188 2638 1220 2662 at.
1242 2643 1291 2667 Lu,
1312 2644 1338 2660 n.
1359 2637 1398 2660 88.
1418 2647 1448 2652 -
1469 2636 1478 2648 ²⁴
1499 2633 1591 2663 Erod„
1613 2639 1713 2664 xxxin,
1737 2635 1774 2658 19.
1794 2647 1825 2652 -

1050 2677 1067 2693 ¹⁰
1084 2676 1089 2698 1
1108 2676 1175 2703 σωκ,
1194 2681 1223 2703 ιι,
1238 2676 1259 2697 9.
1277 2685 1305 2690 -
1322 2673 1340 2689 ¹¹
1358 2670 1425 2696 Psal-
1441 2675 1518 2699 xxxv,
1534 2671 1559 2694 9.
1574 2683 1604 2687 —
1619 2669 1637 2686 ¹²
1654 2669 1826 2701 1bid.‚10.-

1050 2712 1069 2728 ¹³
1084 2710 1152 2736 Psal.
1168 2716 1224 2739 «1111,
1244 2711 1263 2734 t.
1281 2706 1443 2736 -'·Heb1·i,
1461 2712 1478 2738 ι,
1497 2708 1532 2730 ti.
