2029 3052
501 230 758 267 PSALTERIUM
780 229 904 263 MlNUS
927 229 1071 262 BEATAE
1093 231 1233 263 MARIAE
1256 229 1445 264 VIRGlNlS.

284 304 324 332 De
337 303 366 331 te
381 301 456 331 mihi
467 308 585 339 semper
602 301 722 335 crescat,

286 352 343 380 Cor
357 357 459 380 amore
473 349 641 379 incalescat.

320 400 392 434 Ave,
407 398 508 434 Virgo,
523 397 576 425 lux
590 397 750 430 astrorum,

284 445 377 481 Educ,
388 452 501 482 quaeso,
513 444 656 486 vitiorum

285 493 439 522 Lutulenta
452 500 501 521 me
516 492 554 522 de
568 492 650 526 faece,

284 542 339 570 Pro
354 548 403 569 me
418 541 478 569 Deo
493 539 560 567 susa
573 545 671 576 prece.

320 590 392 622 Ave,
407 587 507 624 Virgo,
522 586 568 615 fac
583 586 618 622 (a)
633 585 758 621 dignare

283 637 321 664 Te
334 635 509 664 laudantem
521 641 569 662 me
584 640 701 668 sanare,

282 684 305 710 A
317 682 463 717 languore
477 680 566 709 nimis
581 679 666 716 gravi

283 729 377 763 Quem
391 727 546 765 peccando
558 726 745 763 comparavi.

318 778 388 811 Ave,
403 775 504 812 Virgo,
521 774 561 803 da
578 774 664 811 quod
678 773 784 809 cernis,

283 825 316 851 Ut
330 822 515 859 contempler
528 821 560 850 in
575 821 721 858 supernis,

282 870 433 907 Epulantis
448 869 543 904 turbae
557 876 677 904 sonum,

282 919 315 945 Et
329 917 472 946 cantantis
487 917 554 945 ante
569 915 720 944 thronum.

317 967 386 1000 Ave,
400 964 490 1000 Virgo
506 963 675 999 singularis,

283 1015 357 1042 Vera
368 1012 431 1041 veri
446 1011 584 1040 salutaris

283 1062 315 1088 Et
330 1060 444 1088 emissae
458 1058 532 1087 lueis
546 1059 651 1093 mater,

281 1107 334 1136 Cui
349 1109 424 1135 Deus
437 1114 525 1135 verus
535 1107 629 1142 pater.

318 1157 389 1190 Ave,
403 1154 504 1190 Virgo,
519 1155 551 1181 tu
567 1152 700 1189 quietum

281 1203 337 1230 Fac
350 1201 502 1230 frementis
516 1199 623 1228 mundi
636 1199 762 1233 fretum;

280 1250 373 1284 Jesus,
387 1248 457 1276 navi
473 1249 642 1284 soporatus,

280 1298 303 1324 A
316 1298 344 1324 te
359 1296 462 1331 surgat
474 1295 627 1323 excitatus.

318 1345 388 1379 Ave,
405 1343 506 1379 Virgo,
523 1342 615 1378 digna
631 1340 700 1375 coli,

281 1392 350 1424 Quae
364 1389 472 1418 divinae
486 1391 543 1418 tuae
559 1389 638 1425 proli

283 1439 314 1466 111
331 1437 435 1466 festiva
449 1437 581 1465 claritate

284 1484 374 1512 Vestis
388 1486 465 1513 astas
481 1484 640 1512 deauratae.

318 1534 390 1567 Ave,
404 1532 505 1567 Virgo,
521 1530 628 1559 mundi
643 1530 762 1564 lumen,

282 1580 352 1613 Quae
366 1587 384 1608 a
396 1579 479 1607 Patre
494 1578 582 1606 Verbi
596 1578 720 1611 flumen,

283 1626 347 1654 Tibi
360 1626 485 1654 missum
501 1627 529 1654 et
543 1625 685 1660 infusum,

284 1673 419 1702 Effudisti
432 1674 539 1709 praeter
551 1680 649 1701 usum.

320 1723 389 1756 Ave,
406 1720 506 1756 Virgo,
521 1721 609 1748 Mater
622 1719 696 1755 Agni
706 1740 715 1754 ,

282 1771 294 1797 J
298 1777 349 1797 esu
361 1768 464 1797 Christi
476 1768 563 1804 Regis
577 1767 690 1803 magni,

281 1816 335 1850 Qui
350 1817 393 1844 est
405 1817 484 1851 pius,
500 1817 528 1843 et
543 1815 702 1850 benignus,

280 1864 313 1890 Et
327 1862 442 1891 honore
459 1870 577 1890 summo
595 1862 714 1898 dignus.

317 1912 387 1944 Ave,
403 1910 493 1945 Virgo
507 1909 611 1937 formae
627 1917 713 1942 rarae,

282 1957 371 1993 CuJ'us
385 1956 485 1984 vultus
500 1956 651 1991 singulare

281 2004 382 2032 Visum
395 2003 486 2039 jubar
501 2005 568 2031 sunt
582 2003 681 2031 mirati

282 2053 375 2087 Reges
390 2051 466 2079 coelo
483 2050 666 2086 congregati.

318 2101 390 2133 Ave,
407 2098 506 2134 Virgo,
523 2098 591 2126 veta
605 2098 735 2126 mentem

283 2147 319 2173 Te
332 2145 488 2174 laudando
503 2144 688 2181 diligentem,

285 2192 421 2228 Deputari
435 2193 510 2221 inter
524 2200 601 2227 reos,

285 2239 338 2267 Ubi
353 2247 434 2268 mors
449 2239 590 2275 depascet
604 2247 664 2268 eos.

321 2289 393 2321 Ave,
407 2287 485 2315 veris
495 2287 653 2321 claritudo,

284 2335 391 2363 Tecum
406 2334 470 2369 agri
485 2333 688 2369 pulchritudo,

285 2382 354 2415 Quae
368 2380 486 2417 perfusa
503 2380 570 2408 coeli
585 2388 663 2415 rore,

283 2430 414 2457 Vernaus
428 2429 493 2456 orto
506 2427 666 2455 salvatore.

318 2481 390 2510 Ave,
406 2476 493 2504 Mater
508 2474 723 2510 orphanorum,

284 2524 418 2553 Miserere
432 2523 622 2557 miserorum,

284 2571 401 2599 Tollens
417 2569 521 2599 sordes
532 2571 564 2601 >et
576 2570 696 2605 peccata

282 2619 376 2655 Super
390 2618 491 2646 nivem
506 2616 657 2645 dealbata.

191 2685 221 2714 (a)
241 2684 367 2714 ιαμ-111111.

1179 332 1333 361 SECUNDA
1351 329 1604 366 QUINQUAGENA.

1160 396 1231 430 Ave,
1246 394 1336 431 Virgo
1351 393 1514 430 primitiva,

1124 440 1213 477 Virgo
1228 441 1311 470 ferax
1325 443 1357 470 ut
1371 440 1460 476 oliva,

1124 488 1193 522 Quae
1206 488 1300 517 divini
1315 496 1439 525 germen
1452 487 1546 523 ssoris,

1124 535 1249 564 Attulisti
1264 536 1373 564 nostris
1388 535 1459 564 oris.

1160 584 1232 618 Ave,
1248 583 1369 611 schema
1384 583 1500 611 clarum
1513 582 1618 618 David,

1124 630 1251 658 Mundus
1266 630 1364 658 omnis
1379 630 1567 665 acclamavit,

1125 676 1194 706 Sola
1207 678 1301 705 Deum
1316 677 1474 714 requisisti,

1124 725 1181 752 Nec
1196 724 1236 753 ad
1250 724 1363 760 probra
1379 723 1569 754 descendisti.

1160 775 1231 807 Ave,
1247 772 1336 808 Virgo
1350 771 1423 800 novi
1434 771 1506 806 voti,

1124 822 1213 849 Posce
1229 821 1311 849 bona
1325 820 1440 848 mundo
1455 820 1520 855 toti,

1123 869 1218 895 Tuum
1230 875 1335 896 omnes
1351 867 1534 902 adjuvamen

1125 915 1291 943 Sentiamus
1306 922 1436 951 semper,
1451 922 1552 942 amen.

1159 964 1231 997 Ave,
1246 962 1334 997 Virgo
1350 961 1535 996 columbina,

1124 1010 1180 1038 Fac
1193 1011 1225 1037 ut
1239 1008 1347 1037 mundi
1363 1009 1400 1036 de
1415 1008 1543 1043 sentina,

1124 1056 1195 1084 llluc
1210 1055 1322 1091 volem,
1340 1055 1416 1084 datis
1430 1055 1548 1092 pennis,

1126 1103 1179 1131 Ubi
1195 1103 1281 1139 quies
1297 1104 1340 1130 est
1353 1103 1504 1139 perennis.

1161 1152 1230 1184 Ave,
1246 1151 1346 1186 Virgo,
1361 1151 1410 1185 da,
1427 1152 1454 1179 te
1469 1150 1556 1186 duee,

1126 1199 1168 1226 Me
1183 1198 1324 1226 vivorum
1339 1197 1396 1225 frui
1412 1197 1490 1233 luce,

1125 1246 1157 1273 In
1171 1253 1232 1281 qua
1245 1246 1348 1281 raptus
1362 1245 1403 1273 ad
1417 1252 1559 1281 superna,

1126 1292 1189 1320 Vita
1203 1292 1306 1320 vivam
1322 1292 1513 1328 sempiterna.

1162 1341 1234 1375 Ave,
1250 1339 1340 1375 Virgo
1356 1338 1504 1375 specialis,

1126 1388 1203 1414 Fove
1218 1386 1275 1415 11115
1290 1394 1338 1414 me
1353 1385 1409 1414 5111)
1425 1386 1490 1420 alis,

1125 1433 1201 1462 Sede
1215 1433 1297 1462 fruar
1312 1435 1344 1461 ut
1360 1441 1480 1461 amoena

1124 1482 1157 1509 Et
1171 1481 1270 1517 quiete
1284 1488 1358 1516 paee
1374 1480 1475 1516 plena.

1160 1530 1231 1563 Ave,
1248 1527 1338 1555 decus
1353 1527 1535 1564 puellarum,

1126 1574 1213 1611 Virga
1227 1574 1320 1610 Judae,
1337 1582 1440 1602 semen
1455 1574 1581 1610 clarum,

1126 1622 1217 1651 Patris
1230 1630 1349 1658 parenS,
1365 1623 1435 1650 nata
1448 1621 1557 1658 prolis,

1126 1669 1175 1698 Dei
1190 1669 1310 1704 domus,
1325 1668 1394 1697 aula
1412 1668 1498 1697 Solis.

1162 1718 1233 1752 Ave,
1248 1716 1349 1752 Virgo,
1365 1716 1421 1744 flos
1437 1716 1474 1744 de
1491 1716 1594 1752 spina3

1124 1764 1212 1798 Quod
1225 1771 1376 1799 rogamus,
1393 1763 1432 1791 da
1447 1763 1560 1799 Regina
1566 1773 1576 1798 i

1124 1812 1216 1847 Surge
1229 1811 1317 1840 nobis
1332 1811 1363 1838 in
1379 1818 1537 1839 occursum
1545 1820 1554 1846 3

1126 1859 1224 1887 Praebe
1241 1850 1388 1893 dextram,
1405 1858 1486 1886 trahe
1503 1865 1629 1885 sursum.

1162 1908 1231 1941 Ave,
1248 1905 1336 1941 Virgo
1354 1905 1430 1933 lacte
1445 1905 1517 1938 lota,

1126 1955 1212 1982 Pasce
1227 1960 1345 1988 semper
1359 1960 1426 1987 nos,
1442 1953 1470 1980 et
1482 1954 1554 1988 pota

1129 2000 1245 2029 Deitatis
1261 2000 1341 2028 fonte
1358 1999 1445 2034 trino,

1126 2049 1164 2076 De
1179 2046 1419 2083 compunctionis
1435 2046 1516 2074 vino.

1160 2097 1230 2130 Ave,
1244 2095 1341 2122 Turris
1356 2095 1462 2122 nostrae
1474 2093 1537 2129 spei
1551 2102 1557 2120 :
1587 2100 1589 2102 ·

1127 2143 1203 2178 Esto,
1219 2142 1320 2177 Virgo,
1333 2149 1449 2169 memor
1464 2141 1533 2175 mei,

1124 2191 1156 2218 Et
1171 2191 1325 2218 cantorem
1339 2188 1464 2217 laudum
1480 2188 1586 2216 harum

1124 2237 1222 2271 Salva,
1237 2236 1376 2272 princeps
1391 2235 1593 2263 foeminarum.

1159 2287 1231 2318 Ave,
1247 2283 1335 2319 Virgo
1351 2283 1414 2311 sine
1431 2282 1516 2318 dolo,

1124 2331 1212 2366 eujus
1225 2330 1322 2359 omnis
1337 2338 1404 2366 spes
1417 2330 1448 2358 in
1463 2329 1529 2358 solo

1125 2380 1260 2406 creatore
1276 2385 1394 2413 semper
1409 2376 1529 2411 mansit,

1126 2427 1188 2454 Non
1205 2425 1235 2453 in
1250 2424 1377 2459 mundo,
1390 2424 1442 2460 qui
1458 2424 1624 2460 pertransit⁴

1159 2475 1229 2508 Ave,
1246 2472 1345 2508 Virgo,
1361 2479 1431 2500 caro
1447 2471 1531 2506 cujus

1123 2520 1233 2549 Ridens
1249 2520 1342 2556 dapes
1356 2518 1423 2547 vitre
1439 2518 1539 2553 hujus,

1125 2567 1228 2596 Solum
1245 2568 1338 2595 Deum
1354 2565 1535 2601 concupivit,

1126 2616 1158 2642 Et
1172 2623 1241 2643 eum
1255 2616 1353 2642 mente
1369 2613 1469 2641 sitivit.

1163 2664 1233 2697 Ave,
1250 2661 1338 2697 VIrgo
1356 2660 1425 2688 recti
1443 2659 1553 2693 cordis,

1127 2711 1182 2738 Nec
1197 2709 1287 2737 ullius
1299 2715 1434 2744 unquam
1445 2706 1541 2734 sordis

1726 233 1779 263 191
