2060 3052
631 192 681 225 DE
703 192 759 225 SS.
786 190 1087 224 EVANGELISTIS.
1112 192 1244 225 SERMO
1267 192 1292 224 l.
1668 195 1672 199 ’
1734 198 1767 229 31

155 260 291 298 perfectis
319 268 380 290 non
403 261 523 298 expedit
544 260 705 290 amicitiam
730 260 841 290 habere
864 267 933 288 cum

155 309 252 338 malis.
270 311 418 345 Rogemus
433 316 517 345 ergo,
533 309 587 337 etc.

271 408 327 445 DE
362 408 422 444 SS.
457 407 813 445 EVANGELISTIS.

377 486 506 516 SERMO
531 486 674 516 PluMUS
690 485 710 515 ¹.

191 546 325 579 Audiam,
341 546 409 581 quid
424 548 550 582 loquatur
570 548 601 574 in
618 554 659 574 me
680 546 809 573 Dominus
824 545 893 572 Deus
911 544 931 560 ²·

155 592 286 621 Eximius
303 592 408 621 doctor
426 593 605 629 Augustinus
620 594 630 611 ³
647 592 717 620 dicit
738 592 796 620 hoc
810 590 934 619 sensisse

156 640 317 676 Platonem,
341 640 424 677 quod
441 643 514 669 Deus
533 640 570 668 sit
591 648 680 668 causa
697 639 833 667 omnium
852 640 935 666 natu-

154 695 267 723 rarum,
282 688 330 715 vel
345 689 557 722 creaturarum,
573 687 610 716 sit
622 687 723 715 lumen
739 686 874 714 omnium
888 694 935 714 ra-

155 736 281 771 tionum,
297 738 325 764 et
339 735 375 764 sit
387 736 454 764 finis
467 735 603 764 omnium
622 735 774 764 actionum
794 743 800 762 :
825 736 857 762 ut
871 734 934 762 sine

156 791 191 812 eo
212 783 296 811 nulla
316 786 449 812 creatura
468 784 617 819 subsistat,
640 783 724 811 nulla
745 781 865 810 scientia
889 782 934 809 in—

155 832 256 865 struat,
271 830 371 858 nullus
383 839 483 859 rerum
493 839 563 859 usus
578 830 725 867 expediat.
742 832 813 858 Nam
824 829 881 857 hoc
893 830 935 856 est

154 878 255 905 noster
268 877 432 906 intellectus
447 878 508 906 sine
524 877 626 905 divino
641 876 765 911 lumine,
785 875 815 903 id
832 875 868 912 (a)
894 877 936 903 est

155 924 252 952 carnis
273 925 377 952 oculus
396 924 459 953 sine
483 925 558 953 luce.
574 926 647 952 Nam
663 924 737 952 sicut
752 923 848 951 carnis
863 930 934 950 ocu-

155 971 212 1006 lus,
233 971 302 999 licet
325 972 362 999 de
376 972 421 999 sui
444 974 550 1000 natura
573 972 682 999 habeat
700 970 870 998 facultatem
894 969 935 997 vi-

156 1018 258 1053 dendi,
273 1027 428 1055 nunquam
449 1021 548 1047 tamen
568 1018 734 1055 assequitur
755 1017 934 1045 beneficium

154 1066 291 1102 visionis,
306 1067 360 1095 nisi
382 1067 493 1095 auxilio
516 1066 600 1100 lucis,
617 1066 677 1094 sive
695 1065 850 1093 radiorum
865 1064 935 1092 solis

156 1113 198 1149 (ut
211 1117 314 1141 auctor
327 1114 359 1141 de
381 1114 491 1149 Spiritu
513 1117 537 1141 et
559 1114 663 1141 Anima
682 1112 753 1140 dicit
766 1113 800 1148 ⁴),
816 1113 856 1140 sie
880 1120 936 1139 nec

155 1160 259 1188 oculus
272 1161 442 1197 spiritualis,
460 1160 597 1197 quamvis
612 1160 649 1188 de
665 1160 708 1187 sni
725 1162 831 1187 natura
843 1159 879 1187 sit
893 1160 937 1186 in-

155 1207 286 1242 telligere
300 1209 398 1241 natus,
414 1215 570 1243 nunquam
590 1208 689 1234 tamen
712 1206 858 1241 intelligit,
880 1206 935 1234 nisi

155 1253 273 1289 adjutus
289 1254 325 1282 sit
341 1254 453 1282 lumine
470 1254 532 1282 veri
545 1254 629 1282 Solis.
649 1253 726 1281 Unde
740 1254 886 1290 Propheta
901 1254 910 1270 ⁵
928 1263 934 1281 ε

159 1301 319 1336 «Domine,
342 1301 373 1329 in
397 1301 509 1329 lumine
531 1303 581 1328 tuo
600 1301 770 1328 videbimus
791 1300 902 1328 lumen.
920 1312 933 1327 u

154 1349 216 1376 Non
233 1356 303 1383 ergo
322 1348 485 1384 potuissent
506 1348 709 1383 evangelistes,
728 1356 782 1375 nec
798 1347 935 1383 quicum-

155 1403 213 1431 que
227 1395 362 1423 doctores
377 1396 522 1429 Ecclesiae,
538 1395 589 1431 qui
610 1395 791 1430 scripserunt
813 1395 849 1422 de
865 1397 935 1429 Deo,

155 1442 319 1478 scripsisse,
345 1443 400 1470 nisi
430 1443 565 1470 illustrati
588 1443 645 1470 hoc
669 1442 802 1476 lumine,
828 1443 911 1478 quod
926 1444 936 1459 ⁶

158 1488 331 1517 «illuminat
346 1497 466 1517 omnem
477 1489 641 1524 hominem,
657 1500 671 1516 »
689 1490 750 1517 sive
767 1490 934 1524 docentem,

155 1536 216 1564 sive
238 1537 424 1569 scribentem,
445 1537 505 1565 sive
529 1537 733 1564 meditantem.
763 1537 841 1564 Dicat
864 1545 934 1571 orgo

155 1583 337 1620 quicumque
361 1583 525 1620 apostolus,
552 1583 613 1611 sive
637 1583 828 1618 evangelista,
857 1583 937 1610 (licat

155 1631 252 1658 omnis
266 1631 374 1666 scriba,
388 1632 416 1658 et
431 1631 612 1667 quicumque
627 1630 714 1658 docet
731 1630 762 1658 in
773 1632 873 1658 sancta
888 1632 936 1658 Ec-

156 1677 244 1705 clesia
256 1687 262 1705 :
274 1678 394 1705 Audiam
405 1678 473 1713 quid
487 1679 614 1713 loquatur
624 1680 653 1705 in
665 1686 705 1705 me
717 1679 845 1705 Dominus
856 1680 934 1705 Deus.

155 1725 185 1752 ln
201 1732 261 1760 quo
273 1725 376 1760 verbo,
389 1725 533 1753 subtiliter
544 1725 696 1760 indagato,
713 1727 852 1753 notantur
865 1725 933 1752 tria:

154 1772 285 1807 primum
300 1774 342 1800 est
356 1772 507 1800 humilitas
521 1771 681 1800 reverentis
703 1772 850 1808 obsequii,
874 1780 935 1808 qno

154 1818 245 1846 homo
261 1819 300 1846 ad
316 1819 431 1847 divinas
446 1819 654 1847 irradiationes
666 1827 696 1846 se
712 1822 875 1855 praeparat,
893 1827 935 1846 se-

156 1866 288 1893 cundum
304 1868 346 1894 est
368 1866 535 1894 sublimitas
551 1867 783 1902 supernaturalis
807 1867 935 1902 imperii,

156 1920 217 1948 quo
241 1912 411 1941 faciendum
436 1914 550 1949 aliquid
573 1922 633 1941 esse
658 1914 795 1948 mandat;
818 1914 935 1941 tertium

157 1960 387 1988 estfamiliaritas
396 1960 517 1996 eloquii,
534 1969 594 1996 quo
608 1960 934 1988 Deusintusilluminat.

156 2007 286 2034 Primum
297 2007 387 2035 estad
398 2007 533 2035 auditum
544 2008 640 2035 carnis
652 2010 820 2043 externum,
832 2016 936 2036 secun-

157 2054 239 2089 dum,
252 2054 288 2082 ad
302 2054 417 2082 bonum
429 2054 535 2082 mentis
546 2062 723 2090 supernum3
738 2055 854 2082 tertium
865 2063 935 2083 vero

157 2101 196 2129 ad
211 2101 347 2129 auditum
358 2101 457 2129 cordis
469 2102 628 2129 internum.
646 2103 765 2129 Notatur
776 2102 863 2137 igitur
878 2103 936 2138 pri-

156 2156 206 2176 mo
219 2148 368 2176 humilitas
383 2149 542 2176 reverentis
558 2148 705 2184 obsequii,
722 2157 790 2176 cum
806 2149 912 2177 dicitur
928 2158 934 2176 ε

157 2195 288 2222 Audiam.
306 2196 413 2223 Audire
437 2196 516 2223 enim
538 2198 579 2223 e>t
594 2197 674 2223 aetus
689 2196 868 2223 reverentiae.
886 2197 936 2224 Se-

158 2242 256 2270 cundo
281 2244 399 2270 notatur
423 2243 587 2270 sublimitas
607 2243 723 2279 imperii
743 2243 846 2277 divini,
868 2251 935 2270 cum

158 2288 280 2316 infertur
296 2298 303 2317 :
321 2290 394 2322 Quid
414 2291 539 2324 loquatur
558 2292 587 2317 in
608 2298 648 2317 me
664 2292 792 2317 Dominus
808 2292 887 2317 Deus.
907 2292 937 2317 nt

158 2336 241 2364 tertio
255 2338 372 2364 notatur
384 2336 565 2364 familiaritas
576 2337 721 2365 interioris
732 2337 855 2373 eloquii,
868 2345 937 2364 cum

159 2382 280 2417 dicitur:
302 2384 334 2410 1η
356 2392 407 2411 me.
431 2383 652 2411 Nobilissimum
676 2392 769 2419 genus
792 2384 936 2420 loquendi

159 2432 211 2465 est,
236 2431 358 2466 quando
380 2440 441 2458 non
464 2431 659 2458 exterioribus
673 2431 778 2466 signis,
795 2431 856 2458 sive
872 2439 936 2458 cor-

158 2477 313 2513 poralibus
333 2478 424 2512 sonis,
448 2480 522 2505 Deus
542 2478 702 2513 alloquitur
726 2478 868 2512 animam,
885 2478 937 2506 sed

191 2560 198 2576 ¹
219 2560 292 2584 Hunc
315 2562 340 2584 et
361 2563 470 2592 quatuor
492 2568 594 2592 quoque
618 2563 753 2592 sequentes
776 2561 852 2585 habet
876 2561 935 2585 edit.

160 2596 276 2626 Hageno.
293 2604 334 2621 an.
354 2598 421 2622 1495.
437 2611 468 2615 -
481 2598 491 2613 ²
507 2597 574 2621 Psul.
594 2602 699 2626 Lxxxw,
718 2598 741 2620 9.
755 2610 784 2614 —-
797 2598 804 2611 ³
819 2599 893 2628 Aug„
906 2596 939 2619 ml

160 2631 281 2662 mascotz,
303 2633 375 2663 epist.
395 2639 452 2663 mi,
475 2633 507 2657 al.
528 2639 623 2663 cxvm,
644 2640 669 2656 n.
692 2634 730 2656 20.
753 2646 783 2650 -
804 2633 812 2648 ⁴
836 2633 890 2657 Lib.
909 2633 938 2656 cle

161 2666 229 2698 Spi'r.
245 2670 267 2691 el
285 2669 381 2699 Mira„
399 2676 421 2693 c.
442 2675 494 2700 xu,
514 2669 579 2693 inter
598 2670 704 2700 August.
721 2669 805 2700 Opem,
819 2669 936 2699 Append.

990 259 1069 288 intus
1083 262 1197 289 tanturn
1210 260 1333 289 irradiat
1342 267 1432 297 super
1443 260 1550 297 ipsam,
1561 262 1624 291 sine
1637 264 1700 293 ullo
1711 272 1774 293 me-

991 306 1041 335 dio
1058 307 1168 336 docens
1183 308 1290 345 ipsam,
1307 308 1382 336 sicut
1401 307 1503 337 docuit
1513 310 1657 339 loannem
1676 312 1771 340 Evan-

991 354 1137 390 gelistam,
1161 357 1189 382 et
1204 363 1308 383 omnes
1326 355 1427 391 plures
1443 356 1528 391 alios,
1545 357 1596 394 qui
1607 357 1774 387 docuerunt

990 403 1020 428 in
1037 401 1172 430 Ecclesia.
1196 403 1252 438 Ipsi
1273 403 1363 437 enim,
1389 404 1471 440 quod
1492 412 1510 432 a
1530 406 1587 433 Deo
1609 405 1774 435 audiebant

989 447 1127 483 interius,
1152 449 1322 478 scribebant
1347 452 1376 478 et
1404 451 1604 487 loquebantur
1633 454 1770 481 exterius.

990 495 1069 524 Dicat
1083 496 1172 532 igitur
1185 498 1391 534 unusquisque
1406 498 1510 526 talium
1527 507 1533 526 ;
1555 499 1691 535 Audiam,
1707 501 1775 535 quid

990 543 1118 578 loquatur
1132 545 1162 571 τη
1177 553 1218 572 me
1231 546 1359 573 Dominus
1375 547 1453 573 Deus.
1470 547 1502 573 Ut
1514 553 1586 581 ergo
1600 546 1706 575 devote
1721 555 1774 575 au-

990 589 1054 617 dire
1069 590 1217 626 possimus
1232 591 1365 619 divinam
1386 592 1578 628 locutionem,
1603 593 1677 629 quid
1699 595 1774 628 Deus

989 637 1077 664 nobis
1092 637 1242 674 loquatur,
1256 638 1371 674 aliquid
1385 639 1421 667 de
1432 647 1467 667 ea
1478 639 1620 668 dicamus.
1639 643 1686 669 Est
1702 649 1773 677 ergo

990 684 1156 712 notandum
1179 685 1219 713 ad
1241 693 1390 722 praesenS,
1407 686 1489 722 quod
1511 687 1610 723 primo
1635 689 1710 715 Deus
1731 688 1775 716 lo-

991 731 1091 767 quitur
1108 733 1138 759 ut
1151 740 1204 760 rex
1215 733 1447 768 potentissimus,
1464 733 1494 761 in
1505 734 1657 769 jubend0;
1672 743 1775 763 secun-

991 777 1042 812 do,
1064 780 1097 806 ut
1120 779 1260 814 magister
1280 779 1539 816 prudentissimus,
1563 780 1594 808 in
1615 781 1752 810 docendo
1764 792 1773 817 3

991 825 1085 859 tertio,
1109 827 1142 853 ut
1161 826 1273 854 amicus
1293 826 1493 862 dulcissimus,
1519 827 1547 855 in
1566 828 1774 865 consolando;

991 875 1108 908 quarto,
1132 875 1164 900 ut
1180 873 1274 908 judex
1295 873 1492 910 aequissimus,
1509 874 1539 902 in
1562 875 1772 904 examinando.

990 920 1038 946 Est
1050 927 1122 955 ergo
1141 920 1271 956 primum
1287 921 1422 948 divinum
1438 921 1607 957 imperium,
1625 930 1685 958 quo
1701 922 1775 958 liga-

990 974 1076 1001 mur,
1105 967 1290 1003 secundum,
1316 968 1453 996 divinum
1476 969 1691 1005 magisterium,
1715 979 1775 1006 quo

991 1013 1151 1046 docemur;
1170 1015 1299 1049 tertium,
1315 1015 1419 1044 divina
1434 1016 1574 1049 amicitia,
1591 1025 1651 1052 qua
1667 1025 1774 1045 conso-

991 1060 1105 1095 lamur,·
1123 1063 1151 1089 et
1175 1063 1217 1089 est
1236 1064 1376 1098 quartum
1391 1062 1526 1090 divinum
1540 1063 1698 1098 judicium,
1715 1072 1775 1100 quo

991 1110 1146 1136 terremur,

1028 1156 1096 1183 Dico
1111 1157 1199 1192 igitur
1214 1157 1323 1193 primo,
1345 1158 1427 1194 quod
1444 1160 1517 1186 Deus
1532 1159 1664 1195 loquitur
1678 1161 1710 1188 ut
1725 1168 1776 1188 rex

990 1203 1220 1239 potentissimus,
1245 1205 1320 1232 (lans
1344 1205 1521 1241 imperium,
1547 1215 1607 1242 quo
1634 1207 1774 1242 ligamur.

991 1250 1073 1277 Unde
1089 1250 1196 1278 dicitur
1220 1251 1257 1279 de
1272 1253 1430 1288 praeceptis
1452 1253 1589 1289 Decalogi
1602 1255 1612 1271 ⁷
1630 1264 1636 1282 ε
1655 1264 1667 1280 α
1685 1256 1776 1282 Locu-

991 1299 1037 1324 tus
1052 1300 1094 1325 est
1108 1298 1249 1326 Dominus
1270 1302 1392 1327 cunctos
1407 1308 1560 1328 sermones
1575 1301 1640 1329 hos.
1659 1311 1672 1328 »
1690 1302 1778 1329 Corn-

991 1344 1120 1372 muniter
1144 1348 1297 1381 ponuntur
1322 1346 1425 1374 decem
1448 1351 1595 1384 praecepta
1612 1348 1774 1384 Decalogi:

991 1392 1057 1426 tria,
1075 1400 1140 1427 quae
1162 1393 1308 1428 pertinent
1330 1393 1370 1421 ad
1385 1395 1495 1429 Deum3
1513 1397 1540 1422 et
1563 1397 1687 1431 septem,
1709 1404 1776 1432 quae

991 1439 1138 1474 pertinent
1153 1440 1191 1467 ad
1207 1441 1389 1476 proximum.
1408 1441 1479 1469 Vide
1489 1441 1628 1477 litteram,
1645 1445 1672 1470 et
1685 1450 1778 1479 expo—

992 1494 1029 1513 ne
1052 1487 1167 1522 populo
1189 1487 1241 1515 illa
1262 1490 1408 1524 praecepta
1432 1491 1590 1516 :tenentur
1611 1489 1663 1517 illa
1685 1490 1775 1524 scire,

992 1534 1064 1569 quia
1080 1534 1108 1560 in
1125 1542 1229 1561 eorum
1252 1535 1460 1562 observatione
1477 1537 1518 1563 est
1539 1537 1607 1564 vita.
1631 1537 1712 1564 Unde
1731 1537 1776 1572 ju-

991 1581 1060 1608 veni
1075 1581 1217 1616 quaerenti
1233 1581 1243 1597 ⁸
1260 1591 1265 1608 :
1286 1592 1298 1607 «
1313 1581 1389 1615 Quid
1404 1581 1521 1617 faciam,
1538 1585 1569 1610 ut
1584 1583 1713 1611 habeam
1733 1584 1776 1611 vi-

991 1629 1053 1655 tam
1069 1629 1209 1655 aeternam
1220 1629 1233 1656 ‘t
1248 1639 1261 1654 »
1281 1629 1423 1656 Dominus
1444 1630 1598 1665 respondit
1614 1640 1621 1657 ε
1652 1641 1665 1656 «
1688 1631 1715 1659 Si
1732 1631 1775 1658 vis

993 1675 1032 1702 ad
1047 1675 1138 1702 vitam
1150 1675 1277 1711 ingredi,
1295 1684 1380 1703 serva
1395 1677 1570 1704 mandata.»
1588 1679 1679 1705 Nemo
1696 1678 1775 1705 enim

992 1723 1170 1750 excusabilis
1193 1726 1252 1755 est,
1270 1723 1293 1750 si
1313 1732 1351 1751 ea.
1364 1732 1425 1751 non
1448 1727 1563 1759 servat,
1587 1726 1657 1761 quia
1672 1733 1776 1760 omne,

993 1770 1076 1805 quod
1092 1770 1261 1806 praecipitur
1273 1793 1280 1806 ,
1298 1771 1383 1799 facile
1407 1774 1449 1799 est
1471 1773 1593 1800 amanti.
1611 1774 1620 1789 ‘³
1632 1783 1645 1797 «
1662 1773 1776 1801 Amanti

993 1818 1103 1851 enim,»
1117 1820 1148 1844 ut
1158 1818 1197 1845 ait
1206 1819 1381 1853 Bernardus,
1396 1829 1408 1843 «
1419 1819 1492 1846 nihil
1503 1820 1682 1847 estdiilicile.
1691 1820 1778 1853 »Quis

993 1872 1128 1899 unquam
1156 1867 1269 1892 lantum
1292 1865 1409 1892 laborat
1431 1866 1469 1893 ad
1494 1867 1657 1894 amandum
1676 1869 1777 1900 Deum,

992 1911 1041 1938 vel
1053 1911 1092 1938 ad
1101 1911 1322 1939 observandum
1333 1912 1395 1947 ejus
1410 1913 1562 1947 mandata,
1579 1915 1724 1949 quantum
1734 1914 1778 1941 la-

993 1958 1080 1986 borat
1093 1958 1179 1986 miles
1193 1959 1231 1986 ad
1246 1959 1456 1994 pugnandum,
1469 1960 1529 1987 dux
1545 1960 1584 1987 ad
1599 1961 1776 1996 regendum,

993 2008 1139 2033 mercator
1155 2005 1193 2032 ad
1209 2006 1442 2041 acquirendum,
1466 2008 1493 2033 ct
1513 2007 1645 2042 agricola
1670 2008 1708 2034 ad
1732 2007 1776 2035 la-

993 2051 1188 2079 borandum?
1221 2053 1302 2080 Unde
1324 2053 1431 2080 dicitur
1461 2053 1491 2080 in
1516 2054 1613 2089 prima
1634 2055 1778 2082 canonica

992 2100 1105 2127 Joannz's
1117 2099 1136 2115 ¹0
1150 2108 1155 2127 :
1177 2101 1227 2127 «Et
1243 2099 1384 2127 mandata
1397 2100 1459 2135 ejus
1475 2100 1578 2135 gravia
1590 2109 1651 2128 non
1667 2103 1743 2129 sunt.
1762 2112 1774 2127 v)

992 2146 1142 2182 Numquid
1154 2154 1244 2181 grave
1260 2150 1301 2173 est
1315 2148 1416 2181 Deum,
1430 2149 1543 2174 tantum
1559 2147 1777 2176 benefactorem

993 2194 1088 2226 tuum,
1105 2195 1165 2220 tam
1187 2201 1294 2229 parum
1316 2194 1439 2221 amare?
1459 2194 1539 2221 Unde
1562 2195 1622 2230 ipse
1645 2194 1715 2222 dicit
1733 2196 1750 2212 ¹¹
1769 2204 1775 2222 z

996 2249 1009 2264 «
1025 2239 1205 2274 Mandatum,
1224 2240 1306 2276 quod
1323 2248 1379 2275 ego
1396 2241 1534 2277 praecipio
1558 2241 1621 2276 tibi,
1646 2249 1706 2269 non
1729 2250 1777 2269 su-

993 2294 1046 2322 per
1058 2288 1083 2314 te
1097 2288 1157 2314 est:
1178 2294 1239 2314 non
1254 2287 1361 2322 procul
1376 2288 1517 2323 positum,
1533 2296 1587 2316 nec
1601 2289 1630 2315 in
1648 2289 1723 2316 coelo
1739 2289 1777 2316 si-

993 2336 1067 2367 tum,
1090 2335 1122 2360 ut
1143 2333 1239 2369 possis
1262 2334 1360 2361 dicere
1379 2344 1386 2361 .·
1402 2335 1471 2368 Quis
1486 2338 1619 2362 nostrum
1636 2336 1713 2363 valet
1738 2336 1776 2363 ad

994 2380 1104 2407 coelum
1121 2381 1281 2408 ascendere
1295 2402 1303 2415 ,
1325 2383 1357 2408 ut
1373 2381 1485 2409 deterat
1507 2381 1581 2409 illud
1602 2382 1641 2409 ad
1663 2391 1732 2416 1105,
1749 2385 1777 2410 et

994 2427 1162 2462 audiamus,
1177 2430 1204 2455 et
1220 2427 1446 2464 compleamus?
1462 2432 1517 2457 Nec
1534 2431 1613 2456 trans
1628 2437 1709 2457 mare
1720 2438 1776 2466 po-

994 2516 1058 2538 toni.
1083 2516 1126 2539 Vl.
1147 2529 1177 2533 —
1199 2516 1208 2531 ὅ
1230 2515 1295 2539 Psal.
1322 2522 1403 2543 xxxv,
1429 2518 1463 2539 10.
1484 2529 1513 2533 —
1535 2517 1543 2529 ⁴³
1558 2516 1639 2547 down,
1662 2523 1685 2547 1,
1706 2520 1727 2542 9.
1746 2531 1775 2535 —

996 2551 1002 2564 ⁷
1021 2551 1113 2581 Exocl„
1135 2558 1185 2581 xx,
1204 2554 1226 2575 1.
1242 2565 1274 2569 —
1290 2554 1297 2565 ¹⁵
1312 2552 1415 2580 Mutua,
1431 2558 1491 2581 xm,
1511 2553 1548 2582 16,
1563 2554 1645 2576 11—
1664 2555 1672 2567 ⁹
1689 2554 1775 2583 Bern„

994 2586 1023 2610 cle
1037 2587 1153 2610 Convers.
1168 2587 1202 2610 ad
1219 2587 1323 2616 Cleric„
1338 2593 1394 2616 ΜΗ,
1410 2588 1449 2617 38,
1466 2590 1491 2611 et
1506 2588 1531 2610 in
1548 2588 1669 2612 Dominio.
1683 2589 1775 2621 Palm„
1807 2592 1810 2594 ’

995 2630 1072 2647 serm.
1084 2629 1138 2653 1,n.
1150 2625 1172 2647 2.
1186 2637 1211 2640 -
1227 2624 1244 2639 ¹⁰
1256 2623 1262 2646 l
1275 2624 1355 2650 Jocm..
1371 2629 1394 2653 v,
1408 2625 1430 2646 3⁴.
1443 2636 1473 2640 —-
1489 2624 1505 2639 ¹¹
1519 2624 1603 2652 Deut.‚
1617 2630 1678 2655 xxx,
1695 2626 1775 2648 11-14.

1029 2669 1059 2699 (a)
1077 2669 1134 2699 Ley.
1151 2669 1228 2699 quod.
