2060 3052
263 187 304 218 48

263 252 334 281 Item
349 252 393 280 est
411 250 495 280 aliud
513 249 685 288 exemplum
697 251 730 280 in
745 250 848 285 ramis,
867 249 899 278 in
918 248 1045 284 arbore,

262 298 370 336 stipite,
389 299 418 327 et
439 297 552 334 radice,
574 297 646 336 quia
665 298 696 327 in
719 297 766 326 his
781 295 922 325 omnibus
948 297 1046 333 poste-

261 345 343 374 riora
363 353 381 374 a
399 345 552 382 prioribus
567 345 715 382 recipiunt
731 354 738 373 :
753 344 816 372 imo
830 343 934 372 omnia
947 345 1046 379 poste-

261 392 342 421 riora
356 400 374 421 a
388 392 532 429 primaria
545 400 635 421 causa
648 393 726 420 sunt.
742 389 874 427 Quiquid
889 389 969 419 enim
983 391 991 408 ¹
1003 391 1047 418 est

261 447 352 468 causa
363 447 474 475 causae,
486 441 529 468 est
539 447 629 468 causa
637 437 761 467 causati.
784 439 855 466 ltem
867 438 981 475 quanto
991 436 1046 466 ali·

261 486 336 523 quid
350 488 393 515 est
410 486 442 515 in
455 488 562 515 natura
576 485 672 522 magis
685 485 718 514 in
728 486 796 514 actu
811 483 832 521 ¹,
847 485 944 521 magis
959 486 988 513 et
1000 484 1046 513 in-

260 532 334 562 fluit.
350 533 433 562 Unde
447 533 585 562 videmus
604 531 644 561 ad
664 540 798 567 sensum,
813 531 897 569 quod
915 534 983 560 actu
995 539 1045 560 ca-

259 579 357 608 lidum
371 580 513 616 calefacit,
539 581 569 608 et
587 581 655 608 actu
674 579 860 608 luminosum
883 578 1043 613 illuminat,

260 627 301 656 ita
315 627 399 664 quod
417 627 515 663 majus
537 627 645 663 magis,
668 629 697 655 et
715 626 882 656 maximum
901 626 1044 654 maxime.

260 675 357 709 Quare
367 675 569 703 necessarium
579 676 622 703 est
632 674 821 711 ponendum,
831 673 916 711 quod
926 681 945 702 a
955 680 1045 702 causa

259 721 432 758 simpliciter
445 721 544 760 prima
565 723 608 750 est
622 729 712 750 omne
728 721 854 750 donum.
877 722 951 750 Cum
971 727 1044 757 ergo

259 768 335 797 fides
349 768 386 797 sit
399 768 576 798 altissimum
596 769 723 804 donum,
739 769 876 798 omnium
893 767 1045 797 donorum

259 823 278 844 a
292 816 350 844 Deo
366 816 558 852 principium,
575 816 644 845 ideo
663 824 727 844 esse
742 816 909 844 maximum
933 817 976 844 est
988 823 1043 852 po-

258 863 403 892 nendum.
420 865 542 900 Propter
557 864 641 901 quod
656 863 745 892 etiam
759 865 803 892 est
817 863 932 892 donum
951 862 1044 891 maxi-

258 918 307 938 me
327 910 505 939 virtuosum.
524 912 556 940 ln
573 910 667 939 verbo
686 918 758 946 ergo
776 910 929 947 praemisso
953 910 1044 939 subti-

258 957 324 986 liter
337 957 480 994 indagato
500 957 576 986 fides
594 957 790 986 describitur:
810 957 921 994 primo,
943 959 975 986 ut
988 957 1043 986 do-

258 1013 333 1034 num
346 1005 528 1040 virtuosum;
544 1004 688 1039 secundo,
701 1007 731 1033 ut
740 1005 855 1033 donum
870 1013 1041 1042 operosum3

258 1052 343 1082 tertio
358 1060 438 1086 vero,
453 1054 485 1080 ut
508 1052 623 1081 donum
645 1052 820 1088 gloriosum.
837 1053 946 1088 Primo,
971 1053 1042 1090 quia

257 1099 435 1135 virtuosum,
451 1099 550 1135 dejicit
568 1099 784 1128 adversarium.
799 1100 948 1135 Secundo,
969 1101 1042 1137 quia

258 1155 431 1184 operosum,
441 1147 501 1183 agit
509 1147 634 1176 bonum.
642 1147 748 1182 Tertio,
758 1147 829 1184 quia
837 1147 1041 1182 victoriosum,

257 1195 319 1222 sive
344 1195 525 1230 gloriosum,
553 1194 669 1222 obtinet
696 1201 833 1230 regnum.
864 1195 1042 1223 Describitur

257 1249 328 1277 ergo
344 1241 442 1278 primo
458 1244 490 1269 ut
502 1241 681 1276 virtuosum,
695 1241 836 1277 dejiciens
850 1241 907 1270 sibi
923 1245 1040 1271 contra-

256 1287 344 1319 rium,
362 1295 431 1316 cum
443 1287 550 1315 dicitur
568 1296 573 1314 :
591 1288 686 1315 Sancti
696 1295 745 1323 per
763 1287 842 1322 fidem
856 1289 978 1316 vicerunt
998 1296 1040 1315 rc-

255 1342 318 1369 qna.
336 1334 472 1362 Secundo
489 1334 665 1362 describitur
680 1336 712 1362 ut
735 1334 850 1362 bonum
867 1343 1039 1371 operosum,

255 1389 346 1416 agens
363 1382 477 1410 bonum
501 1381 558 1409 sibi
580 1381 786 1414 commodum,
810 1390 878 1410 cum
899 1382 1037 1410 additur:

257 1428 372 1464 Operam
385 1432 448 1457 sunt
463 1429 617 1464 justitiam,
639 1428 670 1456 id
689 1431 742 1463 cst,
759 1429 840 1457 bona
857 1437 958 1465 opera.
975 1431 1042 1457 Ter-

255 1475 296 1503 tio
313 1475 491 1504 describitur
505 1478 535 1504 ut
547 1476 661 1504 donum
671 1476 876 1510 victoriosum,
888 1485 956 1504 eum
972 1477 1040 1504 sut)-

257 1522 336 1550 ditur
352 1533 360 1550 .·
376 1524 480 1559 Adepti
494 1526 557 1551 sunt
573 1525 804 1559 repromissiones.
818 1523 897 1552 Unde
914 1524 1037 1552 dicitur:

255 1570 349 1598 Sancti
371 1579 419 1606 per
433 1571 523 1605 fidem.
546 1572 577 1598 Ut
595 1578 666 1605 ergo
686 1579 720 1598 ea
735 1570 775 1598 sie
791 1570 827 1598 ad
844 1579 936 1599 unum
950 1571 1038 1599 redu-

255 1626 332 1652 cam,
347 1618 418 1654 quia
433 1618 493 1646 hoec
506 1618 607 1646 omnia
621 1618 696 1645 liunt
709 1618 737 1645 in
755 1618 824 1653 tide,
842 1619 879 1646 de
894 1618 956 1646 sola
979 1619 1038 1646 tide

255 1666 407 1701 agendum
428 1666 512 1693 estin
530 1673 677 1693 sermone.
700 1667 746 1692 Est
773 1674 845 1701 ergo
867 1666 913 1693 liic
936 1669 1039 1694 notan-

255 1712 339 1747 dum,
366 1713 448 1748 quod
470 1713 621 1740 communi
646 1714 674 1740 et
690 1712 798 1740 usitata
823 1713 1037 1749 descriptione,

254 1759 329 1787 tides
342 1762 384 1787 cst
397 1760 494 1796 primo
509 1759 672 1788 intellectus
683 1759 893 1794 illuminativa,
906 1760 1038 1788 secundo

255 1809 298 1834 est
314 1807 437 1834 ail'cctus
461 1808 630 1843 purgativa,
656 1807 739 1835 tertio
763 1816 833 1835 vero
856 1810 898 1835 est
922 1808 1039 1836 etl'ectus

256 1854 452 1882 i'ortificativa.
466 1854 541 1888 Quid
554 1855 614 1882 istis
628 1854 745 1889 melius,
760 1854 832 1890 quid
848 1855 954 1883 animm
965 1855 1040 1883 sruc-

256 1901 391 1929 tuosius?
406 1904 513 1929 omnes
526 1901 605 1929 enim
617 1902 722 1929 anima>
739 1902 878 1938 potentiae
894 1902 941 1930 vel
957 1911 1039 1938 spec-

256 1949 317 1975 tant
332 1948 370 1976 ad
384 1949 578 1984 cognitivum,
594 1949 641 1976 vel
656 1950 851 1985 operativum.
870 1951 947 1985 Ergo
965 1950 1038 1978 dum

255 1994 326 2022 fidei
349 2003 425 2031 opus
446 1998 488 2027 ess
513 1996 680 2023 illuminare
702 1996 903 2031 intellectum,
926 1997 1039 2024 inflam-

254 2049 346 2076 mare,
364 2042 409 2069 vel
426 2050 554 2078 purgare
570 2044 719 2075 att'ectum,
736 2046 763 2070 ct
779 2043 936 2071 fortificare
954 2045 1039 2072 ctl'ec-

254 2091 327 2123 tum,
344 2089 407 2124 ejus
422 2092 464 2116 cst
480 2090 619 2125 perticere
637 2093 730 2117 totum
746 2091 855 2118 animm
868 2091 1036 2119 aediticium.

291 2136 428 2163 Dicamus
446 2144 527 2171 ergo,
551 2137 635 2173 quod
656 2137 728 2165 tides
749 2141 790 2165 est
806 2138 913 2165 anima}
929 2138 1037 2166 illumi-

254 2182 365 2216 nativa,
389 2186 533 2218 ‹1uautnm
551 2184 588 2211 ad
605 2184 766 2219 potentiam
783 2185 974 2220 cognitivum.
994 2188 1041 2213 Est

253 2229 333 2257 enim
350 2229 423 2257 tides
440 2230 557 2257 divinus
569 2231 680 2265 radius,
694 2232 800 2259 anima·v
814 2232 1035 2260 illuminativus

253 2279 317 2312 Ipsa
333 2277 412 2304 euim
425 2277 499 2304 tides
510 2278 641 2313 disponit
654 2278 692 2305 ad
707 2278 809 2306 lumen
826 2288 948 2307 sumina·
961 2281 1037 2307 veri-

253 2323 328 2352 tatis.
346 2332 381 2351 eo
397 2324 478 2359 quod
492 2325 623 2352 animam
639 2334 761 2352 summai
775 2326 888 2353 veritati
906 2327 971 2354 tacit
987 2327 1035 2355 ad·

252 2370 361 2397 lum-ere
382 2370 534 2398 stabiliter.
557 2373 628 2398 Nam
645 2374 755 2399 certum
773 2376 824 2405 est,
841 2373 923 2408 quod
940 2382 1036 2409 qnan-

252 2416 422 2453 docuinque
444 2418 545 2453 aliqua
568 2419 669 2452 virtus,
687 2427 754 2454 qum
770 2419 864 2446 intliiit
881 2420 918 2447 al)
936 2421 1037 2456 aliquo

252 2466 368 2498 agente,
385 2467 411 2492 et
435 2464 471 2500 (a)
489 2465 585 2500 quiete
610 2473 670 2492 non
694 2466 795 2500 ligitur
816 2466 845 2493 in
867 2467 1036 2503 recipiente,

252 2513 331 2538 caret
346 2520 398 2539 sua
410 2512 583 2547 operatione
595 2512 734 2546 naturali,
749 2515 775 2540 ct
786 2521 842 2541 suo
854 2514 954 2542 debito
967 2516 1037 2543 tine.

253 2557 428 2593 Exemplum
449 2559 549 2594 accipe
575 2559 605 2586 in
629 2559 716 2587 radio
738 2559 808 2588 solis
839 2560 1036 2591 descendente

285 2622 290 2637 ¹
309 2622 409 2645 Cotum.
424 2622 447 2645 in
462 2622 503 2646 lib.
520 2622 549 2645 tle
564 2630 607 2646 sex
620 2624 742 2654 princip„
758 2624 787 2647 ‹le
804 2626 881 2653 (orm.
896 2627 920 2648 et
933 2627 1036 2650 attinnt».

255 2670 280 2674 -
298 2657 305 2671 ²
322 2658 407 2688 Arist„
425 2658 503 2689 Τυρὼ.
518 2673 547 2676 -
565 2660 569 2669 ¹
584 2659 671 2690 Arist,
689 2660 774 2691 Phys„
787 2660 833 2684 lib.
848 2661 903 2691 l'tl,
919 2664 979 2686 text.
997 2666 1036 2687 20.

635 180 846 216 SERMONES
867 149 927 214 DE·
940 179 1106 214 SANCTIS
1127 178 1168 213 ΙΝ
1188 178 1384 214 comtum.
1407 177 1518 214 xvm.

1103 255 1310 286 superaquam
1320 249 1499 283 currentem,
1509 254 1572 276 non
1584 246 1798 284 quiescentem,
1810 247 1887 278 sicut

1102 296 1183 332 patet
1196 295 1228 324 in
1241 295 1377 331 flumine,
1389 295 1422 324 in
1435 303 1509 332 quo,
1528 294 1600 332 quia
1619 293 1725 323 radius
1743 301 1808 324 non
1819 295 1888 332 flgi—

1102 343 1150 371 tur
1163 342 1273 380 quiete,
1290 342 1368 372 actio
1383 343 1448 379 ejus
1461 343 1542 371 caret
1561 340 1663 370 debito
1682 340 1754 375 fine,
1775 341 1828 379 qni
1846 343 1891 370 est

1102 397 1214 427 aquam
1233 389 1317 418 illam
1336 389 1509 425 calefacere,
1530 388 1705 418 calefactam
1724 387 1888 418 rai-efacere

1102 439 1131 466 et
1144 437 1308 473 subtiliare,
1324 438 1354 466 et
1366 445 1404 466 ex
1416 443 1453 465 ea
1462 443 1590 473 vapores
1598 435 1721 464 subtiles
1731 435 1889 472 attrahere,

1103 486 1132 513 et
1151 484 1183 513 in
1205 492 1351 522 vaporem
1373 487 1501 520 vertere,
1519 486 1549 513 et
1567 491 1686 512 sursum
1705 483 1832 512 elevare.
1848 485 1889 512 Ex

1102 542 1164 571 quo
1183 537 1298 563 constat
1322 533 1514 562 manifestum
1533 541 1608 569 esse,
1632 533 1717 570 quod
1735 533 1820 571 quies
1845 533 1889 562 rei

1102 581 1235 618 disponit
1249 580 1290 610 ad
1301 580 1563 610 illuminationem.
1586 580 1670 609 Unde
1691 580 1890 618 Philosophus

1102 628 1174 657 dicit
1194 629 1205 646 ³
1229 627 1314 665 quod
1336 628 1429 657 homo
1450 627 1485 656 fit
1506 627 1635 665 sapiens,
1665 630 1694 656 et
1720 627 1889 664 intelligens

1101 675 1214 710 anima,
1238 669 1312 704 dum
1333 675 1468 713 quiescit.
1492 677 1566 705 Cum
1581 683 1654 712 ergo
1666 675 1742 705 fides
1757 675 1890 705 animam

1100 723 1132 752 in
1148 724 1208 752 Deo
1224 723 1377 758 stabilitet,
1391 725 1420 752 et
1430 731 1498 752 eam
1514 723 1546 752 in
1563 723 1629 760 ipso
1645 723 1769 760 quietet,
1783 723 1888 760 dispo-

1100 771 1144 799 nit
1175 770 1215 799 ad
1248 773 1390 800 aeternam
1420 770 1672 800 illuminationem
1702 778 1756 806 per
1786 776 1889 798 conse-

1101 825 1207 855 quens.
1225 819 1257 846 Et
1270 818 1334 847 haec
1349 820 1392 847 est
1407 818 1493 854 ratio,
1510 825 1604 855 quare
1618 817 1747 846 haereticl
1761 819 1830 846 sunt
1840 819 1887 845 to-

1101 865 1196 894 taliter
1221 866 1302 901 caeci,
1325 874 1380 894 nec
1402 874 1421 894 a
1445 867 1505 894 Deo
1527 867 1678 894 merentur
1697 864 1885 894 illuminari:

1100 912 1173 949 quia
1186 913 1260 941 nihil
1271 913 1414 942 stabiliter
1425 913 1561 948 credunt,
1576 920 1733 949 nunquam
1743 912 1774 941 in
1785 911 1888 949 aliqua

1099 959 1160 988 fide
1175 960 1342 997 quiescunt,
1358 960 1411 988 sed
1423 968 1503 988 nunc
1518 967 1624 995 unum,
1637 967 1717 988 nunc
1729 959 1811 988 aliud
1826 967 1888 988 cre-

1100 1006 1186 1043 dunt,
1208 1009 1238 1036 et
1257 1015 1287 1036 se
1310 1007 1349 1036 ab
1372 1015 1433 1036 uno
1449 1007 1587 1044 opposito
1603 1006 1643 1035 ad
1657 1006 1741 1035 aliud
1757 1007 1885 1035 vertunt.

1099 1054 1169 1082 ltem
1191 1056 1304 1090 quanto
1325 1055 1360 1090 (ὁ)
1383 1054 1510 1091 aliquod
1524 1061 1615 1090 agens
1629 1053 1698 1090 plus
1718 1053 1832 1082 invenit
1855 1053 1887 1081 in

1098 1100 1201 1137 aliquo
1214 1101 1332 1137 objecto
1345 1100 1383 1130 de
1397 1101 1590 1130 similitudine
1604 1109 1669 1136 sua,
1684 1103 1766 1129 tanto
1781 1100 1842 1136 agit
1855 1100 1886 1129 in

1098 1148 1163 1184 ipso
1178 1148 1286 1184 majori
1301 1147 1444 1177 efficacia.
1460 1147 1704 1184 Exemplumhoc
1713 1147 1815 1184 accipe
1824 1147 1866 1176 sic
1878 1156 1884 1175 :

1097 1194 1164 1223 Plus
1179 1195 1259 1223 enim
1274 1195 1431 1231 participat
1443 1195 1481 1223 de
1494 1197 1599 1223 natura
1610 1194 1769 1223 luciditatis
1783 1193 1887 1223 tabula

1099 1241 1252 1276 deaurata,
1281 1250 1373 1279 quam
1398 1244 1554 1278 argentea3
1585 1244 1612 1270 et
1635 1242 1704 1278 plus
1720 1242 1884 1278 argentata,

1097 1298 1190 1326 quam
1206 1289 1365 1324 dealbata;
1389 1292 1417 1318 et
1439 1289 1508 1326 plus
1531 1289 1681 1325 dealbata,
1705 1297 1798 1326 quam
1818 1296 1886 1325 quae

1098 1340 1139 1365 est
1151 1337 1251 1373 lignea
1267 1337 1413 1373 loevigata.
1426 1336 1536 1365 Solaris
1550 1344 1622 1373 ergo
1635 1336 1687 1364 lux
1701 1336 1886 1364 descendens

1096 1393 1186 1421 super
1210 1392 1314 1413 omnes
1343 1384 1452 1412 eodem
1477 1386 1621 1420 tempore,
1645 1383 1800 1420 aequaliter
1825 1383 1885 1411 illis

1097 1432 1237 1460 omnibus
1262 1431 1413 1468 expositis,
1435 1431 1582 1466 majorem
1604 1432 1727 1466 generat
1740 1429 1883 1466 splendo-

1096 1487 1159 1506 rem
1186 1486 1275 1515 super
1302 1478 1489 1512 deauratam,
1517 1485 1608 1514 quam
1633 1485 1722 1513 super
1751 1477 1884 1513 aliquam

1095 1525 1198 1560 aliam,
1221 1528 1343 1561 propter
1367 1525 1514 1560 majorem
1536 1524 1774 1558 similitudinem,
1790 1531 1882 1560 quam

1095 1572 1185 1600 habet
1201 1572 1238 1600 ati
1255 1573 1361 1608 ipsam.
1386 1574 1417 1600 Et
1437 1571 1518 1600 idem
1535 1571 1684 1607 judicium
1705 1574 1747 1599 est
1766 1571 1803 1598 de
1819 1579 1884 1599 om-

1095 1619 1183 1647 nibus
1197 1619 1272 1647 aliis.
1290 1620 1363 1646 Cum
1379 1626 1450 1654 ergo
1467 1619 1518 1646 lux
1533 1618 1602 1646 iidei
1619 1618 1749 1646 maxime
1769 1618 1882 1646 assimi-

1095 1666 1169 1694 letur
1182 1666 1284 1702 primae
1300 1666 1370 1700 luci,
1386 1666 1424 1694 ad
1441 1666 1660 1702 susceptionem
1677 1665 1756 1693 illius
1771 1664 1881 1693 summi

1095 1713 1214 1741 luminis
1244 1713 1374 1741 maxime
1401 1713 1584 1741 intellectum
1608 1712 1749 1748 disponit.
1776 1713 1880 1740 Exem-

1095 1761 1178 1797 plum
1206 1761 1314 1789 horum
1343 1761 1470 1789 habetur
1498 1760 1537 1788 ad
1561 1768 1681 1788 sensum
1705 1770 1710 1788 :
1733 1768 1803 1788 nam
1828 1760 1878 1789 lux

1094 1808 1199 1836 solaris
1208 1829 1216 1843 ,
1229 1808 1301 1836 dum
1317 1816 1406 1844 super
1418 1807 1519 1836 omnia
1531 1816 1658 1844 corpora
1673 1807 1837 1843 descendit,
1849 1808 1878 1836 in

1095 1855 1148 1883 illo
1164 1863 1290 1891 corpore
1305 1855 1454 1882 efficacius
1473 1855 1544 1891 agit,
1560 1857 1588 1883 et
1603 1855 1699 1890 majus
1723 1854 1825 1883 lumen
1848 1854 1879 1882 in

1095 1902 1125 1930 id
1147 1902 1300 1938 imprimit,
1321 1902 1372 1929 ubi
1397 1902 1463 1938 plus
1487 1902 1524 1930 de
1543 1910 1597 1930 sua
1619 1901 1812 1930 similitudine
1831 1902 1878 1930 iu-

1094 1950 1182 1978 venit.
1199 1951 1270 1978 Nam
1283 1949 1475 1986 splendorem
1490 1950 1635 1985 majorem
1652 1951 1773 1985 generat
1787 1957 1877 1986 super

1093 2005 1215 2033 aquam,
1232 2005 1323 2033 quam
1339 2000 1460 2032 generet
1479 2005 1568 2033 super
1589 2000 1713 2030 terram;
1736 1998 1763 2024 et
1782 1997 1877 2031 majo-

1094 2053 1157 2073 rem
1174 2045 1203 2073 in
1217 2053 1295 2079 aere,
1311 2053 1402 2081 quam
1418 2053 1507 2081 super
1523 2052 1643 2080 aquam.
1667 2044 1710 2072 Ad
1733 2043 1814 2071 idem
1836 2046 1878 2071 est

1094 2092 1157 2128 ipsa
1172 2092 1246 2119 ratio
1264 2101 1270 2119 :
1288 2092 1359 2127 quia
1374 2099 1492 2127 semper
1513 2091 1672 2119 meditatur
1694 2098 1783 2127 super
1804 2090 1878 2118 lina—

1093 2139 1136 2167 lcs
1150 2139 1354 2175 perfectiones,
1370 2139 1536 2166 secuudum
1561 2138 1643 2174 quod
1665 2138 1787 2173 exigunt
1802 2145 1876 2174 proe-

1093 2186 1222 2214 ambuloe
1238 2186 1456 2222 dispositiones.
1475 2187 1505 2213 Et
1521 2185 1558 2213 dc
1574 2185 1630 2213 hoc
1641 2184 1767 2213 habetur
1778 2193 1876 2212 exem·

1093 2234 1177 2269 plum
1192 2234 1222 2261 in
1237 2235 1309 2267 arte,
1334 2235 1361 2261 et
1382 2235 1497 2260 natura.
1522 2234 1551 2260 ln
1571 2234 1632 2260 arte
1648 2234 1689 2260 est
1704 2231 1876 2268 exemplum

1093 2281 1122 2308 in
1138 2280 1287 2308 medicina
1301 2280 1508 2316 praeparativa,
1526 2282 1553 2307 et
1567 2279 1722 2314 digestiva,
1738 2281 1766 2307 et
1778 2278 1874 2307 medi-

1093 2328 1159 2356 cina
1174 2328 1330 2364 purgativa
1343 2337 1348 2354 :
1366 2336 1435 2355 nam
1449 2330 1561 2363 quanto
1576 2327 1682 2355 melior
1697 2329 1724 2354 et
1738 2326 1874 2354 artificia-

1093 2375 1149 2403 lior
1164 2374 1343 2411 prtecesserit
1358 2375 1546 2410 praeparatio,
1569 2377 1649 2402 tanto
1672 2373 1828 2410 perfectior
1847 2376 1874 2401 et

1092 2421 1274 2449 laudabilior
1289 2421 1437 2449 inducitur
1454 2421 1602 2457 purgatio.
1620 2423 1689 2449 ltem
1703 2420 1760 2448 hoc
1775 2420 1872 2455 ipsum

1093 2468 1122 2495 in
1134 2470 1239 2496 natura
1256 2470 1379 2504 apparet
1395 2478 1400 2495 :
1416 2469 1486 2504 quia
1503 2471 1625 2504 quanto,
1638 2468 1667 2495 in
1683 2475 1808 2503 corpore
1821 2474 1871 2502 ge-

1093 2515 1239 2550 nerando,
1261 2515 1399 2551 proecedit
1419 2515 1550 2543 nobilior
1572 2514 1701 2542 materiae
1722 2521 1871 2550 praepara-

1093 2562 1144 2597 tio,
1161 2565 1241 2591 tanto
1256 2562 1289 2590 fit
1302 2561 1405 2591 formae
1420 2562 1575 2591 nobilioris
1590 2561 1737 2590 inductio:
1754 2560 1826 2597 quia
1839 2560 1870 2588 in

1123 2664 1156 2693 (ιι)
1175 2663 1229 2687 Det.
1245 2665 1279 2687 et.
1295 2677 1324 2681 —
1345 2663 1377 2694 (b)
1396 2664 1456 2687 (ἢεί.
1472 2663 1532 2687 edit.
1548 2662 1660 2693 «plantio.

1928 1158 2008 1179 Exem-

1900 1188 1970 1216 plum.

1923 1722 2002 1744 Exem-

1896 1753 1964 1780 plum.
