2029 3052
269 194 329 224 592

268 260 428 300 quantum
451 257 492 289 ad
518 255 726 288 conscientias
749 255 953 288 subditorum
971 264 1047 287 suo-

269 321 355 351 rum,
381 311 426 351 si,
452 312 623 352 postquam
648 308 768 340 fuerint
791 309 881 341 fratri
903 309 1047 348 confessi,

269 365 377 398 dicant
394 365 429 396 in
447 365 517 396 foro
537 362 739 395 conscientiae
757 363 912 394 sacerdoti
926 372 959 394 se
973 372 1050 394 con-

269 419 370 450 fessos
392 418 491 450 fuisse
517 416 689 457 (quoniam
709 417 745 447 in
763 416 832 448 foro
845 416 1048 448 conscientiae

270 481 329 514 pro
353 481 409 511 se,
437 474 469 503 et
491 472 602 502 contra
627 479 679 509 se,
700 469 831 502 cuilibet
848 472 896 502 est
917 470 1048 502 creden-

270 526 350 558 dum
361 526 383 566 ),
395 527 426 557 et
441 524 550 565 aliqua
559 524 655 556 etiam
666 524 794 555 interim
804 524 942 556 venialia
950 533 1051 556 emer-

273 579 385 620 gentia
398 579 513 610 dicere.
530 578 734 618 Quamquam
749 587 815 609 non
822 580 904 609 esset
914 577 1047 617 malum,

270 633 337 665 imo
352 635 438 664 certe
452 631 630 673 plurimum
645 631 828 672 expediens,
839 640 970 663 omnem
979 640 1050 663 con-

270 686 440 718 fessionem
457 685 607 717 reiterare
627 694 685 726 pro
699 684 918 717 benedictione
931 685 1050 725 duplici

269 740 463 781 acquirenda
475 763 485 778 ,
512 739 575 770 nisi
600 739 681 770 forte
711 739 858 770 sacerdos
887 739 940 770 ille
968 741 1050 770 esset

269 794 404 834 ignarus
420 793 599 834 plurimum
611 817 620 832 ‚
635 795 691 824 aut
706 792 864 824 revelator
881 793 1050 824 confessio-

270 848 332 886 ni5‚
348 850 404 879 aut
419 847 602 879 sollicitator
615 847 654 879 ad
666 847 873 888 peccandum,
885 849 941 878 aut
955 847 1050 878 simo-

270 904 382 936 niacus
395 927 403 942 ‚
426 905 482 935 aut
508 903 598 935 aliter
622 903 796 935 scelerosus
811 928 821 942 ,
852 912 917 944 quo
945 905 1051 944 pateat

270 957 391 998 ipsum,
407 959 445 989 ut
459 957 553 989 malae
570 957 772 989 conscientiae
787 956 952 988 hominem
962 980 970 995 ‚
985 966 1049 988 non

270 1011 389 1043 habere
405 1011 509 1043 zelum
532 1011 586 1042 Dei
611 1020 668 1051 pro
688 1011 760 1042 aliis
781 1011 970 1051 dirigendis.
988 1011 1051 1042 Im-

271 1065 362 1106 pium
378 1067 426 1097 est
440 1067 547 1096 autem
563 1074 627 1096 non
641 1065 769 1096 credere
783 1065 892 1096 audito
907 1074 926 1096 a
938 1064 1049 1103 fratre,

271 1128 345 1151 cum
362 1119 468 1150 credat
483 1118 590 1150 audito
606 1128 626 1150 a
638 1118 784 1150 saeculari
799 1118 860 1149 alio
875 1118 1049 1157 sacerdote,

272 1174 323 1205 vel
337 1174 442 1205 dicere
459 1173 545 1214 quod
559 1173 656 1204 frater
676 1172 829 1212 impediat
850 1172 1050 1212 agnitionem

272 1227 393 1265 vultus,
419 1236 518 1267 quam
542 1235 608 1257 non
632 1225 765 1266 impedit
779 1225 862 1257 alius
876 1226 1048 1258 saecularis.

314 1282 350 1313 In
365 1281 517 1313 omnibus
531 1282 638 1312 autem
653 1280 906 1311 confessionibus
923 1280 1052 1312 audien-

272 1336 320 1367 dis
335 1335 469 1366 consulo
479 1334 641 1366 auditores
651 1334 763 1365 fratres
774 1335 862 1375 prius
876 1335 1050 1375 inquirere,

273 1399 337 1431 qua
359 1390 399 1421 de
421 1399 516 1420 causa
531 1389 692 1420 declinant
712 1389 906 1420 auditorium
930 1389 1053 1430 proprii

273 1444 455 1481 sacerdotis,
472 1446 503 1475 et
518 1443 577 1474 nisi
593 1452 647 1474 eos
659 1443 825 1474 inveniant
841 1443 890 1483 pie
904 1445 1006 1474 motos
1022 1445 1054 1474 et

273 1497 453 1529 rationabili
476 1506 572 1528 causa
596 1497 725 1536 ductos,
751 1498 915 1529 remittant
938 1506 991 1529 eos
1013 1497 1053 1529 ad

274 1552 419 1592 proprios
436 1551 625 1582 sacerdotes.
648 1551 867 1583 Retrahuntur
883 1551 1053 1592 aliquando

275 1606 361 1636 enim
378 1607 557 1646 peccatores
571 1605 684 1636 saltem
701 1605 740 1636 ad
756 1608 880 1646 tempus
896 1614 1052 1636 verecun-

275 1659 327 1690 dia
340 1659 380 1690 ab
399 1669 481 1690 ausu
496 1659 664 1700 peccandi,
679 1659 712 1690 in
729 1662 859 1700 aspectu
873 1662 904 1690 et
920 1668 1056 1700 praesen-

276 1712 318 1744 tia
331 1713 451 1753 proprii
473 1713 661 1752 sacerdotis,
679 1714 706 1744 si
723 1714 828 1744 bonus
851 1715 917 1750 est,
941 1722 1053 1744 eorum

276 1767 395 1798 scelera
415 1767 647 1806 cognoscentis.
674 1767 735 1798 Sed
760 1767 837 1807 quia
860 1767 921 1798 hoc
945 1776 1055 1798 rarum

277 1823 333 1860 est,
349 1830 414 1852 non
429 1823 504 1852 sunt
517 1822 646 1861 propter
665 1820 726 1852 hoc
741 1820 930 1861 particulare
945 1829 1055 1851 rarum

277 1875 396 1906 honum
413 1874 475 1906 alia
488 1874 659 1905 innumera
683 1874 889 1912 dimittenda,
912 1883 984 1914 quae
1001 1883 1057 1914 per

277 1930 423 1960 auditum
446 1930 592 1967 fratrum,
610 1928 659 1960 vel
675 1928 812 1959 aliorum
830 1927 930 1959 Deum
945 1928 1057 1959 timen-

278 1983 360 2015 tium
377 1985 601 2024 procurantur.

320 2037 381 2069 Pro
396 2037 584 2068 auctoritate
607 2036 752 2067 habenda
767 2045 785 2067 a
800 2036 945 2067 Praelatis
966 2036 1058 2068 Ordi-

280 2092 329 2122 nis
348 2091 455 2122 subdit
474 2102 480 2121 :
499 2091 618 2123 Nullus
639 2091 779 2130 fratrum
798 2090 913 2131 populo
926 2092 1059 2131 penitus

281 2145 401 2178 audeat
416 2145 603 2185 prtedicare,
620 2146 699 2182 nisi,
719 2148 778 2176 etc.
799 2145 887 2176 Circa
901 2145 985 2186 quod
1000 2155 1060 2176 no-

281 2200 414 2230 tandum
437 2201 483 2229 est
494 2224 502 2237 ,
519 2199 603 2239 quod
625 2199 771 2239 superius
787 2199 907 2229 dictum
922 2201 980 2237 est,
996 2208 1060 2230 ces-

282 2256 372 2284 sante
393 2262 489 2283 causa
502 2277 509 2290 ‚
534 2255 593 2283 etc.
617 2252 744 2283 Certum
761 2255 807 2283 est
827 2255 954 2292 autem,
975 2253 1060 2294 quod

283 2307 390 2338 nullus
407 2306 640 2338 examinandus
656 2309 702 2336 est
714 2328 723 2343 ,
738 2306 800 2336 uisi
815 2306 853 2337 de
867 2308 960 2347 cujus
976 2309 1061 2339 susti-

283 2361 400 2392 cientia
420 2369 483 2391 non
509 2362 641 2390 constat.
670 2359 784 2390 idcirco
810 2358 894 2399 Papa
911 2361 1060 2400 regulam

284 2414 473 2447 declarando
495 2413 610 2443 diffinit
622 2436 629 2450 ,
647 2413 731 2452 quod
751 2413 808 2453 qui
826 2414 1061 2446 examinatione

284 2479 350 2500 non
367 2468 524 2507 indigent,
543 2475 609 2497 non
628 2469 703 2496 suut
718 2467 754 2497 ad
772 2468 956 2506 generalem
971 2469 1063 2500 mini-

286 2526 386 2554 strum
407 2530 503 2552 causa
525 2520 620 2551 oflicii
648 2520 882 2559 praedicationis
905 2523 1060 2554 mittendi.

285 2576 379 2607 Aliud
415 2576 511 2607 etiam
546 2574 754 2614 privilegium
794 2577 1063 2609 examinationem

285 2629 454 2661 committit
471 2628 613 2660 discretis
626 2627 775 2659 fratribus
789 2629 878 2668 aliis;
897 2631 980 2671 quod
997 2632 1062 2672 pri-

321 2694 325 2706 ¹
341 2692 408 2716 Psal.
425 2698 460 2722 xi,
477 2692 499 2715 7.
515 2704 541 2709 —-
559 2691 601 2714 '³11
619 2691 687 2720 Cor„
705 2697 733 2720 11,
752 2692 788 2715 17.

973 187 1180 222 EXPOSlTlO

1104 257 1262 297 vilegium
1280 267 1347 290 non
1359 258 1518 290 discordat
1533 259 1574 290 ab
1589 258 1766 292 intentione
1777 269 1880 302 regu-

1104 310 1156 350 lae,
1172 319 1247 352 quae
1263 321 1328 344 non
1347 312 1482 344 intendit
1498 313 1562 344 nisi
1574 313 1723 354 periculis
1736 313 1879 354 obviare,

1105 365 1192 405 quod
1209 365 1291 406 (Deo
1314 366 1453 407 gratias)
1469 366 1595 398 excludi
1610 369 1712 407 potest
1729 377 1787 408 per
1801 368 1883 400 mul-

1104 418 1333 459 tiplicationem
1354 420 1568 452 litteratorum
1595 429 1653 461 per
1673 420 1819 452 ordinem
1841 421 1883 453 ad

1104 472 1202 504 talem
1215 473 1485 505 examinationem
1501 474 1728 506 sufficientium
1739 498 1748 512 ‚
1768 476 1800 506 et
1817 483 1883 506 me-

1103 525 1168 558 lius
1192 526 1237 557 sic
1258 526 1400 567 pericula
1427 527 1668 560 excludentium
1693 537 1792 569 quam
1819 528 1883 560 alio

1105 579 1201 611 modo
1215 580 1325 612 fieret:
1342 580 1418 621 quia
1434 581 1599 613 discursus
1613 583 1645 613 et
1659 581 1787 613 viarum
1801 581 1885 614 mul-

1104 633 1261 674 tiplicium
1274 634 1415 675 pericula
1429 635 1472 666 sic
1488 635 1641 667 vitantur.
1657 635 1708 667 Sic
1727 635 1884 668 Dominus

1105 687 1185 728 ipse,
1197 687 1381 720 christianae
1396 689 1573 729 Religionis
1592 689 1766 728 institutor,
1777 689 1883 729 primo

1105 741 1192 773 solus
1215 742 1342 774 vocavit
1360 744 1391 774 et
1413 743 1599 774 informavit
1617 742 1806 783 discipulos;
1833 751 1884 774 se-

1105 795 1210 827 cundo
1231 805 1286 837 per
1305 796 1383 828 alios
1403 796 1571 828 Ecclesiam
1593 796 1748 828 dilatavit.
1772 796 1882 830 Moneo

1105 857 1240 891 quoque,
1256 855 1287 884 et
1301 851 1452 884 exhortor
1466 852 1553 892 ipsos
1567 851 1697 891 fratres,
1711 851 1794 884 utin
1803 857 1884 890 proe-

1105 903 1268 937 dicatione
1284 913 1380 945 quam
1391 905 1519 944 faciunt
1533 915 1545 936 .·
1562 913 1643 944 ergo
1663 904 1775 936 nullus
1789 904 1884 935 debet

1105 958 1290 998 praedicare,
1315 958 1376 989 nisi
1393 958 1471 989 sciat
1486 958 1552 998 ipse
1567 966 1749 989 sermonem
1766 957 1880 995 facere,

1105 1013 1136 1042 et
1152 1011 1347 1043 sufficienter
1362 1011 1539 1052 disponere.
1563 1010 1652 1043 Unde
1664 1010 1791 1042 subdit:
1806 1010 1884 1043 Sint

1105 1066 1316 1105 examinata,
1332 1075 1397 1098 non
1420 1068 1540 1097 temere
1552 1089 1562 1104 ,
1589 1074 1626 1097 ac
1644 1065 1713 1096 sine
1733 1064 1885 1097 delibera·

1105 1120 1191 1151 tione
1205 1120 1338 1161 prolata,
1354 1129 1420 1152 non
1433 1120 1496 1151 sint
1510 1129 1594 1152 nova
1608 1128 1644 1151 ac
1654 1121 1814 1160 suspecta,
1827 1118 1886 1151 sed

1106 1177 1196 1207 casta
1217 1182 1324 1207 eorum
1345 1175 1482 1215 eloquia.
1502 1173 1668 1206 psalmista
1687 1175 1695 1190 ¹
1717 1184 1724 1205 :
1746 1173 1887 1215 Eloquia

1106 1229 1237 1261 Domini
1267 1229 1393 1269 eloquia
1419 1231 1521 1261 casta.
1541 1228 1616 1260 Haec
1634 1229 1743 1259 autem
1760 1228 1887 1259 castitas

1111 1283 1253 1315 excludit
1280 1283 1518 1324 corruptionem
1541 1282 1704 1321 falsitatis,
1729 1284 1761 1313 et
1788 1282 1886 1313 emis-

1107 1338 1230 1370 sionem
1256 1347 1320 1370 non
1339 1338 1444 1370 solum
1467 1338 1677 1377 enormitatis,
1704 1338 1770 1369 imo
1790 1338 1888 1370 etiam

1107 1393 1213 1424 omnis
1227 1393 1377 1424 vanitatis
1389 1416 1397 1430 ‚
1414 1402 1472 1424 seu
1488 1393 1578 1424 verbi
1597 1393 1700 1424 risum
1713 1381 1888 1432 provocan-

1108 1446 1148 1477 tis
1161 1471 1168 1485 ‚
1191 1455 1249 1478 seu
1267 1446 1386 1478 fastum
1408 1448 1463 1477 aut
1478 1446 1633 1486 impetum
1649 1445 1886 1486 praetendentis.

1108 1499 1256 1531 Excludit
1292 1501 1388 1531 etiam
1417 1500 1655 1540 corruptionem
1691 1498 1887 1530 intentionis.

1115 1553 1203 1585 Unde
1218 1554 1389 1594 Apostolus
1404 1554 1449 1586 ait
1463 1557 1474 1573 ²
1490 1565 1496 1584 :
1516 1554 1590 1587 Non
1613 1554 1698 1586 enim
1718 1560 1829 1585 sumus
1840 1553 1887 1584 si-

1109 1612 1164 1641 cut
1184 1608 1319 1648 plurimi
1339 1607 1556 1640 adulterantes
1582 1607 1710 1640 verbum
1730 1607 1792 1639 Dei
1801 1615 1815 1646 ;
1831 1605 1890 1639 sed

1109 1670 1151 1694 ex
1173 1663 1377 1700 sinceritate,
1400 1663 1483 1694 sicut
1509 1663 1586 1700 Deo,
1615 1670 1721 1694 coram
1749 1662 1824 1700 Deo,
1852 1661 1889 1693 in

1113 1717 1238 1749 Christo
1252 1716 1426 1756 loquimur.
1443 1717 1496 1748 Ex
1507 1717 1693 1755 Deo‚contra
1704 1715 1887 1753 falsitatem

1112 1778 1220 1803 coram
1231 1771 1304 1808 Deo,
1320 1779 1376 1810 per
1385 1770 1618 1808 maturitatem
1635 1770 1670 1802 in
1682 1769 1817 1807 Christo,
1833 1777 1891 1808 per

1113 1825 1262 1865 puritatis
1287 1825 1497 1856 intentionem
1511 1825 1564 1864 (a).
1585 1823 1729 1855 Secundo
1744 1822 1892 1855 describit

1114 1888 1186 1910 eam
1209 1887 1266 1919 per
1281 1887 1411 1909 causam
1427 1878 1564 1909 finalem.
1585 1877 1674 1908 Unde
1692 1876 1800 1908 subdit
1816 1887 1823 1908 :
1840 1875 1893 1908 Ad

1114 1932 1299 1970 utilitatem,
1315 1935 1344 1964 et
1359 1932 1610 1972 oeclificationem
1621 1930 1745 1972 populi.
1767 1930 1894 1963 Utilita-

1115 1990 1175 2019 tem
1191 1987 1224 2017 in
1239 1986 1323 2017 malo
1339 1986 1484 2025 vitando;
1501 1986 1750 2025 certificationem
1764 1985 1798 2016 in
1809 1985 1894 2016 bono

1115 2040 1267 2071 faciendo.
1293 2040 1408 2080 Populi
1427 2040 1558 2078 dicitur,
1574 2049 1616 2071 ne
1633 2041 1760 2071 tantum
1775 2047 1895 2079 praesu-

1116 2096 1222 2132 mant,
1238 2094 1324 2134 quod
1346 2094 1540 2134 pauperibus
1550 2089 1585 2125 'et
1604 2092 1800 2134 simplicibus
1815 2100 1894 2132 prae-

1117 2148 1221 2178 dicare
1235 2149 1451 2178 contemnant.
1474 2147 1536 2178 Sed
1556 2156 1614 2187 pro
1628 2156 1724 2178 causa
1739 2145 1895 2177 materiali

1117 2202 1222 2233 subdit
1238 2213 1245 2233 ε
1260 2202 1498 2234 Amzunttando
1518 2202 1566 2234 eis
1589 2202 1674 2234 vitia
1696 2204 1725 2234 et
1745 2201 1893 2239 virtutes,

1117 2258 1275 2296 quantum
1300 2256 1338 2287 ad
1360 2256 1459 2287 vitan]
1482 2257 1689 2296 praesenten];
1713 2263 1840 2296 poenam
1867 2256 1896 2287 el

1118 2310 1253 2350 aleriam
1264 2335 1272 2349 ,
1287 2310 1326 2342 ad
1342 2310 1442 2342 vitam
1463 2310 1605 2341 suturam
1623 2318 1632 2341 ε
1649 2309 1735 2350 quod
1756 2308 1841 2347 dicit,
1855 2316 1895 2339 ne

1120 2364 1295 2404 praedicent
1316 2364 1433 2395 scilicet
1455 2364 1585 2404 seipsos,
1602 2365 1637 2395 ut
1651 2371 1742 2394 suam
1755 2362 1895 2403 philoso-

1120 2417 1229 2457 phiam
1254 2417 1440 2456 ostendant,
1457 2419 1488 2448 et
1511 2417 1654 2448 fimbrias
1675 2415 1894 2456 magnificent.

1120 2470 1182 2502 Pro
1207 2480 1302 2502 causa
1326 2471 1466 2508 formali,
1492 2471 1621 2502 subdit:
1640 2471 1717 2503 Cum
1742 2469 1895 2502 brevitate

1119 2526 1286 2557 sermonis.
1309 2525 1383 2556 llaec
1407 2525 1545 2556 brevitas
1561 2524 1700 2556 excludit
1721 2523 1896 2555 verborum

1120 2579 1275 2618 ambages
1286 2581 1316 2610 et
1326 2579 1498 2610 sententias
1508 2579 1678 2617 involutam,
1690 2577 1788 2609 verba
1800 2577 1896 2608 etiam

1121 2633 1222 2665 ardua
1247 2642 1343 2674 super
1363 2633 1567 2674 capacitatem
1591 2632 1802 2664 audientium.
1830 2631 1896 2664 Hoc

1154 2696 1188 2726 (a)
1204 2696 1262 2728 Leq.
1277 2696 1426 2721 intentionis
1442 2696 1587 2728 puritatem.
