2060 3052
265 202 311 232 34-
653 191 866 229 SERMONES
886 190 938 224 DE
959 187 1125 222 SANCTIS
1146 187 1189 221 m
1209 186 1406 221 COMMUNI.
1427 185 1496 220 XII.

264 267 340 297 faeie
353 265 483 296 sedentis
499 272 590 302 super
610 263 762 298 thronum,
783 263 813 290 et
834 259 874 289 ab
889 257 965 295 Agni
977 257 1024 287 ira
1039 266 1047 285 ε

214 335 224 344 .
266 314 412 352 quoniam
422 313 504 342 venit
518 312 582 342 dies
598 318 727 347 magnus
743 309 837 345 ipsius
849 307 902 335 irae
915 314 922 334 :
938 307 968 334 et
981 303 1048 342 quis

265 361 374 399 poterit
398 361 498 389 stare?
517 369 531 387 n
556 359 590 388 Et
606 356 762 388 malachias
779 355 787 372 ¹
803 363 811 382 ι
829 363 844 381 α
857 353 927 388 Quis
941 351 1049 389 potertt

267 408 399 446 cogitare
415 408 497 436 diem
511 406 658 436 adventus
671 403 746 440 ejus,
768 404 797 431 et
814 401 881 438 quis
898 399 988 429 stabit
1008 397 1048 427 ad

266 455 434 485 videndum
457 453 550 483 eum?
571 455 635 488 lpse
654 450 745 485 enim,
765 447 852 486 quasi
877 446 955 484 ignis
978 453 1049 474 con-

267 503 354 538 flans,
374 504 403 531 et
420 500 506 538 quasi
528 498 622 528 herba
648 496 809 526 fullonum.
836 505 851 522 ι)
875 495 950 523 Nam
974 492 1050 521 sicut

267 550 344 587 ignis
358 549 390 578 in
410 547 584 578 conflatorio
603 547 700 574 totum
722 543 880 573 metallum
903 542 1048 579 penetrat,

267 605 323 626 nec
337 598 381 626 est
394 595 510 632 aliquid
524 593 608 631 quod
623 600 685 622 non
696 591 838 628 attingat;
853 592 882 618 et
895 589 970 617 sicut
983 595 1049 616 ear-

269 645 320 680 do,
336 651 403 681 quae
418 644 461 671 est
472 641 567 670 herba
579 639 710 672 fullonis,
727 645 849 668 omnem
864 643 1009 674 pannum,
1023 636 1052 663 et

268 692 544 728 quantumcumque
563 687 717 717 modicum
737 685 768 714 in
786 691 901 722 panno,
925 681 1050 718 attingit,

268 746 324 768 nee
343 737 458 775 aliquid
479 736 622 765 intactum
645 733 807 770 relinquit3
822 732 876 766 sic,
891 731 923 759 in
936 729 990 758 illo
1002 729 1051 764 ju-

269 786 359 822 dicio,
378 784 454 814 nihil
474 784 529 813 erit
550 783 589 812 ab
608 781 730 811 homine
745 780 919 816 cogitatum,
935 776 983 805 vel
1005 775 1051 804 di-

270 835 362 868 etum,
375 832 422 861 vel
437 831 526 860 etiam
540 830 662 864 factum,
675 827 759 866 quod
768 834 830 856 non
844 826 896 854 fiat
911 822 1053 853 omnibus

270 879 470 914 manifestum,
495 880 523 906 et
543 885 606 906 non
634 876 670 904 sit
697 874 875 903 sufficienter
903 871 1051 909 punitum.

271 928 342 957 Dicit
351 927 432 956 enim
441 927 669 963 chrysostomus
683 923 695 941 ²
709 932 716 951 ε
735 931 748 949 ι(
763 920 893 951 Audient
906 918 1054 948 Christum

270 976 312 1005 sic
336 975 477 1005 omnibus
492 982 508 1003 e
519 973 731 1010 xprobrantem
747 979 754 998 ε
780 971 841 1005 Ego
860 968 982 1004 propter
1000 974 1054 994 vos

270 1023 362 1052 homo
376 1022 470 1051 factus
489 1029 566 1056 sum,
590 1020 712 1056 propter
735 1025 788 1046 vos
806 1016 954 1050 alligatus,
971 1013 1054 1042 delu-

270 1079 331 1106 sus,
352 1078 453 1105 caesus,
478 1068 637 1097 crucifixus
656 1077 662 1095 :
686 1066 736 1095 ubi
763 1067 912 1094 tantarum
933 1061 1056 1098 injuria-

271 1126 338 1147 rum
352 1124 489 1146 mearum
498 1115 632 1144 fructus?
645 1115 717 1142 Ecce
727 1111 848 1147 sanguis
856 1117 953 1143 meus,
965 1116 1056 1145 quem

271 1173 327 1202 pro
343 1164 430 1193 vobis
447 1162 518 1192 dedi
535 1172 541 1190 :
559 1162 611 1190 ubi
634 1163 677 1190 est
700 1159 825 1188 servitus
840 1159 946 1191 vestra,
963 1163 1055 1192 quam

271 1219 327 1249 pro
348 1211 443 1248 pretio
467 1209 619 1245 sanguinis
641 1207 714 1236 mihi
730 1205 851 1234 dedistis
862 1206 875 1232 ἱ)
891 1206 952 1239 Ego
968 1210 1057 1238 super

275 1259 402 1295 gloriam
417 1265 515 1286 meam
529 1264 583 1284 vos
598 1254 702 1289 habui,
723 1261 791 1282 cum
811 1260 905 1280 essem
923 1252 996 1279 Deus
1006 1259 1014 1284 ;
1030 1250 1058 1277 et

272 1314 328 1334 vos
349 1313 397 1334 me
418 1304 558 1333 omnibus
579 1303 669 1331 rebus
688 1301 824 1328 viliorem
838 1298 957 1332 fecistis,
970 1299 998 1325 et
1012 1296 1056 1324 vi-

273 1354 386 1383 lissima
406 1356 489 1382 terrze
517 1351 645 1388 amplius
669 1348 822 1381 dilexistis,
852 1354 945 1382 quam
961 1352 1018 1372 me.
1042 1354 1054 1369 »

273 1401 351 1436 Quid
366 1400 465 1429 miseri
481 1399 519 1428 ad
538 1399 595 1427 hoc
610 1398 735 1434 possunt
750 1395 846 1423 dicere
857 1394 871 1420 ‘t
887 1391 961 1429 quid
976 1393 1059 1427 pote-

274 1450 344 1476 runt
369 1446 576 1484 respondere?
601 1445 676 1479 Ergo
700 1441 839 1477 exemplo
860 1438 1060 1473 evangelista-

274 1503 352 1530 rum,
379 1496 407 1522 et
430 1492 649 1529 Apostolorum,
676 1492 704 1517 et
727 1490 886 1516 Doctorum
909 1483 1061 1513 audienda

276 1544 343 1570 sunt
363 1542 532 1569 reverenter
547 1538 640 1566 verba
656 1536 715 1568 Dei,
732 1538 760 1564 et
779 1534 900 1562 ulterius
915 1533 945 1560 in
960 1531 1061 1559 charta

277 1588 376 1618 cordis
396 1586 566 1620 scribenda,
589 1593 624 1613 ne
647 1584 709 1612 ullo
729 1586 860 1618 tempore
879 1589 896 1608 a
916 1578 1062 1607 memoria

279 1636 443 1665 deleantur.
460 1636 610 1670 Rogemus
625 1639 697 1668 crgo
712 1630 881 1663 Dominum,
897 1629 952 1655 etc.

579 1711 709 1743 SERMO
734 1711 770 1740 lt.

318 1779 447 1807 Dominus
462 1777 538 1804 dabat
562 1775 667 1803 verbum
690 1769 940 1806 evanqelizantcbus
962 1769 1064 1795 virtute

282 1827 370 1854 multa
385 1826 405 1852 ³.
423 1824 560 1852 Divinum
575 1821 712 1854 verbum,
728 1816 911 1854 frequentius
923 1814 1065 1851 praedica-

284 1876 356 1907 tum,
373 1874 415 1900 est
428 1870 516 1899 valde
532 1869 708 1901 virtuosum,
724 1866 747 1893 si
762 1866 788 1893 ei
804 1864 925 1892 adsistat
936 1861 1065 1889 Verbum

284 1921 458 1952 increatum,
480 1918 600 1953 propter
622 1923 676 1943 nos
697 1914 839 1945 creatum,
855 1911 915 1938 sive
931 1909 1066 1936 iucarna-

287 1970 358 1995 tum.
373 1968 444 1994 Nam
456 1966 559 2001 praetcr
570 1962 699 1990 Verbum
712 1961 885 1992 increatum,
899 1958 1005 1985 trustra
1014 1955 1067 1982 im-

286 2013 426 2051 penditur
439 2011 565 2039 verbum
584 2011 714 2038 creatum
736 2006 940 2043 prmdicatum.
957 2005 1067 2037 Grego-

287 2060 348 2089 rius
362 2059 371 2074 ⁴
390 2069 395 2087 :
415 2070 429 2085 (ι
443 2061 474 2087 ln
490 2056 639 2086 malevola
652 2056 753 2090 lingua
763 2051 977 2090 praedicatoris,
989 2050 1011 2076 si
1026 2049 1068 2076 in-

289 2110 333 2135 tus
344 2115 405 2135 non
414 2106 489 2134 adsit
500 2104 594 2141 gratia
603 2102 774 2135 salvatoris,
784 2108 849 2136 qna·
861 2098 969 2133 dirigat
978 2096 1070 2124 verba

290 2154 407 2188 mentis,
418 2154 522 2181 frustra
531 2151 657 2179 exterius
667 2147 849 2185 impenditur
858 2145 955 2174 omnis
966 2143 1070 2180 prwdi-

291 2201 366 2229 catio
384 2200 519 2229 veritatis.
536 2210 549 2224 »
567 2200 599 2226 lit
617 2197 737 2233 ponitur
760 2196 788 2222 in
805 2193 976 2228 exemplum
988 2191 1069 2224 Cain,

292 2256 382 2284 quem
396 2247 536 2275 Dominus
548 2245 696 2272 volentem
713 2242 848 2270 occidere
866 2240 993 2272 fratrent,
1005 2246 1072 2273 pro·

292 2295 399 2328 hibuit,
422 2296 448 2322 et
471 2292 623 2329 praeluinni
645 2290 794 2327 promisit:
812 2295 942 2324 puniam,
958 2285 981 2312 si
997 2284 1073 2313 occi-

294 2343 388 2376 derat,
404 2340 548 2376 adjnnxit.
564 2341 619 2366 Nec
636 2340 733 2365 tamen
754 2334 868 2371 aliquid
885 2333 985 2363 valuit,
1002 2332 1073 2367 quia

295 2397 364 2418 eum
378 2387 501 2416 interius
517 2386 618 2413 divina
645 2384 737 2419 gratia
763 2390 822 2410 non
850 2380 973 2415 adjuvit.
998 2377 1073 2406 Divi-

295 2445 367 2464 num
382 2443 453 2469 ergo
468 2433 594 2462 verbum
610 2431 737 2459 exterius
757 2428 960 2465 praedicatum‚
977 2428 1007 2453 ut
1022 2432 1074 2452 va-

296 2483 354 2510 lcat
375 2490 436 2509 csse
461 2481 636 2513 virtuosum,
660 2478 781 2511 indiget,
800 2478 831 2503 ut
851 2483 911 2502 non
927 2474 963 2501 sit
978 2473 1007 2500 in
1024 2479 1074 2498 orc

297 2531 420 2562 tantum,
443 2529 495 2555 sed
521 2527 613 2554 Verbo
633 2525 763 2552 increato
783 2523 813 2550 in
838 2521 926 2549 cordo
953 2519 1077 2554 conjun-

298 2578 387 2610 ctum,
409 2575 492 2609 cujus
508 2574 602 2609 gratia
618 2572 715 2600 valeat
731 2578 792 2598 csse
809 2569 982 2596 virtuosum.
1001 2568 1076 2593 Bene

331 2638 449 2666 mutilae..
466 2644 505 2668 ιιι,
521 2640 576 2662 2.-
590 2637 598 2650 ³
612 2635 778 2667 Chrysost.-
794 2634 804 2649 ‘³
820 2632 886 2656 Psal.
904 2637 986 2658 mvn,
1002 2630 1036 2653 12.
1047 2640 1076 2645 -

300 2674 402 2705 '‘Greg„
413 2675 437 2698 1‘12
448 2673 633 2704 15011119..lwn1.
643 2677 704 2701 xxx,
714 2672 774 2700 u.3;
784 2668 884 2697 Mra-al„
894 2667 937 2691 lib.
949 2667 988 2695 lx,
999 2672 1024 2688 n.
1036 2666 1074 2688 ¹12.

1104 264 1177 294 ergo
1201 251 1310 286 dicitur
1332 264 1340 284 z
1364 256 1496 284 Dominus
1517 253 1599 282 dabit
1620 253 1730 282 verbum
1753 252 1891 288 wat-aoli-

1105 303 1232 332 zuntibus
1250 303 1354 331 uirtute
1371 302 1461 330 multa
1475 309 1485 330 .·
1505 300 1578 338 quia
1591 299 1690 328 omnis
1701 299 1806 334 virtus,
1821 306 1890 336 quoe

1105 351 1148 379 est
1161 349 1192 378 in
1204 349 1300 378 verbo
1314 348 1487 386 praedicato,
1499 349 1542 377 est
1555 355 1574 376 a.
1587 346 1685 376 Verbo
1698 347 1822 383 propter
1832 353 1891 375 uos

1106 398 1216 432 creato,
1234 396 1297 425 sive
1312 396 1477 425 incarnato.
1495 396 1527 424 ln
1545 393 1640 423 verbo
1660 394 1761 422 autem
1782 391 1891 430 proedi-

1107 446 1165 479 eto,
1181 443 1221 472 ad
1233 443 1380 472 honorem
1394 441 1660 478 evangelistarum,
1674 439 1810 468 divinum
1822 446 1891 468 ver-

1105 491 1180 520 bum
1202 489 1329 518 exterius
1348 488 1557 526 praedicatum,
1584 487 1640 517 sed
1662 489 1763 516 tamen
1790 485 1892 523 gratim

1107 538 1215 566 divinae
1229 537 1434 573 coniunctum,
1449 535 1506 564 tria
1518 534 1597 564 facit.
1610 533 1708 564 Primo
1719 541 1782 563 esse
1794 534 1893 562 osten-

1107 585 1187 614 ditur
1201 583 1414 620 authenticum,
1429 583 1491 612 sive
1501 582 1623 611 firmum
1632 592 1642 618 ;
1650 581 1783 611 secundo
1796 583 1892 610 osten-

1108 633 1187 661 ditur
1203 640 1266 661 esse
1289 632 1417 667 bonum,
1432 633 1461 659 et
1474 631 1610 660 sanctum
1615 639 1625 666 3
1647 628 1746 664 tertio,
1765 627 1894 657 ostendi-

1108 682 1155 709 tur
1183 687 1246 708 esse
1275 679 1397 715 efficax,
1421 679 1450 708 et
1478 677 1655 707 virtuosum.
1689 678 1763 706 Nam
1793 674 1894 712 primo

1109 735 1173 756 esse
1187 728 1368 755 monstratur
1382 725 1597 760 authenticum,
1614 725 1738 761 propter
1759 722 1896 752 divinam

1109 774 1326 809 auctoritatem,
1343 781 1405 810 qua
1417 781 1480 802 non
1493 772 1626 802 fallimur
1633 781 1642 807 ;
1653 769 1784 800 secundo
1795 770 1895 798 osten-

1112 821 1192 850 ditur
1206 829 1269 850 esse
1284 821 1401 850 bonum
1416 822 1443 849 et
1457 820 1593 849 sanctum
1614 819 1737 855 propter
1756 816 1820 852 ejus
1834 815 1896 844 effi—

1110 869 1225 898 caciam
1243 868 1273 896 in
1295 867 1406 903 anima,
1435 875 1528 904 quam
1545 865 1679 903 quotidie
1703 863 1893 901 experimur3

1111 916 1164 945 sed
1190 915 1276 944 tertio
1298 914 1462 944 ostenditur
1486 921 1550 942 esse
1572 912 1751 946 virtuosum,
1774 911 1896 947 propter

1110 963 1204 1000 ipsius
1219 962 1370 1000 operantis
1383 960 1587 995 subtilitatem,
1612 966 1705 996 quam
1723 958 1754 987 in
1770 956 1896 993 singulis

1112 1009 1362 1046 contemplamur.
1379 1008 1517 1037 Divinum
1527 1014 1599 1043 ergo
1612 1005 1740 1035 verbum
1751 1005 1897 1033 monstra-

1111 1059 1159 1085 tur
1172 1056 1271 1093 primo
1287 1055 1499 1090 authenticum,
1520 1062 1589 1082 cum
1613 1052 1721 1081 dicitur
1736 1061 1744 1079 :
1767 1052 1897 1079 nummus

1113 1104 1191 1132 dabit
1205 1104 1324 1132 verbum.
1340 1101 1477 1132 Secundo
1497 1100 1661 1130 ostenditur
1682 1106 1745 1128 esse
1768 1098 1894 1132 bonum,

1113 1159 1181 1179 cum
1197 1150 1342 1178 additur:
1363 1148 1623 1184 Evariqetizantibus
1635 1157 1644 1181 ;
1669 1154 1732 1175 non
1753 1145 1835 1174 enim
1855 1147 1899 1173 est

1113 1197 1196 1225 aliud
1209 1197 1424 1232 evangelizare,
1441 1203 1533 1232 quam
1547 1195 1628 1223 bona
1642 1193 1737 1222 verba
1747 1192 1896 1221 nuntiare.

1113 1244 1207 1273 Tertio
1223 1243 1387 1272 ostenditur
1406 1243 1520 1278 efficax,
1543 1244 1571 1270 et
1594 1242 1772 1275 virtuosum,
1791 1239 1899 1268 dicitur

1115 1292 1195 1320 enim
1212 1300 1218 1319 ε
1235 1293 1338 1319 virtute
1353 1290 1451 1318 multa.
1467 1290 1549 1318 Circa
1562 1289 1619 1317 hoc
1634 1287 1761 1316 verbum
1782 1289 1825 1315 est
1843 1294 1898 1315 no-

1116 1338 1254 1372 tandum,
1273 1337 1356 1374 quod
1373 1337 1556 1373 quandoque
1573 1335 1692 1372 respicit
1705 1333 1898 1369 intellectum,

1117 1386 1173 1413 sub
1188 1385 1303 1413 ratione
1318 1383 1379 1412 veri
1401 1384 1534 1412 animam
1555 1382 1746 1417 illustrantis3
1764 1380 1901 1418 quaudo—

1117 1440 1176 1469 que
1192 1432 1343 1466 affectum,
1358 1430 1413 1459 sub
1429 1430 1543 1459 ratione
1557 1429 1631 1459 boni
1643 1429 1775 1458 animam
1784 1427 1900 1456 inflam-

1118 1479 1243 1514 mantis;
1265 1480 1293 1506 et
1317 1477 1502 1514 quandoque
1525 1476 1673 1511 effectum,
1701 1475 1757 1503 sub
1785 1474 1900 1503 ratione

1119 1526 1218 1563 operis
1229 1528 1327 1553 actum
1341 1525 1469 1553 exterius
1484 1523 1686 1552 confortantis.
1703 1524 1750 1551 Est
1764 1529 1836 1558 ergo
1851 1521 1901 1550 Dei

1118 1573 1244 1601 verbum
1259 1572 1442 1608 frequentius
1457 1570 1661 1607 prmdicatum‚
1671 1569 1780 1606 primo,
1797 1568 1902 1597 mentis

1120 1620 1371 1653 illuminativum;
1399 1617 1545 1652 secundo,
1567 1617 1688 1646 affectus
1710 1615 1902 1644 inflammati-

1119 1676 1210 1701 vum;
1228 1666 1322 1701 tertio,
1343 1666 1464 1694 effectus
1488 1664 1666 1700 adjutivum,
1692 1663 1754 1691 sive
1779 1662 1902 1691 firmati-

1119 1723 1210 1749 vum3
1231 1716 1337 1750 quarto
1357 1715 1400 1741 est
1415 1712 1454 1741 ad
1469 1711 1596 1747 gloriam
1611 1713 1751 1739 aeternam
1772 1709 1903 1738 indueti-

1120 1770 1202 1789 vum.
1221 1760 1297 1795 Quid
1313 1768 1385 1796 crgo
1408 1759 1526 1793 melius,
1550 1758 1624 1795 quid
1647 1758 1754 1786 animoe
1775 1757 1903 1792 dulcius,

1121 1809 1194 1845 quid
1213 1807 1329 1836 homini
1349 1806 1537 1840 fructuosius,
1558 1813 1650 1841 quam
1664 1807 1696 1833 ut
1711 1804 1837 1833 verbum
1854 1804 1903 1833 Dei

1120 1855 1310 1892 praedicabile
1325 1853 1483 1882 audiamus
1497 1853 1603 1880 devote
1613 1852 1626 1879 ἱ)

1159 1903 1227 1930 Dico
1244 1910 1327 1937 ergo,
1343 1900 1423 1937 quod
1438 1899 1564 1928 verbum
1578 1899 1627 1927 Dei
1640 1899 1822 1936 frequentius
1832 1907 1905 1936 prae-

1123 1950 1264 1983 dicatum,
1285 1951 1328 1976 est
1345 1947 1451 1976 animae
1472 1946 1715 1981 illuminativum,
1732 1946 1805 1975 dum
1819 1946 1907 1974 docet

1123 1997 1197 2033 quid
1207 1995 1386 2028 faciendum,
1399 1993 1472 2030 quid
1483 1993 1669 2029 fugiendum,
1680 1993 1754 2029 quid
1766 2000 1906 2029 respuen-

1125 2044 1209 2078 dum,
1237 2042 1311 2079 quid
1341 2041 1516 2075 amandum,
1546 2040 1620 2076 quid
1656 2039 1822 2068 odiendum
1858 2039 1905 2074 sit,

1125 2090 1199 2127 quid
1221 2088 1381 2124 unicuique
1407 2086 1629 2123 prohibendum
1654 2086 1700 2114 sit.
1725 2086 1801 2120 Quid
1826 2085 1907 2114 enim

1125 2140 1168 2166 est
1185 2137 1285 2165 anima
1305 2143 1364 2163 non
1385 2135 1426 2162 sic
1444 2134 1633 2162 illuminata?
1649 2133 1722 2170 quid
1739 2135 1781 2161 est
1796 2133 1906 2168 anima,

1127 2185 1150 2212 si
1179 2185 1215 2212 sit
1243 2184 1343 2211 caeca‘?
1370 2181 1443 2218 quid
1473 2183 1515 2209 est
1543 2181 1644 2208 anima
1671 2180 1792 2208 scientia
1817 2180 1907 2208 desti-

1128 2232 1215 2259 tuta?
1239 2232 1319 2258 Certe
1344 2229 1409 2257 talis
1435 2230 1488 2262 cst,
1508 2230 1539 2256 ut
1564 2228 1665 2256 tabula
1693 2235 1770 2262 rasa,
1795 2227 1825 2254 in
1847 2235 1908 2263 qua

1128 2279 1210 2307 nullu
1225 2277 1348 2306 omnino
1364 2278 1405 2303 est
1420 2275 1544 2311 pictura.
1563 2276 1687 2302 Tantum
1708 2274 1822 2303 bonum
1840 2281 1908 2309 pro-

1128 2326 1215 2354 batur
1231 2332 1291 2352 esse
1307 2322 1475 2359 prudentio,
1491 2325 1523 2349 ut
1537 2322 1659 2350 omnino
1675 2321 1757 2349 nulla
1769 2320 1827 2348 sint
1838 2320 1908 2348 bru—

1130 2376 1168 2406 ta,
1185 2373 1461 2408 quantumcumque
1477 2377 1580 2405 parva,
1596 2369 1655 2396 sive
1670 2368 1750 2402 vilia,
1766 2376 1833 2404 quae
1847 2374 1908 2395 non

1131 2419 1245 2448 tradant
1260 2417 1320 2446 suis
1334 2417 1401 2444 tiliis
1424 2416 1604 2445 documenta
1625 2423 1684 2443 suoe
1707 2417 1818 2442 naturae
1837 2421 1909 2442 con-

1131 2465 1289 2494 venientia.
1307 2466 1407 2492 Nonne
1422 2471 1509 2491 cerva
1526 2462 1607 2490 ducit
1622 2461 1699 2489 filios
1714 2461 1753 2489 ad
1769 2468 1909 2489 saxorum
1959 2475 1963 2481 -

1131 2514 1291 2550 praerupta,
1315 2513 1342 2538 et
1366 2510 1452 2538 docet
1474 2518 1524 2538 eos
1539 2509 1656 2543 saltare,
1673 2511 1700 2536 et
1719 2508 1830 2544 seipsos
1845 2507 1911 2536 abs-

1132 2559 1281 2588 condere?
1301 2560 1402 2586 Nonne
1427 2557 1546 2593 elephas
1569 2556 1655 2584 docet
1674 2555 1753 2584 filios
1773 2563 1854 2590 suos,
1880 2554 1910 2582 in

1133 2615 1212 2635 nova
1226 2606 1296 2633 luna
1313 2605 1352 2633 ad
1367 2604 1490 2632 tluvium
1512 2604 1564 2638 ire,
1591 2605 1618 2631 et
1637 2603 1667 2631 in
1688 2603 1772 2639 aquis
1787 2601 1910 2631 sollicite

1134 2664 1163 2683 se
1179 2654 1278 2682 lavare
1288 2654 1301 2680 ἴ)
1317 2654 1349 2680 Et
1363 2651 1404 2679 sic
1419 2653 1462 2680 est
1476 2650 1506 2678 in
1521 2650 1661 2679 omnibus
1682 2651 1825 2679 invenire.
1838 2650 1910 2678 ltem
