2029 3052
123 1619 139 1640 1.
153 1620 206 1645 Arg.

101 1656 139 1676 pro
146 1653 206 1676 purte

103 1681 200 1702 assit-ma-

101 1712 152 1732 tiva.

139 2375 167 2394 ll.

215 242 274 272 400

214 305 309 338 Jmu?
328 305 400 347 quis
422 305 481 338 tibi
498 306 605 337 cibum
627 304 834 344 ministravit,
859 305 916 336 aut
935 312 994 344 po-

214 360 305 392 tum?
320 359 394 400 quis
404 359 542 391 detraxit
555 359 786 390 calceamenta?
801 357 873 398 quis
887 365 994 388 mem-

215 413 273 445 bra
287 413 423 454 puerilia
436 412 516 444 fovit
528 412 727 452 unguentis?
744 411 804 443 Ubi
819 420 898 451 ergo
909 419 992 449 eras,

215 467 370 498 DomIne‘?
385 467 435 498 An
455 468 493 498 ut
516 468 547 498 te
565 475 622 507 per
645 466 754 497 omnia
778 465 995 497 conformares

215 523 333 553 nostrae
347 521 538 562 paupertati,
554 522 586 552 et
600 529 711 552 omnes
731 520 766 551 in
786 521 818 551 te
834 519 996 550 humanas

216 576 359 607 miserias
381 575 570 616 susciperes,
597 574 690 615 quasi
715 582 800 605 unus
820 582 861 604 ex
882 573 994 612 turba,

215 639 395 670 pauperum
407 629 520 670 stipem
531 638 588 669 per
594 628 676 660 ostia
683 627 906 660 mendicabas?
917 626 996 664 Quis

216 683 303 715 dabit
313 692 365 715 me
376 682 594 715 buccellarum
602 682 732 714 illarum
741 681 995 712 mendicatarum

216 737 404 778 participem
417 736 498 775 fieri,
514 737 545 767 et
558 735 670 767 saltem
684 735 786 767 divini
799 734 883 765 illius
897 733 994 765 edulii

216 791 361 832 reliquiis
377 789 545 831 saginari?
560 800 575 819 n
593 789 671 821 Item
687 789 796 820 Glossa
810 796 906 828 super
918 787 994 819 illud

216 844 308 877 Pauli
324 846 353 876 ¹:
374 844 520 881 Quicum
533 846 614 877 esset
628 843 730 881 dives,
746 844 806 874 ete.
818 846 848 873 ²:
869 853 884 872 a
894 841 996 873 Nemo

218 909 253 931 se
263 900 446 930 contemnat
459 909 466 929 ε
479 897 647 939 pauperia
662 894 752 935 cella,
764 896 852 928 dives
867 896 902 927 in
916 904 995 927 con-

217 953 348 985 scientia
357 979 365 991 ,
379 952 521 984 securior
534 952 653 984 dormit
673 952 708 982 in
722 953 818 991 terra,
834 959 934 992 quam
948 950 996 982 di-

217 1016 273 1040 ves
287 1015 366 1038 auro
386 1007 420 1038 in
439 1015 595 1047 purpura.
617 1004 685 1037 Non
705 1014 784 1045 ergo
805 1012 997 1045 expavescas

217 1071 291 1093 cum
305 1063 364 1092 tua
379 1061 581 1092 mendicitate
601 1060 641 1091 ad
657 1059 749 1091 illum
765 1058 923 1098 accedere,
939 1058 997 1099 qui

216 1116 347 1148 indutus
363 1117 411 1147 est
425 1116 533 1146 nostra
555 1116 759 1155 paupertate3
782 1113 838 1145 ubi
860 1122 893 1145 se
915 1122 995 1154 pau-

217 1170 352 1211 peravit,
367 1178 426 1201 nos
439 1169 563 1201 ditavit.
581 1179 595 1197 n
609 1168 724 1200 Amen.

487 1307 662 1348 QUAESTIO
685 1307 724 1344 Il.

224 1396 318 1423 Utrum
337 1401 468 1430 pauperes
487 1393 591 1426 validi,
613 1395 638 1421 et
655 1394 773 1420 mazime
791 1393 942 1427 requlares,
961 1392 998 1419 ad

281 1448 363 1475 opera
377 1439 521 1467 manualia
535 1439 728 1466 universaliter
744 1439 800 1464 sint
815 1438 934 1465 astricti.

398 1541 581 1564 MAGISTER
605 1540 819 1563 GUILELMUS.

262 1604 423 1643 Quaeritur
437 1606 548 1635 utrum
561 1612 717 1644 pauperes
733 1602 839 1641 validi,
852 1604 883 1633 et
895 1602 999 1633 maxi-

223 1668 273 1690 me
288 1658 464 1699 regulares,
481 1658 519 1689 ad
534 1667 630 1698 opera
651 1656 813 1688 manualia
828 1656 996 1687 universa-

222 1713 292 1744 ]Iter
316 1713 380 1743 sint
404 1712 544 1743 astricti?
572 1712 610 1743 Et
632 1711 716 1751 quod
735 1711 796 1748 sic,
821 1710 999 1740 ostenditur

221 1767 325 1807 primo
340 1776 380 1797 ex
394 1766 522 1797 vinculo
536 1766 618 1805 legis
629 1767 768 1802 naturae3
784 1764 938 1804 scriptum
953 1765 1000 1794 est

221 1821 306 1851 enim
321 1821 331 1838 ³
347 1821 479 1852 :Posuit
498 1820 580 1851 Deus
599 1819 756 1851 hominem
773 1819 810 1850 in
830 1816 997 1857 paradiso,

217 1879 255 1907 ut
268 1876 463 1914 operaretur.
480 1873 559 1905 Item
574 1875 583 1892 ¹·
608 1884 614 1904 :
634 1873 672 1904 1η
696 1872 812 1905 sudore
826 1871 934 1903 vultus
948 1871 999 1903 tui

217 1929 354 1960 vesceris
376 1936 457 1968 pane
477 1931 540 1960 tuo.
565 1927 650 1967 Ergo
672 1929 868 1968 praeceptum
890 1925 928 1956 de
952 1924 998 1955 la-

218 1983 359 2014 borando
374 1982 499 2022 respicit
515 1982 680 2013 homiuem
703 1980 880 2012 secundum
901 1981 998 2010 natu-

218 2046 288 2068 ram
305 2037 492 2074 institutam,
509 2038 539 2067 et
561 2036 737 2066 secundum
757 2037 908 2065 naturam
928 2033 996 2074 lap-

219 2101 286 2122 sam
305 2103 311 2122 :
329 2100 407 2131 ergo
422 2090 598 2121 secundum
617 2090 726 2121 omnia
748 2092 910 2129 tempora3
941 2088 996 2120 sed

220 2145 359 2176 maxime
380 2145 507 2185 respicit
532 2144 707 2182 hominem,
734 2143 790 2183 qui
812 2144 915 2183 potest
942 2151 998 2182 per

220 2208 253 2230 se
268 2199 386 2239 ipsum,
402 2201 432 2230 et
447 2208 510 2229 uon
524 2200 625 2238 potest
641 2197 788 2237 supplere
803 2206 859 2237 per
873 2196 972 2227 alium
987 2207 994 2227 :

221 2253 292 2284 talis
311 2255 418 2283 autem
443 2256 489 2283 cst
510 2260 631 2292 pauper
653 2250 780 2283 validus
799 2261 806 2281 ε
830 2258 911 2290 ergo
927 2249 999 2281 talis

221 2309 348 2339 tenetur
361 2307 401 2338 ad
416 2307 607 2337 manualiter
622 2305 842 2336 laborandum.

262 2361 340 2392 Item
362 2361 395 2391 in
416 2360 583 2392 Zacharia
598 2360 713 2390 dieitur
733 2362 743 2378 ⁶
761 2369 768 2390 :
791 2358 891 2390 Homo
913 2358 1000 2398 aori-

221 2415 289 2446 cota
305 2423 358 2455 eqo
374 2423 456 2452 sum,
470 2415 549 2454 quia
564 2413 668 2445 Adam
684 2413 863 2453 exemplum
878 2420 979 2443 meum
988 2420 1001 2451 ;

222 2468 329 2499 Glossa
347 2480 353 2499 :
378 2468 446 2499 «Ut
461 2467 624 2499 comedam
640 2476 755 2507 panem
774 2475 883 2497 meum
897 2466 930 2496 in
945 2475 1000 2496 su-

221 2523 297 2554 dore
310 2522 433 2561 vultus,
459 2522 537 2553 dum
556 2521 607 2552 ille
628 2530 660 2551 se
684 2521 862 2551 ostenderet
883 2522 996 2551 natum

221 2577 347 2615 adhoc,
368 2578 404 2607 ut
423 2576 456 2606 in
478 2575 593 2606 sudore
614 2573 724 2606 vultus
747 2574 926 2605 comederet
942 2583 997 2615 pa-

222 2639 307 2662 nem.
322 2641 336 2660 ι)
354 2629 416 2662 Sed
430 2630 490 2661 hoc
503 2628 643 2660 maxime
657 2628 807 2659 convenit
822 2628 862 2667 ei,
878 2628 935 2668 qui
951 2627 999 2658 in-

255 2713 261 2728 ¹
279 2712 297 2735 ll
315 2712 383 2741 Cora,
400 2716 456 2740 vul,
472 2711 496 2734 9.
509 2723 540 2728 --
554 2710 562 2723 ²
579 2709 672 2740 Closs„
686 2716 718 2732 ex
735 2708 795 2732 Bed.
812 2708 837 2731 in
853 2707 920 2731 hunc
935 2708 997 2739 loe,

222 2754 302 2779 usque
318 2748 342 2771 in
359 2754 482 2778 purpura.
497 2760 527 2765 —
542 2746 550 2760 ³
566 2746 638 2775 Gen„
654 2751 684 2776 ιι,
702 2745 780 2769 15.—
792 2745 800 2758 ⁴
816 2745 888 2774 Gen„
905 2750 944 2774 ιιι,
958 2746 997 2768 11).

767 237 818 269 DE
841 235 919 268 PAU
924 234 1104 268 PERTATE
1125 235 1280 268 CHRISTI

1052 302 1140 343 diget
1153 311 1246 344 pane,
1269 303 1302 334 et
1321 303 1424 344 potest
1446 301 1592 334 laborare
1598 313 1607 341 ;
1633 303 1666 334 et
1687 303 1760 336 talis
1782 307 1830 337 est

1049 356 1175 390 validus
1190 366 1314 398 pauper
1331 365 1339 388 :
1354 365 1445 396 ergo,
1461 357 1521 388 etc.

1091 409 1171 441 Item
1187 410 1226 441 ad
1243 419 1281 442 ea
1294 410 1362 441 sine
1375 410 1493 451 quibus
1512 419 1578 442 non
1594 412 1695 451 potest
1714 413 1830 443 natura

1050 464 1235 502 subsistere,
1250 473 1363 496 sumus
1388 463 1577 495 naturaliter
1598 464 1732 504 obligati
1750 476 1757 497 :
1774 466 1830 497 sed

1051 518 1121 550 sine
1130 519 1240 550 labore
1254 518 1422 559 corporali,
1437 518 1506 550 sive
1521 519 1677 559 manuali,
1692 529 1758 551 non
1771 529 1828 561 po-

1053 573 1112 603 test
1133 581 1240 612 genus
1264 572 1448 604 humanum
1474 572 1510 604 in
1528 582 1596 605 esse
1618 574 1800 606 conservari
1819 585 1828 606 ι

1052 635 1131 666 ergo
1141 626 1181 658 ad
1191 626 1253 658 hoc
1263 626 1440 658 necessario
1449 626 1549 667 aliqui
1559 627 1756 667 obligantur.
1768 627 1830 660 Sed

1052 688 1118 712 non
1132 680 1194 711 nisi
1209 680 1265 719 illi,
1282 681 1338 721 qui
1353 682 1429 712 sunt
1442 680 1563 720 idonei;
1580 681 1635 713 sed
1654 681 1731 713 tales
1754 683 1831 713 sunt

1052 743 1210 774 pauperes
1225 734 1335 773 validi,
1352 734 1428 775 quia
1441 734 1600 774 indigent,
1624 736 1656 766 et
1669 728 1802 776 possunt
1819 746 1827 768 ι

1052 797 1132 828 ergo
1147 789 1224 819 tales
1239 788 1398 828 praecipue
1412 788 1607 828 obligantur.

1093 841 1172 872 Item
1186 841 1268 873 sicut
1280 850 1316 872 05
1335 841 1446 874 datum
1466 844 1513 873 est
1533 842 1657 874 homini
1678 843 1717 874 ad
1739 852 1830 875 man-

1052 895 1249 933 ducandum,
1264 895 1308 926 ita
1317 896 1350 926 et
1359 904 1475 927 manus
1489 895 1528 927 ad
1541 896 1756 937 operandum:
1775 897 1830 929 sed

1052 948 1108 988 qui
1129 948 1308 988 neglexerit
1330 949 1516 987 comedere,
1544 958 1619 981 cum
1642 950 1778 991 indiget,
1801 951 1830 982 si

1052 1003 1162 1043 possit,
1176 1003 1250 1034 facit
1263 1005 1372 1034 contra
1385 1003 1544 1035 dictamen
1555 1003 1640 1044 juris
1653 1004 1828 1037 naturalis:

1053 1065 1128 1096 ergo
1140 1057 1209 1096 pari
1222 1057 1356 1094 ratione,
1372 1057 1428 1097 qui
1440 1057 1620 1097 neglexerit
1629 1057 1755 1098 operari
1766 1067 1832 1090 ma-

1052 1110 1204 1150 nualiter,
1228 1111 1255 1142 si
1282 1111 1407 1151 indiget
1430 1113 1461 1142 et
1485 1111 1570 1144 valet
1591 1121 1599 1143 :
1621 1112 1677 1143 sed
1698 1111 1771 1143 talis
1784 1113 1830 1144 est

1052 1174 1174 1206 pauper
1186 1165 1312 1197 validus
1329 1176 1335 1196 :
1353 1174 1444 1205 ergo,
1460 1166 1519 1196 etc.

1094 1218 1172 1250 Item
1191 1219 1252 1250 boc
1275 1219 1382 1260 ipsum
1406 1219 1584 1251 ostenditur
1605 1219 1727 1251 ratione
1752 1219 1830 1252 reli-

1052 1273 1158 1313 gionis
1181 1273 1385 1312 christianae,
1414 1274 1517 1314 primo
1541 1283 1598 1314 per
1621 1274 1832 1314 apostolicum

1052 1329 1268 1368 praeceptum,
1293 1327 1348 1359 ubi
1368 1327 1443 1359 dicit
1466 1327 1476 1344 ⁶
1506 1338 1513 1358 :
1547 1327 1613 1367 Qui
1639 1328 1831 1367 furabatur,

1047 1381 1119 1421 jam
1133 1389 1198 1414 non
1217 1382 1353 1421 furetur,
1376 1382 1481 1422 maqis
1503 1384 1611 1414 autem
1632 1381 1750 1414 laboret
1765 1390 1830 1422 ope-

1053 1435 1157 1468 rando
1169 1435 1318 1468 manibus
1338 1435 1420 1474 suis,
1439 1437 1499 1466 etc.
1523 1434 1556 1466 Si
1578 1435 1663 1466 dicas
1688 1435 1749 1467 hoc
1764 1444 1833 1467 esse

1053 1489 1235 1527 consilium,
1259 1491 1370 1521 contra
1391 1489 1435 1520 ait
1459 1488 1653 1530 Apostolus⁷
1679 1500 1686 1520 :
1716 1489 1834 1530 Opera-

1053 1544 1138 1575 mini
1164 1543 1314 1575 manibus
1334 1544 1452 1576 vestris
1465 1567 1473 1581 ‚
1505 1543 1590 1576 sicut
1618 1544 1834 1584 praecepimus

1053 1597 1154 1636 vobis,
1168 1602 1203 1629 ut
1216 1597 1341 1630 honeste
1353 1597 1520 1630 ambuletis
1536 1597 1579 1630 ad
1595 1605 1657 1636 eos,
1675 1598 1734 1638 qui
1751 1598 1834 1637 toris

1053 1655 1140 1690 sunt,
1155 1655 1183 1683 et
1198 1651 1320 1683 nullius
1333 1651 1460 1692 aliquid
1479 1651 1683 1684 desideretis.
1697 1651 1805 1683 Glossa
1821 1663 1828 1683 ε

1058 1706 1209 1737 «Nedum
1224 1707 1347 1746 rogetis
1362 1706 1410 1737 vel
1421 1705 1546 1737 tollatis.
1557 1717 1572 1734 »
1584 1705 1645 1737 Sed
1659 1706 1720 1737 hoc
1731 1706 1833 1737 maxi-

1054 1769 1106 1791 me
1122 1760 1249 1801 respicit
1265 1769 1423 1800 pauperes
1439 1770 1446 1790 :
1464 1769 1557 1800 ergo,
1573 1762 1633 1791 etc.

1096 1814 1173 1845 Item
1188 1814 1249 1846 hoc
1264 1815 1369 1855 ipsum
1395 1814 1523 1846 videtur
1545 1823 1602 1854 per
1625 1813 1833 1854 apostolicum

1054 1868 1251 1909 exemplum,
1267 1877 1343 1899 cum
1356 1868 1471 1899 dicitur
1486 1867 1496 1884 ⁸
1514 1879 1520 1898 z
1539 1868 1610 1908 Ipsi
1624 1868 1718 1900 scitis
1731 1875 1834 1907 quem-

1055 1922 1227 1955 admodum
1238 1926 1381 1963 oporteat
1397 1923 1525 1955 imitari
1537 1930 1605 1961 nos,
1619 1923 1698 1963 quia
1711 1930 1775 1954 non
1785 1923 1835 1954 in-

1053 1978 1154 2017 quieti
1167 1978 1291 2016 fuimus
1304 1978 1386 2009 inter
1402 1984 1466 2015 vos,
1484 1985 1584 2016 neque
1599 1977 1703 2017 aratis
1715 1984 1833 2016 panem

1053 2030 1333 2070 manducavimus,
1350 2030 1406 2062 sed
1423 2031 1458 2062 z‘n
1469 2030 1572 2062 labore
1585 2032 1613 2062 et
1625 2030 1831 2070 tatiqatione,

1053 2087 1112 2116 etc.
1129 2085 1237 2116 Glossa
1253 2094 1260 2115 ;
1280 2096 1293 2113 (ι
1311 2084 1483 2124 Apostolus
1498 2085 1600 2115 forma
1614 2085 1681 2115 erat
1696 2083 1758 2122 his,
1775 2083 1832 2123 qui

1053 2141 1164 2170 tenues
1176 2141 1266 2169 erant
1281 2138 1315 2169 in
1331 2137 1508 2169 substantia
1523 2138 1555 2168 in
1568 2137 1670 2178 plebe,
1685 2139 1720 2168 ut
1735 2136 1834 2167 disce-

1053 2195 1125 2224 rent
1136 2193 1315 2224 libertatem
1325 2201 1417 2223 suam
1431 2201 1495 2222 non
1505 2192 1659 2222 amittere.
1673 2191 1734 2229 Qui
1745 2190 1832 2222 enim

1053 2247 1090 2278 ad
1107 2247 1243 2277 alienam
1258 2255 1401 2277 mensam
1417 2246 1599 2286 frequenter
1608 2244 1757 2276 convenit
1767 2244 1832 2276 otio

1052 2301 1188 2339 deditus,
1209 2299 1356 2331 aduletur
1378 2308 1505 2330 necesse
1527 2301 1574 2330 est
1592 2298 1732 2339 pascenti
1746 2307 1791 2329 se.
1810 2308 1825 2326 i>

1053 2355 1131 2386 Cum
1149 2354 1264 2394 religio
1281 2356 1389 2385 nostra
1409 2353 1449 2385 ad
1471 2353 1651 2384 libertatem
1666 2352 1831 2383 hominem

1053 2411 1154 2447 vocet,
1180 2416 1260 2447 ergo
1275 2407 1336 2438 hoc
1355 2410 1400 2439 est
1419 2409 1529 2439 contra
1544 2406 1735 2446 religionem
1755 2413 1829 2435 nos-

1054 2465 1148 2493 tram.

1094 2515 1174 2547 Item
1190 2515 1251 2547 hoc
1271 2515 1377 2556 ipsum
1398 2514 1524 2547 videtur
1544 2523 1601 2554 per
1620 2512 1829 2553 apostolicum

1052 2569 1203 2608 edictum,
1218 2569 1272 2600 ubi
1288 2569 1373 2599 idem
1387 2568 1554 2608 Apostolus
1572 2567 1615 2598 ait
1630 2569 1640 2585 ⁹
1659 2577 1665 2596 :
1691 2567 1768 2598 Cum
1782 2574 1830 2598 es-

1052 2631 1156 2656 semus
1172 2622 1260 2663 apud
1275 2631 1340 2661 vos,
1364 2622 1419 2653 hoc
1445 2620 1715 2653 denuntiabamus
1728 2620 1828 2658 robis,

1052 2718 1083 2723 .-
1098 2706 1106 2719 ὃ
1121 2705 1207 2734 luch„
1226 2710 1286 2734 ΜΗ,
1306 2707 1328 2728 5,
1348 2717 1374 2720 -
1395 2703 1404 2718 fl
1419 2701 1518 2733 Ephes„
1535 2707 1569 2729 lv,
1586 2703 1623 2725 28.
1640 2715 1670 2720 —
1687 2703 1697 2719 '¹
1712 2703 1719 2726 Ι
1737 2702 1828 2732 Thess„

1056 2747 1088 2770 iv,
1106 2742 1143 2764 21.
1164 2753 1190 2757 —
1211 2740 1220 2756 ¹²
1237 2741 1256 2764 ll
1275 2740 1366 2768 Thess,
1388 2744 1430 2768 ιιι,
1449 2739 1501 2762 7-s.
1521 2750 1547 2754 —
1563 2738 1573 2754 ⁹
1590 2738 1608 2761 ll
1628 2738 1720 2769 Thess„
1735 2744 1775 2769 iu,
1790 2740 1828 2763 10.

1873 425 1914 446 111.

1878 854 1916 875 tv.

1883 1824 1921 1844 Vl.

1871 2521 1922 2542 vn.
