2029 3052
649 252 934 285 RESPONSIONIS
956 252 1116 285 TERTlAE
1139 253 1267 285 CAPUT
1291 253 1327 285 ll.
1742 259 1801 288 475

186 325 258 356 rent
265 323 379 364 capita,
394 321 535 363 gemmis
548 322 660 354 aurata
671 320 872 361 distinguant
887 321 964 353 alta-

185 378 234 409 ria
250 388 257 409 ι
274 386 340 409 non
363 375 561 417 reprehendo
572 399 580 413 ,
603 384 670 407 non
691 375 811 406 abnuo.
829 374 890 406 Sed
905 374 964 406 tibi

185 431 272 463 aliud
295 430 492 472 propositum
516 431 581 461 est:
599 428 760 461 Christum
783 429 899 460 vestire
929 429 964 459 in

187 485 399 527 pauperibus,
424 483 553 516 visitare
572 484 606 514 in
629 483 880 523 languentibus,
906 492 962 524 pa-

185 548 273 571 scere
291 539 326 570 in
348 538 574 575 esurientibuS,
597 537 758 578 suscipere
780 537 815 568 in
836 537 888 568 his
907 537 964 578 qui

185 596 268 626 tecto
294 593 464 633 indigent,
491 594 522 623 et
555 592 697 623 maxime
722 591 755 622 in
783 591 963 623 domesticis

186 648 302 680 fidei.»
322 647 369 679 Ex
394 646 442 678 his
460 646 569 686 colligi
591 647 703 686 potest,
725 645 811 686 quod
833 645 964 685 praefata

186 702 347 734 conclusio
369 701 600 732 multiformem
622 700 762 731 continet
781 700 961 731 absurdita-

186 758 261 787 tem.
284 755 344 788 Sed
361 757 392 786 et
407 755 488 786 ratio
502 754 572 794 ipsa
585 763 652 785 non
667 754 761 785 vaiet.
782 754 862 785 Nam
881 754 964 785 sicut

185 809 400 850 possessiones
423 810 498 839 sunt
518 807 611 839 utiles
623 831 631 846 ,
648 808 693 838 sic
713 809 744 838 et
763 807 825 838 alia
851 808 962 848 multa,

186 865 295 904 utpote
319 871 456 900 uxores,
479 861 582 898 servi,
598 870 708 899 arma,
730 862 760 891 et
781 862 965 902 temporalis

186 917 340 958 potentia,
356 926 396 947 ex
411 925 548 956 quorum
573 915 750 946 retentione
770 924 834 946 non
855 916 962 955 sequi-

185 974 259 1010 tur,
283 971 369 1011 quod
390 970 541 1001 cumulus
567 969 768 1009 perfectiouis
795 972 962 1001 accrescat.

186 1023 249 1055 Nec
269 1023 297 1054 ei
320 1022 520 1062 suffragatur
539 1021 701 1053 Ambrosii
724 1023 879 1061 verbum,
900 1033 964 1063 quo

186 1077 317 1114 diffinit,
334 1077 419 1107 idem
434 1085 500 1107 esse
516 1075 594 1106 utile
608 1077 639 1107 et
652 1075 824 1107 honestum
839 1087 846 1107 :
863 1077 966 1117 loqui-

185 1135 241 1164 tur
255 1133 342 1164 enim
362 1133 400 1164 de
415 1131 550 1163 utilitate
565 1132 724 1162 bonorum
735 1132 961 1173 spiritualium,

185 1196 250 1218 non
266 1188 481 1218 terrenorum.
492 1185 571 1218 Nam
586 1186 697 1217 eodem
708 1186 808 1217 libro¹
824 1198 830 1218 :
850 1199 863 1216 «
878 1187 963 1219 Nihil

185 1241 276 1279 utile,
293 1241 356 1272 nisi
371 1241 457 1281 quod
472 1241 511 1271 ad
527 1240 602 1271 vitae
620 1240 704 1271 illius
719 1243 849 1272 aeternae
864 1243 965 1282 prosit

184 1295 335 1335 gratiam,
352 1294 538 1332 diffinimus,
556 1303 620 1324 non
631 1294 715 1334 quod
731 1295 770 1325 ad
787 1295 965 1328 delectatio-

185 1358 260 1380 nem
282 1348 461 1389 praesentis.
483 1347 546 1379 Nec
561 1347 667 1388 aliqua
682 1349 850 1380 commoda
865 1349 898 1380 in
915 1351 961 1381 fa-

185 1403 357 1434 cultatibus
376 1405 407 1433 et
426 1411 523 1442 opum
541 1402 640 1442 copiis
655 1403 891 1443 constituimus,
909 1405 964 1437 sed

183 1457 387 1488 incommoda
410 1456 481 1487 haec
500 1458 663 1496 putamus,
683 1457 710 1487 si
730 1466 793 1488 nou
814 1459 960 1498 rej1cian-

183 1513 236 1541 tur
252 1522 258 1541 :
276 1520 376 1551 eaque
398 1510 488 1541 oneri
505 1510 620 1550 magis,
638 1520 712 1541 cum
728 1510 862 1551 adsunt,
877 1513 961 1544 aesti-

183 1574 322 1603 mamus,
340 1574 436 1603 quam
452 1565 629 1604 dispendio,
650 1574 725 1595 cum
744 1569 958 1605 erogantur.»

185 1618 272 1649 Idem
291 1627 419 1658 quoque
440 1618 532 1656 liber,
551 1627 570 1648 a
593 1621 682 1658 parte
705 1618 767 1649 alia
787 1620 807 1657 2,
832 1620 877 1651 sic
900 1621 959 1652 ait:

184 1682 199 1700 a
218 1671 350 1702 Nullum
365 1671 596 1702 adminiculum
620 1674 772 1711 praestant
789 1673 908 1704 divitiae
923 1675 963 1705 ad

182 1726 308 1756 beatam
324 1725 435 1756 vitam.
453 1724 542 1762 Quod
558 1725 722 1756 evidenter
736 1726 962 1759 determinavit

182 1779 338 1810 Dominus
352 1779 386 1809 in
400 1779 577 1818 Evangelio
589 1779 696 1810 dicens
712 1789 719 1810 :
735 1780 831 1812 Beati
843 1789 963 1821 paupe-

183 1841 244 1870 res,
263 1834 416 1873 quoniam
430 1836 569 1864 vestrum
584 1835 629 1864 est
641 1841 775 1872 reanum
788 1835 854 1866 Dei.
872 1835 963 1868 Beati

183 1888 242 1927 qui
256 1895 342 1918 nunc
364 1887 507 1924 esuritis,
527 1888 586 1917 etc.
604 1886 712 1926 ltaque
730 1890 961 1928 paupertatem,

183 1940 298 1971 famem
312 1966 319 1978 ,
338 1940 481 1972 dolorem
494 1965 502 1979 ,
520 1950 593 1980 quae
608 1943 762 1980 putantur
778 1942 881 1980 mala,
898 1952 963 1974 non

183 1994 288 2025 solum
302 1994 531 2034 impedimento
547 2003 611 2025 non
627 2004 695 2025 esse
712 1995 750 2026 ad
770 1995 896 2026 beatam
913 1997 963 2028 vi-

183 2050 266 2086 tam,
284 2048 337 2078 sed
353 2048 448 2079 etiam
469 2048 654 2088 adjumento
674 2058 742 2079 esse
762 2049 962 2081 evidentissi-

184 2111 237 2132 me
252 2101 494 2142 pronuntiatum
509 2104 565 2133 est.
583 2102 592 2118 ³
607 2102 668 2133 Sed
691 2104 721 2133 et
739 2103 793 2134 illa
813 2113 886 2143 quae
910 2105 963 2135 vi·-

184 2155 299 2186 dentur
319 2155 412 2193 bona,
438 2155 576 2193 divitias,
599 2156 792 2196 satietatem,
819 2157 963 2190 laetitiam

185 2211 348 2248 expertem
364 2209 491 2247 doloris,
512 2210 741 2241 detrimentum
761 2220 828 2242 esse
844 2212 883 2242 ad
895 2214 964 2243 fru-

185 2265 273 2293 ctum
307 2263 512 2294 beatitudinis
528 2288 536 2302 ,
572 2264 731 2295 dominico
768 2265 962 2297 declaratum

180 2316 302 2356 Judicio
320 2317 429 2357 liquet.
455 2316 505 2348 Sic
526 2327 606 2357 ergo
622 2327 688 2349 non
705 2319 808 2350 solum
824 2320 961 2351 admini-

185 2371 257 2401 culo
287 2380 352 2402 non
380 2373 454 2402 sunt
477 2371 516 2402 ad
542 2372 642 2403 vitam
668 2373 794 2405 beatam
823 2376 963 2415 corporis

184 2426 317 2455 externa
342 2425 425 2455 bona
439 2449 446 2463 ,
467 2425 521 2456 sed
539 2426 634 2456 etiam
659 2427 823 2467 dispendio
843 2431 958 2460 sunt.»

184 2477 356 2518 Hucusque
376 2478 576 2510 Ambrosius.
595 2480 685 2516 Quod
702 2483 731 2510 et
753 2480 784 2511 iu
806 2482 963 2520 przedictis

184 2531 416 2570 intelligendis,
433 2531 576 2571 loquitur
591 2532 628 2563 [le
644 2533 778 2564 utilitate
792 2535 963 2566 intrinseca

186 2587 216 2615 et
239 2585 395 2624 spirituali
408 2610 415 2622 ,
431 2595 503 2625 quae
525 2586 610 2616 idem
631 2587 777 2626 estquod
803 2588 961 2627 honestas,

186 2646 251 2668 non
265 2640 373 2668 autem
388 2638 425 2669 de
438 2639 625 2676 extrinseca,
638 2639 676 2670 de
688 2649 752 2680 qua
766 2650 831 2671 non
844 2641 964 2673 habent

220 2718 224 2732 ¹
244 2718 373 2749 Ambms„
387 2719 416 2742 de
432 2719 512 2750 Offic.,
530 2720 571 2745 lib.
591 2721 606 2750 Ι,
629 2728 650 2744 c.
670 2727 707 2752 ις,
722 2728 738 2744 n
764 2723 802 2746 28.
818 2736 848 2740 —
862 2723 872 2738 2²
889 2723 962 2752 ibid,

187 2753 216 2776 de
234 2753 313 2785 Offic.,
329 2755 372 2779 lib.
391 2756 424 2787 11,
439 2763 462 2779 c.
480 2762 514 2787 ιν,
530 2763 555 2780 n.
574 2758 610 2781 15.
626 2770 657 2775 --
681 2757 690 2773 ³
705 2757 777 2786 ibid,
799 2765 821 2781 c.
842 2764 863 2787 ν,
880 2765 904 2783 n.
926 2761 961 2783 to'.

1017 321 1175 362 intelligi,
1193 321 1371 353 secundum
1393 321 1480 362 quod
1501 321 1597 353 etiam
1613 324 1801 363 pronuntiat

1018 375 1151 415 Sapiens
1169 375 1190 415 ⁴,
1218 376 1384 409 utiliorem
1412 385 1480 407 csse
1504 377 1702 416 sapientiam
1726 386 1800 410 cum

1019 428 1161 462 diviciis.
1193 429 1274 461 Sunt
1301 430 1386 461 enim
1421 430 1632 471 possessiones
1663 434 1799 464 terrenae

1019 483 1124 522 utiles,
1137 486 1167 515 et
1177 486 1430 515 sustentamenta
1438 487 1564 516 naturae
1578 485 1617 516 ad
1635 494 1732 526 opera
1741 486 1800 517 hu-

1019 546 1125 569 manae
1150 538 1317 569 industriae
1328 562 1337 577 ,
1358 538 1523 569 nonnullis
1539 539 1635 570 etiam
1650 540 1689 571 ad
1705 549 1798 571 exer-

1019 591 1093 622 citia
1109 591 1236 623 virtutis
1251 592 1409 632 perfectae3
1433 593 1487 624 sed
1505 593 1566 625 hoc
1579 603 1644 625 non
1660 594 1741 625 inest
1755 595 1801 625 eis

1019 655 1059 677 ex
1074 646 1196 687 seipsis,
1213 646 1267 678 sed
1280 656 1321 677 ex
1335 648 1425 686 parte
1440 648 1571 679 utentis.
1588 648 1676 680 Unde
1686 649 1801 689 Augu-

1020 700 1140 739 stinus,
1158 700 1192 731 in
1209 701 1273 731 fine
1290 700 1365 731 libri
1385 700 1472 733 Unde
1491 702 1653 734 malum⁵.·
1672 703 1768 742 «Qui,
1783 713 1798 732 n

1023 754 1139 795 inquit,
1161 767 1175 784 «
1189 755 1270 786 bene
1289 755 1358 786 vult
1377 755 1425 786 uti
1441 757 1673 797 temporalibus
1694 757 1798 797 boniS‚

1020 818 1085 840 non
1101 809 1146 840 eis
1162 818 1272 840 amore
1294 809 1531 849 agglutinetur,
1547 812 1578 842 et
1592 811 1682 842 velut
1696 821 1799 843 mem-

1020 862 1078 893 bra
1100 863 1200 894 animi
1215 863 1266 894 sui
1290 863 1400 903 faciat,
1417 864 1501 904 quod
1526 865 1562 896 fit
1584 865 1734 904 amando,
1761 875 1801 897 ne

1020 925 1096 947 cum
1112 917 1246 948 resecari
1257 918 1421 958 coeperint,
1435 927 1510 949 cum
1521 918 1663 949 cruciatu
1676 928 1714 950 ac
1728 920 1800 951 tabe

1021 970 1139 1001 foedent
1145 982 1153 1009 ;
1172 971 1226 1002 sed
1234 971 1279 1002 eis
1291 973 1374 1002 totus
1387 972 1617 1012 superferatur,
1636 975 1667 1004 et
1680 974 1802 1006 habere

1019 1024 1074 1055 illa
1089 1026 1183 1064 atque
1197 1034 1311 1064 regere
1334 1027 1466 1066 paratus
1484 1026 1535 1065 sit,
1553 1027 1700 1058 amittere
1725 1037 1801 1060 vero

1020 1087 1056 1109 ac
1071 1087 1136 1109 non
1154 1078 1271 1109 habere
1289 1079 1438 1119 paratior.
1456 1091 1470 1108 »
1492 1080 1568 1111 Haec
1586 1080 1800 1120 Augustinus.

1020 1132 1097 1169 Quae
1119 1141 1287 1172 nunquam
1308 1132 1445 1171 diceret,
1466 1133 1492 1164 si
1509 1135 1698 1174 temporalia
1718 1135 1802 1166 bona

1020 1190 1126 1219 essent
1150 1188 1239 1218 utilia
1260 1189 1437 1220 secundum
1458 1190 1542 1230 quod
1561 1190 1638 1221 utile
1653 1191 1737 1222 idem
1756 1193 1803 1222 est

1019 1242 1104 1282 quod
1124 1242 1315 1281 honestum,
1337 1243 1413 1282 quia
1438 1243 1546 1274 nullus
1565 1247 1650 1275 recte
1673 1245 1800 1285 sapiens

1019 1296 1160 1335 paratior
1186 1305 1254 1327 esse
1283 1296 1375 1328 debet
1403 1297 1602 1328 honestatem
1630 1299 1799 1337 amittere,

1019 1359 1117 1389 quam
1140 1359 1279 1381 servare.
1312 1350 1448 1382 Multum
1470 1351 1574 1390 igitur
1600 1361 1619 1382 a
1644 1353 1801 1393 sapientia

1019 1403 1137 1435 discors
1159 1404 1236 1443 fuit,
1263 1405 1318 1445 qui
1344 1405 1379 1435 in
1403 1406 1631 1446 temporalibus
1656 1407 1803 1439 Ecclesiae

1018 1457 1130 1496 honis,
1147 1458 1320 1490 honestum
1342 1460 1382 1490 ab
1406 1460 1475 1490 utili
1501 1469 1566 1490 non
1587 1460 1746 1493 discrevit.
1766 1462 1803 1493 Iu

1019 1511 1068 1542 sui
1084 1521 1215 1552 quoque
1230 1513 1474 1544 firmamentum
1491 1514 1618 1552 erroriS,
1636 1515 1801 1555 perfeetio-

1020 1565 1069 1595 nis
1084 1565 1257 1605 virtutum,
1273 1568 1303 1597 et
1315 1568 1520 1606 possessionis
1531 1577 1641 1608 opum,
1652 1569 1800 1609 septifor-

1019 1628 1104 1649 mem
1128 1620 1274 1659 assignat
1299 1621 1557 1660 germanitatem,
1574 1622 1698 1660 diceus,
1717 1623 1803 1663 quod

1019 1672 1176 1704 Dominus
1199 1674 1299 1704 voluit
1328 1674 1489 1706 ministros
1520 1675 1667 1707 Ecclesiae
1693 1677 1801 1717 ipsum

1019 1727 1154 1766 perfecte
1176 1728 1284 1767 sequi,
1308 1728 1451 1759 volentes
1469 1729 1588 1760 habere
1611 1730 1695 1761 bona
1711 1740 1797 1762 com-

1021 1781 1144 1818 munia,
1169 1781 1299 1812 mobilia
1322 1784 1353 1812 et
1375 1782 1554 1814 immobilia
1571 1793 1578 1813 t
1595 1784 1698 1824 primo
1723 1795 1801 1826 pro-

1019 1837 1088 1874 pter
1110 1835 1266 1866 cautelam
1282 1837 1477 1874 futurorum,
1495 1838 1580 1877 quod
1595 1842 1642 1869 est
1659 1840 1801 1879 pruden-

1020 1889 1071 1920 tiae
1086 1900 1092 1927 ;
1110 1890 1247 1920 secundo
1264 1892 1394 1929 propter
1416 1892 1683 1923 sustentationem
1704 1895 1802 1924 mini-

1020 1943 1192 1973 strantium
1211 1967 1219 1981 ‚
1249 1943 1333 1983 quod
1368 1946 1415 1974 est
1442 1945 1579 1984 justitiae
1599 1957 1606 1984 ;
1638 1947 1732 1978 tertio
1766 1948 1801 1979 in

1020 1998 1311 2027 sustentamentum
1334 1998 1499 2037 egentium
1513 2023 1521 2037 ,
1539 2000 1625 2039 quod
1641 2003 1688 2031 est
1704 2001 1799 2032 mise-

1020 2050 1185 2088 ricordiae;
1203 2053 1317 2090 quarto
1333 2051 1366 2081 in
1385 2054 1508 2083 mutuae
1525 2053 1686 2085 charitatis
1702 2056 1802 2086 nutri-

1022 2106 1183 2141 me11tum;
1197 2104 1309 2144 quinto
1320 2107 1450 2145 propter
1461 2107 1680 2146 quietudinem
1691 2119 1698 2146 3
1712 2111 1801 2141 sexto

1022 2158 1056 2188 iu
1072 2158 1209 2188 aliorum
1224 2159 1410 2199 exemplum
1422 2184 1430 2197 ,
1447 2161 1478 2190 et
1493 2160 1699 2200 largitionem
1722 2163 1802 2194 elee-

1025 2221 1257 2252 mosynarum3
1286 2213 1421 2252 septimo
1443 2217 1572 2254 propter
1595 2216 1799 2247 conformita-

1022 2268 1085 2296 tem
1101 2266 1139 2296 ad
1155 2266 1314 2296 coelestem
1329 2267 1464 2305 cutiam,
1482 2267 1574 2307 0chch
1588 2270 1800 2309 participatio

1023 2320 1059 2351 ln
1080 2319 1227 2359 idipsum
1249 2323 1271 2350 ⁶.
1297 2319 1343 2350 Ex
1367 2321 1484 2360 quibus
1506 2322 1655 2353 omnibus
1677 2324 1798 2363 arguit,

1020 2374 1107 2414 quod
1123 2374 1241 2404 habere
1256 2375 1468 2414 possessiones
1490 2376 1713 2407 ecclesiasticas
1731 2388 1798 2417 per-

1020 2427 1188 2458 fectionem
1216 2436 1281 2458 non
1318 2428 1434 2459 minuit
1449 2453 1456 2467 ,
1495 2430 1548 2460 sed
1584 2434 1794 2463 consummat.

1022 2481 1224 2521 Quamquam
1254 2483 1362 2512 autem
1387 2483 1613 2522 praedictarum
1638 2485 1796 2517 rationum

1021 2535 1236 2574 aggregatio,
1273 2536 1534 2575 superficietenus
1578 2539 1796 2579 considerata,

1021 2589 1131 2619 efficax
1148 2590 1294 2620 videatur
1310 2592 1340 2620 et
1356 2590 1423 2630 pia;
1443 2590 1467 2620 si
1484 2593 1590 2621 tamen
1612 2583 1799 2625 discutiatur

1021 2643 1174 2682 interius,
1197 2644 1345 2674 inefficax
1369 2644 1530 2675 invenitur
1553 2647 1584 2676 et
1604 2646 1714 2687 impia.
1737 2647 1798 2679 Pro

1020 2737 1050 2741 -
1066 2723 1076 2740 ἦ
1092 2723 1183 2753 Eoele„
1199 2730 1241 2751 vn,
1264 2726 1298 2748 12.
1315 2737 1345 2741 —
1362 2724 1372 2740 ⁵
1387 2726 1504 2757 August.,
1519 2725 1548 2750 cle
1563 2727 1615 2752 Lib.
1633 2727 1703 2757 ,κθ-6.,
1717 2728 1760 2752 lib.
1778 2731 1797 2761 l,

1019 2766 1062 2790 xV,
1077 2760 1116 2783 3⁴5.
1134 2773 1159 2776 —
1178 2760 1186 2774 ⁶
1201 2760 1268 2784 Psul.
1288 2767 1357 2789 essi,
1375 2762 1397 2784 4.
