2029 3052
470 182 728 217 PSALTEmuu
749 179 877 214 uuus
897 178 1043 212 BEATAE
1062 179 1203 214 »1thAE
1222 180 1410 214 VlRGlNlS.
1689 184 1750 214 207

167 252 311 290 Extingue
330 251 495 290 potentiam
513 251 579 289 eius
600 260 609 280 ι
629 252 659 280 et
672 250 814 280 virtutem
832 247 913 278 illius

131 299 235 337 redige
249 300 281 329 in
293 299 437 330 favillam.

166 348 201 376 Ut
223 347 356 377 viventes
383 346 549 376 exultemus
573 345 606 375 iu
628 345 750 375 nomine
774 346 826 374 tuo
851 353 859 372 :
883 345 912 372 et

132 393 199 423 laeto
215 394 317 424 animo
332 393 468 423 dicamus
481 393 536 422 tibi
548 391 682 422 laudem.
692 391 803 427 Gloria,
818 393 874 420 etc.

425 476 552 504 Pennus
570 476 615 502 52.

167 536 243 565 Dixit
259 536 402 573 insipiens
422 535 560 564 iuimicus
577 534 609 563 in
628 533 719 563 corde
741 541 796 562 suo
819 542 827 561 :
850 533 908 561 llo-

130 581 243 612 minem
257 582 376 619 ejiciam
388 582 427 611 de
442 581 634 611 tabernaculo
649 581 781 610 filiorum
793 579 853 609 Dei.

165 629 318 666 Egrediar,
332 631 361 658 et
377 637 429 658 ero
446 628 567 666 spiritus
579 627 712 657 mendax
730 628 763 656 in
784 635 836 656 ore
850 635 910 655 ser-

128 676 225 713 pentis
240 685 247 704 :
263 678 294 705 et
305 684 359 714 per
378 676 531 705 foeminam
545 675 663 712 ejiciam
674 675 789 710 virum,
808 673 908 702 virum

128 730 203 759 ejus.

163 769 244 798 Sicut
255 768 433 804 exaltantur,
451 776 470 797 o
485 768 586 804 miser,
612 767 678 797 coeli
697 776 717 797 a
737 770 815 796 terra
835 777 844 796 ε
865 768 908 796 sic

127 815 262 844 exaltatae
279 817 348 845 sunt
365 815 558 851 cogitationes
578 816 628 844 Dei
646 823 664 844 a
678 815 908 852 cogitationibus

125 861 193 891 tuis.

159 909 225 937 Noli
241 908 343 938 extolli
361 908 400 937 de
420 917 492 937 casu
514 909 649 938 mulieris
670 917 678 937 ε
703 909 776 946 quia
798 908 907 937 mulier

125 958 257 984 conteret
269 958 358 993 caput
371 958 464 985 tuum.

160 1004 201 1031 Tu
215 1003 260 1031 illi
274 1003 393 1032 foveam
407 1003 593 1040 praeparasti,
609 1005 638 1032 et
650 1003 682 1031 in
699 1010 811 1039 sagena
825 1001 905 1030 illius

125 1050 260 1086 capieris.
275 1050 374 1079 Gloria
387 1050 475 1085 Patri,
490 1052 544 1078 etc.

417 1132 544 1160 Psmus
563 1132 608 1159 53.

159 1191 295 1226 Domina,
309 1191 340 1219 in
349 1191 471 1219 nomine
486 1194 537 1220 tuo
549 1191 667 1220 salvum
680 1199 729 1220 me
743 1191 790 1220 fac
807 1191 902 1220 :etab

121 1238 270 1274 injustitiis
282 1238 358 1266 meis
366 1238 462 1266 libera
474 1246 534 1267 me.
570 1235 574 1238 ’

155 1287 188 1314 Ut
213 1294 275 1314 non
294 1288 401 1314 noceat
418 1285 491 1314 mihi
515 1285 661 1314 calliditas
678 1286 791 1314 inimici
816 1296 823 1314 :
844 1287 901 1315 sub

120 1332 230 1361 umbra
243 1332 359 1362 alarum
372 1335 490 1361 tuarum
504 1335 626 1369 protege
643 1341 703 1361 me.

157 1381 179 1409 O
202 1380 327 1409 Domina
347 1388 425 1416 mea,
447 1380 558 1416 adjuva
577 1389 626 1409 me
647 1390 654 1409 ε
680 1382 805 1416 gratiam
819 1384 901 1409 tuam

119 1426 226 1462 largire
241 1427 346 1455 animae
355 1435 438 1455 meae.

155 1474 324 1502 voluntarie
347 1474 472 1502 offeram
496 1474 549 1502 tibi
572 1474 751 1503 sacrificium
776 1474 874 1502 laudis
891 1485 898 1502 :

120 1523 148 1549 et
162 1520 328 1549 confitebor
343 1521 458 1550 nomini
479 1522 542 1555 tuo,
561 1521 705 1557 quoniam
719 1521 835 1550 bonum
846 1524 896 1549 est.

155 1568 301 1602 Quoniam
315 1576 353 1596 ex
367 1567 449 1596 omni
463 1567 654 1597 tribulatione
668 1569 811 1597 liberabis
825 1577 873 1597 me
890 1578 896 1596 :

118 1617 146 1643 et
159 1615 296 1643 inimicos
308 1623 394 1643 meos
407 1615 550 1652 despiciet
563 1616 666 1645 oculus
680 1624 775 1644 meus.

153 1661 252 1690 Gloria
267 1662 353 1698 Patri,
369 1664 423 1691 etc.

411 1745 537 1771 Psanits
556 1745 600 1771 54.

153 1803 283 1838 Exaudi,
304 1804 443 1839 Domina,
466 1804 632 1833 orationem
660 1812 759 1833 meam
779 1814 786 1832 :
810 1806 838 1833 et
858 1812 895 1833 ne

117 1852 288 1878 contemnas
302 1850 543 1886 deprecationem
557 1859 668 1879 meam.

154 1896 345 1924 contristatus
368 1905 434 1924 sum
459 1897 492 1924 in
515 1897 692 1933 cogitatione
709 1906 776 1926 mea
795 1907 802 1925 ε
824 1898 895 1934 quia

113 1942 226 1978 iudicia
238 1943 286 1971 Dei
300 1946 523 1979 perterruerunt
536 1952 594 1972 me.

151 1990 289 2019 Tenebrae
302 1990 406 2019 mortis
416 1994 561 2019 venerunt
574 1999 663 2027 super
677 1999 724 2019 me
740 2001 746 2018 ε
760 1994 788 2020 et
800 2000 894 2026 pavor

114 2037 222 2065 inferni
236 2037 343 2065 invasit
357 2046 416 2066 me.

151 2085 210 2119 Ego
230 2086 330 2112 autem
344 2084 375 2112 in
393 2084 552 2113 solitudine
571 2086 693 2120 expecto
715 2085 892 2113 consolatio-

113 2137 184 2157 nem
197 2132 279 2159 tuam
295 2141 302 2159 :
319 2133 347 2159 et
360 2131 391 2159 in
405 2131 497 2160 cubili
508 2140 577 2160 meo
592 2132 712 2160 attendo
727 2132 893 2160 misericor-

114 2176 195 2204 diam
210 2179 301 2205 tuam.

149 2222 286 2252 Glorifica
320 2232 445 2252 manum
482 2228 510 2253 et
544 2225 698 2254 dexterum
735 2225 890 2254 brachium

113 2272 197 2298 tuum
213 2279 219 2298 ε
236 2273 268 2298 ut
286 2273 510 2306 prosternantur
528 2279 546 2299 a
559 2272 647 2300 nobis
661 2272 771 2300 inimici
787 2273 889 2300 nostri.

149 2316 247 2345 Gloria
261 2318 347 2353 Patri,
359 2320 412 2346 etc.

405 2400 532 2427 Psiuts
551 2400 595 2426 55.

142 2459 274 2487 Miserere
288 2459 358 2492 mei,
372 2459 512 2493 Domina,
527 2459 671 2495 quoniam
693 2460 887 2489 conculcave-

111 2508 179 2532 runt
190 2514 237 2533 me
247 2506 344 2534 hostes
353 2506 411 2533 mei
421 2506 553 2542 quotidie
565 2516 571 2533 :
581 2514 685 2534 omnes
696 2507 888 2542 cogitationes

111 2559 213 2579 eorum
227 2553 258 2580 'm
272 2553 386 2581 malum
396 2556 498 2581 contra
507 2560 567 2581 me.

146 2598 244 2627 Excita
263 2599 405 2634 furorem,
431 2602 459 2628 et
477 2602 627 2628 memento
648 2599 735 2628 belli:
755 2603 783 2629 et
799 2609 888 2637 super

110 2652 160 2673 eos
175 2645 293 2674 effunde
308 2647 384 2674 iram
396 2648 488 2675 tuam.

1002 249 1116 276 innova
1134 247 1231 285 signa,
1252 250 1282 278 et
1302 248 1430 278 immuta
1442 247 1593 277 mirabilia
1610 257 1618 277 ι
1638 248 1749 278 seuu‘a-

966 303 1034 323 mus
1047 295 1231 331 adjutorium
1244 295 1363 325 brachii
1376 295 1430 325 tui.

1001 341 1139 370 Glorifica
1151 350 1263 372 nomen
1281 345 1367 372 tumn
1387 351 1477 380 super
1490 351 1547 372 nos
1560 354 1570 371 .·
1591 346 1624 372 ut
1636 352 1749 381 eogno-

965 396 1083 416 scamus
1101 390 1246 426 quoniam
1260 390 1292 418 in
1306 390 1448 419 saeculum
1465 390 1671 420 misericordia
1683 394 1746 420 tua.

1000 435 1083 464 Stilla
1095 436 1185 464 nobis
1206 439 1321 472 guttam
1340 437 1493 466 suavitatis
1514 439 1572 466 ωε
1595 447 1603 466 :
1625 438 1697 475 quia
1716 441 1746 467 tu

964 489 997 510 es
1010 481 1153 519 pincerna
1166 484 1267 520 gratiae
1278 484 1420 513 dulcoris.
1436 483 1537 514 Gloria
1548 485 1637 520 Patri,
1653 488 1709 514 etc.

1258 566 1383 594 Psmrs
1402 568 1447 594 56.

998 623 1133 652 miserere
1152 624 1223 658 mei,
1238 625 1372 658 Domina,
1396 625 1536 654 miserere
1558 626 1617 654 mei
1641 635 1649 654 :
1675 627 1747 663 quia

962 671 1099 706 paratum
1123 673 1167 699 est
1189 679 1242 700 cor
1267 679 1369 700 meum
1384 673 1541 709 exquirere
1559 673 1745 702 voluntatem

962 718 1055 745 tuam.

998 765 1031 792 Et
1054 765 1085 792 in
1107 765 1217 794 umbra
1245 766 1363 794 alarum
1389 769 1508 795 tuarum
1531 768 1718 804 requiescam
1736 779 1744 797 ε

962 811 1034 847 quia
1048 811 1225 841 delectabile
1241 815 1285 841 est
1298 813 1372 842 mihi
1384 813 1571 849 refrigerium
1580 817 1675 843 tuum.

997 859 1099 887 nanus
1118 861 1175 887 tuae
1195 859 1339 888 distillant
1358 861 1513 897 myrrham
1533 861 1662 897 primam
1686 870 1694 889 :
1717 865 1745 890 et

962 904 1047 941 digiti
1060 905 1103 933 tui
1115 909 1268 942 unguenta
1283 908 1456 943 gratiarum.

996 953 1029 980 Et
1041 951 1207 988 fragmenta
1222 953 1295 982 mali
1309 954 1410 990 punici
1421 957 1465 983 est
1479 958 1580 991 guttur
1595 958 1679 984 tuum
1695 966 1703 984 :
1717 959 1745 985 et

959 999 1109 1034 spiramen
1117 1000 1177 1028 oris
1192 1000 1234 1028 tui
1245 1008 1349 1036 suave,
1358 1001 1558 1038 compositum
1567 1003 1743 1039 thymiama.

995 1047 1037 1074 Tu
1049 1047 1130 1074 enim
1153 1055 1184 1075 es
1199 1049 1295 1075 mater
1306 1047 1439 1084 pulchrae
1453 1048 1631 1082 dilectionis,
1646 1052 1675 1078 et
1689 1058 1743 1078 an-

959 1093 1051 1122 chora
1066 1094 1127 1130 spei
1140 1103 1147 1122 2
1162 1097 1266 1131 portus
1275 1095 1479 1131 indulgentiae,
1489 1098 1518 1125 et
1524 1097 1617 1132 janua
1627 1096 1742 1125 salutis.

995 1140 1094 1169 Gloria
1106 1142 1192 1174 Patri,
1207 1145 1262 1170 etc.

1255 1225 1381 1252 Pssuus
1401 1226 1445 1252 57.

994 1283 1022 1310 Si
1034 1291 1104 1311 vere
1116 1283 1218 1320 utique
1225 1285 1369 1320 justitiam
1382 1285 1542 1322 loquimini
1562 1295 1569 1313 ε
1582 1286 1700 1322 justitiae
1714 1289 1742 1314 et

957 1329 1167 1358 misericordiae
1178 1331 1323 1360 honorate
1333 1332 1487 1368 Reginam.

992 1377 1037 1404 Ad
1046 1377 1169 1406 laudem
1186 1378 1265 1406 enim
1281 1381 1307 1406 et
1327 1379 1454 1415 gloriam
1468 1379 1594 1415 pertinet
1608 1380 1740 1409 Salvato—

955 1423 996 1451 ris
1010 1433 1016 1450 :
1033 1424 1184 1461 quidquid
1193 1425 1393 1454 honorificum
1404 1435 1464 1454 suae
1473 1427 1643 1463 impensum
1652 1427 1741 1456 fuerit

957 1471 1104 1499 Genitrici.

992 1519 1076 1546 Rosae
1091 1520 1251 1555 Martyrum
1270 1522 1298 1547 te
1313 1520 1508 1555 circumdant,
1525 1529 1543 1548 o
1558 1522 1671 1557 Regina
1689 1531 1696 1549 :
1711 1523 1739 1550 et

954 1563 1018 1592 lilia
1032 1565 1182 1600 virginum
1197 1566 1332 1594 ambiunt
1346 1566 1487 1595 thronum
1502 1570 1596 1595 tuum.

991 1611 1119 1640 Laudate
1136 1621 1203 1640 eam
1217 1613 1316 1648 simul,
1339 1616 1416 1641 astra
1430 1615 1592 1643 matutina:
1610 1623 1737 1644 concen-

954 1661 1017 1687 tum
1031 1659 1076 1687 illi
1089 1660 1186 1696 facite,
1202 1669 1308 1689 omnes
1320 1661 1374 1689 filii
1389 1662 1448 1690 Dei.

989 1706 1154 1735 Glorificate
1169 1715 1246 1742 eam,
1263 1708 1329 1736 coeli
1353 1710 1380 1736 et
1401 1710 1479 1737 terra
1502 1719 1511 1736 :
1534 1717 1618 1737 mare
1637 1713 1664 1738 et
1677 1710 1735 1738 ssu-

952 1753 1045 1788 mina,
1061 1762 1095 1782 ac
1108 1754 1302 1783 fundamenta
1314 1755 1406 1783 orbis.
1417 1755 1515 1784 Gloria
1525 1756 1612 1792 Patri,
1623 1760 1678 1785 etc.

1244 1837 1372 1864 Psuncs
1391 1838 1436 1864 58.

987 1896 1071 1932 Eripe
1087 1903 1135 1924 me
1155 1896 1191 1923 de
1208 1896 1333 1924 inimicis
1352 1897 1437 1931 meis,
1463 1898 1587 1925 Domina
1601 1898 1706 1925 mundi
1722 1907 1730 1926 :

951 1951 1061 1978 exurge
1076 1943 1108 1970 in
1123 1951 1280 1971 occursum
1296 1951 1408 1977 meum,
1423 1944 1536 1979 Regina
1550 1944 1675 1980 pictatis.

985 1993 1098 2018 Aurum
1112 1990 1247 2018 obrizum
1269 1991 1300 2018 in
1322 1991 1503 2018 ornamentis
1517 1991 1575 2019 tuis
1590 2001 1597 2019 ι
1614 1992 1730 2019 sardius

950 2039 977 2064 et
992 2037 1126 2072 topazius
1140 2037 1171 2064 in
1186 2037 1354 2065 diademate
1369 2040 1431 2065 tuo.

984 2083 1078 2120 Iaspis
1093 2086 1121 2111 et
1135 2084 1316 2120 amethystus
1332 2084 1362 2111 in
1377 2083 1498 2112 dextera
1512 2087 1563 2112 tua
1577 2095 1584 2113 z
1605 2085 1729 2113 hermus

949 2132 976 2158 et
990 2130 1189 2166 chrysolithus
1202 2131 1232 2158 in
1243 2131 1358 2158 sinistra
1375 2134 1434 2159 tua.

986 2179 1164 2214 Hyacinthus
1180 2181 1207 2206 et
1218 2179 1334 2206 achates
1347 2179 1377 2206 in
1387 2182 1505 2214 pectore
1519 2182 1570 2207 tuo
1582 2188 1588 2207 :
1601 2180 1727 2208 carbun-

949 2225 1007 2252 culi
1023 2226 1213 2253 scintillantes
1228 2226 1258 2253 in
1272 2225 1435 2253 monilibus
1450 2227 1516 2253 tuis.

983 2272 1115 2308 Myrrha,
1131 2273 1199 2300 thus
1215 2275 1243 2300 et
1258 2273 1427 2300 balsamum
1442 2274 1473 2301 in
1487 2274 1625 2302 manibus
1646 2275 1701 2302 tuis
1719 2284 1724 2302 ς

947 2319 1103 2355 sapphirus
1117 2322 1144 2347 et
1159 2319 1334 2355 smaragdus
1347 2321 1377 2347 in
1391 2320 1487 2355 digitis
1505 2321 1571 2348 tuis.

983 2367 1080 2395 Gloria
1093 2368 1179 2402 Patri,
1197 2370 1252 2395 etc.

1240 2451 1364 2478 Psmcs
1384 2453 1427 2478 ὃν.

983 2510 1066 2542 Deus,
1082 2509 1213 2544 repulisti
1226 2518 1281 2538 nos
1291 2514 1413 2546 propter
1428 2515 1549 2546 peccata
1564 2515 1664 2540 nostra
1676 2522 1683 2539 z
1697 2516 1724 2540 et

945 2556 1081 2584 misertus
1096 2564 1126 2584 es
1141 2558 1228 2585 nobis
1242 2566 1296 2593 per
1310 2558 1459 2593 Virginem
1473 2559 1603 2587 Mariam.

981 2603 1129 2631 intercede
1156 2611 1211 2640 pro
1235 2604 1322 2632 nobis
1332 2626 1340 2639 ‚
1367 2604 1516 2633 salutifera
1538 2607 1627 2634 Mater
1650 2607 1699 2634 Dei
1715 2617 1721 2634 :

945 2658 1011 2685 quae
1027 2650 1203 2686 angelorum
1217 2654 1243 2679 et
1257 2651 1412 2680 hominum
1428 2651 1551 2681 salutem
1571 2654 1721 2690 peperisti.

2026 2891 2027 2894 „
2022 2590 2029 2866 w-fflmum
2022 2567 2024 2570 -
2026 2495 2029 2529 .--
