2029 3052
185 156 225 187 72

185 221 331 258 Linguam
343 223 477 250 nostram
489 221 855 258 magnificabimus,1abia
864 221 968 250 nostra

186 275 206 298 a
219 268 307 298 nobis
319 269 407 305 sunt;
429 268 496 306 quis
518 270 620 298 noster
641 266 784 298 eominus
806 269 873 297 est?
886 277 901 295 n
917 269 968 298 Se-

187 315 300 350 cundo,
326 315 352 344 si
377 315 519 344 volumus
551 315 716 352 humiliari,
743 315 969 345 consideremus

187 361 322 391 divinam
335 362 586 399 misericordiam,
596 371 665 400 quae
675 370 731 392 nos
742 362 879 391 redemit.
895 363 969 391 Nam

188 402 226 439 de
239 410 305 447 ipso
319 409 519 446 Redemptor-e
538 410 645 438 dicitur
659 410 668 427 ¹
685 418 692 438 :
711 419 726 436 α
740 411 800 438 Nos
815 409 968 446 reputavi-

188 465 257 486 mus
271 456 312 495 (a)
324 465 394 486 eum
414 456 502 494 quasi
523 456 689 494 leprosum,
708 458 743 485 et·
759 464 933 494 percussum
951 464 970 485 a

189 505 260 540 Deo,
283 506 312 533 et
332 503 535 533 humiliatum.
554 502 566 520 ¹
585 503 667 533 Unde
689 511 744 532 nec
766 503 971 540 reputavimus

191 559 271 580 eum.
296 562 310 579 n
334 553 421 588 Ergo,
450 551 554 580 fratres
577 550 754 586 charissimi,
776 550 801 579 si
829 550 972 579 Dominus

190 598 326 627 Salvator
339 601 439 627 noster
451 598 493 626 sle
507 599 550 626 est
563 597 738 626 humiliatus
754 599 876 635 propter
890 596 971 626 salu-

193 647 252 674 tem
270 647 414 680 nostram,
429 645 496 682 quis
512 644 670 673 hominum
683 644 773 673 audet
786 644 854 681 plus
869 646 973 672 contra

192 701 260 722 eum
275 692 454 730 superbire?
471 692 648 730 Augustinus
662 693 690 721 ³:
711 703 724 719 α
738 692 765 721 Si
781 693 858 721 bene
873 701 904 721 se
918 692 974 721 hu-

191 740 319 768 miliavit
333 739 382 768 Dei
397 742 537 776 potestas,
548 739 703 776 superbire
715 739 871 776 quomodo
882 739 971 768 aude-

193 787 236 816 bit
250 787 383 816 humana
397 786 552 815 infirmitas
564 787 578 815 ?
594 797 608 813 ι)
625 788 744 815 Constat
763 795 824 815 non
845 794 907 815 esse
924 786 974 822 J‘u-

193 837 282 870 stum,
293 842 354 862 non
364 842 426 862 esse
439 834 588 869 usitatum,
599 833 652 862 sed
659 834 766 862 rationi
777 834 973 869 contrarium,

194 883 222 910 et
236 890 255 910 a
265 881 379 918 justitia
393 881 537 916 alienum,
551 883 584 910 ut
597 881 634 909 sit
647 889 750 909 servus
765 889 855 917 supra
877 881 975 909 domi-

194 937 278 964 num,
295 931 323 957 et
337 928 501 965 discipulus
516 936 607 965 supra
618 929 804 964 magistrum,
815 928 976 956 vilissimus

194 984 285 1013 supra
301 977 391 1004 Deum
408 984 414 1003 ε
432 983 505 1011 ergo
521 975 572 1004 ubi
587 983 618 1004 se
635 977 710 1004 Deus
724 975 888 1010 inclinavit,
909 975 977 1012 quis

194 1023 350 1052 hominum
367 1031 397 1051 se
413 1023 526 1058 erigere
543 1022 690 1051 audebit?
710 1022 791 1050 Unde
807 1025 834 1051 et
849 1025 977 1059 Aposto-

195 1070 241 1098 lus
254 1071 313 1098 hoe
332 1069 522 1098 considerare
543 1070 640 1104 docet,
661 1078 729 1097 cum
749 1069 821 1097 dicit
835 1070 844 1086 ⁴
862 1079 868 1097 :
886 1081 898 1094 κ
918 1071 977 1098 noc

196 1118 274 1146 enim
290 1118 392 1146 sentie
409 1117 439 1145 in
454 1117 551 1152 vobis,
571 1117 656 1153 quod
670 1120 698 1145 et
713 1117 741 1145 in
757 1117 871 1145 Christo
885 1118 951 1144 Jesu
970 1125 976 1144 :

196 1165 248 1202 qui
264 1173 332 1193 cum
348 1165 377 1192 in
392 1164 488 1193 forma
504 1164 552 1192 Dei
567 1166 652 1196 esset,
669 1171 728 1191 non
743 1164 879 1200 rapinam
899 1163 978 1192 arbi-

197 1214 289 1240 tratus
309 1213 432 1240 estesse
454 1219 484 1239 se
508 1210 655 1247 oequalem
681 1212 760 1246 Dco;
794 1210 847 1238 sed
871 1212 978 1238 semet-

197 1259 294 1295 ipsum
311 1257 482 1292 exinanivit,
499 1257 626 1286 sormam
639 1257 715 1286 servi
728 1258 886 1294 accipiens,
899 1257 928 1285 in
941 1257 979 1284 si-

197 1305 397 1334 militudinem
413 1305 571 1333 hominum
588 1304 691 1338 sactus,
711 1308 737 1333 et
752 1304 856 1333 habitu
873 1305 979 1332 inven-

198 1355 244 1381 tus
266 1355 298 1380 ut
318 1353 410 1381 homo
436 1362 441 1380 :
469 1352 637 1380 humiliavit
660 1352 862 1389 semetipsum,
888 1352 980 1380 sactus

199 1400 344 1428 obediens
371 1408 467 1436 usque
491 1399 530 1427 ad
561 1402 699 1433 mortem,
726 1402 852 1427 mortem
881 1401 981 1426 autem

199 1447 303 1475 crucis.
321 1458 335 1473 n
355 1447 382 1475 Si
401 1455 472 1482 ergo
489 1446 629 1474 Dominus
649 1448 677 1474 et
696 1448 754 1474 ilex
771 1449 870 1474 noster
885 1446 982 1474 humi-

199 1494 282 1522 liavit
296 1502 325 1522 se
341 1502 436 1530 usque
451 1493 490 1521 ad
506 1494 602 1522 carnis
621 1495 728 1521 nostrae
751 1493 981 1529 susceptionem,

200 1549 295 1577 usque
318 1541 357 1569 ad
372 1541 486 1569 diaboli
510 1541 712 1575 tentationem,
734 1548 827 1576 usque
850 1540 889 1567 ad
918 1540 982 1567 irri-

200 1588 326 1622 sionem,
361 1596 457 1624 usque
496 1588 534 1615 ad
574 1588 708 1624 corporis
737 1587 981 1622 flagellationem,

202 1643 296 1671 usque
313 1635 350 1663 ad
367 1635 616 1671 conspuitionem‚
633 1643 726 1670 usque
743 1634 780 1661 :ul
797 1642 914 1661 corona¹
926 1633 983 1669 spi-

201 1691 264 1710 neoe
285 1682 522 1715 coronationem,
539 1689 634 1717 usque
653 1681 688 1708 ad
706 1681 856 1708 vilissimae
880 1681 983 1708 mortis

203 1730 419 1764 tolerationem,
436 1731 502 1765 quis·
516 1729 553 1757 de
567 1732 664 1757 cetero
680 1729 787 1756 audeat
804 1728 958 1764 superbire
970 1730 983 1755 ἱ)

204 1777 370 1805 Bernardus
382 1778 392 1793 ⁶
410 1787 417 1804 .·
436 1787 449 1802 «
465 1777 539 1810 Quid
557 1776 737 1809 intumescis,
759 1784 776 1803 ο
799 1776 883 1812 pellis
906 1783 984 1803 inor-

205 1824 291 1852 tieina
302 1825 315 1851 ἱ)
328 1824 401 1860 quid
417 1824 594 1858 extenderis,
612 1832 629 1851 o
651 1823 745 1851 tabies
767 1823 891 1850 swtida?
911 1822 984 1859 quid

204 1871 326 1905 inflaris,
342 1879 359 1899 o
374 1879 442 1898 caro
458 1871 585 1898 misera?
604 1871 738 1906 Princeps
754 1872 820 1897 tuus
836 1872 878 1897 est
891 1870 985 1897 humi-

204 1918 249 1952 lis,
267 1920 294 1945 et
311 1921 340 1945 tu
358 1918 527 1945 membrum
551 1918 686 1945 inflatis?
702 1928 714 1942 ι)
732 1917 868 1944 (Danielus
888 1925 985 1952 genua

206 1965 305 1999 flectit,
321 1965 392 1992 dum
409 1973 425 1992 a
440 1973 494 1992 suo
510 1965 634 1992 domino
652 1972 727 1991 onus
744 1964 860 2000 accipit,
885 1972 902 1991 a
924 1972 985 2000 quo

204 2012 279 2040 nihil
295 2012 417 2047 aceepit,
433 2012 483 2039 sed
500 2020 553 2039 nec
574 2014 708 2047 expectat
729 2011 756 2038 in
778 2011 835 2038 tine
861 2010 985 2047 aliquod

205 2059 318 2086 laboris
335 2058 563 2091 munusculuin;
580 2061 607 2085 et
622 2061 650 2085 tu
668 2058 743 2091 vilis,
765 2066 824 2085 non
844 2060 869 2085 te
888 2057 985 2084 liuiui-

206 2106 292 2133 liabis
307 2105 345 2139 ci,
361 2114 377 2133 a
391 2114 450 2141 quo
467 2105 604 2141 accepisti
620 2113 694 2139 ese,
709 2105 819 2137 vivere,
835 2105 942 2132 sentire
960 2107 987 2132 ‹rt

206 2152 381 2188 intelligere,
398 2155 425 2180 et
441 2154 533 2180 totum
549 2152 696 2179 mundum
709 2151 737 2179 in
748 2152 987 2187 possessionem?

206 2199 312 2234 'l'ertio,
332 2199 355 2226 si
375 2199 502 2226 humiles
525 2198 664 2226 volumus
692 2199 766 2232 lieri,
799 2199 987 2226 attendamus

208 2247 339 2274 divinam
351 2246 504 2281 justitium,
522 2254 581 2282 qua
596 2246 691 2273 malos
707 2246 820 2279 atlligit.
836 2248 907 2273 Num
919 2254 987 2273 cum

204 2293 323 2328 justitia]
340 2296 454 2329 ternpus
469 2293 634 2327 advenerit,
649 2293 688 2319 >ic
701 2293 891 2326 severuscrit,
904 2293 987 2328 quod

209 2340 297 2367 nullis
320 2340 469 2376 precibus,
490 2340 639 2376 nullisque
665 2340 751 2367 donis-
776 2340 881 2375 poterit
907 2340 988 2367 incli-

209 2387 282 2414 nari.
300 2388 412 2418 Nonne,
437 2395 492 2422 pro
515 2395 575 2413 uno
599 2389 680 2413 motu
706 2387 815 2420 cordis,
841 2387 988 2414 nobilissi-

209 2442 274 2461 mos
290 2434 413 2469 angelos
428 2434 464 2461 tle
479 2433 553 2461 eoelo
569 2434 673 2469 ejevit‘!
693 2435 804 2467 Nomw,
822 2442 875 2469 pro
894 2435 988 2461 ruod?—

210 2489 244 2508 co
266 2481 344 2515 cibo,
365 2481 478 2517 primos
493 2484 630 2517 parentes
655 2482 692 2509 de
714 2482 854 2517 paruum»
878 2482 960 2516 eiecit
977 2484 988 2508 ζ’

211 2530 284 2563 Ergo
306 2529 355 2563 qui
373 2529 540 2563 majoribus
556 2536 615 2556 non
632 2529 772 2564 pepercit,
789 2530 945 2564 quomodo
962 2532 990 2557 et

242 2592 248 2607 ¹
266 2592 304 2614 lm
319 2610 324 2620 ,
345 2598 404 2621 tiu,
422 2593 443 2616 4.
459 2605 488 2609 —
504 2592 641 2622 ²11·i=l.,:3.
660 2605 684 2608 ψ
705 2592 714 2607 ³
731 2593 793 2619 Aug.
813 2605 842 2609 —
862 2594 867 2604 ⁴
885 2592 988 2623 munst,

212 2633 241 2657 ιι,
262 2629 313 2651 5-8.
333 2640 362 2644 -
388 2634 391 2639 ·
411 2628 484 2651 μοι-υ.
501 2640 531 2644 —
550 2629 555 2644 ¹
576 2627 663 2654 lsecli„
687 2633 737 2657 vn,
757 2630 792 2650 ι’).
810 2640 838 2644 -
862 2628 867 2639 ³
886 2628 941 2651 lwl.
960 2641 988 2645 —

549 153 762 188 SERMONES
784 153 836 187 DE
857 152 1023 186 SANCTlS
1044 153 1087 186 ΙΝ
1107 153 1303 188 commum.
1325 154 1434 188 xxvi.

1023 221 1181 251 vilioribus
1198 223 1303 260 parcet
1319 222 1488 252 membris?
1506 224 1540 252 Et
1557 224 1716 262 propterea
1729 224 1806 254 diei-

1022 269 1072 298 tur
1085 269 1096 287 ⁸
1112 277 1120 298 :
1139 279 1153 296 α
1166 269 1296 298 Humilia
1307 269 1398 299 valde
1418 269 1555 307 spiritum
1575 272 1702 300 tunam
1719 273 1806 308 Nan,

1024 315 1101 344 sieut
1113 315 1244 345 isidorus
1258 316 1330 346 dicit
1342 317 1365 352 ⁷,
1378 327 1392 344 ιι
1404 316 1558 346 humilitas
1570 325 1674 347 casum
1681 325 1746 348 non
1753 326 1808 356 no·

1026 362 1076 391 vit.
1091 373 1105 390 n
1130 363 1248 398 Quare?
1266 362 1356 400 Quia,
1383 366 1416 393 ut
1433 372 1526 401 supra
1545 363 1620 400 dixi,
1642 364 1744 394 nullus
1759 373 1809 395 cn-

1026 409 1080 445 dit,
1094 409 1151 439 nisi
1166 410 1205 439 ab
1220 410 1280 440 alto
1301 419 1309 439 :
1334 419 1440 448 quare,
1459 419 1529 440 cum
1549 411 1672 440 humilis
1686 412 1810 441 situetur

1025 458 1142 486 tantum
1155 456 1188 485 in
1200 457 1274 492 imo,
1292 465 1357 486 non
1377 459 1431 493 est,
1453 465 1472 486 a
1490 466 1553 496 quo
1571 457 1680 487 cadere
1703 459 1808 496 possit,

1026 503 1121 532 locus.
1136 503 1257 532 Dicebat
1271 504 1351 532 enim
1362 503 1488 541 quidam
1493 507 1612 534 sanctus
1622 506 1716 541 Pater,
1725 505 1810 543 quod

1027 550 1118 579 talem
1131 551 1343 586 cogitationem
1357 550 1482 580 deberet
1499 551 1593 581 homo
1609 551 1720 587 Iacere,
1734 560 1810 590 qua-

1028 597 1088 626 lem
1103 596 1172 626 facit
1185 597 1246 632 ille,
1263 598 1315 634 qui
1329 599 1371 626 est
1383 597 1414 626 in
1423 606 1554 634 carcere,
1569 601 1730 636 expectans
1739 607 1812 628 con-

1030 644 1109 672 tinue
1122 643 1268 680 judicem,
1289 644 1341 682 qui
1361 653 1430 674 eum
1446 645 1545 674 veniat
1558 645 1666 682 punire
1685 648 1713 675 et
1731 645 1812 675 occi-

1030 691 1101 720 dere
1119 700 1126 719 :
1148 699 1267 728 semper
1291 691 1370 720 enim
1390 691 1509 721 videtur
1527 692 1597 728 sibi,
1612 693 1699 730 quod
1714 701 1812 730 proeco

1030 738 1148 774 clamet,
1163 746 1342 775 campanam
1357 739 1465 776 pulset,
1478 740 1564 776 quod
1574 742 1708 775 vocetur,
1718 743 1750 769 ut
1762 748 1813 769 ex-

1031 787 1088 820 eat,
1105 787 1136 813 ut
1154 785 1267 814 collum
1289 786 1440 822 extendat,
1459 789 1493 815 ut
1513 787 1606 816 ictum
1620 789 1724 816 mortis
1738 788 1816 816 acci-

1031 833 1116 870 piat:
1140 841 1297 870 nunquam
1317 834 1351 870 (b)
1374 834 1441 862 tatis
1461 834 1570 863 risibus
1596 836 1701 870 vaeat;
1728 842 1816 863 num·

1033 880 1106 916 quid
1128 880 1234 909 solatia
1259 880 1414 918 postulat?
1439 881 1588 918 numquid
1609 881 1647 910 de
1673 881 1815 918 peccam,

1033 935 1094 955 non
1110 927 1234 964 quidem
1249 935 1328 962 raro,
1344 928 1397 957 sed
1416 929 1556 957 continue
1573 928 1680 965 plorat,
1696 930 1726 957 et
1740 928 1816 957 divi-

1033 982 1106 1002 num
1130 974 1275 1003 auxilium
1295 975 1363 1003 totis
1390 975 1546 1004 affectibus
1570 975 1732 1012 implorare
1753 983 1817 1004 non

1034 1024 1126 1050 cessat
1135 1023 1148 1050 ἵ,
1164 1023 1240 1058 Ergo
1253 1024 1282 1050 et
1293 1030 1348 1051 nos
1361 1025 1497 1051 nostrum
1505 1022 1638 1059 judicem
1651 1022 1817 1059 cogitemus

1034 1068 1172 1097 citissime
1192 1069 1365 1105 affuturum,
1386 1069 1458 1107 quia
1476 1069 1562 1105 torte,
1583 1069 1658 1097 dum
1672 1068 1817 1106 loqueris,

1035 1115 1180 1144 morieris.
1197 1116 1284 1150 Quid,
1301 1116 1404 1150 homo,
1425 1116 1588 1153 superbis?
1613 1115 1706 1145 Hodie
1731 1124 1772 1149 es,
1791 1118 1820 1145 et

1034 1171 1099 1191 cras
1115 1162 1189 1191 torte
1205 1171 1266 1191 non
1284 1163 1352 1192 eris.
1370 1163 1463 1192 Hodie
1490 1163 1576 1199 vivis,
1591 1165 1620 1192 et.
1632 1172 1698 1192 cras
1709 1165 1820 1194 morie-

1035 1210 1084 1238 ris.
1096 1220 1109 1236 a
1120 1211 1197 1244 Esto,
1210 1221 1223 1235 ι)
1235 1209 1355 1246 inquit⁸‚
1367 1221 1380 1236 o·
1392 1210 1535 1247 parvulus
1550 1211 1581 1239 iu
1596 1211 1690 1239 oculis
1705 1211 1772 1247 tuis,
1790 1213 1822 1240 ut

1036 1257 1085 1285 Dei
1108 1257 1202 1285 oculis
1230 1265 1357 1293 magnus
1385 1257 1424 1285 sis
1445 1267 1451 1286 :
1477 1258 1548 1294 quia
1572 1260 1652 1286 tanto
1677 1266 1708 1286 es
1737 1258 1820 1295 apud

1038 1306 1125 1332 Deum
1135 1305 1302 1341 pretiosior,
1312 1307 1423 1341 quanto
1439 1313 1470 1333 es
1482 1307 1548 1333 ante
1564 1305 1669 1333 oculos
1684 1307 1751 1334 tuos
1766 1305 1820 1334 de-

1036 1351 1172 1388 spectior.
1190 1362 1203 1377 ι)
1219 1351 1263 1380 Sic
1277 1360 1349 1388 ergo
1365 1354 1445 1388 patet
1458 1359 1548 1380 causa
1559 1352 1683 1388 motiva,
1695 1360 1761 1389 quoe
1773 1360 1822 1381 su-

1037 1398 1127 1426 mitur
1141 1407 1175 1426 ex
1192 1401 1274 1434 parte
1291 1398 1351 1426 Dei.

1074 1446 1208 1474 Secunda
1230 1454 1320 1474 causa
1339 1445 1513 1474 humilitatis
1534 1445 1660 1474 sumitur
1681 1453 1718 1474 ex
1738 1448 1822 1483 parte

1038 1493 1139 1521 nostri.
1157 1494 1230 1521 Nam
1245 1493 1268 1520 si
1285 1492 1413 1521 humiles
1431 1501 1493 1521 esse
1512 1492 1662 1528 volumus,
1685 1493 1823 1530 nosipsos

1039 1540 1161 1568 ulterius
1182 1540 1372 1568 considerare
1394 1539 1551 1574 debemus,
1573 1540 1653 1568 unde
1673 1540 1821 1574 venimus,

1039 1587 1090 1614 ubi
1107 1595 1220 1622 sumus,
1230 1590 1256 1615 ct
1268 1595 1328 1623 quo
1344 1587 1464 1615 ibimus.
1477 1589 1643 1615 Bernartius
1653 1588 1664 1603 ⁹
1674 1596 1681 1614 :
1693 1598 1706 1613 α
1718 1587 1820 1616 Consi-

1039 1634 1110 1662 dera
1125 1634 1204 1662 undu
1222 1634 1314 1668 venis,
1333 1636 1360 1662 et
1375 1633 1516 1662 erubesce
1533 1643 1539 1661 ε
1557 1634 1608 1662 ubi
1627 1634 1676 1668 sis,
1693 1637 1721 1662 et
1736 1634 1820 1671 inge-

1039 1681 1129 1709 misce
1147 1691 1152 1708 :
1170 1689 1231 1717 quo
1247 1681 1342 1715 vadis,
1355 1683 1383 1709 et
1398 1681 1601 1709 contremisce.
1621 1692 1633 1706 n
1653 1681 1733 1709 Unde
1747 1681 1821 1710 dici-

1040 1731 1086 1755 tur
1100 1728 1118 1742 '⁰
1134 1737 1139 1755 :
1159 1739 1171 1754 ιι
1188 1727 1355 1756 tlumiliatio
1370 1730 1418 1755 tua
1431 1728 1460 1755 in
1474 1727 1574 1756 medio
1590 1728 1643 1763 tui,
1655 1739 1667 1753 ι)
1683 1728 1768 1764 quasi
1781 1728 1823 1756 (li-

1039 1777 1084 1802 cat
1102 1784 1107 1802 :
1129 1775 1205 1808 Quid
1228 1783 1280 1810 per
1300 1774 1419 1802 diversa
1442 1774 1583 1809 vagaris?
1608 1774 1683 1811 quid
1705 1775 1823 1803 diversa

1040 1822 1181 1858 inquirisl
1201 1821 1286 1857 Apud
1301 1824 1326 1849 tc
1341 1820 1443 1855 nibus,
1461 1820 1540 1849 unde
1556 1823 1583 1849 te
1600 1821 1749 1850 humilies.
1767 1823 1822 1850 Co-

1041 1869 1100 1904 gita
1115 1877 1187 1904 ergo
1203 1868 1239 1895 dc
1257 1876 1317 1904 qua
1333 1868 1455 1896 materia
1471 1870 1629 1903 generatus
1645 1868 1695 1903 sis,
1711 1868 1749 1896 de
1761 1877 1822 1905 quo

1040 1915 1237 1944 abominabili
1253 1915 1320 1943 cibo
1337 1915 1463 1942 nutritus
1483 1914 1533 1949 sis,
1554 1923 1622 1942 cum
1643 1915 1724 1952 quali
1743 1918 1822 1944 veste

1040 1963 1079 1991 sis
1095 1965 1189 1997 natus,
1206 1962 1318 1999 quibus
1340 1962 1417 1990 euris
1441 1962 1604 1998 expositus,
1625 1962 1664 1990 ad
1685 1971 1776 1999 quem
1791 1963 1824 1990 ti-

1041 2018 1109 2038 nem
1132 2009 1298 2038 necessario
1315 2009 1353 2036 sis
1369 2011 1520 2043 venturus,
1537 2012 1565 2036 et
1581 2008 1689 2036 mirum
1711 2009 1777 2043 erit,
1799 2009 1822 2037 si

1041 2057 1194 2093 superbire
1205 2056 1340 2084 audebis.
1354 2058 1426 2084 Nam
1442 2055 1530 2083 etiam
1545 2055 1711 2083 llernardus
1725 2055 1823 2084 adhuc

1042 2105 1081 2132 ita
1096 2105 1182 2132 ait¹¹z
1204 2114 1216 2129 ιι
1233 2106 1254 2132 O
1271 2103 1346 2131 mira
1363 2102 1485 2136 vanitas,
1503 2110 1520 2130 o
1536 2102 1612 2130 mira
1628 2101 1746 2130 fatuitas
1761 2111 1823 2131 cor-

1043 2152 1087 2179 dis
1101 2151 1202 2184 nostri,
1219 2151 1302 2185 cujus
1318 2149 1475 2177 elationem
1490 2157 1549 2177 non
1562 2149 1689 2186 perfecte
1704 2149 1824 2178 dirime-

1042 2208 1083 2234 re,
1097 2207 1149 2227 nee
1165 2198 1331 2226 cervicosos
1354 2199 1447 2234 potest
1464 2197 1587 2225 domare
1606 2199 1685 2225 tanta
1701 2197 1822 2225 humili-

1043 2247 1106 2274 tatis
1123 2245 1255 2278 materia,
1269 2244 1341 2281 quin
1355 2244 1453 2271 adhuc
1465 2244 1616 2280 superbiat
1629 2244 1695 2272 vilis
1707 2244 1779 2272 cinis
1789 2246 1795 2272 !
1807 2255 1820 2269 ιι

1046 2306 1056 2318 (¹
1067 2293 1153 2326 Quid,
1163 2304 1174 2317 n
1189 2292 1283 2328 inquit
1294 2291 1511 2319 Ecclesiasticus
1522 2293 1554 2325 ¹¹,
1568 2302 1580 2316 «ι
1590 2291 1737 2327 superbis,
1746 2293 1823 2319 terra

1044 2344 1069 2368 ct
1084 2340 1178 2367 ciuis?
1195 2350 1207 2363 ι)
1227 2339 1340 2365 Utinam
1357 2337 1527 2373 exemplum
1546 2338 1672 2374 pavonis
1694 2337 1823 2366 attende-

1043 2390 1086 2415 ret
1110 2387 1212 2420 homo,
1235 2388 1261 2413 et
1284 2394 1336 2412 sua
1357 2385 1519 2413 humilitate
1541 2393 1626 2412 suam
1651 2384 1822 2421 superbiam

1044 2435 1205 2462 coarctaret
1219 2434 1224 2458 t
1255 2434 1326 2460 Nam
1350 2440 1440 2468 pavo,
1471 2432 1543 2459 dum
1577 2431 1704 2459 caudam
1739 2431 1823 2467 erigit

1045 2480 1205 2514 oculatam,
1227 2479 1390 2515 plurimum
1413 2479 1556 2513 gloriatur
1575 2479 1603 2505 in
1624 2486 1669 2512 ea,
1691 2478 1762 2514 quia
1778 2486 1823 2506 rc-

1046 2552 1052 2558 *
1071 2548 1192 2572 normani.
1210 2560 1234 2564 —
1262 2548 1269 2556 ⁴
1289 2547 1335 2574 m„
1358 2547 1387 2569 de
1403 2547 1513 2577 Dii-ers„
1533 2553 1609 2569 serni.
1634 2551 1686 2574 ΧΗ,
1710 2553 1735 2568 ιι.
1762 2548 1823 2569 t.—

1046 2587 1065 2601 ¹⁴¹
1080 2583 1167 2610 mich..
1180 2588 1214 2613 vi,
1233 2584 1269 2606 tl.
1284 2595 1312 2599 —-
1330 2583 1346 2598 ¹¹
1366 2583 1430 2606 Beru
1458 2595 1483 2599 —-
1502 2582 1520 2598 ¹²
1537 2581 1626 2609 flectit,
1642 2587 1667 2610 x,
1683 2583 1703 2604 9.

1077 2628 1111 2657 (a)
1133 2625 1204 2655 t'ulq.
1221 2625 1376 2656 [nutrivimus.
1394 2638 1422 2643 —
1439 2624 1471 2655 (h)
1489 2624 1564 2647 Forte
1584 2624 1631 2655 leq.
1649 2624 1782 2655 numquid.

1867 2440 1945 2461 Exem-

1839 2470 1907 2496 ptum.
