2029 3052
659 217 945 268 RESPONSIONIS
966 216 1123 249 TERTIAE
1145 217 1274 250 CAPUT
1298 219 1321 250 Ι.

183 296 237 319 eos
258 296 322 319 non
339 287 447 319 deesse
469 285 645 319 certissime
667 286 744 318 sciat
767 297 773 318 :
800 295 852 326 ne,
879 286 959 318 dum

183 350 275 373 mens
287 342 357 382 eius
371 342 545 382 occupatur
565 340 605 372 ad
628 340 826 382 temporalia,
850 340 960 372 minus

183 396 253 428 aliis
275 395 441 436 provideat
464 397 594 427 aeterna.
618 406 632 424 »
660 395 747 427 Idem
769 395 866 436 paulo
889 396 960 436 post

183 449 310 482 subdit:
326 460 342 481 α
366 449 422 481 llla
443 448 603 490 Apostolis
626 449 830 489 loquebatur,
851 450 888 480 ut
910 458 959 481 se-

182 504 251 536 curi
277 512 342 536 non
363 503 582 544 possiderent,
607 511 665 534 nec
695 504 859 543 portarent
883 503 960 535 huic

182 558 258 590 vitae
281 557 472 596 necessaria,
494 566 553 588 nee
577 565 707 596 magna,
732 566 791 588 nec
813 556 958 588 minima.

183 611 255 644 Ideo
278 610 384 652 posuit
404 610 445 651 (a)
471 621 478 642 ε
504 610 568 643 Neo
588 611 728 651 virqam,
752 610 920 642 ostendens
942 620 961 641 a

181 664 330 696 fidelibus
345 664 454 696 omnia
469 664 577 696 deberi
597 664 749 695 ministris
773 664 850 702 suis,
873 664 962 695 nulla

182 719 346 759 superflua
360 718 591 759 quaerentibus
605 729 619 747 »
635 717 691 749 His
706 718 874 749 concordat
887 719 962 749 Am-

183 772 308 803 brosius
322 781 418 812 super
433 771 512 802 illud
528 771 624 802 Lucee
647 771 656 788 ¹
677 780 685 802 z
704 771 797 804 Nihil
819 772 961 805 tuleritis

181 826 219 858 in
233 826 300 864 via,
316 833 371 857 nec
390 825 529 865 virqam,
546 833 604 856 nec
618 832 741 865 peram,
764 833 819 857 nec
832 833 959 866 panem,

181 888 237 912 nec
251 879 421 919 pecuniam
433 888 443 910 .·
459 890 473 909 (ι
482 878 590 916 Qualis
600 879 712 910 debeat
723 887 791 910 esse
802 879 857 919 qui
867 889 962 911 evan-

182 934 297 973 gelizat
311 942 451 973 regnum
466 932 532 972 Dei,
550 933 717 973 praeceptis
729 933 897 974 Evangelii
911 934 962 965 de-

181 987 338 1027 signatur,
360 988 398 1018 ut
412 987 480 1018 sine
496 987 602 1026 virga,
624 987 693 1018 sine
715 996 802 1027 pera,
819 987 887 1018 sine
902 987 963 1018 cal-

181 1043 355 1079 ceamento,
367 1041 399 1072 id
414 1042 471 1080 est,
492 1041 625 1072 subsidii
644 1041 807 1072 saecularis
828 1041 962 1073 admini-

181 1095 291 1127 culum
310 1104 376 1126 non
391 1095 570 1136 requirens,
591 1095 718 1136 fideque
741 1097 846 1134 tutus,
871 1098 962 1137 putet

181 1148 254 1187 sibi,
268 1158 332 1189 quo
356 1149 462 1180 minus
488 1158 526 1180 ea
553 1149 709 1190 requirit,
738 1151 845 1190 magis
869 1160 962 1191 posse

182 1204 363 1242 suppetere.
380 1213 395 1231 »
414 1203 463 1233 Ad
487 1203 572 1243 quod
591 1203 687 1234 etiam
707 1204 796 1243 facit,
819 1205 905 1244 quod
922 1205 962 1236 ab

181 1255 292 1286 eodem
314 1256 432 1287 dicitur
454 1265 550 1297 super
570 1257 648 1288 illud
673 1257 768 1288 Lucae
790 1258 799 1275 ¹
821 1267 829 1289 :
854 1258 961 1291 Nolite

179 1311 305 1348 portare
313 1310 487 1349 sacculum,
504 1318 602 1351 neque
622 1319 733 1350 peram
749 1312 784 1342 2:
803 1322 818 1341 (ι
830 1311 862 1342 Si
887 1321 960 1352 pro-

180 1362 331 1394 hibemur
355 1364 516 1404 possidere
541 1374 678 1404 aurum,
704 1365 781 1406 quid
807 1365 929 1406 eripere
946 1367 962 1397 ἱ)

181 1417 191 1434 ⁸
207 1416 319 1448 Petrus
329 1417 510 1458 Apostolus,
525 1419 649 1459 primus
662 1419 834 1451 Dominicae
850 1429 962 1451 execu-

180 1472 230 1502 tor
245 1473 420 1512 sententiae‚
437 1474 605 1505 ostendens
619 1483 684 1505 non
705 1475 738 1505 in
752 1484 892 1506 vacuum
916 1475 962 1506 ef-

180 1525 251 1556 fusa
266 1525 391 1557 Domini
402 1527 562 1566 mandata,
577 1538 651 1559 cum
664 1530 874 1568 posceretura
886 1539 962 1569 pau-

179 1588 265 1619 pere,
281 1581 318 1610 ut
334 1580 361 1610 ei
376 1581 518 1620 pecuniae
532 1581 653 1622 aliquid
669 1582 855 1622 largiretur,
872 1583 916 1613 ait
929 1586 959 1615 l³:

180 1633 355 1674 Arqencum
370 1637 465 1674 atque
485 1643 602 1667 aurum
621 1642 685 1668 non
705 1636 814 1668 liabeo.
841 1636 962 1668 Tamen

181 1695 244 1718 non
259 1689 325 1718 tam
340 1688 372 1718 in
387 1688 447 1719 hoc
468 1689 627 1729 gloriatur
649 1690 773 1729 Petrus,
796 1691 880 1731 quod
903 1701 960 1722 au-

180 1750 266 1779 rum,
283 1744 313 1772 et
327 1744 501 1782 argeutum
517 1753 581 1774 non
597 1744 725 1782 habeat,
751 1754 850 1785 quam
875 1745 962 1785 quod

181 1797 287 1826 servet
312 1795 439 1826 Domini
466 1797 675 1836 mandatum,
700 1799 756 1838 qui
782 1799 932 1839 praecepit
952 1810 960 1830 :

181 1848 288 1881 Nolite
302 1848 465 1888 possidere
476 1858 602 1882 aterum.
618 1850 684 1881 Hoc
699 1854 746 1882 est
764 1852 867 1883 dicere
881 1862 888 1883 :
904 1852 962 1884 Vi-

182 1901 237 1932 des
250 1911 301 1933 me
317 1902 431 1933 Christi
450 1903 655 1944 discipulum,
678 1906 708 1935 et
731 1914 849 1936 aurum
870 1916 888 1936 a
911 1915 962 1937 me

182 1955 341 1995 requiris?
356 1956 451 1987 Aliud
470 1957 561 1987 nobis
578 1958 679 1989 multo
692 1958 862 1999 pretiosius
882 1969 963 1991 auro

181 2009 323 2040 donavit.
339 2020 352 2038 ι)
370 2009 426 2040 His
440 2011 548 2042 verbis
563 2011 724 2043 Ambrosii
737 2012 941 2052 Augustinus
952 2014 962 2031 ⁵

181 2063 392 2094 concordatin
403 2063 492 2094 libris
503 2064 541 2097 de
552 2065 756 2098 mirabilibus
767 2074 867 2098 saoroe
875 2068 964 2100 Scri-

179 2118 295 2155 pturoe,
312 2117 356 2148 sie
371 2117 478 2149 dicens
494 2129 500 2148 z
523 2131 537 2149 α
554 2119 591 2150 In
606 2120 812 2151 excusatione
828 2121 963 2152 eleemo-

181 2179 282 2210 synae,
301 2173 332 2202 et
345 2174 541 2212 paupertatis
557 2174 762 2214 professione,
782 2175 894 2207 Petrus
911 2186 964 2216 pa-

181 2224 313 2264 ralytico
342 2225 421 2256 dixit
444 2227 454 2243 ⁶
484 2238 490 2257 :
520 2229 644 2268 Surqe,
668 2233 696 2261 ec
721 2229 861 2267 ambula,
885 2231 963 2262 illud

181 2278 327 2318 Magistri
342 2284 537 2321 praeceptum
557 2292 688 2314 servans
706 2284 715 2300 ⁷
735 2293 743 2315 :
767 2285 870 2317 Nolite
886 2293 962 2325 1208-

181 2331 283 2364 sidere
298 2341 425 2373 aarum,
439 2344 540 2375 neque
556 2340 733 2376 amentum.
752 2338 812 2375 Qui
824 2339 909 2370 enim
924 2340 963 2371 de

180 2384 293 2425 iniquo
316 2394 501 2418 mammona
530 2390 695 2429 expeditus
719 2391 837 2429 fuerat,
862 2392 962 2423 verbo

181 2438 307 2478 imperii
323 2440 436 2471 morbo
450 2441 590 2481 ligatum
606 2443 667 2474 cito
688 2444 841 2476 solvebat.
861 2456 875 2474 »
896 2445 962 2477 Hoc

181 2492 287 2533 ipsum
304 2494 485 2526 Bernardus
506 2496 550 2527 ad
567 2496 745 2537 Eugenium
767 2500 936 2531 confirmat
953 2509 960 2530 :

214 2575 220 2590 ¹
240 2575 308 2604 Lim.y
324 2582 349 2606 x,
365 2577 387 2599 4.
403 2589 433 2592 —
449 2577 458 2592 ²
470 2576 599 2608 Ambros,
619 2578 643 2601 1'72
663 2578 729 2609 Luc„
746 2579 790 2603 lib.
807 2581 862 2610 Vll,
880 2588 906 2605 n.
922 2583 961 2607 54.

184 2623 215 2627 ——
234 2610 242 2623 ³
266 2611 339 2642 thid„
362 2618 387 2636 u.
405 2613 444 2635 55.
461 2625 490 2630 -—
510 2613 518 2626 ²⁴
533 2612 597 2643 Act„
619 2620 661 2644 111,
683 2617 705 2638 (ἱ.
726 2629 756 2632 -
772 2616 779 2629 ⁵
800 2617 853 2640 tino
873 2620 963 2642 auctor

182 2644 306 2670 librorum
320 2647 349 2670 cle
364 2648 507 2672 Miz-abelis).
524 2649 550 2672 S.
566 2650 669 2681 Sci-spi„
683 2650 727 2674 lib.
743 2652 784 2681 ill,
797 2659 818 2675 c.
830 2658 884 2684 XVI,
898 2654 963 2678 inter

184 2681 266 2711 Opera
288 2683 363 2713 Aug„
384 2684 499 2714 Append.
525 2685 587 2709 tom.
610 2686 651 2710 111.
672 2699 702 2703 --
722 2687 731 2702 ὃ
747 2687 812 2718 Act„
834 2694 877 2718 111,
896 2691 918 2713 6.
935 2704 961 2707 —-

190 2716 197 2729 7
213 2717 314 2748 Manli„
331 2724 362 2749 x,
384 2721 407 2743 9.
422 2732 452 2737 —-
470 2719 480 2736 Β
495 2721 581 2752 Bern.,
601 2721 630 2744 tle
645 2722 755 2753 Constat„
772 2722 816 2747 lib,
833 2724 864 2755 ll,
884 2732 906 2749 c.
926 2732 961 2757 vr,

1738 224 1798 254 459

1021 296 1036 314 α
1050 284 1226 326 Neclocus,
1249 297 1263 316 υ
1292 287 1397 328 inquit
1417 287 1440 326 ⁷,
1461 297 1476 316 «
1498 287 1582 327 otio,
1609 288 1665 320 ubi
1689 289 1799 322 sedula

1017 341 1116 379 urget
1131 340 1309 372 sollicitudo
1321 341 1466 373 omnium
1478 340 1703 374 Ecclesiarum.
1716 343 1798 375 Nam

1017 392 1094 433 quid
1118 393 1206 425 aliud
1228 394 1348 425 dimisit
1373 395 1430 426 tibi
1452 397 1580 426 sanctus
1605 397 1798 436 Apostolus?

1019 447 1109 483 Quod
1121 447 1229 487 nabeo,
1247 449 1364 490 inquIt,
1379 450 1436 483 hoc
1451 450 1512 482 tibi
1526 449 1580 483 do.
1596 451 1678 488 Quid
1693 451 1771 484 illud
1782 453 1797 484 ’ἶ

1017 500 1124 532 Unum
1136 502 1200 533 scio
1213 513 1219 534 :
1235 512 1339 543 neque
1352 513 1480 543 aurum,
1493 514 1597 545 neque
1608 507 1795 545 argentum,

1019 555 1176 595 cumipse
1191 556 1274 587 dicat
1288 557 1297 574 θ
1316 568 1322 588 ;
1342 558 1519 598 Arqentum
1543 561 1571 592 et
1595 568 1711 592 aurum
1733 569 1799 593 non

1018 611 1063 642 est
1075 609 1168 642 mihi.
1185 621 1200 639 υ
1219 610 1258 642 Et
1271 611 1354 643 infra
1371 623 1377 643 :
1401 624 1415 642 «
1430 613 1503 644 Esto
1519 615 1553 644 ut
1564 613 1626 645 alia
1639 623 1796 654 quacum-

1018 672 1080 703 que
1092 663 1215 695 ratione
1230 664 1298 695 haec
1313 665 1369 696 tibi
1392 667 1552 705 vendices,
1568 667 1623 698 sed
1641 677 1705 699 non
1726 677 1800 708 apo-

1018 717 1126 749 stolico
1140 719 1226 759 jure.
1250 719 1312 750 Nec
1326 720 1413 751 enim
1434 720 1487 752 ille
1509 721 1565 752 tibi
1584 722 1658 753 dare
1681 722 1798 763 potuit,

1018 771 1104 811 quod
1127 780 1194 802 non
1223 772 1344 804 habuit.
1370 784 1385 803 ι)
1411 773 1553 814 Idipsum
1583 775 1800 817 Hieronymus

1018 824 1093 856 dicit
1103 826 1284 866 expressius
1298 829 1309 846 ⁹
1323 838 1329 858 :
1349 827 1515 868 «Apostoli
1531 830 1595 860 toto
1611 830 1688 861 orbe
1703 832 1800 862 terra·

1018 887 1092 909 rum
1107 880 1284 919 peregrini,
1300 890 1365 912 non
1378 891 1422 913 ees
1435 882 1468 913 in
1483 892 1574 920 zona,
1591 892 1657 915 non
1668 884 1799 924 virgam

1019 932 1053 963 in
1067 942 1178 972 manu,
1198 943 1264 965 non
1279 936 1402 976 caligas
1417 937 1559 968 habuere
1575 938 1608 968 in
1622 938 1766 978 pedibus.
1781 949 1796 968 »

1018 987 1262 1028 Chrysostomus
1277 990 1417 1029 tandem,
1435 991 1473 1023 de
1493 992 1660 1024 Laudibus
1679 993 1776 1025 Pauli
1788 1003 1799 1023 .-

1023 1052 1037 1070 a
1052 1041 1183 1081 Paulus,
1195 1054 1209 1072 υ
1229 1043 1333 1084 inquit
1350 1045 1382 1083 ¹⁰,
1405 1056 1419 1074 α
1430 1046 1599 1085 pecuniam
1612 1055 1677 1077 non
1692 1056 1798 1087 posse-

1003 1095 1074 1126 ·dit.
1091 1095 1171 1127 Nam
1196 1097 1262 1137 ipse
1284 1098 1343 1129 hoc
1355 1100 1513 1131 testatur:
1536 1102 1639 1140 Usque
1651 1101 1687 1133 in
1702 1101 1798 1140 hanc,

1018 1149 1123 1189 inquit
1137 1151 1170 1189 ¹¹,
1186 1151 1307 1190 horam,
1324 1155 1355 1185 et
1373 1154 1543 1193 esurimus,
1562 1158 1592 1186 et
1612 1155 1754 1194 sitimus,
1770 1159 1801 1189 et

1018 1203 1103 1235 nudi
1116 1212 1238 1245 sumus,
1261 1209 1290 1238 et
1309 1207 1453 1247 colaphis
1476 1208 1642 1241 coedimur.
1669 1209 1707 1240 Et
1722 1209 1801 1250 quid

1018 1257 1087 1288 dico
1103 1259 1283 1298 pecuniam,
1302 1270 1370 1291 cum
1397 1261 1449 1292 ille
1474 1263 1690 1294 necessarium
1715 1273 1800 1304 saepe

1018 1320 1084 1342 non
1099 1311 1230 1344 haberet
1251 1313 1371 1352 cibum,
1388 1324 1446 1345 nec
1461 1325 1525 1355 quo
1545 1316 1800 1348 circumdaretur

1018 1365 1266 1398 indumentum?
1281 1378 1294 1396 D
1317 1368 1365 1399 Ex
1387 1368 1437 1399 his
1454 1370 1605 1401 omnibus
1617 1373 1726 1411 aperte
1739 1372 1801 1402 col-

1018 1420 1147 1460 ligitur,
1175 1422 1395 1462 praescriptam
1422 1425 1617 1464 paupertatis
1639 1426 1798 1464 formam,

1018 1484 1082 1515 qua
1105 1475 1185 1506 nihil
1208 1476 1405 1516 possidetur,
1430 1480 1461 1508 et
1480 1478 1513 1508 in
1535 1488 1664 1510 summa
1688 1490 1799 1512 rerum

1018 1529 1152 1568 penuria
1167 1530 1301 1569 vivitur,
1312 1531 1470 1571 Apostolis
1484 1532 1580 1564 fuisse
1592 1536 1796 1574 praeceptam,

1018 1584 1048 1613 et
1062 1583 1101 1614 ab
1110 1583 1227 1615 eisdem
1239 1587 1411 1617 servatam.
1425 1585 1506 1624 Quid
1516 1591 1626 1618 autem
1639 1588 1795 1628 ipsorum,

1017 1636 1082 1668 imo
1101 1637 1216 1668 Christi
1236 1639 1374 1678 vestigia
1397 1640 1487 1680 sequi
1509 1641 1703 1680 volentibuS,
1726 1652 1799 1674 con-

1018 1690 1144 1722 sulatur
1156 1691 1196 1721 ab
1217 1691 1297 1732 ipso,
1314 1694 1422 1732 aperte
1437 1693 1579 1725 clarescit
1600 1705 1640 1726 ex
1665 1697 1798 1728 consilio

1018 1745 1103 1785 quod
1117 1745 1201 1776 dedit
1215 1746 1416 1785 adolescenti,
1439 1747 1521 1779 sicut
1541 1749 1660 1788 legitur
1676 1751 1709 1780 in
1724 1750 1800 1782 Mat-

1018 1798 1103 1829 thaeo
1118 1800 1156 1830 ¹²:
1172 1799 1208 1831 Si
1220 1801 1270 1832 vis
1284 1801 1443 1840 perfectus
1458 1809 1533 1841 esse,
1550 1803 1641 1841 vade,
1655 1807 1684 1836 et
1698 1805 1800 1837 vende

1018 1853 1128 1884 omnia
1153 1861 1223 1892 quse
1243 1854 1400 1893 possides,
1425 1858 1454 1888 et
1475 1856 1518 1888 da
1540 1858 1750 1896 pauperibus,
1772 1862 1801 1892 et

1021 1906 1104 1943 veni,
1124 1914 1251 1946 sequere
1271 1916 1327 1939 me.
1347 1907 1436 1945 Quod
1461 1919 1625 1950 exponens
1651 1911 1801 1943 Rabanus

1019 1959 1062 1990 ait
1080 1969 1087 1990 :
1104 1971 1118 1989 «
1144 1960 1180 1990 In
1202 1962 1355 2001 potestate
1377 1964 1485 1994 nostra
1508 1966 1567 2002 est,
1594 1967 1705 1996 utrum
1723 1967 1801 1997 veli-

1021 2023 1095 2044 mus
1109 2023 1175 2044 esse
1194 2014 1337 2054 persecti3
1354 2017 1461 2047 tamen
1476 2018 1672 2059 quicumque
1686 2020 1801 2059 perfec-

1019 2069 1073 2098 tus
1090 2077 1158 2098 esse
1173 2068 1325 2107 voluerit,
1340 2069 1433 2101 debet
1448 2072 1585 2102 vendere
1598 2082 1673 2112 quae
1688 2074 1797 2105 habet:

1018 2123 1048 2152 et
1064 2131 1130 2152 non
1146 2131 1186 2152 ex
1208 2125 1298 2162 parte
1319 2123 1474 2162 vendere,
1500 2125 1581 2156 sicut
1601 2126 1752 2166 Ananias,
1770 2130 1801 2159 et

1019 2175 1200 2215 Sapphira3
1218 2176 1271 2207 sed
1295 2178 1409 2215 totum,
1426 2179 1516 2209 etsie
1536 2189 1717 2220 praeparare
1741 2182 1800 2213 sibi

1019 2230 1210 2260 thesaurum
1227 2230 1261 2261 in
1281 2240 1385 2270 regno
1410 2233 1576 2264 coelorum.
1600 2234 1664 2265 Nec
1683 2235 1744 2266 hoo
1761 2236 1800 2266 ad

1020 2284 1248 2324 perfectionem
1263 2285 1390 2324 sufficit,
1404 2286 1465 2317 nisi
1478 2287 1675 2319 Salvatorem
1688 2299 1800 2330 sequa-

1020 2340 1085 2368 tur.
1103 2337 1230 2370 Constat
1240 2341 1360 2378 autem,
1378 2341 1464 2380 quod
1479 2342 1661 2374 Christusin
1671 2353 1799 2375 sumnia

1020 2401 1129 2422 rerum
1157 2393 1291 2432 penuria
1314 2393 1405 2424 vixit.
1429 2405 1443 2423 »
1468 2395 1553 2426 ldem
1571 2396 1666 2435 paulo
1693 2399 1796 2437 poste-

1019 2445 1087 2476 rius
1106 2457 1112 2476 :
1137 2457 1151 2475 ((
1176 2446 1261 2476 Inter
1275 2447 1427 2486 pecunias
1448 2449 1577 2488 habere,
1602 2452 1632 2481 et
1648 2451 1798 2490 pecunias

1018 2509 1138 2538 amare,
1165 2500 1320 2531 nonnulla
1345 2502 1494 2533 distantia
1516 2508 1572 2534 est.
1598 2503 1688 2535 Multi
1712 2505 1797 2536 enim

1018 2579 1043 2596 n.
1066 2572 1104 2595 10.
1124 2585 1152 2589 --
1174 2572 1184 2588 ⁹
1207 2572 1368 2604 HIeronyni„
1388 2574 1422 2597 ael
1441 2575 1576 2605 [meran-li„
1596 2576 1669 2606 epist,
1690 2583 1727 2607 xr,
1746 2570 1795 2601 col.

1018 2615 1053 2631 ni.
1075 2609 1128 2631 100.
1144 2621 1172 2624 —
1190 2609 1208 2624 ¹⁶
1228 2608 1370 2639 Chrysost„
1388 2610 1417 2633 cle
1439 2610 1505 2634 laud.
1527 2612 1552 2634 S.
1571 2612 1653 2641 Paul.y
1671 2612 1741 2637 hom.
1762 2619 1795 2642 ιν,

1018 2652 1075 2675 pau.
1110 2645 1164 2668 495.
1201 2658 1226 2661 —
1260 2645 1278 2660 ¹¹
1304 2646 1309 2668 l
1337 2646 1415 2675 Com,
1447 2653 1488 2677 ιν,
1525 2649 1561 2672 11.
1586 2661 1617 2666 --
1646 2648 1664 2665 ¹²
1687 2649 1795 2677 Mami„

1018 2686 1073 2710 xlx,
1088 2682 1127 2704 21.

1050 2726 1082 2756 (a)
1101 2726 1129 2749 [η
1143 2726 1236 2755 ortyz‘n.
1254 2725 1379 2756 apposuit.
