2029 3052
298 247 357 276 564

296 311 397 344 velint
411 318 448 342 ea
461 309 600 349 fideliter
612 309 772 348 confiteri,
785 308 863 348 quia
876 316 931 338 ore
944 307 981 338 fit
994 316 1068 338 con-

296 365 390 396 fessio
405 364 445 395 ad
459 363 604 402 salutem,
621 364 658 393 ut
675 362 750 394 dicit
770 361 889 393 Paulus
904 361 925 391 ¹.
942 360 991 391 Ex
1005 370 1069 401 quo

297 427 372 450 vere
386 419 483 459 patet,
503 417 589 457 quod
609 416 780 456 recipiendi
802 415 842 446 ad
856 415 1000 446 ordinem
1015 415 1068 445 de-

297 472 372 503 bent
385 471 487 512 parati
501 479 569 501 esse
582 470 621 501 ad
635 469 838 510 martyrium.
861 470 906 500 Et
918 476 1017 508 usque
1028 467 1072 500 ad

297 526 394 565 linem
421 524 559 563 tirmiter
585 523 768 560 observare,
801 522 877 562 quia
901 522 1072 562 praemium

298 579 392 610 datur
406 577 464 609 soli
481 577 708 618 perseveranti.
733 575 880 607 Secunda
901 577 950 606 est
971 575 1005 605 in
1019 583 1071 605 or-

298 632 372 664 dine
395 631 501 672 quoad
520 631 699 670 mundum,
723 639 781 671 pro
807 639 871 670 qua
883 629 990 660 subdit
1007 640 1014 660 :
1034 629 1075 660 Et

298 693 415 718 uoeores
430 693 494 717 non
507 685 623 717 habent
634 685 688 725 (a),
704 686 775 723 ete„
790 683 839 715 vel
853 683 1015 715 licentiam
1029 682 1074 713 eis

299 739 457 776 dederint,
474 739 591 770 scilicet
614 738 754 775 marim,
781 737 971 769 auctoritate
994 735 1074 766 aioe-

300 794 410 825 cesani
423 793 588 833 Episcopi,
599 794 670 824 voto
679 791 750 831 jam
761 790 969 823 continentiae
979 789 1074 821 emis-

301 855 346 879 so.
363 846 429 878 Hoc
441 846 566 884 dicitur,
584 845 660 885 quia
678 846 790 876 votum
809 844 915 884 quoad
929 843 990 874 hoc
1011 851 1076 873 non

302 900 537 938 solemnizatur,
555 899 617 929 nisi
631 907 762 936 vovens,
786 897 908 928 mundo
923 896 1074 933 moriens,

301 954 336 984 in
351 953 522 993 spiritualis
537 952 635 993 patris
649 952 776 992 penitus
791 953 929 982 transeat
942 952 1078 990 potesta-

302 1008 378 1045 tem,
395 1006 482 1046 quod
497 1006 658 1046 praecipue
672 1005 822 1036 convenit
835 1012 951 1044 sponso
969 1002 1076 1033 Eccle-

303 1060 369 1091 siae.
382 1060 422 1091 Et
437 1059 527 1092 illius
540 1061 608 1092 sint
630 1060 736 1091 oetatis
758 1065 886 1096 uxores,
907 1056 992 1097 quod
1014 1063 1078 1087 non

303 1115 406 1154 possit
425 1113 464 1145 ote
484 1115 529 1145 eis
547 1114 629 1145 oriri
646 1113 800 1152 suspicio.
823 1111 910 1142 AEtas
930 1110 990 1141 ista
1013 1118 1079 1140 non

305 1167 413 1198 minus
425 1167 596 1198 stabilitate
611 1166 748 1204 virtutis,
770 1174 867 1205 quam
881 1166 983 1195 tractu
997 1166 1077 1194 tem-

306 1221 391 1261 poris
416 1221 632 1252 mensuranda
655 1221 798 1258 videtur,
823 1219 899 1259 quia
925 1218 999 1249 dicit
1022 1216 1078 1248 Sa-

306 1275 441 1315 piens²:
469 1274 613 1306 Senectus
638 1273 828 1305 venerabilis
853 1275 897 1304 esc
919 1279 984 1303 non
1009 1270 1080 1302 diu-

308 1331 406 1360 turna
417 1352 425 1366 ,
456 1336 510 1360 nec
536 1335 692 1359 annorum
719 1333 849 1358 numero
887 1327 1078 1365 computata.

309 1382 392 1414 Cani
407 1383 491 1413 enim
514 1385 589 1413 sunt
603 1389 712 1412 sensus
727 1380 880 1418 hominis,
900 1382 929 1411 et
947 1382 1024 1410 a’tas
1038 1387 1082 1410 se-

308 1436 446 1468 nectutis
459 1436 531 1468 vita
546 1434 763 1467 immaculata.
782 1433 816 1463 ln
832 1434 892 1464 isto
907 1435 1014 1463 autem
1027 1433 1083 1462 im-

308 1489 489 1529 pedimento
510 1488 617 1519 omnia
644 1488 706 1518 alia
738 1487 959 1526 intelliguntur
972 1510 979 1524 ,
1010 1494 1083 1524 quae

309 1545 437 1583 possent
451 1542 694 1582 ineptitudinem
709 1541 748 1571 ad
762 1541 947 1579 ingressum
964 1539 1084 1570 ordinis

311 1605 467 1636 generare
489 1607 496 1626 z
527 1596 608 1626 sicut
639 1595 751 1625 modus
776 1597 822 1624 est
849 1594 939 1624 istius
963 1593 1085 1632 regulae

311 1650 385 1681 dare
396 1659 436 1681 ex
448 1649 605 1680 similibus
620 1648 736 1679 similia
759 1647 950 1686 intelligere,
974 1649 1004 1677 et
1023 1646 1083 1676 mi-

312 1713 390 1734 nora
403 1704 436 1733 in
449 1703 622 1742 majoribus
634 1701 807 1741 implicare.
822 1702 898 1738 Quae
913 1702 1021 1731 autem
1037 1700 1087 1730 hic

312 1757 472 1795 dicuntur,
499 1756 707 1795 colliguntur,
735 1755 840 1786 Extra
851 1778 859 1792 ,
889 1753 928 1785 cle
961 1761 1087 1785 conver-

312 1811 401 1842 sione
421 1810 684 1850 conffuqatorum,
708 1817 735 1839 c.
765 1808 840 1839 Cum
856 1808 902 1839 sis
928 1810 949 1845 ³,
967 1809 997 1837 ct
1020 1806 1088 1837 aliis

314 1864 470 1904 pluribus.

355 1919 472 1949 Dicant
488 1917 554 1948 iltis
570 1916 696 1948 verbum
714 1916 821 1947 sancti
836 1914 1016 1954 Evanqelii.
1034 1914 1091 1944 Hic

316 1972 427 2011 agitur
441 1971 479 2002 de
495 1971 598 2008 tertio,
622 1969 740 2000 scilicet
754 1969 792 1999 dc
816 1969 979 2007 religionis
1001 1968 1090 2008 puri-

318 2028 390 2064 tate,
410 2034 484 2065 quae
499 2025 532 2055 in
547 2024 649 2054 trihus
670 2023 828 2053 consistit:
847 2022 879 2052 in
894 2021 1092 2052 venientium

319 2079 532 2110 denudatione
556 2078 713 2117 persecta;
740 2076 775 2106 in
806 2075 985 2114 frugalitate
1010 2075 1090 2105 reci-

320 2132 476 2172 pientium
492 2131 669 2167 manifesta,
686 2130 727 2160 ibi
741 2138 748 2159 :
764 2129 803 2161 Ec
818 2132 951 2160 caveant
965 2129 1090 2167 fraires,

320 2194 358 2217 ne
371 2185 503 2217 solliciti
512 2195 524 2223 ,·
539 2184 629 2214 tertio
643 2183 675 2213 in
690 2183 861 2213 directione
875 2182 914 2212 ad
929 2182 1094 2212 relevatio-

322 2248 396 2269 nem
412 2247 588 2278 pauperum
602 2237 746 2273 discreta,
763 2236 805 2265 ibi
824 2247 830 2266 :
858 2235 893 2267 Si
907 2239 1012 2267 tamen
1026 2244 1096 2267 con-

322 2292 434 2324 silium
456 2292 651 2331 requirentium
669 2289 730 2320 Pro
746 2289 849 2328 primo
865 2289 938 2319 dicit
955 2299 962 2320 z
979 2290 1096 2320 Dicant

323 2346 392 2378 illis
408 2345 534 2377 verbum
548 2344 654 2375 sinicii
666 2342 845 2381 Ercingyelii,
863 2342 946 2381 quod
961 2342 1094 2380 vadant,

324 2404 352 2432 et
368 2399 508 2431 vendant
528 2398 636 2429 omnia
656 2405 726 2433 sua,
749 2399 776 2427 et
795 2396 946 2428 studeant
966 2404 1002 2427 ea
1019 2405 1099 2436 pau-

323 2453 451 2494 peribus
467 2459 605 2491 erogare.
622 2449 687 2479 lloc
707 2449 792 2480 enim
811 2449 950 2479 sumitur
970 2449 1007 2480 de
1022 2459 1095 2480 con-

325 2507 394 2537 silio
410 2505 546 2543 Domini,
564 2506 600 2535 ut
612 2503 747 2533 habetur
761 2502 794 2532 in
811 2503 956 2534 Matzlioeo
970 2507 993 2539 δ,
1010 2504 1040 2533 et
1055 2502 1097 2532 si-

328 2561 400 2591 mile
421 2561 543 2599 legitur
561 2559 593 2588 in
611 2558 696 2588 Luca
715 2559 736 2594 ὅ,
758 2556 813 2586 ubi
836 2557 950 2586 dicitnr
965 2567 971 2586 :
987 2557 1027 2588 Ec
1052 2557 1100 2587 ait

358 2624 365 2640 ¹
382 2624 458 2653 Rom„
474 2629 499 2653 x,
517 2624 554 2645 10.
569 2634 595 2638 —
613 2621 620 2634 ³
633 2620 703 2650 Sap„
719 2624 754 2648 IV,
770 2619 822 2642 8-9.
834 2631 864 2635 -
878 2619 885 2632 ³
899 2619 995 2642 Βᾶθι-εί.
1013 2619 1099 2649 Grey„

326 2659 369 2684 lib.
386 2661 429 2690 ΙΙΙ,
442 2660 478 2683 tit.
497 2664 578 2685 xxm,
595 2664 617 2680 c.
631 2657 654 2680 4.
665 2668 693 2672 -
705 2656 713 2668 ⁴
726 2654 828 2683 Matisa„
845 2661 897 2684 mx,
914 2657 952 2679 21.
964 2668 994 2672 —-
1008 2656 1018 2672 ὃ
1032 2656 1100 2685 Luc„

327 2701 368 2726 ix,
384 2697 468 2720 61-62.
484 2708 515 2713 —
535 2695 544 2710 θ
562 2694 633 2721 Gen„
650 2696 743 2720 xxxxx,
760 2691 798 2713 12.
814 2703 844 2707 —-
861 2691 867 2704 ⁷
884 2691 973 2718 Mat-c..
989 2697 1043 2720 mv,
1060 2692 1099 2714 52.

326 2744 357 2748 —
376 2732 384 2745 ⁸
402 2731 501 2761 Aliquid
526 2729 607 2754 simile
633 2727 710 2750 habet
736 2725 922 2757 Hieronymus,
941 2727 975 2749 ml
998 2727 1099 2757 Rustic„

996 239 1202 273 EXPOSITIO

1126 308 1206 340 alter
1222 317 1230 340 :
1246 308 1365 349 Sequar
1375 311 1417 346 te,
1431 311 1583 344 Domine;
1594 309 1652 342 sed
1663 311 1814 351 permitte
1825 313 1899 351 pri-

1126 369 1212 393 mum
1234 363 1419 395 renuntiare
1443 363 1495 395 his
1523 372 1596 403 quoe
1618 363 1707 396 domi
1728 367 1814 397 sunt.
1843 366 1900 398 Ait

1127 415 1171 446 ad
1204 416 1296 447 illum
1326 416 1414 448 Jesus
1449 426 1459 448 :
1482 417 1580 449 Nemo
1605 418 1735 449 mittens
1768 426 1900 450 manum

1127 476 1219 500 suam
1231 469 1274 500 ad
1289 473 1446 507 aratrum,
1463 473 1491 502 et
1505 470 1666 510 aspiciens
1682 470 1718 510 (b)
1730 474 1824 510 retro,
1842 480 1900 511 ap-

1129 525 1181 554 tus
1196 524 1241 554 est
1252 530 1348 562 'reque
1364 523 1437 554 Dei.-
1453 525 1489 554 ut
1497 523 1559 554 sint
1571 523 1649 554 nudi
1661 524 1766 562 corde,
1777 526 1815 555 ut
1827 526 1902 555 sunt

1129 575 1185 614 qui
1199 575 1317 606 divitiis
1338 575 1456 606 habitis
1479 585 1533 607 cor
1555 585 1622 607 uon
1644 579 1821 617 apponunt,
1843 586 1902 608 nec

1129 628 1241 659 nudati
1254 630 1380 659 tantum
1395 628 1562 670 chlamyde
1572 639 1647 660 cum
1660 629 1775 670 Joseph
1787 630 1904 671 AEgyp-

1130 682 1208 713 tiam
1231 682 1375 722 fugiente
1397 682 1418 721 ⁶,
1438 692 1534 723 quem
1556 683 1734 722 imitantur,
1756 684 1826 724 qui,
1851 693 1901 715 re-

1129 735 1210 766 lictis
1233 735 1450 775 implicativis,
1480 736 1541 767 sibi
1563 737 1702 767 retinent
1723 737 1903 777 operimen-

1130 789 1201 817 tum
1221 787 1382 818 sufficiens
1403 787 1554 827 nuditati,
1577 790 1608 818 et
1630 797 1688 820 suo
1709 789 1803 820 modo
1826 789 1904 820 nudi

1132 841 1251 871 nudam
1279 850 1406 872 crucem
1429 841 1625 881 sequuntur3
1650 842 1704 872 sed
1727 842 1790 873 sint
1810 843 1905 873 etiam

1132 894 1210 925 adeo
1233 894 1328 931 nudi,
1351 897 1388 925 ut
1415 894 1481 925 sint
1505 894 1628 934 spoliati
1649 895 1782 927 sindone
1809 905 1906 936 super

1132 948 1231 985 nudo,
1254 950 1290 978 ut
1308 957 1327 978 a
1353 948 1593 988 propinquiori,
1618 957 1693 979 cum
1711 949 1905 980 adolescente

1133 1001 1287 1040 diligente
1306 1001 1481 1033 Dominum
1501 1010 1568 1041 prae
1582 1002 1705 1033 caeteris
1719 1002 1742 1041 ⁷,
1758 1012 1833 1034 cum
1847 1003 1905 1033 ab-

1130 1057 1215 1095 jecto
1236 1056 1392 1096 pondere,
1416 1056 1450 1086 in
1474 1055 1627 1086 nuditatis
1652 1056 1788 1087 termino
1811 1056 1907 1088 statui

1135 1109 1195 1141 viee
1205 1109 1357 1149 possibili,
1366 1109 1479 1140 Christi
1486 1109 1808 1149 vestigiaimitentur.
1819 1109 1908 1146 Quod

1135 1164 1165 1194 si
1177 1164 1281 1201 facere
1300 1171 1365 1194 non
1378 1165 1553 1202 potuerint,
1571 1165 1698 1203 propter
1713 1163 1773 1194 loci
1787 1163 1906 1194 distan-

1134 1217 1224 1255 tiam,
1234 1217 1285 1248 vel
1295 1219 1423 1257 propter
1434 1217 1540 1248 litium
1551 1207 1799 1257 implicationem
1811 1228 1818 1249 :
1837 1217 1909 1256 Sut-

1137 1271 1207 1309 ficit
1219 1272 1265 1302 eis
1283 1270 1363 1303 bona
1376 1271 1536 1310 voluntas,
1551 1280 1616 1311 qua
1630 1270 1714 1302 licite
1732 1271 1863 1309 ceditur,
1878 1272 1909 1301 et

1137 1325 1245 1355 omnia
1274 1327 1539 1363 contemnuntur,
1572 1325 1663 1364 juxta
1692 1324 1769 1355 illud
1797 1324 1907 1355 Hiero-

1138 1379 1228 1418 nymi
1245 1388 1252 1409 :
1273 1378 1335 1409 «Si
1356 1378 1454 1409 habes
1474 1387 1524 1408 res
1548 1380 1629 1417 tuas,
1651 1378 1771 1415 vende;
1795 1378 1822 1408 si
1844 1387 1910 1408 non

1138 1432 1236 1462 habes
1257 1434 1287 1470 ⁸,
1312 1431 1441 1471 projice.
1466 1430 1566 1462 Nemo
1588 1431 1828 1462 renuntiaturus
1851 1440 1911 1462 sae-

1139 1484 1220 1523 culo,
1237 1486 1340 1524 potest
1353 1485 1434 1516 bene
1450 1485 1596 1524 vendere,
1616 1493 1688 1525 quae
1705 1484 1908 1525 contempsit,

1140 1541 1176 1569 ut
1190 1538 1351 1569 venderet.
1368 1549 1383 1566 »

1182 1592 1332 1632 Sequitur
1344 1592 1382 1623 de
1398 1591 1467 1632 puri
1473 1594 1538 1622 tare
1548 1601 1566 1622 a
1576 1593 1665 1632 parte
1678 1592 1910 1632 recipientium.

1143 1646 1282 1678 caveant
1309 1649 1415 1678 (uitem
1436 1646 1563 1684 [ratres.
1588 1644 1674 1676 Istud
1701 1645 1828 1676 videtur
1854 1645 1913 1676 dici

1142 1700 1365 1740 prohibitoria,
1393 1709 1466 1729 cum
1488 1699 1671 1728 inhibeatur
1694 1700 1730 1728 ut
1750 1697 1911 1736 illicitum;

1142 1753 1226 1792 quod
1241 1752 1405 1791 colligitur
1419 1761 1460 1782 ex
1473 1752 1533 1782 hoc
1541 1751 1627 1791 quod
1637 1751 1780 1791 sequitur
1795 1762 1801 1782 :
1817 1751 1852 1783 Si
1868 1755 1914 1783 ta-

1143 1815 1215 1838 men
1242 1806 1412 1838 consitium
1438 1806 1634 1845 requiratur.
1662 1804 1710 1836 Ex
1737 1814 1801 1845 quo
1829 1805 1915 1836 enim

1144 1860 1270 1890 licentia
1284 1860 1318 1890 in
1332 1860 1393 1890 hoc
1414 1861 1539 1890 tantum
1561 1859 1664 1897 datur,
1689 1859 1722 1889 in
1744 1859 1806 1889 alio
1820 1859 1915 1890 dene-

1147 1916 1253 1953 gatur.
1273 1914 1313 1945 Et
1334 1921 1440 1945 eorum
1458 1913 1617 1950 ministri,
1639 1920 1677 1944 ne
1701 1912 1832 1945 solliciti
1850 1913 1918 1945 sint

1146 1968 1183 1999 cle
1198 1967 1286 1999 rebus
1299 1968 1367 1998 suis
1382 1966 1619 2006 temporalibus,
1637 1968 1672 1998 ut
1686 1966 1779 1998 libere
1792 1966 1918 2005 faciant

1147 2021 1282 2053 derebus
1290 2021 1359 2052 suis
1367 2020 1531 2060 quidquid
1540 2020 1696 2051 Dominus
1706 2020 1919 2059 inspiraverit

1148 2075 1203 2106 eis.
1220 2074 1285 2105 Hoc
1299 2074 1437 2105 sumitur
1452 2083 1492 2105 ex
1510 2073 1656 2113 exemplo
1672 2073 1797 2104 Domini
1811 2074 1917 2104 dicen-

1149 2129 1188 2158 tis
1204 2129 1213 2143 ⁶
1227 2139 1234 2158 2
1256 2127 1361 2159 Vende
1375 2128 1485 2160 omnia
1497 2135 1566 2167 quse
1579 2127 1683 2165 habes,
1702 2129 1730 2158 et
1744 2126 1788 2158 da
1800 2135 1921 2167 paupe-

1149 2181 1250 2218 ribus,
1266 2184 1324 2212 etc.
1347 2181 1444 2212 Seeus
1460 2183 1527 2211 erat
1548 2181 1582 2211 in
1603 2180 1736 2212 Actibus
1760 2179 1922 2219 Apostolo-

1150 2243 1233 2272 rum,
1249 2235 1303 2265 ubi
1328 2234 1442 2265 dicitur
1457 2234 1480 2272 ⁹,
1496 2234 1581 2274 quod
1594 2236 1722 2274 propter
1743 2233 1921 2264 multitudi-

1151 2297 1224 2319 nem
1246 2288 1389 2319 virorum
1409 2297 1444 2318 ac
1471 2287 1644 2318 mulierum
1669 2287 1764 2317 simul
1783 2287 1922 2317 existen-

1151 2342 1243 2378 tium,
1261 2341 1343 2371 inter
1358 2349 1438 2380 quos
1452 2340 1560 2370 nullus
1574 2341 1640 2370 erat
1654 2348 1764 2379 egenS,
1782 2338 1922 2380 Apostoli

1154 2395 1307 2433 gerebant
1322 2394 1465 2434 pecuniae
1486 2393 1578 2433 pretii
1597 2402 1708 2424 rerum
1721 2393 1919 2424 venditarum

1153 2448 1193 2479 ad
1207 2450 1333 2488 teinpus
1354 2447 1608 2486 sollicitudinem,
1627 2456 1724 2487 quam
1743 2447 1803 2476 cito
1825 2445 1920 2475 dimi-

1154 2503 1274 2539 serunt,
1291 2502 1374 2532 sicut
1388 2500 1607 2540 impeditivam
1624 2499 1712 2531 verbi
1727 2498 1790 2529 Dei.
1807 2497 1923 2528 Discre-

1155 2556 1215 2586 tior
1229 2558 1259 2586 et
1280 2555 1482 2586 excellentior
1506 2556 1553 2585 est
1578 2553 1690 2592 regula
1712 2552 1752 2582 ab
1770 2551 1838 2591 ipso
1862 2552 1921 2582 Do-

1156 2641 1230 2672 epist.
1245 2647 1281 2672 1v‚
1297 2642 1344 2666 col.
1361 2649 1395 2665 in.
1413 2642 1455 2671 49,
1473 2640 1499 2663 in
1519 2639 1582 2668 fine,
1604 2637 1700 2661 textum
1719 2644 1781 2661 vero
1796 2637 1923 2669 integrum

1155 2684 1207 2701 non
1222 2678 1314 2708 reperi.
1328 2691 1358 2696 —
1373 2678 1381 2691 '³
1396 2677 1459 2706 Act„
1475 2681 1509 2705 Vl,
1523 2676 1547 2698 2.

1189 2727 1220 2757 (ιι)
1238 2727 1312 2751 Forte
1328 2727 1378 2757 leg.
1393 2725 1507 2749 habeant.
1523 2736 1552 2741 -
1568 2723 1598 2753 (b)
1619 2722 1693 2753 Vulg.
1711 2724 1851 2754 respiciens.
