2029 3052
607 230 765 265 CONTRA
787 231 1021 265 MAGISTRUM
1044 233 1290 268 GUILELMUM.

142 301 282 342 tatione,
299 301 451 333 Dominus
474 299 630 342 persuasit
651 299 820 341 Apostolis,
835 309 917 341 quos

142 356 239 388 etiam
255 355 294 388 ad
308 354 547 397 praedicandum
561 353 644 386 inter
658 353 802 385 infideles
814 354 914 392 misit3

143 409 244 440 multo
256 409 380 446 fortius,
396 417 471 440 cum
489 407 680 449 praedicatur
701 407 915 448 Evangelium

142 461 300 502 fidelibus,
314 461 512 503 perfectionis
527 463 573 493 est
591 461 630 493 de
648 460 835 502 hujusmodi
850 469 915 492 non

142 525 210 548 esse
223 515 403 555 sollicitum,
419 515 473 547 sed
487 515 574 547 victu
587 516 618 546 et
632 514 752 546 vestitu
769 513 828 545 sibi
842 513 915 545 dato

142 578 210 602 esse
224 571 420 602 contentum.

182 623 260 655 Item
274 623 317 654 ait
332 624 341 641 ¹
359 634 366 654 :
387 623 579 663 Quicumque
594 623 766 663 susceperit
783 630 917 662 puerum

142 677 179 709 ἰη
201 678 329 710 nomine
352 684 439 716 meo,
463 677 507 707 ibi
541 676 650 708 Glossa
673 675 885 707 interlinearis
907 687 914 707 :

145 739 358 772 «pauperem.
384 741 399 759 »
416 730 454 762 Et
468 730 530 761 alia
544 729 651 761 Glossa
667 740 674 761 :
694 741 708 759 (ι
732 730 792 767 Qui
812 729 918 760 imita-

140 785 244 816 torem
267 783 381 815 Christi
406 783 540 823 recipit,
565 782 727 814 Christum
751 783 872 823 recipit.
901 794 916 812 υ

140 837 226 877 Ergo
243 845 317 868 cum
340 837 513 877 suscipitur
533 845 654 877 pauper
675 836 806 867 imitans
827 835 917 866 Chri-

140 893 238 930 stum,
262 890 435 931 suscipitur
457 890 611 922 Christus.
636 889 669 921 Si
691 899 771 929 ergo
795 890 916 930 perfec-

141 944 235 977 tionis
244 944 439 984 evangelicae
450 946 574 976 estesse
589 953 774 985 pauperem,
788 946 819 975 et
829 944 919 975 Chri-

143 999 182 1030 sti
201 998 409 1037 imitatorem;
429 998 628 1039 perfectionis
654 997 849 1038 evangelicae
872 1000 919 1029 est

145 1053 178 1084 in
190 1053 243 1084 tali
253 1062 393 1093 paupere
407 1061 465 1093 pro
480 1052 603 1083 Christo
618 1052 746 1092 suscipi.
765 1051 824 1090 Qui
837 1061 918 1092 ergo

144 1107 353 1138 mendicando
376 1106 464 1147 petit,
483 1116 502 1137 a
523 1106 713 1147 perfectione
731 1105 919 1146 evangelica

142 1169 206 1192 non
222 1161 350 1192 recedit.

182 1214 261 1245 Item
275 1214 349 1245 dicit
361 1215 372 1231 ²
388 1225 395 1246 ι
412 1213 516 1246 Nolite
530 1216 656 1254 portare
671 1213 844 1252 sacculum,
860 1221 916 1245 ne-

142 1276 201 1308 que
210 1275 319 1307 peram
333 1277 343 1297 :
352 1267 408 1298 uhi
424 1267 533 1298 Glossa
551 1278 557 1298 :
577 1279 592 1296 (ι
610 1267 712 1298 Tanta
726 1267 819 1298 debet
832 1275 918 1307 prae-

142 1321 273 1353 dicatori
292 1329 359 1352 esse
380 1321 497 1352 fiducia
518 1320 553 1351 in
581 1320 660 1358 Deo,
687 1322 723 1352 ut
751 1320 919 1361 praesentis

142 1375 218 1408 vitae
230 1377 376 1416 sumptus
392 1375 450 1406 etsi
465 1384 530 1406 non
541 1374 725 1415 praevideat,
737 1375 795 1406 sibi
810 1377 919 1406 tamen

143 1438 207 1460 non
224 1429 398 1460 defecturos
413 1428 586 1459 certissime
601 1429 688 1466 sciat,
705 1438 757 1468 ne,
773 1429 852 1460 dum
866 1438 919 1460 oc-

143 1484 278 1523 cupatur
291 1490 383 1513 mens
398 1482 437 1512 ad
452 1481 650 1522 temporalia,
669 1482 776 1513 minus
800 1482 920 1523 praedi-

143 1540 191 1567 eet
209 1538 339 1567 aeterna.
362 1547 377 1564 υ
400 1535 449 1566 Ad
471 1535 698 1575 expeditiorem
719 1535 821 1575 igliur
841 1545 921 1576 prae-

143 1591 332 1622 dicationem
349 1590 493 1622 veritatis
507 1590 593 1628 facit,
611 1589 695 1630 quod
711 1590 784 1630 quis
798 1593 921 1631 tempo-

143 1643 223 1675 ralia
240 1653 306 1675 non
318 1643 492 1684 praevideat
502 1644 574 1682 sihi,
591 1644 645 1674 sed
655 1645 797 1684 expectet
811 1645 870 1675 sibi
881 1646 921 1676 ab

144 1697 212 1728 ali1s
231 1697 310 1736 dari,
329 1707 404 1728 cum
425 1707 553 1729 necesse
575 1697 734 1728 habuerit.
752 1698 836 1738 Ergo
851 1699 923 1730 talis

144 1752 258 1783 modus
275 1751 406 1784 vivendi
422 1754 573 1783 consonat
589 1752 728 1791 veritati,
740 1755 770 1783 et
780 1762 921 1794 evange-

145 1805 215 1836 licae
230 1805 425 1845 perfectioni.

187 1859 266 1889 Item
281 1859 355 1889 alibi
371 1859 446 1890 dicit
459 1860 468 1876 ³
485 1870 491 1890 :
515 1860 626 1892 Facite
645 1860 731 1892 vobis
752 1862 870 1893 amicos
884 1862 923 1894 cle

145 1919 327 1944 mammona
347 1913 546 1952 iniquitatis,
566 1917 612 1951 ut,
634 1922 704 1945 cum
727 1913 921 1953 defeceritis,

145 1966 306 2006 recipient
327 1973 382 1997 vos
405 1967 442 1998 in
465 1969 588 1998 (eterna
614 1967 831 1999 tabernacula.
864 1969 923 1999 l‘bi

147 2018 275 2050 Glossa:
297 2018 395 2050 «Non
418 2019 575 2059 quoslibet
596 2029 762 2060 pauperes,
787 2022 841 2052 sed
857 2031 921 2060 eos,

146 2073 201 2112 qui
212 2075 346 2112 possunt
355 2073 386 2103 in
399 2075 517 2104 aeterna
528 2074 729 2105 tabernacula
741 2075 891 2115 recipere.
905 2088 918 2105 u

135 2125 208 2157 .Sed
222 2125 300 2156 tales
315 2128 389 2157 sunt
400 2135 557 2166 pauperes
571 2128 704 2167 spiritu,
725 2138 864 2168 quorum
879 2133 924 2163 est

147 2187 279 2220 reqnum
292 2180 436 2212 coelorum
447 2183 468 2211 t.
483 2180 570 2220 Ergo
586 2182 760 2212 secundum
774 2183 923 2214 divinum

148 2233 317 2264 consilium
347 2235 415 2272 est,
445 2234 531 2274 quod
561 2234 774 2275 eleemosynae
804 2237 922 2268 talibus

147 2287 342 2327 pauperihus
369 2287 484 2318 dentur
495 2312 503 2325 ,
533 2290 563 2318 et
590 2289 674 2328 quod
706 2290 746 2319 ab
777 2290 821 2320 eis
849 2300 922 2322 sus-

148 2340 316 2380 cipiantur.
345 2339 404 2370 Sed
438 2341 522 2380 quod
550 2341 659 2372 divino
684 2343 815 2373 consilio
843 2352 923 2374 con-

147 2396 248 2433 sonat,
265 2393 447 2434 perfectioni
459 2394 654 2433 evangelicae
664 2404 728 2426 non
743 2400 920 2436 repugnat:

150 2457 239 2487 ergo,
256 2450 316 2478 etc.

189 2501 266 2532 ltem
282 2501 508 2541 Hieronymus,
521 2501 676 2534 adversus
692 2503 921 2544 Vz'qz‘lantz'um,

149 2557 286 2586 tractans
300 2556 503 2596 praemissum
512 2556 659 2595 verbum,
675 2557 748 2587 dicit
761 2558 772 2574 ⁵
792 2569 798 2589 :
815 2558 922 2589 «Num

150 2609 200 2639 isti
223 2618 387 2649 pauperes,
410 2610 493 2640 inter
515 2619 652 2650 quorum
674 2611 781 2642 sordes
802 2613 832 2642 et
849 2612 924 2643 illu-

181 2690 189 2706 ²
205 2690 271 2718 Luc,
287 2695 323 2720 ix,
340 2691 378 2714 48.
394 2703 424 2708 —
439 2690 447 2704 ²
461 2691 528 2721 Luc„
544 2697 571 2722 x,
587 2693 609 2716 4.
625 2704 654 2708 —
669 2691 677 2705 ³
693 2692 768 2723 ibid„
784 2698 838 2723 xw,
856 2694 878 2716 9.
893 2705 924 2710 —-

151 2725 158 2741 ⁴
173 2725 274 2755 Mami„
292 2731 316 2757 V,
336 2726 359 2750 3.
376 2739 403 2743 -
424 2726 434 2743 ¹⁵
453 2726 568 2758 Hieron„
588 2727 645 2752 adu.
670 2727 805 2759 V2'9ilant.‚
822 2727 870 2753 col.
887 2735 922 2752 m.

1695 241 1753 271 377

974 301 1061 332 viem
1082 303 1242 343 corporis,
1265 303 1408 344 flagrans
1430 303 1530 336 libido
1555 305 1752 347 dominatur,

975 357 1108 395 possunt
1121 356 1240 388 habere
1254 359 1374 389 aeterna
1392 358 1608 398 tabernacula,
1623 360 1679 401 qui
1694 370 1755 392 nec

974 409 1146 449 praesentia
1161 411 1410 451 possident„11ec
1429 412 1560 444 futura?
1584 412 1654 445 Non
1669 414 1754 445 enim

975 461 1162 502 simpliciter
1183 473 1356 504 pauperes,
1379 465 1433 496 sed
1455 473 1610 506 pauperes
1632 468 1756 507 spiritu

974 515 1058 546 beati
1074 516 1284 557 appellantur.
1304 518 1345 549 De
1362 518 1480 559 quibus
1495 519 1649 560 scriptum
1664 522 1712 552 est
1726 521 1753 552 ⁰:

974 568 1093 602 Beatus
1107 571 1165 610 qui
1175 571 1328 612 inlelliqit
1342 579 1436 612 super
1448 580 1579 613 euenum
1594 577 1623 606 ec
1638 582 1757 615 paupe-

975 630 1042 655 rem
1049 632 1063 662 ;
1083 623 1120 655 in
1143 623 1198 656 die
1215 624 1303 656 mala
1322 624 1470 658 liberabit
1493 634 1563 658 eum
1584 627 1755 660 Dominus.

975 675 1011 707 In
1036 677 1127 716 vulgi
1155 678 1347 718 pauperibus
1370 680 1604 719 sustentandis,
1632 690 1757 722 nequa-

975 739 1074 771 quam
1090 730 1270 770 intellectu,
1293 732 1347 763 sed
1365 732 1569 774 eleemosyna
1588 744 1669 775 opus
1689 739 1755 776 est3

975 784 1009 815 in
1025 785 1141 816 sanctis
1156 786 1362 826 pauperibus,
1386 786 1549 819 beatitudo
1568 790 1616 820 est
1640 789 1758 822 intelli-

979 838 1108 878 gentiae,
1126 840 1162 870 ut
1181 839 1209 870 ei
1224 840 1343 872 tribuat
1358 841 1414 881 qui
1429 841 1589 873 erubescit
1603 843 1756 884 accipere,

975 893 1006 923 et
1028 892 1105 923 dum
1130 893 1303 933 acceperit,
1328 894 1430 932 dolet,
1454 896 1576 927 metens
1600 897 1755 935 carnalia,

975 947 1006 977 et
1043 946 1207 978 seminans
1246 948 1435 988 spiritualia.
1472 959 1487 977 1>
1526 949 1603 981 Haec
1646 950 1758 982 Hiero-

975 1009 1106 1041 nymus.

1017 1053 1097 1085 Item
1112 1053 1282 1092 Apostolus
1297 1055 1341 1086 ait
1353 1054 1363 1072 ⁷
1382 1066 1388 1085 :
1415 1055 1528 1088 Vestra
1552 1056 1759 1090 abundantia

976 1108 1104 1140 illorum
1134 1108 1279 1148 inopiam
1307 1108 1476 1148 suppleat,
1511 1112 1547 1142 ut
1575 1113 1605 1143 et
1630 1110 1759 1144 illorum

977 1161 1182 1194 abundantia
1205 1165 1317 1194 vescroe
1343 1163 1463 1202 inopice
1492 1164 1535 1195 sit
1559 1165 1759 1204 supplemen-

977 1217 1054 1247 tum.
1073 1215 1180 1246 Glossa
1202 1225 1209 1246 :
1233 1226 1247 1244 «
1266 1214 1377 1247 Vestra
1397 1216 1593 1248 abundantia
1615 1220 1758 1250 terreno-

976 1277 1062 1306 rum,
1089 1268 1234 1308 suppleat
1255 1268 1386 1300 illorum
1404 1269 1561 1310 inopiam,
1585 1273 1621 1302 ut
1641 1281 1658 1302 e
1682 1281 1760 1304 con-

977 1330 1071 1353 verso
1086 1322 1283 1353 abundantia
1306 1322 1435 1353 illorum
1458 1324 1687 1364 spiritualium,
1704 1327 1760 1367 qui

977 1374 1096 1406 divinis
1117 1377 1249 1414 vacant,
1275 1378 1391 1407 vestrae
1419 1376 1460 1407 sit
1491 1377 1607 1418 inopiae
1633 1380 1759 1420 supple-

982 1430 1137 1459 mentum.
1151 1440 1165 1457 »
1185 1428 1217 1460 Si
1233 1438 1312 1469 ergo
1330 1430 1390 1460 hoc
1407 1432 1526 1470 spectat
1539 1431 1579 1462 ad
1601 1432 1762 1472 perfectio-

979 1492 1053 1513 nem
1069 1483 1220 1514 dominici
1241 1484 1398 1524 corporis,
1420 1485 1505 1525 quod
1530 1486 1676 1517 membra
1701 1487 1762 1518 sibi

981 1537 1220 1568 communicent
1246 1538 1368 1568 ratione
1397 1538 1477 1576 dati,
1503 1541 1533 1570 et
1563 1541 1698 1580 accepti;
1723 1542 1762 1573 ad

981 1591 1206 1631 perfectionem
1236 1591 1383 1623 Ecclesiae
1414 1594 1445 1623 et
1473 1592 1642 1633 Evangelii
1670 1595 1761 1634 facit,

981 1645 1066 1685 quod
1091 1654 1247 1685 pauperes
1267 1646 1346 1685 justi
1371 1647 1635 1678 sustentationem
1656 1651 1765 1688 petant

982 1700 1012 1729 et
1026 1699 1182 1739 accipiant
1196 1709 1215 1730 a
1235 1700 1386 1732 divitibus
1402 1701 1574 1732 mundanis
1590 1703 1621 1732 et
1643 1702 1762 1743 imper-

982 1752 1083 1783 fectis,
1101 1752 1135 1784 Si
1151 1753 1247 1792 dicas,
1274 1754 1361 1793 quod
1384 1757 1517 1794 possunt
1537 1756 1688 1796 accipere,
1711 1757 1765 1788 sed

982 1815 1047 1836 non
1062 1808 1180 1846 petere,
1197 1807 1258 1838 hoc
1278 1808 1358 1838 nihil
1380 1811 1436 1846 est,
1456 1809 1531 1849 quia
1545 1809 1659 1841 divites
1674 1820 1765 1842 mun-

980 1860 1055 1890 dani
1077 1862 1210 1899 possunt
1225 1863 1330 1900 petere
1346 1861 1503 1893 orationes
1518 1862 1663 1894 virorum
1676 1864 1765 1904 spiri-

982 1913 1118 1943 tualium
1136 1914 1175 1944 ad
1191 1914 1398 1945 relevandum
1414 1916 1555 1956 inopiam
1576 1917 1764 1948 meritorum

982 1975 1135 1997 suorum:
1156 1976 1247 2006 ergo,
1270 1977 1363 1998 versa
1379 1969 1461 2008 vice,
1484 1972 1617 2009 possunt
1642 1980 1763 2011 paupe-

982 2029 1030 2050 res
1045 2020 1223 2060 spirituales
1244 2024 1351 2061 pelere
1368 2022 1604 2063 eleemosynam
1619 2033 1763 2064 corpora-

981 2073 1044 2104 lem
1058 2075 1097 2105 ad
1112 2075 1374 2106 sustentationem
1389 2085 1573 2116 corporum.

1022 2127 1101 2158 Item
1116 2128 1177 2158 hoc
1197 2129 1304 2168 ipsum
1320 2129 1497 2159 ostenditur
1510 2129 1658 2169 exemplo
1674 2129 1763 2160 Chri-

981 2181 1030 2218 sti,
1048 2181 1159 2221 dequo
1175 2181 1344 2212 Psalmista
1356 2182 1366 2198 ⁵³
1381 2193 1386 2213 :
1404 2183 1469 2222 1390
1485 2185 1588 2214 aulem
1600 2183 1763 2216 mendicus

981 2242 1050 2265 sum
1065 2238 1093 2266 et
1104 2243 1238 2274 pauper.
1258 2235 1364 2266 Glossa
1381 2245 1388 2266 :
1407 2247 1421 2265 α
1438 2235 1503 2266 Hoc
1524 2236 1598 2267 dicit
1620 2236 1762 2267 Christus

981 2289 1018 2319 de
1034 2298 1066 2319 se
1082 2299 1088 2319 :
1114 2290 1182 2328 qu
1204 2289 1369 2321 mendicus
1384 2298 1465 2327 sum,
1483 2290 1516 2320 in
1538 2290 1640 2321 forma
1664 2291 1759 2321 servi.

980 2341 1142 2373 Mendicus
1156 2344 1213 2379 est,
1230 2343 1284 2382 qui
1307 2343 1347 2373 ah
1361 2342 1423 2374 alio
1446 2343 1539 2383 petit;
1561 2353 1682 2383 pauper
1698 2346 1757 2382 est,

980 2395 1034 2435 qui
1052 2395 1112 2425 sibi
1128 2405 1191 2426 non
1205 2396 1331 2426 sufficit.
1349 2407 1363 2424 n
1378 2396 1439 2427 Sed
1452 2399 1585 2434 constat,
1599 2396 1685 2436 quod
1697 2396 1757 2426 hoc

979 2459 1044 2480 non
1058 2449 1248 2488 intelligitur
1263 2449 1301 2480 de
1316 2450 1438 2481 Christo
1457 2452 1615 2490 quantum
1635 2450 1675 2480 ad
1697 2450 1760 2481 do-

980 2513 1033 2541 na,
1048 2503 1115 2535 sive
1131 2504 1213 2534 hona
1223 2503 1410 2543 spiritualia,
1426 2504 1501 2544 quia
1512 2504 1762 2544 comprehensor

979 2560 1010 2588 et
1025 2557 1128 2588 omnis
1143 2557 1257 2596 gratiae
1272 2558 1386 2598 plenus
1405 2560 1472 2589 erat
1492 2568 1499 2589 :
1515 2567 1593 2597 ergo
1608 2558 1759 2597 intelligi·
1799 2569 1801 2571 ·

979 2613 1032 2641 tur
1054 2613 1211 2651 quantum
1240 2612 1280 2643 ad
1302 2612 1385 2643 dona
1408 2612 1598 2652 temporalia
1623 2623 1629 2642 ε
1656 2611 1760 2651 igitur

981 2692 1033 2715 1165.
1056 2705 1086 2708 —
1108 2692 1117 2705 ὅ
1138 2692 1207 2716 Psal.
1233 2698 1280 2722 XL,
1304 2694 1328 2716 Ξ.

980 2727 990 2743 ⁸
1006 2727 1073 2752 Psal.
1090 2733 1181 2758 xxxix,
1201 2729 1239 2752 18.

1353 2705 1379 2709 -
1404 2692 1414 2709 ⁷
1437 2692 1456 2716 11
1485 2692 1555 2718 Cor..
1579 2698 1640 2722 vm,
1669 2693 1705 2716 14.
1729 2704 1759 2709 —
