2029 3052
53 804 163 831 Quemad-

62 837 152 858 modum

54 867 161 894 plebanus

53 899 162 925 1101051111-

62 929 149 952 tardum

76 960 137 982 vices

59 997 111 1012 suas
120 991 156 1013 alii

60 1023 161 1044 commit-

61 1055 119 1082 tere,
131 1055 162 1076 itu

54 1090 67 1106 a
78 1085 162 1107 fortiori

54 1122 155 1138 summus

53 1147 160 1170 Pontifex.

689 242 739 275 ET
765 242 1056 277 CONFESSlONES
1077 245 1266 280 AUDIANT.

174 310 205 341 et
219 310 270 342 sui
284 310 450 343 inferiores
458 311 581 353 praelati
589 319 700 343 euram
709 311 904 350 animarum,
917 312 949 342 et

174 365 395 398 auctoritatem
408 365 541 406 regendi
551 365 672 397 habent
680 365 720 397 ab
730 365 812 406 ipso.
824 364 950 396 Tertius

174 420 221 450 cst
243 419 388 460 specialis
416 422 524 462 pastor
547 422 704 462 cujusque
728 419 876 452 Ecclesiae
906 419 949 450 ibi

174 473 323 505 canonice
345 474 521 506 institutus.
538 474 676 514 Quartus
700 475 764 512 est,
787 473 837 505 cui
859 473 950 514 quis-

173 535 238 567 que
252 527 480 568 praedictorum
495 538 553 570 pro
575 530 719 569 tempore
734 528 839 561 vicem
858 536 950 559 suam

174 589 271 621 super
299 583 486 615 commissos
510 583 572 615 sibi
594 582 634 615 ad
654 582 824 624 ligandum
840 583 871 614 et
887 581 949 613 sol-

174 635 316 666 vendum
332 645 372 667 ex
392 646 487 668 causa
502 636 681 668 rationabili
702 635 882 675 committit,
898 635 950 667 cui

175 689 282 720 tamen
309 690 508 722 committere
534 692 647 731 potest.
673 690 860 731 Superiores
890 698 950 721 au-

175 743 241 774 tem
261 743 395 776 liberius
417 746 448 775 et
470 744 595 784 largius
616 746 749 784 possunt
769 744 854 775 vices
877 751 952 775 suas

176 797 385 837 committere,
402 807 501 839 quam
512 798 687 830 inferiores.
702 797 792 829 Unde
801 807 875 829 cum
888 796 952 837 ple-

175 850 278 882 banus
293 852 391 892 possit
412 852 573 893 aliquibus
596 852 808 890 committere,
831 853 867 883 ut
882 852 952 883 vice

175 905 225 936 sui
239 905 323 946 plebi
337 915 405 938 suae
420 907 605 947 praedicent,
622 908 652 939 et
662 916 776 939 eorum
787 906 953 938 confessio-

175 968 232 990 nes
246 959 378 991 audiant
392 962 424 992 et
440 961 616 1000 absolvant,
634 963 665 993 et
680 961 886 1002 poenitentias
900 960 951 991 in-

172 1013 323 1052 jungant,
337 1013 382 1045 ita
398 1014 482 1054 quod
498 1015 542 1045 sic
556 1014 718 1046 absolutos
733 1023 799 1045 non
810 1015 953 1054 oporteat

175 1066 230 1097 1110
244 1076 329 1098 anno
344 1067 487 1108 plebanis
501 1069 566 1100 suis
580 1068 699 1100 iterum
718 1067 873 1106 confiteri,
890 1067 953 1098 nisi

175 1120 286 1159 velint,
305 1121 406 1153 multo
421 1122 527 1162 magis
541 1124 644 1162 potest
656 1122 718 1153 hoc
729 1122 906 1162 episcopus,
923 1123 954 1152 et

175 1175 316 1207 maxime
332 1175 486 1207 Summus
501 1176 656 1215 Pontifex,
672 1176 728 1216 qui
739 1176 820 1207 sicut
836 1176 954 1216 ubique

174 1229 272 1262 habet
291 1230 454 1271 potestatis
476 1230 723 1271 plenitudinem,
749 1230 793 1261 ita
815 1233 846 1261 et
865 1238 952 1260 com-

174 1284 306 1315 missam
321 1284 381 1315 sibi
402 1284 487 1324 gerit
500 1284 646 1316 omnium
667 1284 880 1315 Ecclesiarum
896 1283 955 1314 sol-

174 1337 385 1377 licitudinem,
409 1340 444 1369 ut
459 1347 516 1377 ea,
535 1347 609 1379 quae
629 1337 766 1378 singulis
777 1337 954 1369 necessaria

173 1392 362 1432 probantur,
387 1392 489 1432 ipsius
506 1392 710 1433 providentia
731 1392 952 1433 suppleantur.

175 1445 327 1486 Alioquin
342 1455 446 1478 vacua
467 1448 548 1477 esset
563 1446 648 1487 apud
663 1446 771 1487 ipsum
791 1448 880 1477 tanta
896 1455 953 1486 po-

174 1501 280 1538 testas,
295 1509 393 1540 quam
408 1500 605 1532 executionis
621 1500 762 1531 efficacia
776 1509 842 1531 non
858 1499 955 1531 comi-

174 1555 307 1585 taretur.
331 1554 506 1585 Committit
528 1556 638 1585 autem
663 1554 734 1585 aliis
762 1554 955 1594 quandoque

174 1607 258 1639 vices
273 1616 358 1647 suaS,
380 1610 450 1639 tum
471 1617 529 1648 pro
547 1608 693 1639 locorum
716 1608 876 1647 distantia,
904 1607 956 1638 vel

174 1669 344 1692 causarum
359 1661 522 1701 qualitate,
546 1661 598 1693 vel
620 1671 678 1702 pro
691 1661 830 1693 aliorum
847 1661 956 1700 magis

173 1714 365 1754 urgentium
375 1715 582 1754 negotiorum
593 1715 813 1755 occupatione,
830 1715 882 1747 vel
896 1724 955 1755 pro

174 1768 387 1800 multitudinis
401 1769 636 1809 requirentium
651 1769 842 1810 frequentia,
856 1771 887 1800 et
902 1778 956 1800 ne-

175 1822 330 1852 cessitatis
350 1822 563 1861 festinatione,
582 1822 634 1854 vel
658 1832 715 1862 pro
739 1823 880 1863 corporis
894 1823 955 1853 im-

175 1875 355 1913 becillitate,
385 1875 437 1907 vel
462 1877 546 1906 certe
569 1885 628 1916 pro
653 1876 797 1907 liberiori
825 1876 956 1916 spiritus

174 1929 351 1970 vacatione,
369 1929 496 1970 expedit
520 1938 594 1961 eum
617 1931 649 1960 et
672 1930 752 1961 alios
778 1939 888 1961 secum
916 1931 955 1961 ad

174 1983 281 2015 oneris
295 1984 462 2023 pastoralis
476 1984 696 2015 sustinentiam
709 1984 858 2016 invitare.
874 1984 955 2015 Nam

174 2039 205 2068 et
219 2037 244 2067 si
262 2037 416 2068 Dominus
430 2037 516 2069 solus
531 2038 641 2069 omnia
654 2038 723 2069 sine
737 2038 880 2078 qualibet
895 2038 954 2069 dif-

174 2090 314 2122 ficultate
328 2091 428 2131 possit
442 2091 474 2122 in
490 2091 641 2123 omnibus
659 2092 795 2132 operari,
813 2102 887 2133 quae
902 2102 956 2124 vo-

173 2145 280 2185 luerit,
298 2146 379 2177 sicut
395 2156 435 2177 ex
449 2147 549 2178 nihilo
565 2149 679 2178 cuncta
694 2147 831 2186 creavit,
847 2149 955 2178 tamen

174 2201 328 2240 dignatur
342 2201 376 2231 in
387 2201 580 2241 quibusdam
593 2202 744 2242 operibus
757 2201 824 2233 suis
836 2201 955 2233 habere

175 2255 374 2295 coadjutores
387 2279 395 2292 ,
420 2257 451 2286 et
469 2255 620 2294 vicarios,
644 2255 726 2286 sicut
745 2255 779 2286 in
794 2265 873 2286 cura
886 2256 955 2286 ani-

174 2319 313 2349 marum,
327 2312 358 2341 et
371 2310 405 2340 in
421 2310 571 2350 operibus
581 2310 755 2341 artificialis
766 2311 932 2342 industriae
946 2322 953 2342 ε

174 2364 207 2395 111
220 2364 281 2395 hoc
303 2364 381 2395 dans
403 2363 443 2404 (a)
459 2364 644 2403 exemplum
661 2363 808 2395 Ecclesiae
823 2365 953 2396 rectori-

174 2419 245 2458 bus,
267 2415 348 2449 on‘us
371 2417 589 2448 sollicitudinis
609 2426 676 2448 suae
699 2420 731 2448 et
747 2417 816 2448 aliis
841 2418 956 2459 impar-

175 2472 284 2510 fiendi,
300 2481 340 2502 ne
355 2480 411 2512 per
425 2471 569 2511 ipsorum
585 2471 763 2502 absentiam
775 2496 783 2510 ,
807 2474 838 2503 et
854 2473 956 2504 insuf-

176 2526 358 2565 ficientiam,
375 2525 461 2556 salus
476 2524 619 2556 fidelium
634 2525 835 2565 negligatur.

216 2580 379 2612 Praedictis
395 2588 474 2619 ergo
489 2579 527 2610 de
543 2580 658 2619 causis,
680 2580 714 2611 in
735 2580 787 2611 his
810 2582 956 2615 novissi-

176 2635 238 2667 mis
255 2635 447 2675 temporibus
465 2633 515 2674 (b),
532 2634 571 2665 de
585 2634 702 2674 quibus
712 2635 862 2675 praedixit
873 2637 956 2677 Apo-

175 2688 274 2719 stolus
291 2688 312 2727 1,
329 2688 414 2729 quod
430 2687 598 2721 instabunt
613 2691 755 2729 tempora
774 2691 956 2730 periculosa

208 2752 215 2767 ¹
233 2751 252 2775 11
274 2751 347 2782 Tim„
362 2757 402 2783 111,
419 2754 442 2776 1.
459 2765 486 2769 —
502 2752 512 2768 ²
528 2751 630 2781 Ezech.,
645 2758 734 2784 xxxxv,
752 2753 791 2778 10.

320 2805 395 2829 ron.
418 2806 486 2829 xlv.

1726 253 1783 283 545

1006 321 1046 344 ex
1063 314 1327 354 multiplicatione
1342 317 1557 357 peccatorum,
1580 319 1611 348 et
1631 326 1785 350 numero-

1005 365 1096 398 sitate
1107 368 1235 400 rudium
1251 370 1456 411 populorum,
1470 372 1501 402 et
1516 371 1699 403 seductione
1714 372 1783 404 hae-

1006 422 1192 462 reticorum‚
1215 426 1246 456 et
1262 425 1392 457 raritate
1411 426 1582 466 bonorum,
1602 429 1633 458 ct
1645 427 1784 458 difficul-

1006 476 1069 507 tate
1086 478 1229 517 regendi,
1252 481 1283 510 et
1308 480 1534 512 insufficIentia
1556 480 1784 522 praelatorum,

1007 531 1037 560 et
1064 530 1271 571 perplexitate
1299 542 1434 565 casuum
1463 535 1720 575 emergentium,
1756 536 1788 565 et

1007 583 1143 615 ali0rum
1154 586 1374 626 periculorum
1385 588 1533 621 Ecclesiae
1545 588 1786 620 imminentium

1007 647 1047 669 ex
1062 639 1160 670 variis
1174 641 1353 681 eventibus,
1373 643 1512 683 providit
1534 642 1630 674 Sedes
1651 642 1786 683 Aposto-

1006 691 1078 731 lica,
1095 693 1135 725 ad
1158 694 1356 726 obviandum
1382 696 1522 736 praefatis
1543 696 1692 736 poriculis
1714 697 1787 738 qui-

1007 746 1217 789 buscumque,
1232 750 1410 781 remedium
1426 750 1647 783 subventionis
1660 751 1787 782 anima-⁴

1007 801 1068 832 bus
1092 803 1319 842 pereuntibus,
1342 804 1427 845 quod
1449 804 1558 836 divina
1583 805 1789 837 ⁴ordinatione

1008 855 1164 894 quosdam
1197 856 1425 896 religiosorum
1458 858 1584 890 ordines
1625 858 1788 898 instituit,

1008 908 1063 948 qui
1092 909 1197 941 officio
1228 911 1463 951 praedicationis
1493 914 1525 944 et
1556 912 1762 944 confessionis
1780 939 1788 953 ‚

1008 963 1067 993 sibi
1099 965 1280 1005 commisso,
1305 967 1498 998 subveniant
1524 967 1710 1008 indigentiae
1735 978 1791 1009 po-

1008 1017 1171 1058 pulorum,
1196 1021 1228 1050 et
1257 1020 1490 1053 insufficientiae
1520 1022 1730 1062 clericorum,
1759 1025 1791 1055 et

1008 1071 1162 1103 obsistant
1184 1074 1337 1105 versutiis
1363 1075 1604 1115 haereticorum,
1627 1078 1658 1108 et
1679 1077 1790 1108 hocin

1009 1125 1158 1157 solatium
1172 1129 1203 1158 et
1217 1128 1427 1160 sublevamen
1442 1130 1558 1168 oneriS,
1577 1139 1641 1161 non
1663 1131 1696 1161 in
1711 1140 1791 1171 prae-

1005 1179 1166 1219 judicium
1179 1180 1401 1221 plebanorum.
1416 1182 1486 1214 Non
1501 1184 1589 1214 enim
1600 1185 1791 1225 praejudicat

1010 1232 1065 1271 eis,
1085 1233 1111 1263 si
1134 1233 1288 1266 Dominus
1311 1235 1407 1277 Papa,
1437 1237 1487 1268 vel
1510 1238 1649 1278 episcopi
1665 1248 1789 1279 eorum,

1010 1286 1049 1317 de
1063 1286 1167 1318 officio
1182 1298 1240 1320 suo
1256 1289 1392 1328 solliciti,
1411 1291 1497 1332 quod
1507 1292 1717 1332 personaliter
1730 1294 1791 1324 im·-

1009 1339 1097 1380 plere
1110 1350 1177 1372 non
1192 1342 1311 1382 valent,
1328 1344 1398 1375 aliis
1418 1345 1486 1376 loco
1508 1355 1567 1377 suo
1590 1346 1791 1387 implendum

1011 1395 1229 1427 committunt.
1245 1396 1333 1428 Sicut
1347 1407 1406 1429 nec
1420 1398 1482 1430 hoc
1494 1400 1719 1440 praejudicaret
1733 1401 1788 1442 eis,

1011 1447 1038 1478 si
1062 1448 1181 1480 vellent
1204 1452 1412 1490 personaliter
1438 1453 1473 1483 in
1497 1454 1655 1493 parochiis
1679 1464 1792 1488 eorum

1011 1503 1195 1544 praedicare,
1209 1506 1260 1537 vel
1271 1507 1484 1539 confessiones
1499 1509 1621 1548 audire,
1646 1509 1691 1541 ita
1706 1511 1793 1552 quod

1010 1556 1072 1597 ipsi
1087 1559 1220 1590 confessi
1236 1569 1299 1591 non
1317 1562 1502 1593 tenerentur
1516 1564 1594 1594 tunc
1608 1563 1721 1595 iterato
1731 1565 1794 1605 ple-

1011 1611 1102 1643 banis
1122 1613 1188 1645 suis
1209 1615 1368 1654 confiteri,
1398 1625 1472 1647 cum
1495 1617 1555 1657 ipsi
1577 1617 1704 1658 plebani
1730 1620 1794 1650 sint

1011 1666 1121 1697 vicarii
1138 1668 1362 1709 episcoporum
1385 1670 1420 1701 in
1442 1671 1508 1702 suis
1523 1672 1695 1712 parochiis,
1712 1673 1794 1704 sicut

1011 1721 1150 1762 episcopi
1179 1721 1306 1753 Summi
1336 1723 1498 1756 Pontificis
1527 1725 1561 1756 in
1589 1726 1703 1758 officiis
1731 1727 1793 1758 sibi

1011 1775 1200 1815 commissis,
1217 1777 1294 1817 quia
1308 1787 1374 1809 non
1389 1779 1422 1809 in
1439 1779 1688 1812 diminutionem
1701 1783 1791 1822 pote-

1011 1829 1112 1867 statis,
1128 1831 1183 1861 sed
1198 1831 1231 1861 in
1247 1832 1446 1872 adjutorium
1462 1836 1661 1866 sustentandi
1675 1836 1791 1875 oneriS,

1011 1885 1086 1914 sunt
1099 1884 1265 1916 inferiores
1280 1889 1422 1926 pastores
1437 1889 1657 1929 superioribus
1675 1891 1790 1922 subro-

1011 1937 1091 1976 gati.

1051 1990 1208 2032 Secunde,
1225 2002 1288 2025 non
1304 1995 1339 2026 fit
1354 1995 1400 2026 eis
1413 1997 1652 2037 praejudicium,
1672 1998 1698 2028 si
1713 2007 1792 2038 pon-

1010 2044 1071 2075 dus
1095 2045 1224 2084 laboris,
1245 2048 1331 2087 quod
1348 2049 1408 2089 ipsi
1431 2052 1558 2090 portare
1580 2052 1742 2091 tenentur,
1759 2052 1792 2083 in

1011 2108 1088 2130 cura
1106 2100 1290 2132 animarum
1313 2102 1482 2135 allevietur
1504 2105 1548 2136 eis
1571 2115 1628 2146 per
1653 2106 1790 2138 aliorum

1010 2153 1181 2192 auxilium,
1200 2157 1238 2185 ut
1254 2155 1371 2187 animae
1393 2157 1568 2198 salventur,
1593 2169 1651 2199 pro
1672 2160 1791 2200 quibus

1010 2206 1073 2237 Deo
1093 2207 1250 2239 rationem
1270 2209 1402 2241 reddere
1426 2211 1541 2243 debent
1560 2213 1595 2243 in
1613 2214 1746 2253 judicio,
1765 2215 1791 2245 si

1010 2269 1051 2291 ex
1065 2269 1178 2292 eorum
1192 2262 1404 2302 negligentia,
1426 2265 1477 2295 vel
1492 2265 1687 2307 ignorantia,
1705 2268 1790 2308 peri-

1010 2316 1091 2353 rent,
1110 2315 1153 2345 ita
1167 2317 1204 2346 ut
1218 2325 1276 2356 pro
1291 2317 1422 2348 illarum
1438 2319 1615 2358 perditione
1630 2322 1690 2361 ipsi
1705 2322 1792 2353 dam-

1009 2370 1138 2400 nentur.
1162 2370 1174 2388 2
1188 2370 1265 2402 Ecce
1281 2378 1377 2411 super
1394 2376 1539 2412 pastores
1561 2383 1615 2415 690
1628 2376 1790 2416 requiram

1010 2430 1134 2463 qreqem
1148 2431 1253 2455 meum
1267 2424 1306 2456 de
1322 2433 1422 2457 manu
1438 2434 1558 2466 eorum,
1573 2431 1632 2459 etc.

1052 2476 1168 2516 Tertio,
1190 2487 1256 2509 non
1271 2479 1306 2509 fit
1322 2479 1367 2509 eis
1382 2481 1618 2520 praeJudicium,
1637 2483 1714 2523 quie.
1725 2493 1791 2515 non

1011 2531 1169 2562 minuitur
1193 2533 1424 2571 jurisdictionis
1454 2543 1566 2566 eorum
1588 2538 1729 2576 potestas
1752 2548 1791 2569 ex

1010 2585 1065 2615 tali
1081 2587 1303 2625 cooperatione
1326 2587 1475 2626 aliorum,
1499 2589 1553 2620 sed
1570 2591 1695 2621 tantum
1711 2601 1798 2632 pon->

1010 2638 1070 2669 dus
1085 2639 1306 2671 sollicitudinis
1322 2642 1352 2670 et
1368 2640 1498 2672 laboris.
1514 2641 1791 2683 Temperatissime

1010 2693 1128 2733 quippe
1144 2693 1188 2724 sic
1207 2693 1366 2734 disposuit
1382 2695 1492 2726 divina
1509 2697 1678 2737 sapientia,
1698 2701 1730 2730 et
1745 2700 1792 2730 in-

1044 2756 1079 2787 (α)
1096 2756 1157 2781 Coet.
1174 2757 1233 2781 edit.
1251 2758 1361 2782 (15111,-
1379 2758 1410 2789 (b)
1430 2759 1504 2791 Vulg.
1519 2760 1615 2787 diebus.

1614 2811 1651 2838 35

1841 1082 1900 1105 Ordo

1805 1114 1908 1136 Fratrum

1824 1147 1896 1168 Mirm-

1817 1183 1867 1198 rum
1879 1178 1902 1198 in

1810 1207 1911 1229 subleva-

1805 1244 1857 1260 men
1864 1246 1915 1262 one-

1805 1270 1836 1292 ris
1850 1271 1914 1292 insti-

1826 1304 1896 1330 tutus,

1818 1341 1862 1355 non
1879 1336 1902 1356 in

1806 1367 1908 1393 praejudi-

1806 1397 1865 1419 cium
1871 1398 1917 1426 ple-

1806 1429 1915 1451 banorum
