2029 3052
209 187 269 218 194

546 179 804 214 PSALTERIUM
827 176 952 211 MlNUS
974 174 1120 208 BEATAE
1140 172 1282 207 MARIAE
1301 171 1493 206 VIRGINIS.

334 251 500 281 Electorum
514 249 669 285 concione,

335 301 367 329 ln
379 299 519 328 vivorum
529 297 663 333 regione.

368 349 440 382 Ave,
453 345 554 381 Virgo,
569 343 668 372 virens
682 341 768 376 salix,

333 395 439 429 Favus‚
453 399 527 421 urna
536 391 587 428 (a),
598 389 666 418 lons
679 390 708 417 et
721 387 810 423 calix,

332 442 403 475 Quae
417 439 571 477 prophetae
583 435 759 474 protoplasti

333 489 436 516 Nectar
450 485 516 515 orbi
530 482 707 522 propinasti.

370 537 442 568 Ave,
459 533 560 568 Virgo,
573 530 658 567 virga
672 531 762 564 lesse,

335 583 418 610 Dona
431 579 520 609 nobis
535 581 631 608 tecum
643 585 718 613 esse,

336 631 369 658 Ut
381 628 488 657 aflectu
503 634 564 664 quo
580 625 736 658 dehemus,

334 678 365 705 ln
379 677 521 704 oeternum
535 675 563 702 te
576 672 744 702 laudemus.

371 726 440 758 Ave,
457 722 548 758 Virgo
563 719 705 757 gloriosa,

337 773 393 800 Fac
406 770 544 798 virtutem
559 768 702 801 virtuosa,

335 820 368 848 Et
379 825 428 846 me
440 816 514 853 jube
528 822 645 852 semper
656 812 713 842 frui

335 865 452 894 Visione
467 863 567 892 vultus
582 861 633 890 tui.

372 915 442 947 Ave,
458 911 558 946 Virgo,
573 916 683 945 meque
699 907 774 936 doce

337 961 416 989 Intus
429 965 504 987 sono
518 957 581 985 sine
593 963 668 984 voce

339 1008 512 1041 Bonitatem,
528 1004 730 1041 disciplinam,

338 1058 369 1084 Et
383 1053 537 1083 scientiam
552 1051 696 1080 divinam.

372 1105 443 1138 Ave,
458 1101 547 1136 Virgo
560 1100 621 1128 tota
635 1097 725 1129 lenis.

335 1149 446 1184 salves,
463 1155 528 1182 oro,
540 1153 588 1174 me
601 1153 617 1173 a
626 1144 723 1181 poenis

335 1196 437 1225 Gravis
451 1195 540 1230 hujus
555 1192 711 1225 incolatus,

334 1245 366 1272 Et
379 1242 479 1271 aeterni
495 1240 650 1269 cruciatus.

369 1293 440 1324 Ave,
455 1291 563 1317 Parens
576 1287 691 1322 absque
707 1291 804 1318 noevo,

339 1337 382 1366 Ad
399 1339 425 1365 te
440 1344 492 1364 cor
507 1337 534 1363 et
548 1334 664 1362 vultum
680 1332 760 1365 levo,

336 1386 368 1412 Ut
382 1391 430 1412 me
445 1389 567 1420 quoque
583 1378 757 1412 consoleris,

335 1434 405 1466 Quoe
421 1431 595 1458 cunctorum
611 1425 767 1455 misereris.

370 1482 440 1513 Ave,
457 1477 554 1511 Virgo,
570 1475 619 1503 lux
633 1474 793 1509 justorum,

334 1528 375 1554 Tu
391 1531 525 1553 convexa
540 1528 718 1558 superorum

337 1573 501 1602 Glorianter
515 1568 653 1603 introisti,

336 1623 379 1656 Et,
394 1622 426 1647 ut
445 1626 560 1654 regnes,
576 1615 721 1645 resedisti.

372 1671 442 1701 Ave,
459 1665 504 1694 cui
519 1664 690 1692 dominator

337 1717 397 1743 Rex
413 1713 558 1741 coelorum
572 1709 732 1741 habitator,

338 1764 367 1790 ln
384 1759 508 1797 perenni
524 1758 607 1786 dedit
618 1757 684 1792 Jure

337 1807 437 1837 omnis
451 1808 568 1842 sceptra
585 1806 734 1832 creaturoe.

375 1858 445 1889 Ave,
459 1853 546 1888 Virgo
562 1850 729 1883 benedicta,

339 1906 433 1937 Quam
448 1909 509 1929 non
524 1899 611 1928 traxit
621 1898 659 1926 ad
675 1897 781 1925 delicta

340 1954 448 1979 lterum
464 1949 515 1976 iste
531 1950 646 1975 torrens
660 1951 765 1977 vanuS,

340 2000 397 2026 Ros
413 1997 584 2028 decurrens,
600 1994 654 2021 tlos
671 1991 851 2019 mundanus.

377 2048 446 2078 Ave,
461 2043 530 2070 Sion
546 2048 632 2068 mons
646 2038 793 2072 sublimis,

340 2092 457 2119 Elevata
473 2089 561 2124 Virgo
576 2087 674 2121 nimis,

340 2141 371 2166 Et
383 2138 411 2165 in
427 2137 507 2165 coelis
521 2135 730 2172 principatum,

339 2189 388 2213 Jus
399 2191 546 2220 usurpans
561 2185 588 2210 et
603 2182 774 2218 primatum.

374 2236 444 2266 Ave,
465 2231 564 2265 virgo,
579 2236 671 2265 quam
687 2225 834 2263 perflavit,

339 2282 371 2308 Et
386 2277 541 2315 perflando
554 2275 733 2303 soecundavit

342 2329 444 2355 Auster
459 2326 553 2353 fructu
568 2323 702 2359 spiritali,

342 2374 454 2401 tlhristo
470 2372 542 2399 llore
558 2369 705 2405 virginali.

376 2424 446 2455 Ave,
459 2419 548 2455 plena
565 2417 736 2453 gratiarum,

341 2471 450 2496 Domus
465 2468 576 2502 septem
589 2464 808 2495 columnarum,

340 2516 388 2544 Dei
402 2522 492 2543 manu
503 2513 657 2545 fabricata,

340 2566 395 2591 Nec
411 2563 449 2590 ab
465 2561 528 2589 ullo
542 2559 580 2596 (b)
595 2558 714 2587 violata.

248 2670 280 2699 (Gi
299 2668 360 2690 (11⁷2.
378 2665 437 2687 «ιΙιΙ.
456 2671 512 2687 inm.
530 2675 556 2679 -
574 2662 604 2691 (1))
621 2661 680 2684 leem
696 2666 736 2682 eo.
756 2671 784 2674 -
804 2656 834 2685 (τ’)
854 2656 912 2679 urm

929 2655 997 2677 tioli‘.

1207 244 1278 278 Ave,
1292 241 1408 278 palmes
1420 239 1489 268 vitis
1502 246 1591 274 νοω,

1173 291 1254 318 Bona
1267 288 1337 317 Sion
1349 295 1399 316 me
1412 286 1514 316 videre

1172 336 1300 371 Cunctis,
1314 335 1414 372 Virgo,
1429 333 1478 363 fac
1492 333 1610 369 diebus,

1172 384 1205 412 Ut
1218 381 1373 412 abundem
1386 380 1462 410 loetis
1474 380 1574 409 rebus.

1208 432 1279 465 Ave,
1295 429 1396 466 Virgo,
1409 428 1500 457 maris
1515 427 1614 462 Stella,

1174 477 1257 505 Dona
1271 476 1358 512 vires,
1373 475 1449 504 doce
1463 474 1554 510 bella,

1176 524 1233 552 Fac
1246 530 1294 551 me
1304 522 1391 551 docte
1406 522 1444 558 (e)
1459 521 1598 558 praeliari,

1174 571 1206 598 Et
1215 577 1253 598 ne
1267 569 1348 598 sinas
1361 568 1538 606 expugnari.

1210 620 1280 651 Ave,
1295 616 1396 652 virgo,
1409 623 1477 652 spes
1490 615 1633 650 humana,

1175 665 1276 692 Preme
1287 664 1402 697 ventos,
1413 662 1520 691 fluctus
1534 661 1635 698 plana,

1175 712 1208 739 Ut
1222 710 1324 739 evictis
1338 709 1444 738 mundi
1460 709 1558 744 undis,

1175 760 1368 794 Emergamus
1379 757 1417 786 de
1431 756 1600 793 profundis.

1210 808 1281 841 Ave,
1296 805 1396 841 Virgo,
1412 804 1497 840 euJus
1511 811 1616 832 sensus

1175 855 1334 890 Nunquam
1348 852 1403 881 fuit
1416 851 1619 889 deprehensus

1176 901 1354 936 Arroganter
1367 899 1489 934 elevari,

1176 950 1230 976 Aut
1245 947 1352 983 injuste
1369 946 1501 983 gloriari.

1211 997 1280 1029 Ave,
1296 994 1396 1030 Virgo,
1412 993 1483 1021 diva
1496 991 1570 1032 poli,

1176 1042 1265 1077 Cujus
1281 1042 1355 1069 Deus
1369 1040 1426 1068 sibi
1441 1038 1498 1068 soli

1175 1087 1375 1116 liabitandum
1390 1095 1442 1115 cor
1456 1086 1554 1122 elegit,

1177 1137 1209 1163 Et
1223 1134 1350 1163 libenter
1363 1134 1406 1162 ibi
1422 1133 1512 1169 degit.

1213 1185 1282 1217 Ave,
1299 1182 1398 1217 Virgo,
1413 1189 1466 1209 vas
1481 1179 1636 1216 unguenti,

1175 1231 1239 1257 Jam
1256 1229 1284 1256 in
1300 1236 1383 1257 oram
1400 1227 1575 1261 vestimenti,

1177 1276 1361 1310 [nctionem‚
1377 1283 1438 1312 qua
1453 1274 1601 1308 abundas,

1176 1323 1385 1360 Supplicamus
1400 1324 1432 1350 ut
1447 1321 1596 1350 infundas.

1212 1374 1282 1405 Ave,
1298 1370 1396 1406 virgo,
1413 1377 1479 1406 quoe
1497 1368 1536 1397 ad
1551 1375 1628 1405 pura

1176 1417 1363 1455 Adolendum
1378 1424 1503 1453 precum
1516 1415 1602 1444 thura

1179 1466 1236 1493 Deo
1253 1472 1359 1492 manus
1373 1463 1514 1498 extulisti,

1176 1512 1228 1540 Cui
1243 1513 1337 1539 mater
1351 1510 1479 1539 extitisti.

1213 1562 1284 1593 Ave,
1298 1559 1386 1594 Virgo
1402 1558 1452 1594 pia
1465 1560 1533 1592 tota,

1177 1608 1217 1634 Da
1234 1608 1265 1634 ut
1279 1607 1377 1634 mente
1391 1608 1417 1633 te
1433 1604 1542 1632 devota

1178 1655 1209 1681 lit
1222 1660 1324 1681 amore
1339 1660 1456 1688 semper
1471 1659 1547 1687 puro

1178 1700 1308 1729 Laudem
1323 1707 1412 1735 nunc,
1429 1702 1456 1727 et
1471 1699 1500 1726 in
1516 1698 1624 1726 futuro.

1214 1751 1285 1782 Ave,
1300 1746 1408 1775 coelum
1424 1745 1565 1782 spiritale,

1178 1797 1334 1823 Summum
1350 1792 1559 1828 intellectuale,

1176 1844 1217 1870 Tu
1232 1844 1312 1871 Mons
1328 1841 1376 1869 ille
1392 1849 1454 1869 non
1469 1840 1590 1874 incisus,

1176 1892 1216 1918 Tu
1232 1890 1357 1918 esi-lestis
1372 1888 1537 1918 paradisus.

1214 1941 1283 1972 Ave,
1301 1939 1398 1972 Mater,
1414 1937 1503 1972 Virgo
1519 1943 1600 1970 vera,

1179 1986 1253 2013 Doce
1270 1986 1366 2012 mente
1379 1991 1426 2011 me
1442 1983 1555 2010 sincera

1178 2032 1246 2060 Sion
1263 2038 1380 2067 semper
1394 2029 1557 2063 recordari,

1179 2081 1241 2107 Non
1257 2078 1294 2106 de
1310 2077 1425 2105 mundo
1442 2075 1590 2104 meditari.

1197 2130 1266 2162 Ave,
1283 2126 1352 2154 novi
1367 2128 1455 2155 Mater
1471 2125 1576 2159 Adam,

1179 2175 1278 2209 Cujus,‚
1294 2181 1410 2210 precor,
1427 2175 1459 2200 ut
1475 2171 1601 2200 evadam

1179 2223 1208 2249 ln
1225 2230 1271 2249 me
1284 2222 1392 2257 justam
1409 2220 1563 2254 ultionem,

1180 2271 1233 2297 Pro
1251 2276 1297 2295 me
1311 2267 1419 2295 reddas
1434 2267 1590 2294 rationem.

1214 2320 1282 2349 Ave,
1301 2317 1387 2343 Mater
1402 2313 1526 2350 pietatis,

1179 2365 1231 2390 Per
1247 2366 1272 2390 te
1288 2364 1394 2390 nostrae
1409 2361 1547 2390 caecitatis

1180 2411 1252 2443 Nox,
1269 2412 1299 2437 ut
1314 2409 1388 2444 ditm,
1405 2409 1576 2442 illustretur,

1179 2457 1286 2486 Malum
1302 2464 1390 2485 omne
1406 2455 1604 2492 propulsetur.

1214 2508 1282 2539 Ave,
1299 2504 1391 2539 digna
1406 2501 1573 2539 prmdicari,

1181 2553 1242 2579 Non
1258 2559 1305 2578 me
1321 2551 1399 2578 sinas
1415 2547 1610 2586 supplantari,

1181 2600 1211 2626 Et
1226 2606 1262 2625 ne
1278 2600 1365 2626 ruant
1379 2597 1419 2625 ad
1435 2603 1581 2628 excessus,

1182 2648 1268 2679 MeOS,
1284 2645 1382 2679 Virgo,
1397 2651 1466 2678 rege
1482 2649 1609 2679 gressus.
