2029 3052
159 179 219 210 156
271 191 274 195 ·

157 245 207 274 hie
218 247 341 283 peecata
354 247 457 275 nostra
468 246 609 283 portavit,
620 247 649 276 et
657 254 713 284 pro
724 246 814 276 nohis
823 246 941 276 dolens.

157 293 222 330 Ipse
249 294 349 322 autem
368 293 542 323 vulneratus
565 295 609 322 est
630 295 754 331 propter
774 293 944 331 iniquitates

157 341 285 377 nostras,
301 340 387 377 eujus
396 340 492 370 livore
507 340 603 370 sanati
620 348 733 369 sumus.
747 340 777 378 Ῡ.
790 342 862 370 Vere
876 340 955 370 lan--

158 395 268 424 guores
282 389 401 417 nostros
414 387 479 425 ipse
493 387 625 422 abstulit,
645 388 674 416 et
687 387 873 417 infirmitates
887 395 943 418 no-

157 435 232 463 stras
245 434 310 472 ipse
324 434 462 472 portavit.
480 436 554 471 lpse,
569 435 624 463 etc.

193 481 278 518 subo,
301 483 425 516 Domne,
457 481 568 510 bened.
595 483 648 510 Per
675 482 814 511 virtutem
837 484 944 512 sauctae

159 529 266 565 crucis,
282 529 427 566 perducat
445 536 501 558 nos
521 528 664 558 Dominus
681 529 721 558 ad
741 529 853 566 gaudia
866 538 944 560 verae

159 575 244 605 lueis.
257 577 362 605 Amen.

423 650 512 678 Lectio
524 650 640 678 secunda
654 655 673 679 ⁸.

195 718 392 754 susceperunt
406 724 478 754 ergo
492 717 599 747 milites
613 719 713 748 lesum
735 721 763 748 et
782 719 943 756 duxerunt,

160 767 189 794 et
201 764 341 801 hajulans
360 765 418 794 sibi
432 773 567 801 crucem,
582 766 673 795 exivit
687 767 717 795 iu
732 775 813 802 eum,
829 768 882 805 qui
897 767 945 797 di-

160 812 235 841 citur
251 811 392 842 calvarioe
406 812 500 848 10005,
523 813 665 842 Hebraico
686 816 787 843 autem
808 814 944 851 Golgota,

159 859 212 888 uhi
229 867 299 888 eum
321 859 544 896 crucifixerunt,
571 862 599 889 et
620 869 690 889 cum
716 869 753 890 eo
776 861 852 890 alios
869 862 946 891 duos

159 906 229 935 hinc
244 907 272 936 et
286 906 368 941 inde,
383 907 517 936 medium
533 910 631 936 autem
646 909 755 937 lesum.
768 910 779 926 ¹
793 911 876 938 Jesus
891 917 945 938 au-

159 955 218 983 tem
246 953 365 983 dicebat
389 964 396 982 :
423 956 516 991 Pater,
542 954 656 984 dimitte
684 955 752 991 illis,
780 963 843 985 000
865 956 946 986 enim

159 1001 255 1031 sciunt
267 1002 342 1039 quid
355 1002 477 1032 faciunt.
495 1005 535 1032 Tu
552 1006 663 1039 autem,
679 1006 735 1032 etc.

197 1049 225 1084 ¹5¹·
245 1050 268 1078 Ο
283 1057 336 1078 vos
348 1058 453 1078 omnes
469 1050 520 1087 qui
538 1051 666 1079 transitis
680 1059 734 1088 per
749 1051 841 1085 viam,
855 1053 947 1080 atten-

161 1096 221 1125 dite
237 1098 265 1125 et
278 1096 388 1130 videte,
404 1097 430 1125 Si
448 1100 490 1125 est
505 1097 593 1126 dolor
607 1100 703 1126 vester
717 1098 822 1126 similis
840 1100 872 1127 ut
892 1098 948 1127 do-

161 1143 208 1172 lor
226 1151 321 1172 meus.
347 1145 372 1178 ›²-
394 1144 549 1180 Attendite,
571 1145 701 1173 universi
724 1145 841 1182 populi,
861 1147 890 1173 et
903 1146 947 1173 vi-

161 1190 228 1219 dete
244 1190 381 1220 dolorem
397 1200 507 1220 meum.
523 1191 550 1220 Si
567 1194 609 1220 est
622 1192 720 1224 dolor,
733 1194 787 1220 etc.

197 1238 290 1274 iube,
327 1240 438 1267 Domne
453 1260 461 1274 ‚
497 1239 606 1267 bened.
642 1239 805 1275 Sanguinis
844 1239 948 1268 Christi

161 1285 292 1321 aspersio
308 1285 345 1314 sit
359 1285 447 1314 nobis
457 1286 638 1323 sempiterna
654 1286 734 1315 salus
749 1290 776 1316 et
791 1288 946 1324 protectio.

160 1335 264 1362 Amen.

444 1371 533 1398 Lectio
547 1372 629 1398 tertia
644 1372 664 1398 ³.

199 1429 301 1456 Postea
316 1428 411 1456 sciens
425 1429 518 1463 10505,
535 1429 606 1465 quia
621 1429 723 1457 omnia
742 1432 949 1458 consummata

162 1477 241 1510 sunt,
257 1477 288 1503 ut
303 1475 474 1511 impleretur
495 1475 660 1511 Scriptura,
677 1476 751 1504 dixit
767 1485 773 1504 :
795 1477 877 1505 Sitio.
894 1478 948 1504 Vas

163 1531 234 1559 ergo
250 1525 311 1551 erat
326 1522 457 1559 positum
473 1523 595 1559 plenum
611 1526 705 1552 aceto.
719 1523 845 1557 11110130
861 1533 949 1560 spon-

162 1571 242 1606 giam
269 1570 391 1606 plenam
415 1572 498 1598 aceto
520 1569 653 1606 hyssopo
680 1570 949 1607 circumponentes,

162 1617 335 1646 obtulerunt
349 1617 394 1645 ori
410 1618 483 1653 ejus.
510 1619 541 1645 Et
563 1625 631 1645 cum
647 1618 807 1654 accepisset
822 1622 949 1652 acetum,

162 1665 259 1693 dixit:
277 1668 521 1695 consummatum
549 1668 600 1693 est.
628 1668 659 1694 Et
679 1666 820 1694 inclinato
843 1666 950 1702 capite,

163 1712 283 1740 tradidit
297 1713 443 1748 spiritum.
460 1715 500 1740 Tu
515 1715 627 1747 autem,
642 1716 696 1741 ete.

198 1760 228 1793 ii).
250 1759 389 1787 'renebrae
415 1759 499 1788 factm
524 1763 602 1795 sunt,
633 1761 706 1788 dum
738 1760 953 1793 crucifixissent

162 1809 262 1836 lesum
276 1807 379 1835 Judoei.
398 1809 428 1835 Et
443 1807 521 1836 circa
542 1808 648 1836 horam
670 1816 781 1836 nonam
802 1808 951 1836 exclama-

163 1854 205 1882 vit
219 1855 301 1882 Jesus
317 1862 388 1882 voce
405 1863 514 1890 magna
531 1864 536 1883 :
556 1857 631 1883 Deus
646 1863 743 1890 meus,
764 1857 839 1883 Deus
857 1863 952 1889 meus,

163 1904 195 1930 ut
216 1901 289 1938 quid
315 1901 499 1938 dereliquisti
525 1911 571 1930 me
583 1904 596 1930 ?
619 1904 651 1930 Et
681 1902 821 1930 inclinato
847 1903 953 1939 capite,

165 1948 260 1976 emisit
275 1948 421 1985 spiritum.
433 1951 458 1976 i‘.
473 1949 648 1977 Exclaiuans
658 1951 740 1977 Jesus
754 1958 826 1978 voce
843 1958 953 1985 magna

165 1995 205 2023 ait
225 2005 231 2023 :
255 1998 348 2030 Pater,
366 1996 394 2023 in
410 2004 517 2024 manus
536 2000 602 2024 tuas
617 1997 800 2025 commendo
817 1998 953 2034 spiritum

166 2050 277 2070 meum.
294 2045 325 2071 Et
342 2043 482 2072 inclinato
496 2044 601 2079 capite,
613 2047 668 2072 etc.
683 2044 783 2072 Gloria
799 2045 883 2079 Patri,
895 2047 950 2072 etc.

458 2155 502 2181 ΛῘ)
522 2155 664 2183 muniis.

205 2233 289 2266 Deus,
305 2232 335 2259 in
352 2232 534 2267 adjutorium
551 2241 651 2261 meum
669 2233 799 2269 intende,
816 2236 870 2262 ctc.

205 2279 373 2315 Antiphone.
390 2280 600 2308 Contumelias.

468 2362 593 2389 rsumrs
616 2362 657 2389 tz‘.

209 2421 378 2456 Usquequo‚
395 2421 529 2455 Domine,
545 2422 729 2450 oblivisceris
743 2431 788 2450 me
803 2423 832 2450 10
848 2423 956 2451 tinem?

174 2476 331 2504 usquequo
348 2469 454 2496 avertis
471 2468 576 2497 taciem
595 2472 674 2497 tuam
690 2478 706 2498 a
724 2471 789 2497 mc?

209 2516 356 2549 Quamdiu
374 2524 484 2552 ponam
502 2516 626 2544 consilia
642 2517 671 2544 in
685 2517 783 2544 anima
800 2525 883 2545 mea:
902 2517 952 2545 ‹lo-

175 2562 269 2590 lorem
281 2562 310 2590 10
326 2563 415 2591 corde
432 2572 499 2591 meo
515 2572 568 2600 per
583 2563 663 2592 diem
675 2564 687 2589 ’1

208 2626 313 2653 110010,
331 2632 384 2655 xix,
403 2629 477 2649 11;,-
494 2628 500 2640 ²
515 2627 581 2657 Luc„
595 2632 670 2657 xxiiii.
686 2628 765 2650 Ζ11.--
779 2628 788 2643 ³
801 2627 884 2657 sunm,
902 2634 956 2659 xix,

175 2663 203 2686 22³
220 2664 242 2685 et
260 2669 313 2693 seq.

642 177 829 212 OFFICIUM
851 178 902 211 DE
926 177 1122 212 PASSIONE
1145 179 1300 214 DOMINI.

1033 248 1193 286 usquequo
1220 248 1401 279 exaltabitur
1423 249 1563 279 inimicus
1584 257 1671 279 meus
1690 257 1780 287 super

996 295 1069 324 me?
1095 295 1236 333 Respice,
1262 298 1291 326 et
1318 296 1428 326 exaudi
1454 305 1521 333 me,
1549 296 1672 326 Domine
1704 298 1781 326 Deus

996 350 1092 372 meus.

1033 388 1171 419 illumina
1194 390 1299 420 oculos
1320 399 1415 427 meos,
1439 399 1478 420 ne
1505 398 1642 428 unquam
1668 390 1781 420 obdor-

997 436 1090 466 miam
1113 437 1144 466 in
1171 439 1267 466 morte
1294 447 1301 466 :
1326 445 1365 467 ne
1389 438 1514 476 quaudo
1537 437 1617 467 dicat
1643 437 1782 467 inimicus

997 491 1092 520 meus,
1106 483 1250 521 praevalui
1264 483 1427 514 adversum
1441 493 1521 514 eum.

1034 531 1091 566 Qui
1101 531 1245 560 tribulant
1257 539 1306 560 me
1320 531 1508 568 exultabunt,
1523 531 1549 561 si
1561 534 1662 562 motus
1673 532 1758 562 fuero
1773 542 1780 562 :

998 586 1056 616 ego
1070 580 1171 607 autem
1183 578 1215 607 in
1228 578 1434 608 misericordia
1448 582 1500 608 tua
1513 579 1642 616 speravi.

1034 625 1183 654 Exultabit
1196 633 1248 655 eor
1261 634 1363 655 meum
1377 626 1407 655 in
1421 626 1544 655 salutari
1559 628 1611 656 tuo
1627 635 1635 655 ε
1652 626 1782 656 cantabo

999 672 1137 708 Domino,
1157 673 1209 710 qui
1224 672 1307 702 bona
1321 673 1423 703 tribuit
1435 673 1518 709 mihi,
1536 676 1565 702 et
1583 673 1711 711 psallam
1729 681 1785 703 uo-

999 719 1073 749 mini
1089 720 1204 749 Domini
1219 720 1364 749 altissimi.
1383 720 1482 750 Gloria
1496 721 1584 757 Patri,
1599 723 1653 750 etc.

1036 768 1204 804 Antiphone.
1219 767 1418 797 Contumelias
1429 771 1457 798 et
1465 770 1593 797 terrores
1601 763 1707 805 passus‘
1716 777 1784 798 sum

1000 814 1040 843 ab
1055 815 1108 851 015,
1124 817 1152 844 et
1167 815 1308 844 Dominus
1328 823 1447 844 mecum
1470 818 1513 844 est
1531 817 1676 853 tanquam
1689 815 1784 845 bella-

1001 864 1048 891 tor
1062 861 1155 891 fortis.

1307 899 1474 935 Capitulum.

1037 957 1161 994 Spiritus
1175 957 1235 986 oris
1249 957 1341 986 nostri
1355 957 1485 986 Christus
1504 957 1656 993 Dominus,
1681 958 1786 994 captus

1001 1006 1045 1033 est
1058 1012 1113 1041 pro
1127 1005 1256 1041 peccatis
1270 1005 1388 1040 nostris,
1403 1004 1451 1033 cui
1466 1004 1612 1033 diximus:
1628 1006 1660 1034 10
1675 1004 1786 1034 umbra

1002 1054 1053 1081 tua
1066 1052 1202 1080 vivemus
1217 1052 1247 1080 in
1263 1052 1409 1088 gentibus

1332 1134 1456 1161 Hrmxus.

1147 1193 1293 1222 Christum
1301 1193 1419 1229 ducem,
1429 1194 1479 1230 qui
1489 1202 1542 1230 per
1549 1202 1680 1229 crucem,

1112 1241 1246 1270 Redemit
1261 1249 1316 1269 nos
1331 1241 1370 1269 ab
1385 1241 1532 1276 hostibus,

1112 1289 1224 1318 Laudat
1237 1292 1329 1317 emtus
1341 1292 1440 1318 noster
1452 1290 1546 1325 laetus,

1112 1337 1225 1365 Exultct
1240 1337 1346 1365 coelum
1360 1337 1513 1365 laudibus.

1147 1386 1236 1413 Poena
1250 1384 1333 1412 sortis
1348 1386 1404 1412 tuae
1419 1384 1534 1419 mortis,

1113 1433 1144 1460 Et
1157 1431 1310 1467 sanguinis
1328 1431 1445 1466 effusio,

1112 1478 1209 1507 Corda
1224 1479 1328 1512 terant,
1342 1481 1374 1507 ut
1388 1480 1414 1506 te
1429 1480 1573 1515 quaerant,

1112 1527 1179 1554 Jesu
1194 1527 1294 1554 nostra
1309 1525 1487 1562 redemptio.

1150 1574 1202 1600 Per
1215 1572 1313 1600 felices
1327 1573 1487 1607 cicatrices,

1114 1621 1214 1656 Sputa,
1231 1620 1364 1655 tlagella,
1381 1620 1518 1655 verbera,

1115 1667 1205 1695 Nobis
1221 1670 1303 1702 grata
1319 1669 1387 1695 5001
1401 1667 1510 1696 collata

1116 1716 1231 1742 AEterna
1251 1714 1355 1742 Christi
1370 1722 1505 1743 munera.

1151 1762 1287 1789 Nostrum
1303 1763 1405 1797 tangat
1423 1769 1486 1796 cor,
1501 1764 1532 1789 ut
1547 1761 1680 1798 plangat,

1116 1810 1245 1836 'suorum
1261 1809 1382 1844 sanguis
1398 1809 1568 1842 vulnerum,

1117 1857 1147 1884 10
1163 1863 1225 1892 quo
1242 1855 1293 1883 toti
1309 1856 1401 1884 simus
1415 1856 1478 1891 loti,

1116 1903 1260 1931 Conditor
1275 1902 1352 1931 alme
1364 1903 1507 1931 siderum.

1155 1950 1303 1978 Passionis
1319 1953 1374 1978 ture
1393 1951 1491 1985 donis,

1118 1997 1262 2032 Salvator,
1280 2005 1334 2025 nos
1349 1997 1474 2031 inebria,

1121 2046 1184 2078 Qua
1200 2044 1296 2072 tidelis
1312 2044 1383 2072 dare
1401 2044 1474 2072 velis

1122 2093 1239 2119 ,titerua
1253 2091 1341 2119 nohis
1355 2091 1474 2126 gaudia.
1491 2093 1593 2119 Amen.

1049 2139 1076 2173 >²-
1093 2138 1175 2166 Dedit
1194 2138 1367 2174 percutienti
1389 2146 1419 2165 se
1442 2137 1606 2165 maxillam.
1628 2138 1656 2171 η’.
1678 2137 1741 2165 Fuit
1754 2144 1797 2165 sa·

1013 2189 1126 2215 iuratus
1140 2186 1321 2222 opprobriis.

1050 2235 1095 2262 Aa
1116 2233 1300 2262 Benedictus
1323 2234 1493 2269 Antiphone.
1514 2233 1636 2269 Proprie
1657 2232 1720 2260 filio
1742 2240 1797 2261 suo

1014 2290 1074 2310 non
1087 2281 1217 2318 pepercit
1230 2282 1316 2315 Deus,
1327 2281 1378 2308 sed
1394 2289 1448 2317 pro
1460 2281 1544 2308 uobis
1557 2280 1697 2309 omnibus
1707 2280 1797 2308 tradi-

1014 2329 1055 2356 dit
1075 2329 1169 2356 illum.
1187 2328 1284 2364 Kyrie,
1301 2327 1421 2356 eleison.
1438 2328 1560 2363 Christe,
1570 2327 1690 2356 eleison.
1700 2328 1796 2363 Kyrie,

1015 2376 1137 2404 eleison.
1155 2375 1289 2410 Domine,
1306 2377 1359 2402 etc.

1360 2455 1463 2483 Oratio.

1052 2518 1173 2546 Domine
1190 2519 1255 2546 1050
1271 2518 1392 2553 Christe,
1414 2518 1465 2554 qui
1485 2518 1559 2545 hora
1580 2515 1724 2545 matutina
1743 2524 1797 2552 pro

1015 2563 1103 2592 nobis
1125 2563 1260 2599 conspui,
1281 2565 1308 2590 et
1327 2563 1421 2599 alapis
1443 2562 1515 2590 eaedi
1538 2560 1668 2595 voluisti,
1685 2563 1798 2588 etcum

1015 2610 1113 2646 gloria
1128 2618 1145 2638 a
1157 2610 1282 2638 mortuis
1304 2609 1502 2643 resurrexisti,
1518 2608 1563 2636 fao
1578 2615 1633 2636 nos
1647 2610 1799 2636 contume-

1016 2658 1070 2686 lias
1087 2660 1115 2685 et
1130 2657 1295 2694 opprobria
1306 2665 1360 2693 pro
1373 2657 1413 2685 tui
1422 2655 1551 2685 nominis
1563 2655 1658 2691 gloria
1669 2656 1798 2692 portare,
