2029 3052
659 147 762 180 LAUS
785 144 929 178 BEATAE
952 143 1127 177 VlRGINlS
1152 142 1304 175 MAR1AE.

333 223 423 249 Arcus
437 216 659 255 insuperabilis,

299 271 389 298 Arcus
403 267 520 304 potens,
535 273 621 294 arcus
632 263 726 298 fortis,

298 316 390 345 Arcus
404 313 511 348 dulcis,
528 311 678 347 amabilis,

301 366 391 393 Arcus
405 361 510 398 patens
528 358 595 387 coeli
608 357 712 395 portis.

301 412 367 439 Post
380 406 532 445 praesentis
547 407 658 434 metam
671 403 775 433 mortis

301 456 390 486 Nobis
404 453 593 488 inevitabilis,

302 506 357 533 Fac
371 502 523 532 consortes
536 501 594 530 tuce
608 499 694 529 sortis

303 553 372 587 NOS,
387 550 476 586 Virgo
491 547 683 578 venerabilis.

176 667 220 695 Vl.
231 666 364 701 Fiqztrata
375 664 432 698 fuit
442 670 490 698 per
499 661 615 696 Scalam,
631 667 714 696 quam
727 659 806 687 Jacob
820 659 850 686 in
860 657 961 685 somnis

409 705 482 733 vidit
495 704 589 740 (Gerr,
601 702 716 737 xxviu).

337 788 491 817 Dormiens
501 786 592 816 Jacob
607 785 725 814 somnio

302 836 418 866 scalam
431 834 507 863 vidit
520 833 744 869 contingentem

301 883 434 913 Coelum:
450 882 536 918 quus
551 880 683 910 confinio

302 933 396 960 Deum
409 929 485 958 vidit
499 929 684 962 innitentem,

302 978 486 1014 Angelorum
501 974 734 1004 descendentem

303 1027 416 1055 Coetum
431 1024 516 1052 vidit.
532 1022 692 1052 promissio

303 1075 397 1102 Terrae
410 1073 517 1100 sanctae
528 1078 583 1107 per
596 1070 751 1107 potentem

306 1122 405 1155 Datur,
422 1120 451 1147 et
461 1117 642 1147 benedictio.

305 1169 327 1196 Ο
343 1166 443 1201 Maria,
459 1164 597 1201 figuraris

306 1214 401 1248 Scala,
414 1213 468 1242 sed
481 1213 594 1241 scalam
608 1218 748 1248 superas3

305 1261 349 1290 Ab
365 1260 474 1297 angelo
491 1258 639 1293 salutaris,

306 1311 398 1337 Deum
417 1307 572 1336 hominem
587 1313 721 1342 generas.

306 1358 399 1393 Super
414 1355 536 1384 virtutes
551 1361 674 1390 superas

305 1406 358 1432 Per
373 1403 497 1439 angelos
513 1400 670 1430 collocaris
679 1410 687 1435 ;

307 1453 403 1480 Genus
417 1450 585 1479 humanum
599 1448 709 1476 liberas

308 1500 384 1534 Ergo
399 1497 489 1533 longe
503 1496 572 1533 plus
586 1495 691 1524 beatis.

221 1584 274 1611 Vll.
296 1583 431 1617 Fz'qurata
450 1581 505 1614 fait
526 1588 574 1616 per
595 1579 717 1613 Rubum,
738 1580 787 1613 qui
808 1577 932 1611 ardebat,

347 1632 394 1652 nec
408 1623 611 1651 comburebatur
627 1621 747 1658 (Exod.,
761 1619 814 1656 111).

344 1688 444 1722 Mater,
460 1688 511 1715 tua
524 1685 688 1721 virginitas,

311 1735 396 1764 Rubo
415 1733 525 1762 montis
540 1732 706 1761 ostenditur

311 1782 398 1815 Oreb,
415 1781 499 1817 qu'us
512 1780 646 1809 viriditas

310 1832 363 1858 Per
378 1828 520 1857 ardorem
536 1836 599 1856 non
612 1828 716 1856 uritur.

312 1877 357 1905 Sic
372 1884 427 1904 nec
443 1877 494 1904 tua
508 1875 709 1911 corrumpitur

312 1923 469 1959 Virginalis
483 1922 646 1958 integritas,

312 1973 387 1999 Dum
401 1971 503 1999 ventre
516 1971 566 1998 tuo
579 1969 713 2005 Jungitur

313 2017 491 2047 Humanitati
504 2016 609 2045 Deitas.

188 2106 254 2134 Vllt.
271 2106 406 2140 Fiqurata
424 2105 481 2137 fuit
500 2110 549 2138 per
568 2103 632 2137 Vas,
649 2103 679 2129 in
695 2110 746 2137 quo
763 2104 899 2130 servatum
916 2102 972 2135 fuit

419 2146 522 2174 Manna
534 2145 651 2181 (Exod,
665 2145 736 2180 xw).

350 2213 380 2239 ln
394 2211 467 2239 Vase
481 2210 587 2238 Manna
598 2208 732 2244 positum

315 2259 347 2287 Ut
360 2258 501 2292 servetur,
513 2256 621 2292 legitur

315 2305 450 2335 Israelitis
464 2304 616 2338 traditum,

316 2355 415 2389 Neque
435 2353 490 2380 Vas
509 2353 613 2380 Manna
628 2351 783 2387 frangitur.

316 2403 347 2429 In
360 2402 386 2428 te
402 2398 531 2428 Christus
546 2398 720 2434 concipitur,

315 2448 415 2483 Virgo,
428 2454 482 2483 per
496 2447 630 2474 sanctum
643 2445 793 2482 Spiritum,

319 2498 418 2531 Neque
433 2495 490 2522 tuae
503 2492 646 2521 minuitur

318 2541 497 2578 Virginitatis
511 2540 649 2568 meritum

354 2589 444 2618 Nobis
459 2596 570 2616 manna
584 2587 743 2615 mirificum

320 2636 445 2665 Servasti
457 2635 642 2669 mii-ahiliter,

1137 213 1242 240 Manna
1259 211 1422 240 terminans
1436 212 1570 249 typicum

1138 259 1310 295 Figuratum
1323 259 1480 295 veraciter,

1138 307 1170 335 ln
1185 314 1216 335 se
1232 306 1467 336 misericorditer

1138 355 1192 382 Pcr
1206 353 1281 382 illud
1295 355 1401 384 Manna
1416 354 1566 390 coelicum,

1139 401 1225 436 Quod
1240 401 1369 431 dabatur
1383 402 1582 431 communiter

1140 449 1230 478 Israel
1246 450 1276 478 in
1290 450 1442 478 viaticum.

1177 498 1330 526 vetustum
1344 499 1451 527 Manna
1465 497 1582 527 novitas

1142 547 1208 573 Tuae
1223 544 1323 580 gratiae
1338 545 1486 574 terminat.

1142 591 1318 628 Figurarum
1332 592 1492 628 antiquitas

1143 640 1237 676 Fugit,
1253 641 1281 669 et
1293 640 1346 668 lux
1360 640 1509 670 illuminat

1142 690 1234 724 Nova,
1251 696 1327 725 quos
1342 688 1390 716 lex
1400 688 1585 728 discriminat

1144 737 1236 765 Nova.
1251 736 1350 764 Cessat
1364 735 1539 771 obscuritas,

1143 785 1262 820 Purgat,
1277 783 1415 819 mundat,
1432 783 1564 812 eliminat

1145 831 1272 867 Antiqua
1285 838 1365 859 nova
1380 830 1507 859 claritas,

1181 879 1320 906 Summus
1336 878 1446 907 Artifex
1460 877 1596 906 omnium

1143 928 1180 955 Te
1196 925 1329 962 providit
1341 934 1393 954 vas
1408 925 1523 960 nobile,

1146 974 1202 1001 Vas
1218 972 1355 1008 dignum,
1373 981 1426 1001 vas
1441 972 1609 1009 egregium,

1148 1022 1204 1049 Vas
1219 1021 1349 1056 gratum,
1365 1027 1418 1048 vas
1430 1020 1596 1055 laudabile,

1145 1069 1200 1096 Vas
1214 1067 1326 1096 cunctis
1338 1067 1522 1102 venerabile,

1149 1115 1278 1144 Famulis
1291 1116 1324 1142 ut
1339 1114 1476 1143 edulium

1147 1162 1288 1191 Ministres
1303 1161 1492 1197 delectabile,

1148 1211 1319 1246 Panemque
1339 1209 1407 1237 coeli
1422 1208 1542 1237 civium.

1182 1259 1224 1285 Tu
1237 1256 1386 1285 ministras
1400 1255 1573 1284 hominibus

1148 1307 1256 1333 Verum
1270 1311 1381 1340 panem
1395 1303 1584 1339 angelorum,

1147 1351 1214 1380 Tuis
1228 1353 1331 1379 natum
1345 1350 1510 1378 visceribus

1148 1402 1204 1428 Pro
1217 1399 1310 1428 salute
1325 1399 1527 1435 peccatorum.

1149 1447 1199 1475 Hic
1214 1448 1257 1474 est
1270 1445 1357 1482 panis
1372 1445 1533 1479 viatorum,

1150 1494 1205 1528 Qui
1219 1501 1281 1521 non
1295 1494 1337 1521 est
1351 1492 1469 1521 dandus
1482 1492 1618 1527 canibus,

1150 1541 1204 1575 Qui
1220 1543 1261 1568 est
1275 1539 1353 1568 salus
1368 1539 1558 1574 miserorum,

1150 1589 1291 1616 Praestans
1306 1586 1446 1615 omnibus
1461 1586 1601 1623 panibus.

1188 1637 1260 1663 Ecce
1274 1634 1358 1670 panis
1374 1633 1574 1669 dulcissimus,

1153 1685 1224 1711 Ecce
1239 1682 1325 1718 panis
1340 1681 1576 1717 amplectendus,

1151 1733 1223 1759 Ecce
1239 1729 1324 1766 panis
1337 1729 1560 1765 pinguissimus,

1151 1780 1223 1806 Ecce
1242 1776 1327 1813 panis
1342 1775 1525 1811 diligendus,

1154 1827 1226 1853 Ecce
1242 1824 1328 1860 panis
1341 1823 1533 1857 recolendus,

1153 1875 1224 1901 Ecce
1240 1871 1326 1908 panis
1340 1870 1543 1907 praeoptimus,

1154 1920 1243 1948 Cibus
1258 1918 1370 1946 cunctis
1385 1917 1598 1954 praeferendus,

1155 1968 1187 1995 Et
1201 1975 1262 2003 pree
1277 1966 1388 1994 cunctis
1403 1965 1597 2001 gratissimus.

1188 2013 1278 2042 Cibus
1292 2013 1345 2041 iste
1359 2020 1415 2040 nos
1429 2012 1534 2047 reficit,

1155 2063 1285 2096 Recreat,
1302 2062 1330 2088 et
1342 2062 1508 2096 regenerat,

1154 2111 1186 2138 Et
1200 2109 1256 2136 sibi
1272 2110 1401 2136 mentem
1416 2107 1516 2139 allicit,

1156 2156 1267 2192 Dirigit,
1283 2157 1311 2183 et
1325 2155 1516 2183 confoederat.

1157 2206 1250 2233 Omne
1266 2203 1380 2231 bonum
1394 2204 1564 2238 exaggerat,

1158 2253 1190 2279 Et
1209 2258 1298 2278 omne
1318 2249 1431 2277 malum
1449 2249 1561 2285 abjicit,

1158 2297 1259 2333 Vincit,
1273 2298 1388 2333 regnat,
1404 2298 1431 2324 et
1446 2297 1581 2333 imperat,

1158 2346 1261 2381 Auget,
1278 2344 1329 2372 alit
1345 2346 1372 2372 et
1386 2344 1511 2380 perficit,

1195 2393 1284 2421 Vivus
1298 2388 1390 2429 panis*
1400 2394 1428 2420 et
1442 2391 1550 2424 vitalis,

1158 2441 1220 2475 Via,
1241 2440 1349 2468 veritas
1363 2441 1391 2467 et
1404 2439 1475 2474 vita,

1162 2490 1194 2517 Et
1208 2488 1255 2516 hic
1270 2488 1356 2524 panis
1370 2486 1558 2520 immortalis,

1162 2537 1195 2563 Et
1207 2535 1325 2564 bonitas
1338 2534 1465 2562 infinita.

1160 2584 1223 2616 Quo
1238 2582 1363 2617 refulget
1378 2580 1553 2617 praemonita

1165 2632 1247 2658 Nova
1266 2638 1376 2665 sponsa
1392 2628 1540 2664 spiritalis,

1745 146 1799 177 183
