<?xml version="1.0" encoding="UTF-8"?>
<!DOCTYPE html PUBLIC "-//W3C//DTD XHTML 1.0 Transitional//EN"
    "http://www.w3.org/TR/xhtml1/DTD/xhtml1-transitional.dtd">
<html xmlns="http://www.w3.org/1999/xhtml" xml:lang="en" lang="en">
 <head>
  <title>
</title>
<meta http-equiv="Content-Type" content="text/html;charset=utf-8" />
  <meta name='ocr-system' content='tesseract 3.04.00' />
  <meta name='ocr-capabilities' content='ocr_page ocr_carea ocr_par ocr_line ocrx_word'/>
</head>
<body>
  <div class='ocr_page' id='page_1' title='image "./operaomniasixtiv14bonauoft_0087.png"; bbox 0 0 2060 3052; ppageno 0'>
   <div class='ocr_carea' id='block_1_1' title="bbox 549 243 1788 284">
    <p class='ocr_par' dir='ltr' id='par_1_1' title="bbox 549 243 1788 284">
     <span class='ocr_line' id='line_1_1' title="bbox 549 243 1788 284; baseline 0.005 -6"><span class='ocrx_word' id='word_1_1' title='bbox 549 245 600 278; x_wconf 84' lang='lat' dir='ltr'>DE</span> <span class='ocrx_word' id='word_1_2' title='bbox 623 243 820 277; x_wconf 84' lang='lat' dir='ltr'>PLURIBUS</span> <span class='ocrx_word' id='word_1_3' title='bbox 843 244 899 277; x_wconf 92' lang='lat' dir='ltr'>SS.</span> <span class='ocrx_word' id='word_1_4' title='bbox 924 244 1194 278; x_wconf 80' lang='lat' dir='ltr'>MARTYRIBUS.</span> <span class='ocrx_word' id='word_1_5' title='bbox 1218 245 1351 280; x_wconf 81' lang='lat' dir='ltr'>SERMO</span> <span class='ocrx_word' id='word_1_6' title='bbox 1374 247 1398 279; x_wconf 93' lang='grc'>1.</span> <span class='ocrx_word' id='word_1_7' title='bbox 1748 254 1788 284; x_wconf 85' lang='grc'>49</span> 
     </span>
    </p>
   </div>
   <div class='ocr_carea' id='block_1_2' title="bbox 157 313 949 2618">
    <p class='ocr_par' dir='ltr' id='par_1_2' title="bbox 157 313 949 2618">
     <span class='ocr_line' id='line_1_2' title="bbox 166 313 947 351; baseline 0 -9"><span class='ocrx_word' id='word_1_8' title='bbox 166 313 299 342; x_wconf 87' lang='lat' dir='ltr'>humano</span> <span class='ocrx_word' id='word_1_9' title='bbox 327 320 451 351; x_wconf 86' lang='lat' dir='ltr'>corpore</span> <span class='ocrx_word' id='word_1_10' title='bbox 470 313 611 350; x_wconf 74' lang='lat' dir='ltr'>praecedit</span> <span class='ocrx_word' id='word_1_11' title='bbox 632 313 764 342; x_wconf 87' lang='lat' dir='ltr'>nobilior</span> <span class='ocrx_word' id='word_1_12' title='bbox 784 313 947 342; x_wconf 87' lang='lat' dir='ltr'>elemento-</span> 
     </span>
     <span class='ocr_line' id='line_1_3' title="bbox 166 361 947 398; baseline 0 -9"><span class='ocrx_word' id='word_1_13' title='bbox 166 369 234 389; x_wconf 87' lang='lat' dir='ltr'>rum</span> <span class='ocrx_word' id='word_1_14' title='bbox 253 361 433 398; x_wconf 82' lang='lat' dir='ltr'>complexio,</span> <span class='ocrx_word' id='word_1_15' title='bbox 455 368 547 398; x_wconf 89' lang='lat' dir='ltr'>quam</span> <span class='ocrx_word' id='word_1_16' title='bbox 567 361 597 388; x_wconf 91' lang='lat' dir='ltr'>in</span> <span class='ocrx_word' id='word_1_17' title='bbox 616 361 705 389; x_wconf 88' lang='lat' dir='ltr'>bruto</span> <span class='ocrx_word' id='word_1_18' title='bbox 717 371 724 397; x_wconf 81' lang='lat'><em>3</em></span> <span class='ocrx_word' id='word_1_19' title='bbox 754 362 781 389; x_wconf 90' lang='lat' dir='ltr'>et</span> <span class='ocrx_word' id='word_1_20' title='bbox 801 361 831 389; x_wconf 91' lang='lat' dir='ltr'>in</span> <span class='ocrx_word' id='word_1_21' title='bbox 859 361 947 389; x_wconf 88' lang='lat' dir='ltr'>bruto</span> 
     </span>
     <span class='ocr_line' id='line_1_4' title="bbox 166 408 948 445; baseline 0 -9"><span class='ocrx_word' id='word_1_22' title='bbox 166 409 308 444; x_wconf 78' lang='lat' dir='ltr'>nobilior,</span> <span class='ocrx_word' id='word_1_23' title='bbox 325 417 415 445; x_wconf 82' lang='lat' dir='ltr'>quam</span> <span class='ocrx_word' id='word_1_24' title='bbox 430 408 461 436; x_wconf 89' lang='lat' dir='ltr'>in</span> <span class='ocrx_word' id='word_1_25' title='bbox 476 408 589 445; x_wconf 86' lang='lat' dir='ltr'>planta,</span> <span class='ocrx_word' id='word_1_26' title='bbox 611 409 778 437; x_wconf 85' lang='lat' dir='ltr'>secundum</span> <span class='ocrx_word' id='word_1_27' title='bbox 803 409 887 445; x_wconf 86' lang='lat' dir='ltr'>quod</span> <span class='ocrx_word' id='word_1_28' title='bbox 906 410 948 437; x_wconf 89' lang='lat' dir='ltr'>est</span> 
     </span>
     <span class='ocr_line' id='line_1_5' title="bbox 165 455 946 492; baseline -0.003 -7"><span class='ocrx_word' id='word_1_29' title='bbox 165 456 297 485; x_wconf 85' lang='lat' dir='ltr'>nobilior</span> <span class='ocrx_word' id='word_1_30' title='bbox 311 455 408 484; x_wconf 84' lang='lat' dir='ltr'>forma</span> <span class='ocrx_word' id='word_1_31' title='bbox 422 455 602 485; x_wconf 85' lang='lat' dir='ltr'>inducenda.</span> <span class='ocrx_word' id='word_1_32' title='bbox 619 458 694 492; x_wconf 78' lang='lat' dir='ltr'>Ergo</span> <span class='ocrx_word' id='word_1_33' title='bbox 713 456 877 484; x_wconf 84' lang='lat' dir='ltr'>maximum</span> <span class='ocrx_word' id='word_1_34' title='bbox 893 457 946 491; x_wconf 77' lang='lat' dir='ltr'>est,</span> 
     </span>
     <span class='ocr_line' id='line_1_6' title="bbox 166 504 947 541; baseline 0 -9"><span class='ocrx_word' id='word_1_35' title='bbox 166 504 250 541; x_wconf 85' lang='lat' dir='ltr'>quod</span> <span class='ocrx_word' id='word_1_36' title='bbox 264 506 375 541; x_wconf 84' lang='lat' dir='ltr'>quanto</span> <span class='ocrx_word' id='word_1_37' title='bbox 391 504 421 532; x_wconf 92' lang='lat' dir='ltr'>in</span> <span class='ocrx_word' id='word_1_38' title='bbox 436 504 612 540; x_wconf 86' lang='lat' dir='ltr'>perfectibili</span> <span class='ocrx_word' id='word_1_39' title='bbox 626 504 727 540; x_wconf 80' lang='lat' dir='ltr'>aliquo</span> <span class='ocrx_word' id='word_1_40' title='bbox 742 504 882 541; x_wconf 73' lang='lat' dir='ltr'>prwcedIt</span> <span class='ocrx_word' id='word_1_41' title='bbox 896 511 947 532; x_wconf 93' lang='lat' dir='ltr'>no-</span> 
     </span>
     <span class='ocr_line' id='line_1_7' title="bbox 165 550 947 588; baseline 0.001 -10"><span class='ocrx_word' id='word_1_42' title='bbox 165 550 255 579; x_wconf 83' lang='lat' dir='ltr'>bilior</span> <span class='ocrx_word' id='word_1_43' title='bbox 276 551 467 588; x_wconf 72' lang='lat' dir='ltr'>prneparatio,</span> <span class='ocrx_word' id='word_1_44' title='bbox 488 553 568 580; x_wconf 85' lang='lat' dir='ltr'>tanto</span> <span class='ocrx_word' id='word_1_45' title='bbox 591 551 723 580; x_wconf 84' lang='lat' dir='ltr'>nobilior</span> <span class='ocrx_word' id='word_1_46' title='bbox 739 551 825 579; x_wconf 86' lang='lat' dir='ltr'>datur</span> <span class='ocrx_word' id='word_1_47' title='bbox 840 551 866 579; x_wconf 91' lang='lat' dir='ltr'>ei</span> <span class='ocrx_word' id='word_1_48' title='bbox 881 559 947 588; x_wconf 88' lang='lat' dir='ltr'>per-</span> 
     </span>
     <span class='ocr_line' id='line_1_8' title="bbox 164 597 948 635; baseline 0 -9"><span class='ocrx_word' id='word_1_49' title='bbox 164 597 260 626; x_wconf 75' lang='lat' dir='ltr'>fectio.</span> <span class='ocrx_word' id='word_1_50' title='bbox 292 599 365 626; x_wconf 88' lang='lat' dir='ltr'>Cum</span> <span class='ocrx_word' id='word_1_51' title='bbox 394 606 465 634; x_wconf 85' lang='lat' dir='ltr'>crgo</span> <span class='ocrx_word' id='word_1_52' title='bbox 490 598 565 627; x_wconf 86' lang='lat' dir='ltr'>fides</span> <span class='ocrx_word' id='word_1_53' title='bbox 593 598 779 626; x_wconf 85' lang='lat' dir='ltr'>nobilissima</span> <span class='ocrx_word' id='word_1_54' title='bbox 802 600 948 635; x_wconf 60' lang='lat' dir='ltr'>praeparet</span> 
     </span>
     <span class='ocr_line' id='line_1_9' title="bbox 164 645 948 682; baseline -0.001 -9"><span class='ocrx_word' id='word_1_55' title='bbox 164 645 297 674; x_wconf 80' lang='lat' dir='ltr'>animam</span> <span class='ocrx_word' id='word_1_56' title='bbox 316 645 356 674; x_wconf 85' lang='lat' dir='ltr'>ad</span> <span class='ocrx_word' id='word_1_57' title='bbox 375 645 623 674; x_wconf 86' lang='lat' dir='ltr'>illuminationem</span> <span class='ocrx_word' id='word_1_58' title='bbox 646 645 840 682; x_wconf 80' lang='lat' dir='ltr'>dispositione</span> <span class='ocrx_word' id='word_1_59' title='bbox 861 645 948 673; x_wconf 89' lang='lat' dir='ltr'>nobi-</span> 
     </span>
     <span class='ocr_line' id='line_1_10' title="bbox 163 692 946 729; baseline 0 -9"><span class='ocrx_word' id='word_1_60' title='bbox 163 692 291 729; x_wconf 88' lang='lat' dir='ltr'>lissima;</span> <span class='ocrx_word' id='word_1_61' title='bbox 307 701 342 720; x_wconf 79' lang='lat' dir='ltr'>ex</span> <span class='ocrx_word' id='word_1_62' title='bbox 358 700 393 721; x_wconf 89' lang='lat' dir='ltr'>eo</span> <span class='ocrx_word' id='word_1_63' title='bbox 409 694 497 729; x_wconf 86' lang='lat' dir='ltr'>patet,</span> <span class='ocrx_word' id='word_1_64' title='bbox 518 692 601 728; x_wconf 89' lang='lat' dir='ltr'>quod</span> <span class='ocrx_word' id='word_1_65' title='bbox 617 692 685 720; x_wconf 86' lang='lat' dir='ltr'>facit</span> <span class='ocrx_word' id='word_1_66' title='bbox 700 693 737 720; x_wconf 89' lang='lat' dir='ltr'>de</span> <span class='ocrx_word' id='word_1_67' title='bbox 751 694 809 720; x_wconf 88' lang='lat' dir='ltr'>Deo</span> <span class='ocrx_word' id='word_1_68' title='bbox 826 692 946 720; x_wconf 86' lang='lat' dir='ltr'>credere</span> 
     </span>
     <span class='ocr_line' id='line_1_11' title="bbox 164 739 946 776; baseline -0.001 -8"><span class='ocrx_word' id='word_1_69' title='bbox 164 740 266 768; x_wconf 84' lang='lat' dir='ltr'>omnia</span> <span class='ocrx_word' id='word_1_70' title='bbox 280 748 397 768; x_wconf 86' lang='lat' dir='ltr'>summa</span> <span class='ocrx_word' id='word_1_71' title='bbox 415 739 507 775; x_wconf 86' lang='lat' dir='ltr'>bona,</span> <span class='ocrx_word' id='word_1_72' title='bbox 528 739 639 767; x_wconf 90' lang='lat' dir='ltr'>scilicet</span> <span class='ocrx_word' id='word_1_73' title='bbox 651 739 735 776; x_wconf 90' lang='lat' dir='ltr'>quod</span> <span class='ocrx_word' id='word_1_74' title='bbox 748 742 790 767; x_wconf 87' lang='lat' dir='ltr'>est</span> <span class='ocrx_word' id='word_1_75' title='bbox 804 739 946 776; x_wconf 80' lang='lat' dir='ltr'>potentis-</span> 
     </span>
     <span class='ocr_line' id='line_1_12' title="bbox 163 787 946 824; baseline -0.001 -8"><span class='ocrx_word' id='word_1_76' title='bbox 163 788 265 822; x_wconf 81' lang='lat' dir='ltr'>simus,</span> <span class='ocrx_word' id='word_1_77' title='bbox 283 788 367 824; x_wconf 89' lang='lat' dir='ltr'>quod</span> <span class='ocrx_word' id='word_1_78' title='bbox 382 790 425 816; x_wconf 91' lang='lat' dir='ltr'>est</span> <span class='ocrx_word' id='word_1_79' title='bbox 439 788 683 824; x_wconf 86' lang='lat' dir='ltr'>sapientissimus,</span> <span class='ocrx_word' id='word_1_80' title='bbox 707 787 791 824; x_wconf 87' lang='lat' dir='ltr'>quod</span> <span class='ocrx_word' id='word_1_81' title='bbox 807 790 850 816; x_wconf 87' lang='lat' dir='ltr'>est</span> <span class='ocrx_word' id='word_1_82' title='bbox 864 796 946 815; x_wconf 89' lang='lat' dir='ltr'>sum-</span> 
     </span>
     <span class='ocr_line' id='line_1_13' title="bbox 162 835 948 871; baseline -0.001 -8"><span class='ocrx_word' id='word_1_83' title='bbox 162 843 210 863; x_wconf 90' lang='lat' dir='ltr'>me</span> <span class='ocrx_word' id='word_1_84' title='bbox 225 835 335 869; x_wconf 89' lang='lat' dir='ltr'>bouus,</span> <span class='ocrx_word' id='word_1_85' title='bbox 356 836 384 863; x_wconf 88' lang='lat' dir='ltr'>et</span> <span class='ocrx_word' id='word_1_86' title='bbox 401 835 443 863; x_wconf 89' lang='lat' dir='ltr'>sic</span> <span class='ocrx_word' id='word_1_87' title='bbox 472 835 508 863; x_wconf 89' lang='lat' dir='ltr'>de</span> <span class='ocrx_word' id='word_1_88' title='bbox 528 835 604 864; x_wconf 82' lang='lat' dir='ltr'>aliis.</span> <span class='ocrx_word' id='word_1_89' title='bbox 631 835 712 863; x_wconf 82' lang='lat' dir='ltr'>Unde</span> <span class='ocrx_word' id='word_1_90' title='bbox 729 835 846 870; x_wconf 89' lang='lat' dir='ltr'>dicitur,</span> <span class='ocrx_word' id='word_1_91' title='bbox 865 835 948 871; x_wconf 91' lang='lat' dir='ltr'>quod</span> 
     </span>
     <span class='ocr_line' id='line_1_14' title="bbox 163 882 946 918; baseline -0.001 -8"><span class='ocrx_word' id='word_1_92' title='bbox 163 882 236 910; x_wconf 89' lang='lat' dir='ltr'>dum</span> <span class='ocrx_word' id='word_1_93' title='bbox 265 882 390 918; x_wconf 88' lang='lat' dir='ltr'>quidam</span> <span class='ocrx_word' id='word_1_94' title='bbox 418 890 511 910; x_wconf 80' lang='lat' dir='ltr'>caecus</span> <span class='ocrx_word' id='word_1_95' title='bbox 540 883 682 910; x_wconf 90' lang='lat' dir='ltr'>clamaret</span> <span class='ocrx_word' id='word_1_96' title='bbox 708 882 747 910; x_wconf 87' lang='lat' dir='ltr'>ad</span> <span class='ocrx_word' id='word_1_97' title='bbox 776 882 946 917; x_wconf 89' lang='lat' dir='ltr'>Dominum,</span> 
     </span>
     <span class='ocr_line' id='line_1_15' title="bbox 164 929 948 964; baseline -0.001 -7"><span class='ocrx_word' id='word_1_98' title='bbox 164 931 232 957; x_wconf 89' lang='lat' dir='ltr'>tunc</span> <span class='ocrx_word' id='word_1_99' title='bbox 248 929 389 957; x_wconf 86' lang='lat' dir='ltr'>Dominus</span> <span class='ocrx_word' id='word_1_100' title='bbox 412 929 487 957; x_wconf 89' lang='lat' dir='ltr'>dixit</span> <span class='ocrx_word' id='word_1_101' title='bbox 504 929 530 957; x_wconf 89' lang='lat' dir='ltr'>ei</span> <span class='ocrx_word' id='word_1_102' title='bbox 546 929 554 946; x_wconf 90' lang='lat'><strong>¹</strong></span> <span class='ocrx_word' id='word_1_103' title='bbox 572 938 578 957; x_wconf 91' lang='lat'>:</span> <span class='ocrx_word' id='word_1_104' title='bbox 597 940 609 956; x_wconf 86' lang='lat'>«</span> <span class='ocrx_word' id='word_1_105' title='bbox 626 929 702 963; x_wconf 85' lang='lat' dir='ltr'>Quid</span> <span class='ocrx_word' id='word_1_106' title='bbox 721 929 777 964; x_wconf 88' lang='lat' dir='ltr'>vis,</span> <span class='ocrx_word' id='word_1_107' title='bbox 793 930 826 957; x_wconf 84' lang='lat' dir='ltr'>ut</span> <span class='ocrx_word' id='word_1_108' title='bbox 840 929 948 957; x_wconf 84' lang='lat' dir='ltr'>faciam</span> 
     </span>
     <span class='ocr_line' id='line_1_16' title="bbox 162 976 947 1011; baseline 0 -7"><span class='ocrx_word' id='word_1_109' title='bbox 162 976 236 1004; x_wconf 80' lang='lat' dir='ltr'>tibi‘?</span> <span class='ocrx_word' id='word_1_110' title='bbox 251 986 265 1004; x_wconf 76' lang='grc'>11</span> <span class='ocrx_word' id='word_1_111' title='bbox 281 977 333 1005; x_wconf 90' lang='lat' dir='ltr'>Cui</span> <span class='ocrx_word' id='word_1_112' title='bbox 348 977 398 1005; x_wconf 88' lang='lat' dir='ltr'>ille</span> <span class='ocrx_word' id='word_1_113' title='bbox 411 986 417 1004; x_wconf 91' lang='lat'>:</span> <span class='ocrx_word' id='word_1_114' title='bbox 431 977 590 1011; x_wconf 87' lang='lat' dir='ltr'>«Domine,</span> <span class='ocrx_word' id='word_1_115' title='bbox 603 979 635 1004; x_wconf 91' lang='lat' dir='ltr'>ut</span> <span class='ocrx_word' id='word_1_116' title='bbox 648 976 804 1004; x_wconf 85' lang='lat' dir='ltr'>videam.»</span> <span class='ocrx_word' id='word_1_117' title='bbox 823 976 874 1005; x_wconf 89' lang='lat' dir='ltr'>Cui</span> <span class='ocrx_word' id='word_1_118' title='bbox 889 978 947 1004; x_wconf 86' lang='lat' dir='ltr'>Do-</span> 
     </span>
     <span class='ocr_line' id='line_1_17' title="bbox 161 1023 949 1060; baseline -0.001 -8"><span class='ocrx_word' id='word_1_119' title='bbox 161 1023 260 1052; x_wconf 86' lang='lat' dir='ltr'>minus</span> <span class='ocrx_word' id='word_1_120' title='bbox 273 1033 279 1052; x_wconf 89' lang='lat'><strong>:</strong></span> <span class='ocrx_word' id='word_1_121' title='bbox 300 1033 313 1050; x_wconf 84' lang='lat'>«</span> <span class='ocrx_word' id='word_1_122' title='bbox 328 1024 460 1060; x_wconf 83' lang='lat' dir='ltr'>Respice,</span> <span class='ocrx_word' id='word_1_123' title='bbox 476 1024 551 1052; x_wconf 87' lang='lat' dir='ltr'>fides</span> <span class='ocrx_word' id='word_1_124' title='bbox 561 1026 612 1052; x_wconf 90' lang='lat' dir='ltr'>tua</span> <span class='ocrx_word' id='word_1_125' title='bbox 626 1025 654 1052; x_wconf 90' lang='lat' dir='ltr'>te</span> <span class='ocrx_word' id='word_1_126' title='bbox 667 1024 785 1052; x_wconf 87' lang='lat' dir='ltr'>salvum</span> <span class='ocrx_word' id='word_1_127' title='bbox 797 1023 874 1059; x_wconf 83' lang='lat' dir='ltr'>feeit,</span> <span class='ocrx_word' id='word_1_128' title='bbox 891 1033 904 1049; x_wconf 83' lang='lat'>»</span> <span class='ocrx_word' id='word_1_129' title='bbox 918 1023 949 1051; x_wconf 89' lang='lat' dir='ltr'>id</span> 
     </span>
     <span class='ocr_line' id='line_1_18' title="bbox 162 1071 949 1108; baseline 0 -10"><span class='ocrx_word' id='word_1_130' title='bbox 162 1073 216 1107; x_wconf 82' lang='lat' dir='ltr'>est,</span> <span class='ocrx_word' id='word_1_131' title='bbox 226 1071 415 1099; x_wconf 79' lang='lat' dir='ltr'>illuminavit.</span> <span class='ocrx_word' id='word_1_132' title='bbox 433 1072 476 1100; x_wconf 93' lang='lat' dir='ltr'>Ob</span> <span class='ocrx_word' id='word_1_133' title='bbox 489 1071 566 1099; x_wconf 86' lang='lat' dir='ltr'>hanc</span> <span class='ocrx_word' id='word_1_134' title='bbox 576 1072 678 1108; x_wconf 87' lang='lat' dir='ltr'>utique</span> <span class='ocrx_word' id='word_1_135' title='bbox 694 1079 813 1099; x_wconf 84' lang='lat' dir='ltr'>causam</span> <span class='ocrx_word' id='word_1_136' title='bbox 828 1073 949 1107; x_wconf 88' lang='lat' dir='ltr'>Aposto-</span> 
     </span>
     <span class='ocr_line' id='line_1_19' title="bbox 161 1117 945 1155; baseline -0.001 -10"><span class='ocrx_word' id='word_1_137' title='bbox 161 1117 207 1146; x_wconf 87' lang='lat' dir='ltr'>lus</span> <span class='ocrx_word' id='word_1_138' title='bbox 222 1118 292 1146; x_wconf 80' lang='lat' dir='ltr'>dicit</span> <span class='ocrx_word' id='word_1_139' title='bbox 304 1117 325 1153; x_wconf 74' lang='lat'>²³,</span> <span class='ocrx_word' id='word_1_140' title='bbox 341 1119 425 1155; x_wconf 84' lang='lat' dir='ltr'>quod</span> <span class='ocrx_word' id='word_1_141' title='bbox 439 1118 514 1146; x_wconf 89' lang='lat' dir='ltr'>fides</span> <span class='ocrx_word' id='word_1_142' title='bbox 530 1121 572 1147; x_wconf 84' lang='lat' dir='ltr'>est</span> <span class='ocrx_word' id='word_1_143' title='bbox 585 1120 812 1154; x_wconf 79' lang='lat' dir='ltr'>argumentum:</span> <span class='ocrx_word' id='word_1_144' title='bbox 832 1128 844 1144; x_wconf 82' lang='lat'>‹&lt;</span> <span class='ocrx_word' id='word_1_145' title='bbox 859 1120 915 1152; x_wconf 85' lang='lat' dir='ltr'>Est,</span> <span class='ocrx_word' id='word_1_146' title='bbox 932 1129 945 1145; x_wconf 69' lang='lat'>&gt;2</span> 
     </span>
     <span class='ocr_line' id='line_1_20' title="bbox 161 1165 948 1202; baseline 0.001 -10"><span class='ocrx_word' id='word_1_147' title='bbox 161 1165 268 1201; x_wconf 83' lang='lat' dir='ltr'>inquit,</span> <span class='ocrx_word' id='word_1_148' title='bbox 287 1175 301 1191; x_wconf 70' lang='grc'>(1</span> <span class='ocrx_word' id='word_1_149' title='bbox 315 1166 390 1194; x_wconf 84' lang='lat' dir='ltr'>fides</span> <span class='ocrx_word' id='word_1_150' title='bbox 411 1166 575 1194; x_wconf 85' lang='lat' dir='ltr'>substantia</span> <span class='ocrx_word' id='word_1_151' title='bbox 596 1175 697 1194; x_wconf 85' lang='lat' dir='ltr'>rerum</span> <span class='ocrx_word' id='word_1_152' title='bbox 719 1166 948 1202; x_wconf 85' lang='lat' dir='ltr'>sperandarum,</span> 
     </span>
     <span class='ocr_line' id='line_1_21' title="bbox 161 1213 949 1250; baseline 0.001 -10"><span class='ocrx_word' id='word_1_153' title='bbox 161 1215 371 1248; x_wconf 79' lang='lat' dir='ltr'>argumentum</span> <span class='ocrx_word' id='word_1_154' title='bbox 386 1221 450 1241; x_wconf 93' lang='lat' dir='ltr'>non</span> <span class='ocrx_word' id='word_1_155' title='bbox 466 1214 684 1250; x_wconf 81' lang='lat' dir='ltr'>apparentium.</span> <span class='ocrx_word' id='word_1_156' title='bbox 703 1224 716 1240; x_wconf 92' lang='lat'>»</span> <span class='ocrx_word' id='word_1_157' title='bbox 734 1215 852 1242; x_wconf 84' lang='lat' dir='ltr'>Constat</span> <span class='ocrx_word' id='word_1_158' title='bbox 869 1213 949 1241; x_wconf 89' lang='lat' dir='ltr'>enim</span> 
     </span>
     <span class='ocr_line' id='line_1_22' title="bbox 161 1259 947 1296; baseline 0 -8"><span class='ocrx_word' id='word_1_159' title='bbox 161 1259 246 1296; x_wconf 90' lang='lat' dir='ltr'>quod</span> <span class='ocrx_word' id='word_1_160' title='bbox 267 1262 477 1296; x_wconf 83' lang='lat' dir='ltr'>argumentum</span> <span class='ocrx_word' id='word_1_161' title='bbox 502 1263 545 1288; x_wconf 88' lang='lat' dir='ltr'>est</span> <span class='ocrx_word' id='word_1_162' title='bbox 568 1260 675 1288; x_wconf 88' lang='lat' dir='ltr'>mentis</span> <span class='ocrx_word' id='word_1_163' title='bbox 703 1260 947 1295; x_wconf 85' lang='lat' dir='ltr'>illuminativum,</span> 
     </span>
     <span class='ocr_line' id='line_1_23' title="bbox 161 1307 949 1343; baseline 0.001 -9"><span class='ocrx_word' id='word_1_164' title='bbox 161 1307 233 1343; x_wconf 90' lang='lat' dir='ltr'>quia</span> <span class='ocrx_word' id='word_1_165' title='bbox 254 1307 380 1335; x_wconf 89' lang='lat' dir='ltr'>dubium</span> <span class='ocrx_word' id='word_1_166' title='bbox 395 1308 481 1336; x_wconf 84' lang='lat' dir='ltr'>vertit</span> <span class='ocrx_word' id='word_1_167' title='bbox 501 1307 531 1335; x_wconf 89' lang='lat' dir='ltr'>in</span> <span class='ocrx_word' id='word_1_168' title='bbox 553 1310 677 1335; x_wconf 86' lang='lat' dir='ltr'>certum.</span> <span class='ocrx_word' id='word_1_169' title='bbox 703 1309 750 1335; x_wconf 87' lang='lat' dir='ltr'>Est</span> <span class='ocrx_word' id='word_1_170' title='bbox 775 1316 846 1343; x_wconf 87' lang='lat' dir='ltr'>ergo</span> <span class='ocrx_word' id='word_1_171' title='bbox 863 1316 949 1343; x_wconf 83' lang='lat' dir='ltr'>argu-</span> 
     </span>
     <span class='ocr_line' id='line_1_24' title="bbox 160 1354 948 1389; baseline 0 -7"><span class='ocrx_word' id='word_1_172' title='bbox 160 1356 294 1382; x_wconf 80' lang='lat' dir='ltr'>mentum</span> <span class='ocrx_word' id='word_1_173' title='bbox 311 1354 398 1389; x_wconf 86' lang='lat' dir='ltr'>ratio,</span> <span class='ocrx_word' id='word_1_174' title='bbox 423 1354 465 1382; x_wconf 88' lang='lat' dir='ltr'>rei</span> <span class='ocrx_word' id='word_1_175' title='bbox 486 1354 585 1382; x_wconf 78' lang='lat' dir='ltr'>dubiae</span> <span class='ocrx_word' id='word_1_176' title='bbox 603 1354 714 1382; x_wconf 79' lang='lat' dir='ltr'>faciens</span> <span class='ocrx_word' id='word_1_177' title='bbox 737 1354 828 1382; x_wconf 85' lang='lat' dir='ltr'>fidem</span> <span class='ocrx_word' id='word_1_178' title='bbox 843 1363 948 1382; x_wconf 80' lang='lat' dir='ltr'>secun-</span> 
     </span>
     <span class='ocr_line' id='line_1_25' title="bbox 161 1400 949 1438; baseline 0 -9"><span class='ocrx_word' id='word_1_179' title='bbox 161 1400 234 1429; x_wconf 91' lang='lat' dir='ltr'>dum</span> <span class='ocrx_word' id='word_1_180' title='bbox 253 1401 468 1438; x_wconf 84' lang='lat' dir='ltr'>Philosophum</span> <span class='ocrx_word' id='word_1_181' title='bbox 484 1403 505 1429; x_wconf 68' lang='grc'>3.</span> <span class='ocrx_word' id='word_1_182' title='bbox 525 1402 702 1438; x_wconf 77' lang='lat' dir='ltr'>Exemplum</span> <span class='ocrx_word' id='word_1_183' title='bbox 723 1401 759 1429; x_wconf 88' lang='lat' dir='ltr'>de</span> <span class='ocrx_word' id='word_1_184' title='bbox 780 1402 838 1429; x_wconf 91' lang='lat' dir='ltr'>hoc</span> <span class='ocrx_word' id='word_1_185' title='bbox 858 1401 949 1429; x_wconf 84' lang='lat' dir='ltr'>habe-</span> 
     </span>
     <span class='ocr_line' id='line_1_26' title="bbox 160 1448 947 1484; baseline 0.001 -9"><span class='ocrx_word' id='word_1_186' title='bbox 160 1449 207 1476; x_wconf 85' lang='lat' dir='ltr'>tur</span> <span class='ocrx_word' id='word_1_187' title='bbox 222 1448 252 1476; x_wconf 90' lang='lat' dir='ltr'>in</span> <span class='ocrx_word' id='word_1_188' title='bbox 267 1449 392 1477; x_wconf 78' lang='lat' dir='ltr'>Historia</span> <span class='ocrx_word' id='word_1_189' title='bbox 407 1449 583 1477; x_wconf 83' lang='lat' dir='ltr'>scholastica</span> <span class='ocrx_word' id='word_1_190' title='bbox 599 1451 733 1484; x_wconf 87' lang='lat' dir='ltr'>tempore</span> <span class='ocrx_word' id='word_1_191' title='bbox 749 1448 856 1476; x_wconf 64' lang='lat' dir='ltr'>Nicrni</span> <span class='ocrx_word' id='word_1_192' title='bbox 877 1457 947 1476; x_wconf 89' lang='lat' dir='ltr'>con-</span> 
     </span>
     <span class='ocr_line' id='line_1_27' title="bbox 161 1495 946 1531; baseline 0.001 -9"><span class='ocrx_word' id='word_1_193' title='bbox 161 1495 230 1522; x_wconf 90' lang='lat' dir='ltr'>cilii.</span> <span class='ocrx_word' id='word_1_194' title='bbox 247 1496 326 1523; x_wconf 85' lang='lat' dir='ltr'>Multi</span> <span class='ocrx_word' id='word_1_195' title='bbox 347 1496 427 1523; x_wconf 87' lang='lat' dir='ltr'>enim</span> <span class='ocrx_word' id='word_1_196' title='bbox 451 1499 520 1524; x_wconf 87' lang='lat' dir='ltr'>tunc</span> <span class='ocrx_word' id='word_1_197' title='bbox 541 1498 742 1524; x_wconf 89' lang='lat' dir='ltr'>convenerant</span> <span class='ocrx_word' id='word_1_198' title='bbox 763 1496 946 1531; x_wconf 84' lang='lat' dir='ltr'>philosophi,</span> 
     </span>
     <span class='ocr_line' id='line_1_28' title="bbox 161 1542 947 1579; baseline 0.001 -10"><span class='ocrx_word' id='word_1_199' title='bbox 161 1544 193 1570; x_wconf 90' lang='lat' dir='ltr'>ut</span> <span class='ocrx_word' id='word_1_200' title='bbox 215 1542 307 1570; x_wconf 87' lang='lat' dir='ltr'>fidem</span> <span class='ocrx_word' id='word_1_201' title='bbox 330 1542 540 1578; x_wconf 79' lang='lat' dir='ltr'>impugnarent</span> <span class='ocrx_word' id='word_1_202' title='bbox 566 1553 571 1570; x_wconf 76' lang='lat' dir='ltr'><strong><em>z</em></strong></span> <span class='ocrx_word' id='word_1_203' title='bbox 593 1543 669 1571; x_wconf 85' lang='lat' dir='ltr'>inter</span> <span class='ocrx_word' id='word_1_204' title='bbox 693 1551 768 1579; x_wconf 89' lang='lat' dir='ltr'>quos</span> <span class='ocrx_word' id='word_1_205' title='bbox 783 1551 860 1570; x_wconf 87' lang='lat' dir='ltr'>unus</span> <span class='ocrx_word' id='word_1_206' title='bbox 875 1545 947 1577; x_wconf 85' lang='lat' dir='ltr'>erat,</span> 
     </span>
     <span class='ocr_line' id='line_1_29' title="bbox 161 1589 945 1626; baseline 0 -9"><span class='ocrx_word' id='word_1_207' title='bbox 161 1597 348 1625; x_wconf 83' lang='lat' dir='ltr'>quemnemo</span> <span class='ocrx_word' id='word_1_208' title='bbox 356 1589 492 1617; x_wconf 88' lang='lat' dir='ltr'>fidelium</span> <span class='ocrx_word' id='word_1_209' title='bbox 502 1590 713 1626; x_wconf 87' lang='lat' dir='ltr'>episcoporum</span> <span class='ocrx_word' id='word_1_210' title='bbox 723 1590 900 1618; x_wconf 82' lang='lat' dir='ltr'>concludere</span> <span class='ocrx_word' id='word_1_211' title='bbox 909 1590 945 1626; x_wconf 77' lang='lat' dir='ltr'>(a)</span> 
     </span>
     <span class='ocr_line' id='line_1_30' title="bbox 159 1638 945 1674; baseline 0 -9"><span class='ocrx_word' id='word_1_212' title='bbox 159 1639 294 1673; x_wconf 83' lang='lat' dir='ltr'>poterat3</span> <span class='ocrx_word' id='word_1_213' title='bbox 312 1638 364 1665; x_wconf 88' lang='lat' dir='ltr'>sed</span> <span class='ocrx_word' id='word_1_214' title='bbox 380 1640 556 1674; x_wconf 81' lang='lat' dir='ltr'>argumenta</span> <span class='ocrx_word' id='word_1_215' title='bbox 567 1638 669 1666; x_wconf 86' lang='lat' dir='ltr'>omnia</span> <span class='ocrx_word' id='word_1_216' title='bbox 680 1638 821 1666; x_wconf 82' lang='lat' dir='ltr'>facillime</span> <span class='ocrx_word' id='word_1_217' title='bbox 838 1638 945 1666; x_wconf 90' lang='lat' dir='ltr'>dissol-</span> 
     </span>
     <span class='ocr_line' id='line_1_31' title="bbox 160 1684 944 1721; baseline 0.001 -9"><span class='ocrx_word' id='word_1_218' title='bbox 160 1684 257 1713; x_wconf 78' lang='lat' dir='ltr'>vebat.</span> <span class='ocrx_word' id='word_1_219' title='bbox 273 1687 352 1713; x_wconf 92' lang='lat' dir='ltr'>Tunc</span> <span class='ocrx_word' id='word_1_220' title='bbox 365 1686 488 1721; x_wconf 87' lang='lat' dir='ltr'>quidam</span> <span class='ocrx_word' id='word_1_221' title='bbox 504 1685 661 1721; x_wconf 88' lang='lat' dir='ltr'>episcopus</span> <span class='ocrx_word' id='word_1_222' title='bbox 674 1686 684 1702; x_wconf 64' lang='grc'>1</span> <span class='ocrx_word' id='word_1_223' title='bbox 699 1685 826 1721; x_wconf 84' lang='lat' dir='ltr'>simplex</span> <span class='ocrx_word' id='word_1_224' title='bbox 842 1688 944 1713; x_wconf 86' lang='lat' dir='ltr'>contra</span> 
     </span>
     <span class='ocr_line' id='line_1_32' title="bbox 161 1733 945 1769; baseline 0.001 -10"><span class='ocrx_word' id='word_1_225' title='bbox 161 1739 229 1760; x_wconf 90' lang='lat' dir='ltr'>eum</span> <span class='ocrx_word' id='word_1_226' title='bbox 244 1734 424 1768; x_wconf 83' lang='lat' dir='ltr'>commotus,</span> <span class='ocrx_word' id='word_1_227' title='bbox 441 1733 626 1760; x_wconf 86' lang='lat' dir='ltr'>audientiam</span> <span class='ocrx_word' id='word_1_228' title='bbox 641 1733 723 1769; x_wconf 88' lang='lat' dir='ltr'>petiit</span> <span class='ocrx_word' id='word_1_229' title='bbox 741 1742 747 1760; x_wconf 73' lang='grc' dir='ltr'><em>ι</em></span> <span class='ocrx_word' id='word_1_230' title='bbox 770 1741 860 1769; x_wconf 87' lang='lat' dir='ltr'>quem</span> <span class='ocrx_word' id='word_1_231' title='bbox 878 1741 945 1760; x_wconf 89' lang='lat' dir='ltr'>cum</span> 
     </span>
     <span class='ocr_line' id='line_1_33' title="bbox 160 1779 945 1816; baseline 0.001 -10"><span class='ocrx_word' id='word_1_232' title='bbox 160 1779 210 1807; x_wconf 83' lang='lat' dir='ltr'>alii</span> <span class='ocrx_word' id='word_1_233' title='bbox 234 1780 392 1808; x_wconf 81' lang='lat' dir='ltr'>surrexisse</span> <span class='ocrx_word' id='word_1_234' title='bbox 424 1780 577 1814; x_wconf 86' lang='lat' dir='ltr'>vidissent,</span> <span class='ocrx_word' id='word_1_235' title='bbox 605 1782 632 1807; x_wconf 89' lang='lat' dir='ltr'>et</span> <span class='ocrx_word' id='word_1_236' title='bbox 660 1780 749 1808; x_wconf 84' lang='lat' dir='ltr'>valde</span> <span class='ocrx_word' id='word_1_237' title='bbox 778 1780 945 1816; x_wconf 88' lang='lat' dir='ltr'>simplicem</span> 
     </span>
     <span class='ocr_line' id='line_1_34' title="bbox 160 1827 944 1863; baseline 0.001 -9"><span class='ocrx_word' id='word_1_238' title='bbox 160 1834 228 1854; x_wconf 89' lang='lat' dir='ltr'>eum</span> <span class='ocrx_word' id='word_1_239' title='bbox 242 1835 304 1855; x_wconf 88' lang='lat' dir='ltr'>esse</span> <span class='ocrx_word' id='word_1_240' title='bbox 322 1830 543 1862; x_wconf 73' lang='lat' dir='ltr'>cognoscerent,</span> <span class='ocrx_word' id='word_1_241' title='bbox 563 1827 666 1855; x_wconf 88' lang='lat' dir='ltr'>timere</span> <span class='ocrx_word' id='word_1_242' title='bbox 682 1829 844 1863; x_wconf 72' lang='lat' dir='ltr'>coeperunt,</span> <span class='ocrx_word' id='word_1_243' title='bbox 861 1828 944 1863; x_wconf 83' lang='lat' dir='ltr'>quod</span> 
     </span>
     <span class='ocr_line' id='line_1_35' title="bbox 160 1873 945 1910; baseline 0.001 -9"><span class='ocrx_word' id='word_1_244' title='bbox 160 1873 276 1909; x_wconf 85' lang='lat' dir='ltr'>aliquid</span> <span class='ocrx_word' id='word_1_245' title='bbox 300 1874 421 1902; x_wconf 90' lang='lat' dir='ltr'>stultum</span> <span class='ocrx_word' id='word_1_246' title='bbox 445 1874 570 1910; x_wconf 84' lang='lat' dir='ltr'>diceret;</span> <span class='ocrx_word' id='word_1_247' title='bbox 593 1875 646 1902; x_wconf 89' lang='lat' dir='ltr'>sed</span> <span class='ocrx_word' id='word_1_248' title='bbox 667 1877 788 1910; x_wconf 84' lang='lat' dir='ltr'>propter</span> <span class='ocrx_word' id='word_1_249' title='bbox 811 1875 945 1903; x_wconf 83' lang='lat' dir='ltr'>sanctita—</span> 
     </span>
     <span class='ocr_line' id='line_1_36' title="bbox 161 1921 943 1957; baseline 0.003 -10"><span class='ocrx_word' id='word_1_250' title='bbox 161 1922 220 1948; x_wconf 89' lang='lat' dir='ltr'>tem</span> <span class='ocrx_word' id='word_1_251' title='bbox 244 1921 306 1956; x_wconf 86' lang='lat' dir='ltr'>ejus</span> <span class='ocrx_word' id='word_1_252' title='bbox 328 1922 480 1956; x_wconf 81' lang='lat' dir='ltr'>eximiam,</span> <span class='ocrx_word' id='word_1_253' title='bbox 504 1930 565 1949; x_wconf 90' lang='lat' dir='ltr'>non</span> <span class='ocrx_word' id='word_1_254' title='bbox 596 1922 660 1949; x_wconf 87' lang='lat' dir='ltr'>ausi</span> <span class='ocrx_word' id='word_1_255' title='bbox 688 1930 757 1949; x_wconf 89' lang='lat' dir='ltr'>eum</span> <span class='ocrx_word' id='word_1_256' title='bbox 784 1922 943 1957; x_wconf 85' lang='lat' dir='ltr'>prohibere</span> 
     </span>
     <span class='ocr_line' id='line_1_37' title="bbox 160 1966 940 2005; baseline 0.003 -11"><span class='ocrx_word' id='word_1_257' title='bbox 160 1966 286 1996; x_wconf 88' lang='lat' dir='ltr'>fuerunt.</span> <span class='ocrx_word' id='word_1_258' title='bbox 305 1970 384 1997; x_wconf 86' lang='lat' dir='ltr'>Tunc</span> <span class='ocrx_word' id='word_1_259' title='bbox 398 1969 447 1997; x_wconf 90' lang='lat' dir='ltr'>ille</span> <span class='ocrx_word' id='word_1_260' title='bbox 465 1969 505 1997; x_wconf 86' lang='lat' dir='ltr'>ait</span> <span class='ocrx_word' id='word_1_261' title='bbox 521 1978 527 1997; x_wconf 91' lang='lat'>:</span> <span class='ocrx_word' id='word_1_262' title='bbox 547 1979 561 1995; x_wconf 83' lang='lat'>«</span> <span class='ocrx_word' id='word_1_263' title='bbox 579 1969 628 1996; x_wconf 87' lang='lat' dir='ltr'>Dic</span> <span class='ocrx_word' id='word_1_264' title='bbox 643 1969 727 2004; x_wconf 82' lang='lat' dir='ltr'>mihi,</span> <span class='ocrx_word' id='word_1_265' title='bbox 742 1969 919 2005; x_wconf 87' lang='lat' dir='ltr'>Philosophe</span> <span class='ocrx_word' id='word_1_266' title='bbox 934 1978 940 1996; x_wconf 81' lang='lat' dir='ltr'><strong><em>z</em></strong></span> 
     </span>
     <span class='ocr_line' id='line_1_38' title="bbox 161 2015 943 2051; baseline 0.001 -9"><span class='ocrx_word' id='word_1_267' title='bbox 161 2015 288 2043; x_wconf 89' lang='lat' dir='ltr'>Christus</span> <span class='ocrx_word' id='word_1_268' title='bbox 311 2024 372 2044; x_wconf 92' lang='lat' dir='ltr'>non</span> <span class='ocrx_word' id='word_1_269' title='bbox 395 2017 496 2044; x_wconf 87' lang='lat' dir='ltr'>docuit</span> <span class='ocrx_word' id='word_1_270' title='bbox 519 2025 574 2044; x_wconf 89' lang='lat' dir='ltr'>nos</span> <span class='ocrx_word' id='word_1_271' title='bbox 594 2016 799 2051; x_wconf 60' lang='lat' dir='ltr'>dialecticam</span> <span class='ocrx_word' id='word_1_272' title='bbox 822 2016 874 2044; x_wconf 91' lang='lat' dir='ltr'>sed</span> <span class='ocrx_word' id='word_1_273' title='bbox 901 2019 943 2044; x_wconf 90' lang='lat' dir='ltr'>est</span> 
     </span>
     <span class='ocr_line' id='line_1_39' title="bbox 159 2062 941 2101; baseline 0.003 -11"><span class='ocrx_word' id='word_1_274' title='bbox 159 2062 234 2091; x_wconf 81' lang='lat' dir='ltr'>fides</span> <span class='ocrx_word' id='word_1_275' title='bbox 259 2071 340 2099; x_wconf 82' lang='lat' dir='ltr'>vera,</span> <span class='ocrx_word' id='word_1_276' title='bbox 365 2073 457 2101; x_wconf 87' lang='lat' dir='ltr'>quam</span> <span class='ocrx_word' id='word_1_277' title='bbox 479 2073 535 2093; x_wconf 90' lang='lat' dir='ltr'>nos</span> <span class='ocrx_word' id='word_1_278' title='bbox 557 2065 670 2098; x_wconf 87' lang='lat' dir='ltr'>docuit,</span> <span class='ocrx_word' id='word_1_279' title='bbox 698 2065 769 2101; x_wconf 89' lang='lat' dir='ltr'>quia</span> <span class='ocrx_word' id='word_1_280' title='bbox 796 2065 941 2093; x_wconf 87' lang='lat' dir='ltr'>credimus</span> 
     </span>
     <span class='ocr_line' id='line_1_40' title="bbox 159 2112 941 2147; baseline 0.003 -9"><span class='ocrx_word' id='word_1_281' title='bbox 159 2118 252 2138; x_wconf 89' lang='lat' dir='ltr'>unum</span> <span class='ocrx_word' id='word_1_282' title='bbox 268 2112 359 2139; x_wconf 89' lang='lat' dir='ltr'>Deum</span> <span class='ocrx_word' id='word_1_283' title='bbox 374 2120 479 2140; x_wconf 86' lang='lat' dir='ltr'>verum</span> <span class='ocrx_word' id='word_1_284' title='bbox 492 2120 568 2147; x_wconf 86' lang='lat' dir='ltr'>esse,</span> <span class='ocrx_word' id='word_1_285' title='bbox 587 2114 615 2140; x_wconf 88' lang='lat' dir='ltr'>et</span> <span class='ocrx_word' id='word_1_286' title='bbox 633 2112 663 2139; x_wconf 92' lang='lat' dir='ltr'>in</span> <span class='ocrx_word' id='word_1_287' title='bbox 682 2113 780 2140; x_wconf 85' lang='lat' dir='ltr'>Jesum</span> <span class='ocrx_word' id='word_1_288' title='bbox 795 2112 941 2140; x_wconf 84' lang='lat' dir='ltr'>Christum</span> 
     </span>
     <span class='ocr_line' id='line_1_41' title="bbox 158 2157 940 2194; baseline 0.001 -9"><span class='ocrx_word' id='word_1_289' title='bbox 158 2157 254 2185; x_wconf 88' lang='lat' dir='ltr'>filium</span> <span class='ocrx_word' id='word_1_290' title='bbox 270 2158 332 2193; x_wconf 87' lang='lat' dir='ltr'>ejus</span> <span class='ocrx_word' id='word_1_291' title='bbox 346 2158 478 2194; x_wconf 89' lang='lat' dir='ltr'>unicum,</span> <span class='ocrx_word' id='word_1_292' title='bbox 500 2159 659 2187; x_wconf 91' lang='lat' dir='ltr'>Dominum</span> <span class='ocrx_word' id='word_1_293' title='bbox 679 2161 813 2187; x_wconf 87' lang='lat' dir='ltr'>nostrum</span> <span class='ocrx_word' id='word_1_294' title='bbox 830 2169 836 2187; x_wconf 90' lang='lat'>:</span> <span class='ocrx_word' id='word_1_295' title='bbox 858 2161 886 2187; x_wconf 90' lang='lat' dir='ltr'>et</span> <span class='ocrx_word' id='word_1_296' title='bbox 900 2159 940 2186; x_wconf 85' lang='lat' dir='ltr'>sic</span> 
     </span>
     <span class='ocr_line' id='line_1_42' title="bbox 158 2205 936 2241; baseline 0 -9"><span class='ocrx_word' id='word_1_297' title='bbox 158 2207 253 2232; x_wconf 87' lang='lat' dir='ltr'>totum</span> <span class='ocrx_word' id='word_1_298' title='bbox 267 2205 451 2240; x_wconf 88' lang='lat' dir='ltr'>symbolum.</span> <span class='ocrx_word' id='word_1_299' title='bbox 466 2206 515 2234; x_wconf 87' lang='lat' dir='ltr'>Dic</span> <span class='ocrx_word' id='word_1_300' title='bbox 529 2206 614 2241; x_wconf 88' lang='lat' dir='ltr'>mihi,</span> <span class='ocrx_word' id='word_1_301' title='bbox 626 2206 649 2233; x_wconf 94' lang='lat' dir='ltr'>si</span> <span class='ocrx_word' id='word_1_302' title='bbox 661 2207 702 2234; x_wconf 89' lang='lat' dir='ltr'>sic</span> <span class='ocrx_word' id='word_1_303' title='bbox 713 2215 774 2234; x_wconf 79' lang='lat' dir='ltr'>esse</span> <span class='ocrx_word' id='word_1_304' title='bbox 791 2206 886 2234; x_wconf 87' lang='lat' dir='ltr'>credis</span> <span class='ocrx_word' id='word_1_305' title='bbox 897 2207 910 2233; x_wconf 64' lang='lat'>²?</span> <span class='ocrx_word' id='word_1_306' title='bbox 924 2218 936 2232; x_wconf 86' lang='lat'>»</span> 
     </span>
     <span class='ocr_line' id='line_1_43' title="bbox 158 2252 939 2289; baseline 0.004 -11"><span class='ocrx_word' id='word_1_307' title='bbox 158 2254 237 2279; x_wconf 88' lang='lat' dir='ltr'>Tunc</span> <span class='ocrx_word' id='word_1_308' title='bbox 252 2252 313 2286; x_wconf 85' lang='grc'><strong>1110,</strong></span> <span class='ocrx_word' id='word_1_309' title='bbox 328 2253 400 2280; x_wconf 83' lang='grc'><strong>(111111</strong></span> <span class='ocrx_word' id='word_1_310' title='bbox 416 2261 451 2280; x_wconf 78' lang='lat' dir='ltr'>ex</span> <span class='ocrx_word' id='word_1_311' title='bbox 467 2261 518 2281; x_wconf 87' lang='lat' dir='ltr'>ore</span> <span class='ocrx_word' id='word_1_312' title='bbox 534 2254 597 2289; x_wconf 87' lang='lat' dir='ltr'>ejus</span> <span class='ocrx_word' id='word_1_313' title='bbox 620 2253 713 2281; x_wconf 89' lang='lat' dir='ltr'>fidem</span> <span class='ocrx_word' id='word_1_314' title='bbox 737 2254 861 2288; x_wconf 81' lang='lat' dir='ltr'>audivit,</span> <span class='ocrx_word' id='word_1_315' title='bbox 882 2256 939 2282; x_wconf 82' lang='lat' dir='ltr'>sta-</span> 
     </span>
     <span class='ocr_line' id='line_1_44' title="bbox 160 2299 938 2335; baseline 0.004 -10"><span class='ocrx_word' id='word_1_316' title='bbox 160 2299 211 2326; x_wconf 91' lang='lat' dir='ltr'>tim</span> <span class='ocrx_word' id='word_1_317' title='bbox 233 2299 416 2327; x_wconf 88' lang='lat' dir='ltr'>illuminatus</span> <span class='ocrx_word' id='word_1_318' title='bbox 439 2302 492 2335; x_wconf 87' lang='lat' dir='ltr'>est,</span> <span class='ocrx_word' id='word_1_319' title='bbox 517 2302 544 2327; x_wconf 89' lang='lat' dir='ltr'>et</span> <span class='ocrx_word' id='word_1_320' title='bbox 571 2300 706 2334; x_wconf 86' lang='lat' dir='ltr'>credidit,</span> <span class='ocrx_word' id='word_1_321' title='bbox 729 2302 756 2328; x_wconf 93' lang='lat' dir='ltr'>et</span> <span class='ocrx_word' id='word_1_322' title='bbox 775 2300 938 2328; x_wconf 83' lang='lat' dir='ltr'>astantibus</span> 
     </span>
     <span class='ocr_line' id='line_1_45' title="bbox 159 2345 938 2383; baseline 0.003 -10"><span class='ocrx_word' id='word_1_323' title='bbox 159 2345 218 2373; x_wconf 88' lang='lat' dir='ltr'>ait:</span> <span class='ocrx_word' id='word_1_324' title='bbox 237 2356 250 2371; x_wconf 85' lang='lat'>«</span> <span class='ocrx_word' id='word_1_325' title='bbox 267 2346 414 2380; x_wconf 81' lang='lat' dir='ltr'>Quamdiu</span> <span class='ocrx_word' id='word_1_326' title='bbox 428 2347 521 2374; x_wconf 83' lang='lat' dir='ltr'>verba</span> <span class='ocrx_word' id='word_1_327' title='bbox 536 2347 647 2381; x_wconf 88' lang='lat' dir='ltr'>audivi,</span> <span class='ocrx_word' id='word_1_328' title='bbox 663 2347 756 2375; x_wconf 87' lang='lat' dir='ltr'>verba</span> <span class='ocrx_word' id='word_1_329' title='bbox 770 2356 825 2383; x_wconf 82' lang='lat' dir='ltr'>pro</span> <span class='ocrx_word' id='word_1_330' title='bbox 839 2348 938 2375; x_wconf 77' lang='lat' dir='ltr'>verbis</span> 
     </span>
     <span class='ocr_line' id='line_1_46' title="bbox 157 2392 937 2429; baseline 0.004 -9"><span class='ocrx_word' id='word_1_331' title='bbox 157 2392 292 2427; x_wconf 83' lang='lat' dir='ltr'>reddidi3</span> <span class='ocrx_word' id='word_1_332' title='bbox 309 2393 360 2420; x_wconf 90' lang='lat' dir='ltr'>sed</span> <span class='ocrx_word' id='word_1_333' title='bbox 375 2393 498 2429; x_wconf 85' lang='lat' dir='ltr'>quando</span> <span class='ocrx_word' id='word_1_334' title='bbox 515 2393 616 2421; x_wconf 82' lang='lat' dir='ltr'>divina</span> <span class='ocrx_word' id='word_1_335' title='bbox 629 2394 721 2421; x_wconf 90' lang='lat' dir='ltr'>virtus</span> <span class='ocrx_word' id='word_1_336' title='bbox 743 2395 873 2429; x_wconf 82' lang='lat' dir='ltr'>accessit,</span> <span class='ocrx_word' id='word_1_337' title='bbox 893 2403 937 2423; x_wconf 89' lang='lat' dir='ltr'>re-</span> 
     </span>
     <span class='ocr_line' id='line_1_47' title="bbox 157 2440 937 2476; baseline 0.004 -10"><span class='ocrx_word' id='word_1_338' title='bbox 157 2440 304 2475; x_wconf 86' lang='lat' dir='ltr'>spondere</span> <span class='ocrx_word' id='word_1_339' title='bbox 318 2448 380 2468; x_wconf 89' lang='lat' dir='ltr'>non</span> <span class='ocrx_word' id='word_1_340' title='bbox 394 2440 488 2476; x_wconf 89' lang='lat' dir='ltr'>potui,</span> <span class='ocrx_word' id='word_1_341' title='bbox 503 2440 555 2467; x_wconf 87' lang='lat' dir='ltr'>sed</span> <span class='ocrx_word' id='word_1_342' title='bbox 570 2440 628 2468; x_wconf 88' lang='lat' dir='ltr'>tide</span> <span class='ocrx_word' id='word_1_343' title='bbox 643 2441 825 2469; x_wconf 83' lang='lat' dir='ltr'>illuminatus</span> <span class='ocrx_word' id='word_1_344' title='bbox 841 2450 937 2469; x_wconf 87' lang='lat' dir='ltr'>assen-</span> 
     </span>
     <span class='ocr_line' id='line_1_48' title="bbox 157 2486 937 2524; baseline 0.004 -11"><span class='ocrx_word' id='word_1_345' title='bbox 157 2486 191 2514; x_wconf 78' lang='lat' dir='ltr'>si.</span> <span class='ocrx_word' id='word_1_346' title='bbox 215 2497 228 2513; x_wconf 85' lang='lat'>»</span> <span class='ocrx_word' id='word_1_347' title='bbox 252 2487 428 2523; x_wconf 81' lang='lat' dir='ltr'>Exemplum</span> <span class='ocrx_word' id='word_1_348' title='bbox 451 2487 488 2514; x_wconf 91' lang='lat' dir='ltr'>de</span> <span class='ocrx_word' id='word_1_349' title='bbox 515 2487 730 2523; x_wconf 85' lang='lat' dir='ltr'>quinquaginta</span> <span class='ocrx_word' id='word_1_350' title='bbox 751 2489 937 2524; x_wconf 86' lang='lat' dir='ltr'>philosophis</span> 
     </span>
     <span class='ocr_line' id='line_1_49' title="bbox 157 2533 934 2570; baseline 0.003 -9"><span class='ocrx_word' id='word_1_351' title='bbox 157 2533 225 2568; x_wconf 81' lang='lat' dir='ltr'>illis,</span> <span class='ocrx_word' id='word_1_352' title='bbox 243 2543 319 2570; x_wconf 86' lang='lat' dir='ltr'>quos</span> <span class='ocrx_word' id='word_1_353' title='bbox 334 2537 434 2562; x_wconf 88' lang='lat' dir='ltr'>sancta</span> <span class='ocrx_word' id='word_1_354' title='bbox 452 2534 608 2562; x_wconf 72' lang='lat' dir='ltr'>Gathar-ina</span> <span class='ocrx_word' id='word_1_355' title='bbox 622 2534 653 2562; x_wconf 92' lang='lat' dir='ltr'>in</span> <span class='ocrx_word' id='word_1_356' title='bbox 668 2536 760 2563; x_wconf 87' lang='lat' dir='ltr'>verbo</span> <span class='ocrx_word' id='word_1_357' title='bbox 775 2536 846 2563; x_wconf 87' lang='lat' dir='ltr'>fidei</span> <span class='ocrx_word' id='word_1_358' title='bbox 863 2544 934 2564; x_wconf 87' lang='lat' dir='ltr'>eon-</span> 
     </span>
     <span class='ocr_line' id='line_1_50' title="bbox 157 2581 933 2618; baseline 0.004 -10"><span class='ocrx_word' id='word_1_359' title='bbox 157 2581 251 2609; x_wconf 88' lang='lat' dir='ltr'>vertit.</span> <span class='ocrx_word' id='word_1_360' title='bbox 275 2583 350 2617; x_wconf 82' lang='lat' dir='ltr'>Lege</span> <span class='ocrx_word' id='word_1_361' title='bbox 366 2582 520 2611; x_wconf 83' lang='lat' dir='ltr'>historiam</span> <span class='ocrx_word' id='word_1_362' title='bbox 544 2583 564 2617; x_wconf 69' lang='lat'>⁵,</span> <span class='ocrx_word' id='word_1_363' title='bbox 585 2584 617 2610; x_wconf 89' lang='lat' dir='ltr'>ut</span> <span class='ocrx_word' id='word_1_364' title='bbox 637 2583 808 2618; x_wconf 79' lang='lat' dir='ltr'>exemplum</span> <span class='ocrx_word' id='word_1_365' title='bbox 822 2591 933 2611; x_wconf 64' lang='lat' dir='ltr'>narres</span> 
     </span>
    </p>
   </div>
   <div class='ocr_carea' id='block_1_3' title="bbox 159 2657 934 2761">
    <p class='ocr_par' dir='ltr' id='par_1_3' title="bbox 159 2657 934 2761">
     <span class='ocr_line' id='line_1_51' title="bbox 191 2657 933 2689; baseline 0.001 -8"><span class='ocrx_word' id='word_1_366' title='bbox 191 2658 196 2671; x_wconf 96' lang='lat'><strong>¹</strong></span> <span class='ocrx_word' id='word_1_367' title='bbox 215 2657 281 2688; x_wconf 67' lang='lat' dir='ltr'>Luc„</span> <span class='ocrx_word' id='word_1_368' title='bbox 296 2663 376 2688; x_wconf 80' lang='lat' dir='ltr'>xvm,</span> <span class='ocrx_word' id='word_1_369' title='bbox 392 2659 430 2687; x_wconf 85' lang='grc'>41,</span> <span class='ocrx_word' id='word_1_370' title='bbox 448 2659 485 2682; x_wconf 73' lang='lat'>42.</span> <span class='ocrx_word' id='word_1_371' title='bbox 503 2671 530 2675; x_wconf 96' lang='lat'>—</span> <span class='ocrx_word' id='word_1_372' title='bbox 546 2658 554 2671; x_wconf 84' lang='lat'>²</span> <span class='ocrx_word' id='word_1_373' title='bbox 573 2658 658 2688; x_wconf 63' lang='grc' dir='ltr'>Ηείιτκ,</span> <span class='ocrx_word' id='word_1_374' title='bbox 680 2664 720 2687; x_wconf 69' lang='lat' dir='ltr'>m,</span> <span class='ocrx_word' id='word_1_375' title='bbox 738 2659 761 2681; x_wconf 82' lang='lat'>1.</span> <span class='ocrx_word' id='word_1_376' title='bbox 777 2671 807 2675; x_wconf 91' lang='lat'>—</span> <span class='ocrx_word' id='word_1_377' title='bbox 824 2659 833 2674; x_wconf 73' lang='lat'>³</span> <span class='ocrx_word' id='word_1_378' title='bbox 849 2658 933 2689; x_wconf 54' lang='lat' dir='ltr'>Arist„</span> 
     </span>
     <span class='ocr_line' id='line_1_52' title="bbox 159 2692 933 2726; baseline 0.003 -9"><span class='ocrx_word' id='word_1_379' title='bbox 159 2692 239 2724; x_wconf 66' lang='lat' dir='ltr'>Met„</span> <span class='ocrx_word' id='word_1_380' title='bbox 255 2701 277 2719; x_wconf 84' lang='lat' dir='ltr'>c.</span> <span class='ocrx_word' id='word_1_381' title='bbox 293 2700 341 2718; x_wconf 81' lang='lat' dir='ltr'>xn.</span> <span class='ocrx_word' id='word_1_382' title='bbox 353 2708 383 2712; x_wconf 95' lang='lat'>—</span> <span class='ocrx_word' id='word_1_383' title='bbox 397 2694 406 2710; x_wconf 48' lang='grc' dir='ltr'><strong><em>ἢ</em></strong></span> <span class='ocrx_word' id='word_1_384' title='bbox 419 2694 557 2725; x_wconf 86' lang='lat' dir='ltr'>Spyridion</span> <span class='ocrx_word' id='word_1_385' title='bbox 575 2694 725 2725; x_wconf 73' lang='lat' dir='ltr'>Episcopus,</span> <span class='ocrx_word' id='word_1_386' title='bbox 740 2702 771 2718; x_wconf 79' lang='lat' dir='ltr'>cx</span> <span class='ocrx_word' id='word_1_387' title='bbox 786 2695 933 2726; x_wconf 58' lang='lat' dir='ltr'>Nicephor„</span> 
     </span>
     <span class='ocr_line' id='line_1_53' title="bbox 159 2728 934 2761; baseline 0.004 -9"><span class='ocrx_word' id='word_1_388' title='bbox 159 2728 203 2753; x_wconf 88' lang='lat' dir='ltr'>lib.</span> <span class='ocrx_word' id='word_1_389' title='bbox 220 2730 285 2760; x_wconf 84' lang='lat' dir='ltr'>vill,</span> <span class='ocrx_word' id='word_1_390' title='bbox 302 2738 324 2755; x_wconf 83' lang='lat' dir='ltr'>e.</span> <span class='ocrx_word' id='word_1_391' title='bbox 340 2736 373 2754; x_wconf 85' lang='lat' dir='ltr'>xv</span> <span class='ocrx_word' id='word_1_392' title='bbox 387 2733 412 2754; x_wconf 87' lang='lat' dir='ltr'>et</span> <span class='ocrx_word' id='word_1_393' title='bbox 426 2736 490 2761; x_wconf 70' lang='lat' dir='ltr'>xLu,</span> <span class='ocrx_word' id='word_1_394' title='bbox 506 2733 530 2755; x_wconf 84' lang='lat' dir='ltr'>et</span> <span class='ocrx_word' id='word_1_395' title='bbox 545 2731 679 2760; x_wconf 43' lang='lat' dir='ltr'>Martyron</span> <span class='ocrx_word' id='word_1_396' title='bbox 697 2731 775 2761; x_wconf 61' lang='lat' dir='ltr'>Rom„</span> <span class='ocrx_word' id='word_1_397' title='bbox 793 2732 820 2755; x_wconf 80' lang='grc'>14</span> <span class='ocrx_word' id='word_1_398' title='bbox 837 2732 892 2755; x_wconf 81' lang='lat' dir='ltr'>dcc.</span> <span class='ocrx_word' id='word_1_399' title='bbox 904 2744 934 2749; x_wconf 91' lang='lat'><strong>—</strong></span> 
     </span>
    </p>
   </div>
   <div class='ocr_carea' id='block_1_4' title="bbox 277 2784 441 2808">
    <p class='ocr_par' dir='ltr' id='par_1_4' title="bbox 277 2784 441 2808">
     <span class='ocr_line' id='line_1_54' title="bbox 277 2784 441 2808; baseline 0.006 -2"><span class='ocrx_word' id='word_1_400' title='bbox 277 2784 351 2807; x_wconf 81' lang='lat' dir='ltr'>TOM.</span> <span class='ocrx_word' id='word_1_401' title='bbox 373 2785 441 2808; x_wconf 85' lang='lat' dir='ltr'>XIV.</span> 
     </span>
    </p>
   </div>
   <div class='ocr_carea' id='block_1_5' title="bbox 1004 315 1791 684">
    <p class='ocr_par' dir='ltr' id='par_1_5' title="bbox 1004 315 1791 684">
     <span class='ocr_line' id='line_1_55' title="bbox 1041 315 1788 356; baseline 0.009 -14"><span class='ocrx_word' id='word_1_402' title='bbox 1041 315 1188 350; x_wconf 87' lang='lat' dir='ltr'>Secundo,</span> <span class='ocrx_word' id='word_1_403' title='bbox 1201 315 1276 344; x_wconf 80' lang='lat' dir='ltr'>fides</span> <span class='ocrx_word' id='word_1_404' title='bbox 1291 317 1334 344; x_wconf 86' lang='lat' dir='ltr'>est</span> <span class='ocrx_word' id='word_1_405' title='bbox 1348 315 1455 345; x_wconf 83' lang='lat' dir='ltr'>animae</span> <span class='ocrx_word' id='word_1_406' title='bbox 1467 317 1633 354; x_wconf 83' lang='lat' dir='ltr'>purgativa,</span> <span class='ocrx_word' id='word_1_407' title='bbox 1643 321 1788 356; x_wconf 84' lang='lat' dir='ltr'>quantum</span> 
     </span>
     <span class='ocr_line' id='line_1_56' title="bbox 1006 361 1786 400; baseline 0.008 -11"><span class='ocrx_word' id='word_1_408' title='bbox 1006 361 1045 388; x_wconf 87' lang='lat' dir='ltr'>ad</span> <span class='ocrx_word' id='word_1_409' title='bbox 1060 362 1223 397; x_wconf 84' lang='lat' dir='ltr'>potentiam</span> <span class='ocrx_word' id='word_1_410' title='bbox 1239 363 1410 392; x_wconf 83' lang='lat' dir='ltr'>amativam.</span> <span class='ocrx_word' id='word_1_411' title='bbox 1434 364 1522 400; x_wconf 86' lang='lat' dir='ltr'>Cujus</span> <span class='ocrx_word' id='word_1_412' title='bbox 1542 365 1617 394; x_wconf 87' lang='lat' dir='ltr'>ratio</span> <span class='ocrx_word' id='word_1_413' title='bbox 1637 366 1703 394; x_wconf 87' lang='lat' dir='ltr'>talis</span> <span class='ocrx_word' id='word_1_414' title='bbox 1722 369 1786 396; x_wconf 88' lang='lat' dir='ltr'>est:</span> 
     </span>
     <span class='ocr_line' id='line_1_57' title="bbox 1005 409 1788 451; baseline 0.01 -16"><span class='ocrx_word' id='word_1_415' title='bbox 1005 409 1078 436; x_wconf 85' lang='lat' dir='ltr'>Nam</span> <span class='ocrx_word' id='word_1_416' title='bbox 1103 410 1199 437; x_wconf 86' lang='lat' dir='ltr'>omnis</span> <span class='ocrx_word' id='word_1_417' title='bbox 1221 410 1323 446; x_wconf 86' lang='lat' dir='ltr'>virtus,</span> <span class='ocrx_word' id='word_1_418' title='bbox 1348 420 1415 448; x_wconf 83' lang='lat' dir='ltr'>quae</span> <span class='ocrx_word' id='word_1_419' title='bbox 1438 412 1469 440; x_wconf 90' lang='lat' dir='ltr'>in</span> <span class='ocrx_word' id='word_1_420' title='bbox 1490 421 1579 441; x_wconf 89' lang='lat' dir='ltr'>suum</span> <span class='ocrx_word' id='word_1_421' title='bbox 1600 415 1788 451; x_wconf 84' lang='lat' dir='ltr'>susceptibile</span> 
     </span>
     <span class='ocr_line' id='line_1_58' title="bbox 1005 454 1789 495; baseline 0.01 -13"><span class='ocrx_word' id='word_1_422' title='bbox 1005 454 1163 484; x_wconf 82' lang='lat' dir='ltr'>efficaciter</span> <span class='ocrx_word' id='word_1_423' title='bbox 1179 457 1250 493; x_wconf 83' lang='lat' dir='ltr'>agit,</span> <span class='ocrx_word' id='word_1_424' title='bbox 1266 458 1417 495; x_wconf 88' lang='lat' dir='ltr'>quidquid</span> <span class='ocrx_word' id='word_1_425' title='bbox 1431 460 1488 488; x_wconf 90' lang='lat' dir='ltr'>sibi</span> <span class='ocrx_word' id='word_1_426' title='bbox 1501 460 1531 488; x_wconf 91' lang='lat' dir='ltr'>in</span> <span class='ocrx_word' id='word_1_427' title='bbox 1542 461 1594 489; x_wconf 91' lang='lat' dir='ltr'>illo</span> <span class='ocrx_word' id='word_1_428' title='bbox 1609 462 1789 490; x_wconf 84' lang='lat' dir='ltr'>contrarium</span> 
     </span>
     <span class='ocr_line' id='line_1_59' title="bbox 1004 502 1788 546; baseline 0.011 -17"><span class='ocrx_word' id='word_1_429' title='bbox 1004 502 1128 538; x_wconf 87' lang='lat' dir='ltr'>invenit,</span> <span class='ocrx_word' id='word_1_430' title='bbox 1152 506 1245 532; x_wconf 86' lang='lat' dir='ltr'>totum</span> <span class='ocrx_word' id='word_1_431' title='bbox 1265 505 1303 533; x_wconf 90' lang='lat' dir='ltr'>ab</span> <span class='ocrx_word' id='word_1_432' title='bbox 1327 514 1362 534; x_wconf 86' lang='lat' dir='ltr'>eo</span> <span class='ocrx_word' id='word_1_433' title='bbox 1385 507 1525 536; x_wconf 82' lang='lat' dir='ltr'>excludit.</span> <span class='ocrx_word' id='word_1_434' title='bbox 1550 509 1727 546; x_wconf 86' lang='lat' dir='ltr'>Exemplum</span> <span class='ocrx_word' id='word_1_435' title='bbox 1751 510 1788 537; x_wconf 88' lang='lat' dir='ltr'>de</span> 
     </span>
     <span class='ocr_line' id='line_1_60' title="bbox 1004 549 1789 590; baseline 0.011 -14"><span class='ocrx_word' id='word_1_436' title='bbox 1004 549 1081 585; x_wconf 77' lang='lat' dir='ltr'>igne,</span> <span class='ocrx_word' id='word_1_437' title='bbox 1100 550 1241 586; x_wconf 87' lang='lat' dir='ltr'>quidum</span> <span class='ocrx_word' id='word_1_438' title='bbox 1266 553 1326 588; x_wconf 83' lang='lat' dir='ltr'>agit</span> <span class='ocrx_word' id='word_1_439' title='bbox 1348 554 1378 581; x_wconf 89' lang='lat' dir='ltr'>in</span> <span class='ocrx_word' id='word_1_440' title='bbox 1399 562 1511 590; x_wconf 85' lang='lat' dir='ltr'>aerem,</span> <span class='ocrx_word' id='word_1_441' title='bbox 1531 555 1740 584; x_wconf 84' lang='lat' dir='ltr'>humiditatem</span> <span class='ocrx_word' id='word_1_442' title='bbox 1758 557 1789 584; x_wconf 90' lang='lat' dir='ltr'>in</span> 
     </span>
     <span class='ocr_line' id='line_1_61' title="bbox 1004 598 1790 639; baseline 0.011 -16"><span class='ocrx_word' id='word_1_443' title='bbox 1004 604 1040 624; x_wconf 89' lang='lat' dir='ltr'>eo</span> <span class='ocrx_word' id='word_1_444' title='bbox 1075 598 1239 633; x_wconf 83' lang='lat' dir='ltr'>consumit,</span> <span class='ocrx_word' id='word_1_445' title='bbox 1275 601 1302 627; x_wconf 91' lang='lat' dir='ltr'>et</span> <span class='ocrx_word' id='word_1_446' title='bbox 1336 600 1506 638; x_wconf 84' lang='lat' dir='ltr'>siccitatem,</span> <span class='ocrx_word' id='word_1_447' title='bbox 1544 603 1718 639; x_wconf 84' lang='lat' dir='ltr'>qualitatem</span> <span class='ocrx_word' id='word_1_448' title='bbox 1745 603 1790 632; x_wconf 91' lang='lat' dir='ltr'>illi</span> 
     </span>
     <span class='ocr_line' id='line_1_62' title="bbox 1005 645 1791 684; baseline 0.013 -13"><span class='ocrx_word' id='word_1_449' title='bbox 1005 645 1196 681; x_wconf 84' lang='lat' dir='ltr'>contrariam,</span> <span class='ocrx_word' id='word_1_450' title='bbox 1212 645 1383 675; x_wconf 84' lang='lat' dir='ltr'>introducit.</span> <span class='ocrx_word' id='word_1_451' title='bbox 1403 649 1482 684; x_wconf 83' lang='lat' dir='ltr'>Ignis</span> <span class='ocrx_word' id='word_1_452' title='bbox 1497 650 1586 678; x_wconf 86' lang='lat' dir='ltr'>etiam</span> <span class='ocrx_word' id='word_1_453' title='bbox 1602 651 1675 680; x_wconf 91' lang='lat' dir='ltr'>dum</span> <span class='ocrx_word' id='word_1_454' title='bbox 1689 652 1720 680; x_wconf 92' lang='lat' dir='ltr'>in</span> <span class='ocrx_word' id='word_1_455' title='bbox 1734 652 1791 680; x_wconf 82' lang='lat' dir='ltr'>fer-</span> 
     </span>
    </p>
   </div>
   <div class='ocr_carea' id='block_1_6' title="bbox 1004 692 1845 738">
    <p class='ocr_par' dir='ltr' id='par_1_6' title="bbox 1004 692 1845 738">
     <span class='ocr_line' id='line_1_63' title="bbox 1004 692 1845 738; baseline 0.013 -20"><span class='ocrx_word' id='word_1_456' title='bbox 1004 699 1072 719; x_wconf 90' lang='lat' dir='ltr'>rum</span> <span class='ocrx_word' id='word_1_457' title='bbox 1087 692 1156 728; x_wconf 84' lang='lat' dir='ltr'>agit,</span> <span class='ocrx_word' id='word_1_458' title='bbox 1171 693 1341 729; x_wconf 83' lang='lat' dir='ltr'>rubiginem</span> <span class='ocrx_word' id='word_1_459' title='bbox 1356 697 1384 723; x_wconf 91' lang='lat' dir='ltr'>et</span> <span class='ocrx_word' id='word_1_460' title='bbox 1397 703 1518 725; x_wconf 89' lang='lat' dir='ltr'>omnem</span> <span class='ocrx_word' id='word_1_461' title='bbox 1530 698 1723 734; x_wconf 83' lang='lat' dir='ltr'>frigiditatem</span> <span class='ocrx_word' id='word_1_462' title='bbox 1735 700 1791 728; x_wconf 89' lang='lat' dir='ltr'>tol-</span> <span class='ocrx_word' id='word_1_463' title='bbox 1836 730 1845 738; x_wconf 65' lang='grc'><strong><em>,</em></strong></span> 
     </span>
    </p>
   </div>
   <div class='ocr_carea' id='block_1_7' title="bbox 990 738 1792 2626">
    <p class='ocr_par' dir='ltr' id='par_1_7' title="bbox 992 738 1792 2334">
     <span class='ocr_line' id='line_1_64' title="bbox 1004 738 1789 783; baseline 0.013 -17"><span class='ocrx_word' id='word_1_464' title='bbox 1004 738 1038 766; x_wconf 87' lang='grc'>111</span> <span class='ocrx_word' id='word_1_465' title='bbox 1053 739 1091 767; x_wconf 86' lang='lat' dir='ltr'>ab</span> <span class='ocrx_word' id='word_1_466' title='bbox 1107 747 1154 774; x_wconf 89' lang='lat' dir='ltr'>eo,</span> <span class='ocrx_word' id='word_1_467' title='bbox 1171 742 1198 768; x_wconf 90' lang='lat' dir='ltr'>et</span> <span class='ocrx_word' id='word_1_468' title='bbox 1212 740 1289 769; x_wconf 90' lang='lat' dir='ltr'>illud</span> <span class='ocrx_word' id='word_1_469' title='bbox 1308 741 1403 770; x_wconf 90' lang='lat' dir='ltr'>simile</span> <span class='ocrx_word' id='word_1_470' title='bbox 1426 742 1483 771; x_wconf 90' lang='lat' dir='ltr'>sibi</span> <span class='ocrx_word' id='word_1_471' title='bbox 1503 744 1582 773; x_wconf 85' lang='lat' dir='ltr'>facit.</span> <span class='ocrx_word' id='word_1_472' title='bbox 1606 747 1668 774; x_wconf 85' lang='lat' dir='ltr'>Lux</span> <span class='ocrx_word' id='word_1_473' title='bbox 1690 748 1789 783; x_wconf 86' lang='lat' dir='ltr'>etiam,</span> 
     </span>
     <span class='ocr_line' id='line_1_65' title="bbox 1005 786 1791 826; baseline 0.013 -13"><span class='ocrx_word' id='word_1_474' title='bbox 1005 786 1078 814; x_wconf 88' lang='lat' dir='ltr'>dum</span> <span class='ocrx_word' id='word_1_475' title='bbox 1092 787 1123 815; x_wconf 91' lang='lat' dir='ltr'>in</span> <span class='ocrx_word' id='word_1_476' title='bbox 1140 795 1238 816; x_wconf 85' lang='lat' dir='ltr'>aerem</span> <span class='ocrx_word' id='word_1_477' title='bbox 1254 789 1324 824; x_wconf 83' lang='lat' dir='ltr'>agit,</span> <span class='ocrx_word' id='word_1_478' title='bbox 1348 790 1447 826; x_wconf 88' lang='lat' dir='ltr'>primo</span> <span class='ocrx_word' id='word_1_479' title='bbox 1467 791 1506 819; x_wconf 83' lang='lat' dir='ltr'>ab</span> <span class='ocrx_word' id='word_1_480' title='bbox 1526 800 1562 820; x_wconf 89' lang='lat' dir='ltr'>eo</span> <span class='ocrx_word' id='word_1_481' title='bbox 1584 794 1720 822; x_wconf 86' lang='lat' dir='ltr'>tenebras</span> <span class='ocrx_word' id='word_1_482' title='bbox 1734 795 1791 823; x_wconf 88' lang='lat' dir='ltr'>sibi</span> 
     </span>
     <span class='ocr_line' id='line_1_66' title="bbox 1006 835 1791 870; baseline 0.013 -10"><span class='ocrx_word' id='word_1_483' title='bbox 1006 835 1168 862; x_wconf 85' lang='lat' dir='ltr'>contrarias</span> <span class='ocrx_word' id='word_1_484' title='bbox 1188 835 1274 870; x_wconf 90' lang='lat' dir='ltr'>tollit,</span> <span class='ocrx_word' id='word_1_485' title='bbox 1296 837 1323 864; x_wconf 88' lang='lat' dir='ltr'>et</span> <span class='ocrx_word' id='word_1_486' title='bbox 1347 837 1388 864; x_wconf 87' lang='lat' dir='ltr'>sic</span> <span class='ocrx_word' id='word_1_487' title='bbox 1409 837 1441 865; x_wconf 93' lang='lat' dir='ltr'>in</span> <span class='ocrx_word' id='word_1_488' title='bbox 1463 838 1549 866; x_wconf 93' lang='lat' dir='ltr'>illum</span> <span class='ocrx_word' id='word_1_489' title='bbox 1566 840 1791 870; x_wconf 89' lang='lat' dir='ltr'>similitudinem</span> 
     </span>
     <span class='ocr_line' id='line_1_67' title="bbox 1005 881 1792 922; baseline 0.013 -15"><span class='ocrx_word' id='word_1_490' title='bbox 1005 888 1090 908; x_wconf 89' lang='lat' dir='ltr'>suam</span> <span class='ocrx_word' id='word_1_491' title='bbox 1103 881 1274 911; x_wconf 87' lang='lat' dir='ltr'>introducit.</span> <span class='ocrx_word' id='word_1_492' title='bbox 1291 883 1335 911; x_wconf 89' lang='lat' dir='ltr'>Sic</span> <span class='ocrx_word' id='word_1_493' title='bbox 1350 886 1378 911; x_wconf 90' lang='lat' dir='ltr'>et</span> <span class='ocrx_word' id='word_1_494' title='bbox 1392 884 1468 913; x_wconf 87' lang='lat' dir='ltr'>fides</span> <span class='ocrx_word' id='word_1_495' title='bbox 1487 885 1625 922; x_wconf 82' lang='lat' dir='ltr'>formata,</span> <span class='ocrx_word' id='word_1_496' title='bbox 1641 888 1665 916; x_wconf 88' lang='lat' dir='ltr'>si</span> <span class='ocrx_word' id='word_1_497' title='bbox 1685 889 1792 917; x_wconf 89' lang='lat' dir='ltr'>animae</span> 
     </span>
     <span class='ocr_line' id='line_1_68' title="bbox 1005 928 1790 973; baseline 0.013 -18"><span class='ocrx_word' id='word_1_498' title='bbox 1005 928 1155 964; x_wconf 85' lang='lat' dir='ltr'>adveniat,</span> <span class='ocrx_word' id='word_1_499' title='bbox 1170 930 1208 957; x_wconf 85' lang='lat' dir='ltr'>ab</span> <span class='ocrx_word' id='word_1_500' title='bbox 1224 931 1307 958; x_wconf 89' lang='lat' dir='ltr'>omni</span> <span class='ocrx_word' id='word_1_501' title='bbox 1320 932 1434 968; x_wconf 88' lang='lat' dir='ltr'>peccati</span> <span class='ocrx_word' id='word_1_502' title='bbox 1450 934 1546 962; x_wconf 82' lang='lat' dir='ltr'>scoria</span> <span class='ocrx_word' id='word_1_503' title='bbox 1560 935 1617 963; x_wconf 89' lang='lat' dir='ltr'>sibi</span> <span class='ocrx_word' id='word_1_504' title='bbox 1633 937 1790 973; x_wconf 86' lang='lat' dir='ltr'>contraria,</span> 
     </span>
     <span class='ocr_line' id='line_1_69' title="bbox 1006 976 1791 1020; baseline 0.011 -17"><span class='ocrx_word' id='word_1_505' title='bbox 1006 977 1033 1003; x_wconf 90' lang='lat' dir='ltr'>et</span> <span class='ocrx_word' id='word_1_506' title='bbox 1047 976 1085 1003; x_wconf 89' lang='lat' dir='ltr'>ab</span> <span class='ocrx_word' id='word_1_507' title='bbox 1102 977 1242 1005; x_wconf 91' lang='lat' dir='ltr'>omnibus</span> <span class='ocrx_word' id='word_1_508' title='bbox 1254 978 1406 1007; x_wconf 88' lang='lat' dir='ltr'>erroribus</span> <span class='ocrx_word' id='word_1_509' title='bbox 1421 988 1489 1008; x_wconf 87' lang='lat' dir='ltr'>eam</span> <span class='ocrx_word' id='word_1_510' title='bbox 1502 984 1620 1018; x_wconf 75' lang='lat' dir='ltr'>purgat,</span> <span class='ocrx_word' id='word_1_511' title='bbox 1636 985 1665 1011; x_wconf 90' lang='lat' dir='ltr'>et</span> <span class='ocrx_word' id='word_1_512' title='bbox 1679 984 1791 1020; x_wconf 89' lang='lat' dir='ltr'>princi-</span> 
     </span>
     <span class='ocr_line' id='line_1_70' title="bbox 1004 1022 1790 1059; baseline 0.013 -10"><span class='ocrx_word' id='word_1_513' title='bbox 1004 1022 1055 1058; x_wconf 90' lang='lat' dir='ltr'>pio</span> <span class='ocrx_word' id='word_1_514' title='bbox 1070 1023 1169 1059; x_wconf 89' lang='lat' dir='ltr'>primo</span> <span class='ocrx_word' id='word_1_515' title='bbox 1189 1032 1256 1052; x_wconf 85' lang='lat' dir='ltr'>eam</span> <span class='ocrx_word' id='word_1_516' title='bbox 1275 1025 1428 1055; x_wconf 84' lang='lat' dir='ltr'>assimilat.</span> <span class='ocrx_word' id='word_1_517' title='bbox 1451 1028 1557 1057; x_wconf 87' lang='lat' dir='ltr'>Anima</span> <span class='ocrx_word' id='word_1_518' title='bbox 1578 1030 1658 1058; x_wconf 90' lang='lat' dir='ltr'>enim</span> <span class='ocrx_word' id='word_1_519' title='bbox 1674 1032 1717 1058; x_wconf 89' lang='lat' dir='ltr'>est</span> <span class='ocrx_word' id='word_1_520' title='bbox 1732 1033 1790 1059; x_wconf 92' lang='lat' dir='ltr'>Deo</span> 
     </span>
     <span class='ocr_line' id='line_1_71' title="bbox 1005 1070 1790 1113; baseline 0.011 -16"><span class='ocrx_word' id='word_1_521' title='bbox 1005 1070 1110 1098; x_wconf 89' lang='lat' dir='ltr'>similis</span> <span class='ocrx_word' id='word_1_522' title='bbox 1134 1080 1188 1107; x_wconf 88' lang='lat' dir='ltr'>per</span> <span class='ocrx_word' id='word_1_523' title='bbox 1210 1074 1364 1109; x_wconf 76' lang='lat' dir='ltr'>naturam,-</span> <span class='ocrx_word' id='word_1_524' title='bbox 1390 1083 1445 1103; x_wconf 90' lang='lat' dir='ltr'>nec</span> <span class='ocrx_word' id='word_1_525' title='bbox 1464 1075 1497 1103; x_wconf 88' lang='lat' dir='ltr'>fit</span> <span class='ocrx_word' id='word_1_526' title='bbox 1512 1076 1537 1104; x_wconf 90' lang='lat' dir='ltr'>ei</span> <span class='ocrx_word' id='word_1_527' title='bbox 1555 1076 1717 1113; x_wconf 83' lang='lat' dir='ltr'>dissimilis,</span> <span class='ocrx_word' id='word_1_528' title='bbox 1734 1078 1790 1106; x_wconf 88' lang='lat' dir='ltr'>nisi</span> 
     </span>
     <span class='ocr_line' id='line_1_72' title="bbox 1005 1119 1791 1162; baseline 0.013 -17"><span class='ocrx_word' id='word_1_529' title='bbox 1005 1125 1059 1153; x_wconf 91' lang='lat' dir='ltr'>per</span> <span class='ocrx_word' id='word_1_530' title='bbox 1074 1119 1204 1155; x_wconf 88' lang='lat' dir='ltr'>culpam.</span> <span class='ocrx_word' id='word_1_531' title='bbox 1221 1121 1278 1149; x_wconf 87' lang='lat' dir='ltr'>Sed</span> <span class='ocrx_word' id='word_1_532' title='bbox 1293 1123 1365 1158; x_wconf 86' lang='lat' dir='ltr'>quia</span> <span class='ocrx_word' id='word_1_533' title='bbox 1382 1131 1436 1159; x_wconf 88' lang='lat' dir='ltr'>per</span> <span class='ocrx_word' id='word_1_534' title='bbox 1451 1124 1542 1152; x_wconf 88' lang='lat' dir='ltr'>fidem</span> <span class='ocrx_word' id='word_1_535' title='bbox 1556 1126 1645 1162; x_wconf 87' lang='lat' dir='ltr'>culpa</span> <span class='ocrx_word' id='word_1_536' title='bbox 1660 1127 1791 1155; x_wconf 80' lang='lat' dir='ltr'>excludi-</span> 
     </span>
     <span class='ocr_line' id='line_1_73' title="bbox 1005 1165 1791 1209; baseline 0.015 -18"><span class='ocrx_word' id='word_1_537' title='bbox 1005 1166 1062 1200; x_wconf 86' lang='lat' dir='ltr'>tur,</span> <span class='ocrx_word' id='word_1_538' title='bbox 1078 1165 1242 1196; x_wconf 87' lang='lat' dir='ltr'>similitudo</span> <span class='ocrx_word' id='word_1_539' title='bbox 1258 1169 1283 1196; x_wconf 88' lang='lat' dir='ltr'>ei</span> <span class='ocrx_word' id='word_1_540' title='bbox 1298 1170 1466 1199; x_wconf 85' lang='lat' dir='ltr'>restituitur.</span> <span class='ocrx_word' id='word_1_541' title='bbox 1489 1173 1521 1200; x_wconf 89' lang='lat' dir='ltr'>Et</span> <span class='ocrx_word' id='word_1_542' title='bbox 1540 1176 1699 1209; x_wconf 87' lang='lat' dir='ltr'>propterea</span> <span class='ocrx_word' id='word_1_543' title='bbox 1718 1174 1791 1202; x_wconf 89' lang='lat' dir='ltr'>dici-</span> 
     </span>
     <span class='ocr_line' id='line_1_74' title="bbox 1006 1214 1790 1251; baseline 0.015 -12"><span class='ocrx_word' id='word_1_544' title='bbox 1006 1214 1051 1240; x_wconf 88' lang='lat' dir='ltr'>tur</span> <span class='ocrx_word' id='word_1_545' title='bbox 1062 1214 1072 1229; x_wconf 69' lang='grc'><strong>6</strong></span> <span class='ocrx_word' id='word_1_546' title='bbox 1089 1222 1095 1240; x_wconf 90' lang='lat'>:</span> <span class='ocrx_word' id='word_1_547' title='bbox 1114 1223 1128 1239; x_wconf 83' lang='lat'>‹&lt;</span> <span class='ocrx_word' id='word_1_548' title='bbox 1143 1214 1212 1243; x_wconf 83' lang='lat' dir='ltr'>Fide</span> <span class='ocrx_word' id='word_1_549' title='bbox 1223 1216 1385 1251; x_wconf 87' lang='lat' dir='ltr'>purificans</span> <span class='ocrx_word' id='word_1_550' title='bbox 1399 1219 1492 1247; x_wconf 84' lang='lat' dir='ltr'>corda</span> <span class='ocrx_word' id='word_1_551' title='bbox 1507 1228 1622 1248; x_wconf 89' lang='lat' dir='ltr'>eorum.</span> <span class='ocrx_word' id='word_1_552' title='bbox 1639 1231 1653 1248; x_wconf 90' lang='lat'>»</span> <span class='ocrx_word' id='word_1_553' title='bbox 1666 1223 1739 1250; x_wconf 87' lang='lat' dir='ltr'>Nam</span> <span class='ocrx_word' id='word_1_554' title='bbox 1750 1223 1790 1251; x_wconf 90' lang='lat' dir='ltr'>ob</span> 
     </span>
     <span class='ocr_line' id='line_1_75' title="bbox 1004 1259 1790 1298; baseline 0.014 -11"><span class='ocrx_word' id='word_1_555' title='bbox 1004 1259 1082 1288; x_wconf 86' lang='lat' dir='ltr'>hanc</span> <span class='ocrx_word' id='word_1_556' title='bbox 1095 1269 1217 1290; x_wconf 86' lang='lat' dir='ltr'>causam</span> <span class='ocrx_word' id='word_1_557' title='bbox 1231 1261 1307 1291; x_wconf 87' lang='lat' dir='ltr'>fides</span> <span class='ocrx_word' id='word_1_558' title='bbox 1321 1264 1428 1293; x_wconf 88' lang='lat' dir='ltr'>dicitur</span> <span class='ocrx_word' id='word_1_559' title='bbox 1443 1266 1548 1294; x_wconf 88' lang='lat' dir='ltr'>similis</span> <span class='ocrx_word' id='word_1_560' title='bbox 1562 1276 1624 1296; x_wconf 89' lang='lat' dir='ltr'>esse</span> <span class='ocrx_word' id='word_1_561' title='bbox 1637 1269 1729 1297; x_wconf 88' lang='lat' dir='ltr'>calori</span> <span class='ocrx_word' id='word_1_562' title='bbox 1744 1278 1790 1298; x_wconf 89' lang='grc' dir='ltr'>5ο-</span> 
     </span>
     <span class='ocr_line' id='line_1_76' title="bbox 1005 1306 1791 1345; baseline 0.014 -11"><span class='ocrx_word' id='word_1_563' title='bbox 1005 1306 1040 1334; x_wconf 89' lang='grc'>115</span> <span class='ocrx_word' id='word_1_564' title='bbox 1062 1316 1069 1335; x_wconf 92' lang='lat'>:</span> <span class='ocrx_word' id='word_1_565' title='bbox 1087 1309 1159 1344; x_wconf 87' lang='lat' dir='ltr'>quia</span> <span class='ocrx_word' id='word_1_566' title='bbox 1177 1310 1251 1337; x_wconf 85' lang='lat' dir='ltr'>sicut</span> <span class='ocrx_word' id='word_1_567' title='bbox 1265 1310 1345 1339; x_wconf 86' lang='lat' dir='ltr'>illius</span> <span class='ocrx_word' id='word_1_568' title='bbox 1359 1312 1458 1341; x_wconf 82' lang='lat' dir='ltr'>calore</span> <span class='ocrx_word' id='word_1_569' title='bbox 1474 1313 1505 1341; x_wconf 90' lang='lat' dir='ltr'>in</span> <span class='ocrx_word' id='word_1_570' title='bbox 1521 1323 1591 1343; x_wconf 88' lang='lat' dir='ltr'>vere</span> <span class='ocrx_word' id='word_1_571' title='bbox 1611 1316 1791 1345; x_wconf 87' lang='lat' dir='ltr'>reviviscunt</span> 
     </span>
     <span class='ocr_line' id='line_1_77' title="bbox 1006 1355 1789 1397; baseline 0.014 -16"><span class='ocrx_word' id='word_1_572' title='bbox 1006 1355 1108 1383; x_wconf 89' lang='lat' dir='ltr'>omnia</span> <span class='ocrx_word' id='word_1_573' title='bbox 1136 1357 1219 1384; x_wconf 83' lang='lat' dir='ltr'>terrae</span> <span class='ocrx_word' id='word_1_574' title='bbox 1248 1359 1414 1395; x_wconf 82' lang='lat' dir='ltr'>nascentia,</span> <span class='ocrx_word' id='word_1_575' title='bbox 1445 1361 1486 1388; x_wconf 86' lang='lat' dir='ltr'>sic</span> <span class='ocrx_word' id='word_1_576' title='bbox 1513 1369 1567 1397; x_wconf 90' lang='lat' dir='ltr'>per</span> <span class='ocrx_word' id='word_1_577' title='bbox 1591 1362 1684 1391; x_wconf 89' lang='lat' dir='ltr'>fidem</span> <span class='ocrx_word' id='word_1_578' title='bbox 1711 1364 1789 1391; x_wconf 91' lang='lat' dir='ltr'>revi—</span> 
     </span>
     <span class='ocr_line' id='line_1_78' title="bbox 1004 1401 1789 1446; baseline 0.014 -18"><span class='ocrx_word' id='word_1_579' title='bbox 1004 1401 1120 1430; x_wconf 88' lang='lat' dir='ltr'>viscunt</span> <span class='ocrx_word' id='word_1_580' title='bbox 1135 1404 1241 1431; x_wconf 77' lang='lat' dir='ltr'>animae</span> <span class='ocrx_word' id='word_1_581' title='bbox 1255 1408 1389 1434; x_wconf 81' lang='lat' dir='ltr'>mortuae.</span> <span class='ocrx_word' id='word_1_582' title='bbox 1406 1408 1487 1435; x_wconf 90' lang='lat' dir='ltr'>Unde</span> <span class='ocrx_word' id='word_1_583' title='bbox 1503 1408 1574 1436; x_wconf 85' lang='lat' dir='ltr'>dicit</span> <span class='ocrx_word' id='word_1_584' title='bbox 1592 1410 1751 1446; x_wconf 81' lang='lat' dir='ltr'>Apostolus</span> <span class='ocrx_word' id='word_1_585' title='bbox 1765 1412 1789 1445; x_wconf 89' lang='lat'>⁷,</span> 
     </span>
     <span class='ocr_line' id='line_1_79' title="bbox 1005 1451 1789 1486; baseline 0.013 -10"><span class='ocrx_word' id='word_1_586' title='bbox 1005 1451 1090 1485; x_wconf 89' lang='lat' dir='ltr'>quod</span> <span class='ocrx_word' id='word_1_587' title='bbox 1112 1460 1125 1476; x_wconf 86' lang='lat'>«</span> <span class='ocrx_word' id='word_1_588' title='bbox 1145 1452 1241 1486; x_wconf 85' lang='lat' dir='ltr'>justus</span> <span class='ocrx_word' id='word_1_589' title='bbox 1265 1461 1303 1481; x_wconf 80' lang='lat' dir='ltr'>cx</span> <span class='ocrx_word' id='word_1_590' title='bbox 1323 1454 1384 1482; x_wconf 87' lang='lat' dir='ltr'>fide</span> <span class='ocrx_word' id='word_1_591' title='bbox 1405 1455 1518 1483; x_wconf 88' lang='lat' dir='ltr'>vivit.»</span> <span class='ocrx_word' id='word_1_592' title='bbox 1537 1458 1585 1484; x_wconf 90' lang='lat' dir='ltr'>Est</span> <span class='ocrx_word' id='word_1_593' title='bbox 1612 1458 1692 1485; x_wconf 88' lang='lat' dir='ltr'>enim</span> <span class='ocrx_word' id='word_1_594' title='bbox 1714 1458 1789 1486; x_wconf 89' lang='lat' dir='ltr'>fides</span> 
     </span>
     <span class='ocr_line' id='line_1_80' title="bbox 1004 1496 1789 1541; baseline 0.014 -18"><span class='ocrx_word' id='word_1_595' title='bbox 1004 1496 1079 1525; x_wconf 85' lang='lat' dir='ltr'>sicut</span> <span class='ocrx_word' id='word_1_596' title='bbox 1100 1506 1219 1534; x_wconf 82' lang='lat' dir='ltr'>aurora,</span> <span class='ocrx_word' id='word_1_597' title='bbox 1250 1509 1315 1536; x_wconf 79' lang='lat' dir='ltr'>quae</span> <span class='ocrx_word' id='word_1_598' title='bbox 1344 1510 1444 1530; x_wconf 87' lang='lat' dir='ltr'>aerem</span> <span class='ocrx_word' id='word_1_599' title='bbox 1472 1511 1490 1531; x_wconf 90' lang='lat' dir='ltr'>a</span> <span class='ocrx_word' id='word_1_600' title='bbox 1513 1504 1643 1532; x_wconf 83' lang='lat' dir='ltr'>tenebris</span> <span class='ocrx_word' id='word_1_601' title='bbox 1668 1508 1789 1541; x_wconf 80' lang='lat' dir='ltr'>purgat,</span> 
     </span>
     <span class='ocr_line' id='line_1_81' title="bbox 1005 1543 1788 1581; baseline 0.014 -11"><span class='ocrx_word' id='word_1_602' title='bbox 1005 1543 1085 1571; x_wconf 89' lang='lat' dir='ltr'>diem</span> <span class='ocrx_word' id='word_1_603' title='bbox 1099 1545 1229 1581; x_wconf 85' lang='lat' dir='ltr'>inchoat,</span> <span class='ocrx_word' id='word_1_604' title='bbox 1252 1549 1279 1575; x_wconf 90' lang='lat' dir='ltr'>et</span> <span class='ocrx_word' id='word_1_605' title='bbox 1300 1548 1393 1577; x_wconf 88' lang='lat' dir='ltr'>solem</span> <span class='ocrx_word' id='word_1_606' title='bbox 1413 1550 1515 1578; x_wconf 87' lang='lat' dir='ltr'>adesse</span> <span class='ocrx_word' id='word_1_607' title='bbox 1537 1554 1689 1581; x_wconf 82' lang='lat' dir='ltr'>monstrat.</span> <span class='ocrx_word' id='word_1_608' title='bbox 1706 1553 1788 1581; x_wconf 89' lang='lat' dir='ltr'>Unde</span> 
     </span>
     <span class='ocr_line' id='line_1_82' title="bbox 1002 1590 1788 1635; baseline 0.013 -17"><span class='ocrx_word' id='word_1_609' title='bbox 1002 1590 1167 1626; x_wconf 86' lang='lat' dir='ltr'>baptismus</span> <span class='ocrx_word' id='word_1_610' title='bbox 1197 1594 1304 1622; x_wconf 87' lang='lat' dir='ltr'>dicitur</span> <span class='ocrx_word' id='word_1_611' title='bbox 1331 1596 1402 1624; x_wconf 87' lang='lat' dir='ltr'>fidei</span> <span class='ocrx_word' id='word_1_612' title='bbox 1431 1601 1659 1635; x_wconf 85' lang='lat' dir='ltr'>sacramentum,</span> <span class='ocrx_word' id='word_1_613' title='bbox 1691 1602 1719 1628; x_wconf 88' lang='lat' dir='ltr'>et</span> <span class='ocrx_word' id='word_1_614' title='bbox 1746 1603 1788 1628; x_wconf 87' lang='lat' dir='ltr'>est</span> 
     </span>
     <span class='ocr_line' id='line_1_83' title="bbox 1001 1640 1787 1680; baseline 0.014 -15"><span class='ocrx_word' id='word_1_615' title='bbox 1001 1640 1193 1673; x_wconf 82' lang='lat' dir='ltr'>pcccatorum</span> <span class='ocrx_word' id='word_1_616' title='bbox 1206 1642 1343 1670; x_wconf 87' lang='lat' dir='ltr'>omnium</span> <span class='ocrx_word' id='word_1_617' title='bbox 1358 1648 1601 1680; x_wconf 83' lang='lat' dir='ltr'>purgamentum,</span> <span class='ocrx_word' id='word_1_618' title='bbox 1623 1649 1651 1675; x_wconf 86' lang='lat' dir='ltr'>et</span> <span class='ocrx_word' id='word_1_619' title='bbox 1671 1647 1710 1675; x_wconf 86' lang='lat' dir='ltr'>ad</span> <span class='ocrx_word' id='word_1_620' title='bbox 1731 1650 1787 1676; x_wconf 82' lang='lat' dir='ltr'>sta-</span> 
     </span>
     <span class='ocr_line' id='line_1_84' title="bbox 1001 1686 1786 1731; baseline 0.014 -19"><span class='ocrx_word' id='word_1_621' title='bbox 1001 1687 1063 1713; x_wconf 90' lang='lat' dir='ltr'>tum</span> <span class='ocrx_word' id='word_1_622' title='bbox 1089 1686 1265 1716; x_wconf 62' lang='lat' dir='ltr'>innocentiae</span> <span class='ocrx_word' id='word_1_623' title='bbox 1293 1690 1502 1727; x_wconf 88' lang='lat' dir='ltr'>restitutivum,</span> <span class='ocrx_word' id='word_1_624' title='bbox 1528 1695 1556 1721; x_wconf 87' lang='lat' dir='ltr'>et</span> <span class='ocrx_word' id='word_1_625' title='bbox 1580 1702 1679 1729; x_wconf 90' lang='lat' dir='ltr'>omne,</span> <span class='ocrx_word' id='word_1_626' title='bbox 1703 1696 1786 1731; x_wconf 89' lang='lat' dir='ltr'>quod</span> 
     </span>
     <span class='ocr_line' id='line_1_85' title="bbox 1000 1734 1786 1771; baseline 0.014 -11"><span class='ocrx_word' id='word_1_627' title='bbox 1000 1734 1103 1769; x_wconf 84' lang='lat' dir='ltr'>tangit,</span> <span class='ocrx_word' id='word_1_628' title='bbox 1122 1735 1220 1763; x_wconf 90' lang='lat' dir='ltr'>subito</span> <span class='ocrx_word' id='word_1_629' title='bbox 1241 1736 1310 1765; x_wconf 77' lang='lat' dir='ltr'>facit</span> <span class='ocrx_word' id='word_1_630' title='bbox 1333 1746 1394 1766; x_wconf 89' lang='lat' dir='ltr'>esse</span> <span class='ocrx_word' id='word_1_631' title='bbox 1414 1741 1559 1769; x_wconf 83' lang='lat' dir='ltr'>sanctum.</span> <span class='ocrx_word' id='word_1_632' title='bbox 1583 1744 1685 1770; x_wconf 84' lang='lat' dir='ltr'>Narrat</span> <span class='ocrx_word' id='word_1_633' title='bbox 1706 1744 1786 1771; x_wconf 90' lang='lat' dir='ltr'>enim</span> 
     </span>
     <span class='ocr_line' id='line_1_86' title="bbox 998 1782 1785 1822; baseline 0.015 -15"><span class='ocrx_word' id='word_1_634' title='bbox 998 1782 1178 1816; x_wconf 85' lang='lat' dir='ltr'>Augustinus</span> <span class='ocrx_word' id='word_1_635' title='bbox 1193 1783 1213 1818; x_wconf 73' lang='lat'>⁸,</span> <span class='ocrx_word' id='word_1_636' title='bbox 1231 1785 1314 1820; x_wconf 85' lang='lat' dir='ltr'>quod</span> <span class='ocrx_word' id='word_1_637' title='bbox 1331 1786 1469 1822; x_wconf 72' lang='lat' dir='ltr'>quaedam</span> <span class='ocrx_word' id='word_1_638' title='bbox 1485 1790 1623 1817; x_wconf 88' lang='lat' dir='ltr'>matrona</span> <span class='ocrx_word' id='word_1_639' title='bbox 1643 1798 1785 1819; x_wconf 84' lang='lat' dir='ltr'>cancrum</span> 
     </span>
     <span class='ocr_line' id='line_1_87' title="bbox 999 1829 1785 1873; baseline 0.014 -18"><span class='ocrx_word' id='word_1_640' title='bbox 999 1829 1167 1864; x_wconf 84' lang='lat' dir='ltr'>patiebatur</span> <span class='ocrx_word' id='word_1_641' title='bbox 1192 1831 1223 1858; x_wconf 92' lang='lat' dir='ltr'>in</span> <span class='ocrx_word' id='word_1_642' title='bbox 1246 1833 1390 1868; x_wconf 87' lang='lat' dir='ltr'>mamilla,</span> <span class='ocrx_word' id='word_1_643' title='bbox 1408 1835 1552 1863; x_wconf 85' lang='lat' dir='ltr'>morbum</span> <span class='ocrx_word' id='word_1_644' title='bbox 1572 1837 1739 1873; x_wconf 85' lang='lat' dir='ltr'>mortalem,</span> <span class='ocrx_word' id='word_1_645' title='bbox 1757 1841 1785 1866; x_wconf 92' lang='grc'>01</span> 
     </span>
     <span class='ocr_line' id='line_1_88' title="bbox 999 1877 1783 1917; baseline 0.014 -14"><span class='ocrx_word' id='word_1_646' title='bbox 999 1877 1085 1905; x_wconf 86' lang='lat' dir='ltr'>nulla</span> <span class='ocrx_word' id='word_1_647' title='bbox 1098 1879 1264 1907; x_wconf 89' lang='lat' dir='ltr'>secundum</span> <span class='ocrx_word' id='word_1_648' title='bbox 1278 1881 1486 1917; x_wconf 83' lang='lat' dir='ltr'>Hippocratem</span> <span class='ocrx_word' id='word_1_649' title='bbox 1500 1884 1650 1913; x_wconf 85' lang='lat' dir='ltr'>medicina</span> <span class='ocrx_word' id='word_1_650' title='bbox 1666 1886 1783 1914; x_wconf 88' lang='lat' dir='ltr'>curabi-</span> 
     </span>
     <span class='ocr_line' id='line_1_89' title="bbox 997 1923 1782 1967; baseline 0.013 -16"><span class='ocrx_word' id='word_1_651' title='bbox 997 1923 1057 1952; x_wconf 90' lang='lat' dir='ltr'>lem</span> <span class='ocrx_word' id='word_1_652' title='bbox 1075 1934 1081 1952; x_wconf 88' lang='lat'>:</span> <span class='ocrx_word' id='word_1_653' title='bbox 1098 1925 1159 1953; x_wconf 92' lang='lat' dir='ltr'>imo</span> <span class='ocrx_word' id='word_1_654' title='bbox 1176 1927 1199 1954; x_wconf 88' lang='lat' dir='ltr'>si</span> <span class='ocrx_word' id='word_1_655' title='bbox 1215 1927 1282 1963; x_wconf 86' lang='lat' dir='ltr'>quis</span> <span class='ocrx_word' id='word_1_656' title='bbox 1297 1928 1361 1956; x_wconf 88' lang='lat' dir='ltr'>vult</span> <span class='ocrx_word' id='word_1_657' title='bbox 1383 1937 1419 1957; x_wconf 77' lang='lat' dir='ltr'>ex</span> <span class='ocrx_word' id='word_1_658' title='bbox 1434 1938 1470 1958; x_wconf 89' lang='lat' dir='ltr'>ea</span> <span class='ocrx_word' id='word_1_659' title='bbox 1485 1930 1595 1959; x_wconf 89' lang='lat' dir='ltr'>diutius</span> <span class='ocrx_word' id='word_1_660' title='bbox 1610 1932 1720 1967; x_wconf 89' lang='lat' dir='ltr'>vivere,</span> <span class='ocrx_word' id='word_1_661' title='bbox 1738 1933 1782 1961; x_wconf 85' lang='lat' dir='ltr'>di—</span> 
     </span>
     <span class='ocr_line' id='line_1_90' title="bbox 998 1971 1781 2008; baseline 0.013 -10"><span class='ocrx_word' id='word_1_662' title='bbox 998 1971 1158 2000; x_wconf 90' lang='lat' dir='ltr'>mittendus</span> <span class='ocrx_word' id='word_1_663' title='bbox 1183 1976 1226 2001; x_wconf 88' lang='lat' dir='ltr'>est</span> <span class='ocrx_word' id='word_1_664' title='bbox 1249 1975 1306 2002; x_wconf 88' lang='lat' dir='ltr'>soli</span> <span class='ocrx_word' id='word_1_665' title='bbox 1327 1979 1439 2004; x_wconf 76' lang='lat' dir='ltr'>naturae</span> <span class='ocrx_word' id='word_1_666' title='bbox 1461 1978 1524 2006; x_wconf 86' lang='lat' dir='ltr'>sine</span> <span class='ocrx_word' id='word_1_667' title='bbox 1544 1979 1627 2007; x_wconf 90' lang='lat' dir='ltr'>omni</span> <span class='ocrx_word' id='word_1_668' title='bbox 1647 1980 1781 2008; x_wconf 86' lang='lat' dir='ltr'>medica-</span> 
     </span>
     <span class='ocr_line' id='line_1_91' title="bbox 996 2019 1779 2063; baseline 0.014 -18"><span class='ocrx_word' id='word_1_669' title='bbox 996 2019 1086 2047; x_wconf 89' lang='lat' dir='ltr'>mine.</span> <span class='ocrx_word' id='word_1_670' title='bbox 1114 2021 1248 2057; x_wconf 86' lang='lat' dir='ltr'>Cumque</span> <span class='ocrx_word' id='word_1_671' title='bbox 1270 2022 1322 2050; x_wconf 83' lang='lat' dir='ltr'>illa</span> <span class='ocrx_word' id='word_1_672' title='bbox 1347 2023 1503 2060; x_wconf 81' lang='lat' dir='ltr'>desperata</span> <span class='ocrx_word' id='word_1_673' title='bbox 1523 2028 1597 2054; x_wconf 87' lang='lat' dir='ltr'>esset</span> <span class='ocrx_word' id='word_1_674' title='bbox 1612 2035 1630 2054; x_wconf 86' lang='lat' dir='ltr'>a</span> <span class='ocrx_word' id='word_1_675' title='bbox 1644 2027 1779 2063; x_wconf 86' lang='lat' dir='ltr'>medicis,</span> 
     </span>
     <span class='ocr_line' id='line_1_92' title="bbox 997 2065 1778 2111; baseline 0.014 -19"><span class='ocrx_word' id='word_1_676' title='bbox 997 2065 1036 2093; x_wconf 87' lang='lat' dir='ltr'>ad</span> <span class='ocrx_word' id='word_1_677' title='bbox 1051 2067 1195 2095; x_wconf 80' lang='lat' dir='ltr'>auxilium</span> <span class='ocrx_word' id='word_1_678' title='bbox 1212 2068 1348 2097; x_wconf 86' lang='lat' dir='ltr'>divinum</span> <span class='ocrx_word' id='word_1_679' title='bbox 1363 2079 1392 2098; x_wconf 91' lang='lat' dir='ltr'>se</span> <span class='ocrx_word' id='word_1_680' title='bbox 1407 2072 1542 2108; x_wconf 87' lang='lat' dir='ltr'>contulit,</span> <span class='ocrx_word' id='word_1_681' title='bbox 1567 2075 1594 2101; x_wconf 89' lang='lat' dir='ltr'>et</span> <span class='ocrx_word' id='word_1_682' title='bbox 1614 2074 1653 2102; x_wconf 87' lang='lat' dir='ltr'>ad</span> <span class='ocrx_word' id='word_1_683' title='bbox 1671 2074 1778 2111; x_wconf 81' lang='lat' dir='ltr'>fontes,</span> 
     </span>
     <span class='ocr_line' id='line_1_93' title="bbox 995 2112 1779 2157; baseline 0.015 -18"><span class='ocrx_word' id='word_1_684' title='bbox 995 2112 1047 2140; x_wconf 91' lang='lat' dir='ltr'>ubi</span> <span class='ocrx_word' id='word_1_685' title='bbox 1062 2113 1246 2150; x_wconf 85' lang='lat' dir='ltr'>baptizantur</span> <span class='ocrx_word' id='word_1_686' title='bbox 1262 2118 1476 2154; x_wconf 83' lang='lat' dir='ltr'>catechumeni,</span> <span class='ocrx_word' id='word_1_687' title='bbox 1496 2121 1678 2157; x_wconf 85' lang='lat' dir='ltr'>properavit,</span> <span class='ocrx_word' id='word_1_688' title='bbox 1697 2124 1725 2150; x_wconf 92' lang='lat' dir='ltr'>et</span> <span class='ocrx_word' id='word_1_689' title='bbox 1740 2123 1779 2150; x_wconf 90' lang='lat' dir='ltr'>ab</span> 
     </span>
     <span class='ocr_line' id='line_1_94' title="bbox 994 2162 1778 2205; baseline 0.014 -18"><span class='ocrx_word' id='word_1_690' title='bbox 994 2168 1066 2195; x_wconf 90' lang='lat' dir='ltr'>uno,</span> <span class='ocrx_word' id='word_1_691' title='bbox 1084 2169 1151 2189; x_wconf 89' lang='lat' dir='ltr'>cum</span> <span class='ocrx_word' id='word_1_692' title='bbox 1167 2162 1205 2190; x_wconf 92' lang='lat' dir='ltr'>de</span> <span class='ocrx_word' id='word_1_693' title='bbox 1220 2162 1300 2191; x_wconf 84' lang='lat' dir='ltr'>fonte</span> <span class='ocrx_word' id='word_1_694' title='bbox 1316 2165 1395 2200; x_wconf 81' lang='lat' dir='ltr'>exiit,</span> <span class='ocrx_word' id='word_1_695' title='bbox 1413 2166 1524 2201; x_wconf 84' lang='lat' dir='ltr'>signari</span> <span class='ocrx_word' id='word_1_696' title='bbox 1540 2176 1569 2195; x_wconf 89' lang='lat' dir='ltr'>se</span> <span class='ocrx_word' id='word_1_697' title='bbox 1586 2168 1670 2196; x_wconf 83' lang='lat' dir='ltr'>fecit:</span> <span class='ocrx_word' id='word_1_698' title='bbox 1687 2178 1778 2205; x_wconf 84' lang='lat' dir='ltr'>quam</span> 
     </span>
     <span class='ocr_line' id='line_1_95' title="bbox 995 2207 1777 2246; baseline 0.014 -12"><span class='ocrx_word' id='word_1_699' title='bbox 995 2207 1067 2235; x_wconf 90' lang='lat' dir='ltr'>dum</span> <span class='ocrx_word' id='word_1_700' title='bbox 1090 2208 1255 2244; x_wconf 85' lang='lat' dir='ltr'>baptizatus</span> <span class='ocrx_word' id='word_1_701' title='bbox 1277 2210 1415 2246; x_wconf 87' lang='lat' dir='ltr'>signavit,</span> <span class='ocrx_word' id='word_1_702' title='bbox 1445 2216 1546 2243; x_wconf 85' lang='lat' dir='ltr'>curata</span> <span class='ocrx_word' id='word_1_703' title='bbox 1568 2223 1639 2243; x_wconf 79' lang='lat' dir='ltr'>mox</span> <span class='ocrx_word' id='word_1_704' title='bbox 1664 2215 1727 2244; x_wconf 89' lang='lat' dir='ltr'>fuit.</span> <span class='ocrx_word' id='word_1_705' title='bbox 1751 2218 1777 2244; x_wconf 92' lang='lat' dir='ltr'>Si</span> 
     </span>
     <span class='ocr_line' id='line_1_96' title="bbox 994 2256 1777 2300; baseline 0.014 -19"><span class='ocrx_word' id='word_1_706' title='bbox 994 2262 1064 2289; x_wconf 86' lang='lat' dir='ltr'>ergo</span> <span class='ocrx_word' id='word_1_707' title='bbox 1078 2256 1163 2283; x_wconf 76' lang='lat' dir='ltr'>tantae</span> <span class='ocrx_word' id='word_1_708' title='bbox 1178 2256 1292 2284; x_wconf 87' lang='lat' dir='ltr'>virtutis</span> <span class='ocrx_word' id='word_1_709' title='bbox 1303 2260 1346 2286; x_wconf 89' lang='lat' dir='ltr'>est</span> <span class='ocrx_word' id='word_1_710' title='bbox 1357 2263 1578 2289; x_wconf 83' lang='lat' dir='ltr'>sacramentum</span> <span class='ocrx_word' id='word_1_711' title='bbox 1591 2262 1673 2298; x_wconf 89' lang='lat' dir='ltr'>fidei,</span> <span class='ocrx_word' id='word_1_712' title='bbox 1685 2272 1777 2300; x_wconf 81' lang='lat' dir='ltr'>quan-</span> 
     </span>
     <span class='ocr_line' id='line_1_97' title="bbox 992 2302 1449 2334; baseline 0.013 -6"><span class='ocrx_word' id='word_1_713' title='bbox 992 2303 1027 2328; x_wconf 69' lang='lat' dir='ltr'>tae</span> <span class='ocrx_word' id='word_1_714' title='bbox 1042 2302 1156 2330; x_wconf 87' lang='lat' dir='ltr'>virtutis</span> <span class='ocrx_word' id='word_1_715' title='bbox 1171 2305 1213 2331; x_wconf 88' lang='lat' dir='ltr'>est</span> <span class='ocrx_word' id='word_1_716' title='bbox 1225 2304 1295 2332; x_wconf 84' lang='lat' dir='ltr'>fidei</span> <span class='ocrx_word' id='word_1_717' title='bbox 1311 2305 1425 2334; x_wconf 89' lang='lat' dir='ltr'>donum</span> <span class='ocrx_word' id='word_1_718' title='bbox 1436 2308 1449 2334; x_wconf 71' lang='lat'>:⁷</span> 
     </span>
    </p>

    <p class='ocr_par' dir='ltr' id='par_1_8' title="bbox 990 2350 1776 2626">
     <span class='ocr_line' id='line_1_98' title="bbox 1028 2350 1773 2386; baseline 0.013 -10"><span class='ocrx_word' id='word_1_719' title='bbox 1028 2350 1133 2385; x_wconf 80' lang='lat' dir='ltr'>Tertio,</span> <span class='ocrx_word' id='word_1_720' title='bbox 1162 2351 1237 2379; x_wconf 87' lang='lat' dir='ltr'>fides</span> <span class='ocrx_word' id='word_1_721' title='bbox 1266 2354 1308 2380; x_wconf 90' lang='lat' dir='ltr'>est</span> <span class='ocrx_word' id='word_1_722' title='bbox 1333 2354 1452 2382; x_wconf 83' lang='lat' dir='ltr'>effectus</span> <span class='ocrx_word' id='word_1_723' title='bbox 1479 2355 1677 2385; x_wconf 81' lang='lat' dir='ltr'>fortificativa.</span> <span class='ocrx_word' id='word_1_724' title='bbox 1702 2360 1773 2386; x_wconf 86' lang='lat' dir='ltr'>Nam</span> 
     </span>
     <span class='ocr_line' id='line_1_99' title="bbox 993 2398 1776 2435; baseline 0.015 -13"><span class='ocrx_word' id='word_1_725' title='bbox 993 2398 1104 2432; x_wconf 82' lang='lat' dir='ltr'>quanto</span> <span class='ocrx_word' id='word_1_726' title='bbox 1118 2398 1247 2433; x_wconf 89' lang='lat' dir='ltr'>amplius</span> <span class='ocrx_word' id='word_1_727' title='bbox 1261 2400 1347 2435; x_wconf 86' lang='lat' dir='ltr'>vigor</span> <span class='ocrx_word' id='word_1_728' title='bbox 1361 2401 1591 2431; x_wconf 80' lang='lat' dir='ltr'>fundamentatae</span> <span class='ocrx_word' id='word_1_729' title='bbox 1604 2405 1716 2433; x_wconf 89' lang='lat' dir='ltr'>virtutis</span> <span class='ocrx_word' id='word_1_730' title='bbox 1731 2414 1776 2433; x_wconf 88' lang='lat' dir='ltr'>re-</span> 
     </span>
     <span class='ocr_line' id='line_1_100' title="bbox 993 2443 1776 2481; baseline 0.013 -11"><span class='ocrx_word' id='word_1_731' title='bbox 993 2443 1108 2471; x_wconf 86' lang='lat' dir='ltr'>dundat</span> <span class='ocrx_word' id='word_1_732' title='bbox 1128 2445 1158 2472; x_wconf 90' lang='lat' dir='ltr'>in</span> <span class='ocrx_word' id='word_1_733' title='bbox 1178 2446 1271 2481; x_wconf 88' lang='lat' dir='ltr'>aliud,</span> <span class='ocrx_word' id='word_1_734' title='bbox 1288 2449 1369 2475; x_wconf 86' lang='lat' dir='ltr'>tanto</span> <span class='ocrx_word' id='word_1_735' title='bbox 1390 2449 1465 2476; x_wconf 90' lang='lat' dir='ltr'>illud</span> <span class='ocrx_word' id='word_1_736' title='bbox 1485 2451 1635 2478; x_wconf 79' lang='lat' dir='ltr'>robustius</span> <span class='ocrx_word' id='word_1_737' title='bbox 1655 2461 1716 2479; x_wconf 78' lang='lat' dir='ltr'>esse</span> <span class='ocrx_word' id='word_1_738' title='bbox 1735 2453 1776 2481; x_wconf 84' lang='lat' dir='ltr'>fa-</span> 
     </span>
     <span class='ocr_line' id='line_1_101' title="bbox 991 2491 1776 2533; baseline 0.014 -16"><span class='ocrx_word' id='word_1_739' title='bbox 991 2491 1038 2517; x_wconf 85' lang='lat' dir='ltr'>cit.</span> <span class='ocrx_word' id='word_1_740' title='bbox 1057 2493 1231 2528; x_wconf 76' lang='lat' dir='ltr'>Exemplum</span> <span class='ocrx_word' id='word_1_741' title='bbox 1245 2494 1281 2521; x_wconf 90' lang='lat' dir='ltr'>de</span> <span class='ocrx_word' id='word_1_742' title='bbox 1297 2495 1403 2523; x_wconf 86' lang='lat' dir='ltr'>virtute</span> <span class='ocrx_word' id='word_1_743' title='bbox 1421 2497 1529 2532; x_wconf 88' lang='lat' dir='ltr'>cordis,</span> <span class='ocrx_word' id='word_1_744' title='bbox 1547 2506 1613 2533; x_wconf 77' lang='lat' dir='ltr'>quoe</span> <span class='ocrx_word' id='word_1_745' title='bbox 1627 2499 1718 2527; x_wconf 90' lang='lat' dir='ltr'>virtus</span> <span class='ocrx_word' id='word_1_746' title='bbox 1733 2503 1776 2528; x_wconf 88' lang='lat' dir='ltr'>est</span> 
     </span>
     <span class='ocr_line' id='line_1_102' title="bbox 991 2538 1771 2577; baseline 0.014 -13"><span class='ocrx_word' id='word_1_747' title='bbox 991 2538 1125 2566; x_wconf 88' lang='lat' dir='ltr'>omnium</span> <span class='ocrx_word' id='word_1_748' title='bbox 1135 2540 1340 2569; x_wconf 83' lang='lat' dir='ltr'>membrorum</span> <span class='ocrx_word' id='word_1_749' title='bbox 1351 2543 1448 2577; x_wconf 80' lang='lat' dir='ltr'>radix,</span> <span class='ocrx_word' id='word_1_750' title='bbox 1461 2544 1522 2571; x_wconf 89' lang='lat' dir='ltr'>sive</span> <span class='ocrx_word' id='word_1_751' title='bbox 1533 2544 1771 2575; x_wconf 82' lang='lat' dir='ltr'>fundamentum.</span> 
     </span>
     <span class='ocr_line' id='line_1_103' title="bbox 990 2586 1774 2626; baseline 0.013 -13"><span class='ocrx_word' id='word_1_752' title='bbox 990 2586 1084 2619; x_wconf 82' lang='lat' dir='ltr'>Quare</span> <span class='ocrx_word' id='word_1_753' title='bbox 1094 2587 1108 2613; x_wconf 63' lang='grc' dir='ltr'>ἰ)</span> <span class='ocrx_word' id='word_1_754' title='bbox 1127 2587 1201 2620; x_wconf 85' lang='lat' dir='ltr'>Quia</span> <span class='ocrx_word' id='word_1_755' title='bbox 1224 2590 1420 2617; x_wconf 89' lang='lat' dir='ltr'>communiter</span> <span class='ocrx_word' id='word_1_756' title='bbox 1435 2590 1504 2626; x_wconf 85' lang='lat' dir='ltr'>plus</span> <span class='ocrx_word' id='word_1_757' title='bbox 1518 2591 1610 2620; x_wconf 84' lang='lat' dir='ltr'>virtus</span> <span class='ocrx_word' id='word_1_758' title='bbox 1624 2594 1774 2623; x_wconf 83' lang='lat' dir='ltr'>redundat</span> 
     </span>
    </p>
   </div>
   <div class='ocr_carea' id='block_1_8' title="bbox 988 2660 1772 2768">
    <p class='ocr_par' dir='ltr' id='par_1_9' title="bbox 988 2660 1772 2768">
     <span class='ocr_line' id='line_1_104' title="bbox 990 2660 1772 2700; baseline 0.012 -16"><span class='ocrx_word' id='word_1_759' title='bbox 990 2661 999 2676; x_wconf 76' lang='lat'>5</span> <span class='ocrx_word' id='word_1_760' title='bbox 1015 2660 1114 2691; x_wconf 79' lang='lat' dir='ltr'>Surius,</span> <span class='ocrx_word' id='word_1_761' title='bbox 1131 2661 1156 2685; x_wconf 88' lang='lat' dir='ltr'>iu</span> <span class='ocrx_word' id='word_1_762' title='bbox 1182 2663 1239 2686; x_wconf 80' lang='lat' dir='ltr'>Vita</span> <span class='ocrx_word' id='word_1_763' title='bbox 1260 2663 1286 2686; x_wconf 87' lang='lat' dir='ltr'>S.</span> <span class='ocrx_word' id='word_1_764' title='bbox 1307 2663 1423 2693; x_wconf 51' lang='lat' dir='ltr'>Callian,</span> <span class='ocrx_word' id='word_1_765' title='bbox 1444 2664 1483 2689; x_wconf 84' lang='lat' dir='ltr'>die</span> <span class='ocrx_word' id='word_1_766' title='bbox 1505 2668 1534 2690; x_wconf 78' lang='lat'>25</span> <span class='ocrx_word' id='word_1_767' title='bbox 1557 2674 1617 2691; x_wconf 87' lang='lat' dir='ltr'>nov.</span> <span class='ocrx_word' id='word_1_768' title='bbox 1634 2682 1664 2686; x_wconf 89' lang='lat'><strong>—</strong></span> <span class='ocrx_word' id='word_1_769' title='bbox 1685 2669 1693 2682; x_wconf 76' lang='lat'><strong>⁶</strong></span> <span class='ocrx_word' id='word_1_770' title='bbox 1707 2669 1772 2700; x_wconf 67' lang='lat' dir='ltr'>Act„</span> 
     </span>
     <span class='ocr_line' id='line_1_105' title="bbox 990 2698 1770 2734; baseline 0.014 -16"><span class='ocrx_word' id='word_1_771' title='bbox 990 2702 1031 2725; x_wconf 80' lang='lat' dir='ltr'>xv,</span> <span class='ocrx_word' id='word_1_772' title='bbox 1056 2698 1078 2722; x_wconf 74' lang='lat'>0,</span> <span class='ocrx_word' id='word_1_773' title='bbox 1101 2710 1130 2714; x_wconf 89' lang='lat'>-—</span> <span class='ocrx_word' id='word_1_774' title='bbox 1154 2699 1161 2712; x_wconf 94' lang='lat'><em>⁷</em></span> <span class='ocrx_word' id='word_1_775' title='bbox 1184 2699 1264 2727; x_wconf 56' lang='lat' dir='ltr'>Rom„</span> <span class='ocrx_word' id='word_1_776' title='bbox 1290 2705 1310 2729; x_wconf 84' lang='lat'>1,</span> <span class='ocrx_word' id='word_1_777' title='bbox 1333 2701 1369 2724; x_wconf 86' lang='lat'>17.</span> <span class='ocrx_word' id='word_1_778' title='bbox 1391 2713 1422 2717; x_wconf 93' lang='lat'>—</span> <span class='ocrx_word' id='word_1_779' title='bbox 1444 2701 1451 2714; x_wconf 79' lang='lat'>⁸</span> <span class='ocrx_word' id='word_1_780' title='bbox 1471 2703 1547 2733; x_wconf 50' lang='lat' dir='ltr'>Aug„</span> <span class='ocrx_word' id='word_1_781' title='bbox 1565 2703 1595 2727; x_wconf 79' lang='lat' dir='ltr'>de</span> <span class='ocrx_word' id='word_1_782' title='bbox 1617 2703 1692 2728; x_wconf 78' lang='lat' dir='ltr'>C&#39;z&#39;vz&#39;t.</span> <span class='ocrx_word' id='word_1_783' title='bbox 1716 2705 1770 2734; x_wconf 74' lang='lat' dir='ltr'>Dei,</span> 
     </span>
     <span class='ocr_line' id='line_1_106' title="bbox 988 2732 1675 2768; baseline 0.013 -13"><span class='ocrx_word' id='word_1_784' title='bbox 988 2732 1031 2756; x_wconf 87' lang='lat' dir='ltr'>lib.</span> <span class='ocrx_word' id='word_1_785' title='bbox 1050 2733 1127 2765; x_wconf 67' lang='lat' dir='ltr'>xxm,</span> <span class='ocrx_word' id='word_1_786' title='bbox 1146 2741 1166 2757; x_wconf 81' lang='lat' dir='ltr'>c.</span> <span class='ocrx_word' id='word_1_787' title='bbox 1189 2740 1243 2763; x_wconf 72' lang='lat' dir='ltr'>vill,</span> <span class='ocrx_word' id='word_1_788' title='bbox 1260 2742 1285 2758; x_wconf 89' lang='grc'>11.</span> <span class='ocrx_word' id='word_1_789' title='bbox 1303 2738 1324 2759; x_wconf 75' lang='grc'>3,</span> <span class='ocrx_word' id='word_1_790' title='bbox 1343 2749 1374 2753; x_wconf 85' lang='grc'><strong>-</strong></span> <span class='ocrx_word' id='word_1_791' title='bbox 1390 2736 1423 2767; x_wconf 83' lang='lat' dir='ltr'>(a)</span> <span class='ocrx_word' id='word_1_792' title='bbox 1440 2736 1496 2768; x_wconf 70' lang='lat' dir='ltr'>Ley.</span> <span class='ocrx_word' id='word_1_793' title='bbox 1514 2738 1675 2764; x_wconf 85' lang='lat' dir='ltr'>convincere.</span> 
     </span>
    </p>
   </div>
   <div class='ocr_carea' id='block_1_9' title="bbox 1631 2788 1650 2815">
    <p class='ocr_par' dir='ltr' id='par_1_10' title="bbox 1631 2788 1650 2815">
     <span class='ocr_line' id='line_1_107' title="bbox 1631 2788 1650 2815; baseline 0 0"><span class='ocrx_word' id='word_1_794' title='bbox 1631 2788 1650 2815; x_wconf 82' lang='lat'><strong>4</strong></span> 
     </span>
    </p>
   </div>
  </div>
 </body>
</html>
