<?xml version="1.0" encoding="UTF-8"?>
<!DOCTYPE html PUBLIC "-//W3C//DTD XHTML 1.0 Transitional//EN"
    "http://www.w3.org/TR/xhtml1/DTD/xhtml1-transitional.dtd">
<html xmlns="http://www.w3.org/1999/xhtml" xml:lang="en" lang="en">
 <head>
  <title>
</title>
<meta http-equiv="Content-Type" content="text/html;charset=utf-8" />
  <meta name='ocr-system' content='tesseract 3.04.00' />
  <meta name='ocr-capabilities' content='ocr_page ocr_carea ocr_par ocr_line ocrx_word'/>
</head>
<body>
  <div class='ocr_page' id='page_1' title='image "./operaomniasixtiv14bonauoft_0522.png"; bbox 0 0 2029 3052; ppageno 0'>
   <div class='ocr_carea' id='block_1_1' title="bbox 273 235 332 264">
    <p class='ocr_par' dir='ltr' id='par_1_1' title="bbox 273 235 332 264">
     <span class='ocr_line' id='line_1_1' title="bbox 273 235 332 264; baseline 0 -1"><span class='ocrx_word' id='word_1_1' title='bbox 273 235 332 264; x_wconf 72' lang='lat'>484</span> 
     </span>
    </p>
   </div>
   <div class='ocr_carea' id='block_1_2' title="bbox 271 294 1054 2650">
    <p class='ocr_par' dir='ltr' id='par_1_2' title="bbox 271 294 1054 2650">
     <span class='ocr_line' id='line_1_2' title="bbox 273 294 1051 339; baseline -0.005 -9"><span class='ocrx_word' id='word_1_2' title='bbox 273 299 414 331; x_wconf 86' lang='lat' dir='ltr'>tibulum</span> <span class='ocrx_word' id='word_1_3' title='bbox 430 299 542 339; x_wconf 86' lang='lat' dir='ltr'>sponte</span> <span class='ocrx_word' id='word_1_4' title='bbox 564 296 723 338; x_wconf 81' lang='lat' dir='ltr'>pervenit,</span> <span class='ocrx_word' id='word_1_5' title='bbox 746 294 885 326; x_wconf 86' lang='lat' dir='ltr'>oblatam</span> <span class='ocrx_word' id='word_1_6' title='bbox 913 295 1051 336; x_wconf 83' lang='lat' dir='ltr'>gloriam</span> 
     </span>
     <span class='ocr_line' id='line_1_3' title="bbox 272 349 1053 391; baseline -0.004 -8"><span class='ocrx_word' id='word_1_7' title='bbox 272 352 407 383; x_wconf 90' lang='lat' dir='ltr'>luminis</span> <span class='ocrx_word' id='word_1_8' title='bbox 416 351 510 391; x_wconf 81' lang='lat' dir='ltr'>fugit,</span> <span class='ocrx_word' id='word_1_9' title='bbox 524 359 653 391; x_wconf 85' lang='lat' dir='ltr'>poenam</span> <span class='ocrx_word' id='word_1_10' title='bbox 664 349 826 390; x_wconf 83' lang='lat' dir='ltr'>probrosae</span> <span class='ocrx_word' id='word_1_11' title='bbox 836 349 948 380; x_wconf 85' lang='lat' dir='ltr'>mortis</span> <span class='ocrx_word' id='word_1_12' title='bbox 960 358 1053 389; x_wconf 88' lang='lat' dir='ltr'>expe-</span> 
     </span>
     <span class='ocr_line' id='line_1_4' title="bbox 273 402 1050 444; baseline -0.005 -7"><span class='ocrx_word' id='word_1_13' title='bbox 273 405 334 444; x_wconf 86' lang='lat' dir='ltr'>tiit,</span> <span class='ocrx_word' id='word_1_14' title='bbox 355 407 390 437; x_wconf 91' lang='lat' dir='ltr'>ut</span> <span class='ocrx_word' id='word_1_15' title='bbox 413 404 560 436; x_wconf 89' lang='lat' dir='ltr'>membra</span> <span class='ocrx_word' id='word_1_16' title='bbox 582 404 653 444; x_wconf 91' lang='lat' dir='ltr'>ejus</span> <span class='ocrx_word' id='word_1_17' title='bbox 671 403 827 434; x_wconf 83' lang='lat' dir='ltr'>discerent</span> <span class='ocrx_word' id='word_1_18' title='bbox 850 402 975 434; x_wconf 83' lang='lat' dir='ltr'><strong>favores</strong></span> <span class='ocrx_word' id='word_1_19' title='bbox 999 402 1050 434; x_wconf 83' lang='lat' dir='ltr'>fu-</span> 
     </span>
     <span class='ocr_line' id='line_1_5' title="bbox 274 456 1052 498; baseline -0.004 -8"><span class='ocrx_word' id='word_1_20' title='bbox 274 467 362 498; x_wconf 85' lang='lat' dir='ltr'>gere,</span> <span class='ocrx_word' id='word_1_21' title='bbox 379 460 517 489; x_wconf 84' lang='lat' dir='ltr'>terrores</span> <span class='ocrx_word' id='word_1_22' title='bbox 531 456 664 488; x_wconf 88' lang='lat' dir='ltr'>minime</span> <span class='ocrx_word' id='word_1_23' title='bbox 687 456 816 495; x_wconf 83' lang='lat' dir='ltr'>timere,</span> <span class='ocrx_word' id='word_1_24' title='bbox 842 465 900 497; x_wconf 89' lang='lat' dir='ltr'>pro</span> <span class='ocrx_word' id='word_1_25' title='bbox 919 457 1052 488; x_wconf 85' lang='lat' dir='ltr'>veritate</span> 
     </span>
     <span class='ocr_line' id='line_1_6' title="bbox 273 510 1050 551; baseline -0.004 -7"><span class='ocrx_word' id='word_1_26' title='bbox 273 513 407 545; x_wconf 84' lang='lat' dir='ltr'>adversa</span> <span class='ocrx_word' id='word_1_27' title='bbox 426 511 573 551; x_wconf 82' lang='lat' dir='ltr'>diligere,</span> <span class='ocrx_word' id='word_1_28' title='bbox 603 519 756 551; x_wconf 86' lang='lat' dir='ltr'>prospera</span> <span class='ocrx_word' id='word_1_29' title='bbox 777 510 977 542; x_wconf 87' lang='lat' dir='ltr'>formidando</span> <span class='ocrx_word' id='word_1_30' title='bbox 995 510 1050 541; x_wconf 89' lang='lat' dir='ltr'>de-</span> 
     </span>
     <span class='ocr_line' id='line_1_7' title="bbox 273 563 1053 605; baseline -0.004 -8"><span class='ocrx_word' id='word_1_31' title='bbox 273 565 403 597; x_wconf 82' lang='lat' dir='ltr'>clinare.</span> <span class='ocrx_word' id='word_1_32' title='bbox 428 576 443 595; x_wconf 79' lang='grc'>»</span> <span class='ocrx_word' id='word_1_33' title='bbox 471 565 645 605; x_wconf 76' lang='lat' dir='ltr'><strong>Hucusque</strong></span> <span class='ocrx_word' id='word_1_34' title='bbox 673 564 860 604; x_wconf 83' lang='lat' dir='ltr'>Gregorius.</span> <span class='ocrx_word' id='word_1_35' title='bbox 890 563 922 595; x_wconf 87' lang='lat' dir='ltr'>Si</span> <span class='ocrx_word' id='word_1_36' title='bbox 948 563 1053 603; x_wconf 83' lang='lat' dir='ltr'>igitur</span> 
     </span>
     <span class='ocr_line' id='line_1_8' title="bbox 274 617 1050 658; baseline -0.004 -7"><span class='ocrx_word' id='word_1_37' title='bbox 274 619 426 657; x_wconf 86' lang='lat' dir='ltr'>Christus,</span> <span class='ocrx_word' id='word_1_38' title='bbox 450 618 484 649; x_wconf 89' lang='lat' dir='ltr'>in</span> <span class='ocrx_word' id='word_1_39' title='bbox 499 617 652 658; x_wconf 82' lang='lat' dir='ltr'>fugiendo</span> <span class='ocrx_word' id='word_1_40' title='bbox 666 627 818 657; x_wconf 87' lang='lat' dir='ltr'>regnum,</span> <span class='ocrx_word' id='word_1_41' title='bbox 834 626 867 648; x_wconf 89' lang='lat' dir='ltr'>se</span> <span class='ocrx_word' id='word_1_42' title='bbox 887 617 1050 658; x_wconf 88' lang='lat' dir='ltr'>sequenti-</span> 
     </span>
     <span class='ocr_line' id='line_1_9' title="bbox 272 671 1050 713; baseline -0.003 -9"><span class='ocrx_word' id='word_1_43' title='bbox 272 673 334 704; x_wconf 85' lang='lat' dir='ltr'>bus</span> <span class='ocrx_word' id='word_1_44' title='bbox 351 672 538 713; x_wconf 83' lang='lat' dir='ltr'>exemplum</span> <span class='ocrx_word' id='word_1_45' title='bbox 564 672 649 703; x_wconf 81' lang='lat' dir='ltr'><strong>dedit</strong></span> <span class='ocrx_word' id='word_1_46' title='bbox 670 671 815 711; x_wconf 82' lang='lat' dir='ltr'>fugiendi</span> <span class='ocrx_word' id='word_1_47' title='bbox 832 671 981 711; x_wconf 83' lang='lat' dir='ltr'>gloriam,</span> <span class='ocrx_word' id='word_1_48' title='bbox 1004 671 1050 702; x_wconf 79' lang='lat' dir='ltr'>fa-</span> 
     </span>
     <span class='ocr_line' id='line_1_10' title="bbox 273 725 1052 767; baseline -0.004 -8"><span class='ocrx_word' id='word_1_49' title='bbox 273 736 386 759; x_wconf 87' lang='lat' dir='ltr'>vorem</span> <span class='ocrx_word' id='word_1_50' title='bbox 400 729 432 758; x_wconf 82' lang='lat' dir='ltr'>et</span> <span class='ocrx_word' id='word_1_51' title='bbox 446 725 700 767; x_wconf 80' lang='lat' dir='ltr'>prosperitatem,</span> <span class='ocrx_word' id='word_1_52' title='bbox 717 728 748 757; x_wconf 86' lang='lat' dir='ltr'>et</span> <span class='ocrx_word' id='word_1_53' title='bbox 764 725 833 756; x_wconf 80' lang='lat' dir='ltr'>haee</span> <span class='ocrx_word' id='word_1_54' title='bbox 846 734 912 756; x_wconf 91' lang='lat' dir='ltr'>non</span> <span class='ocrx_word' id='word_1_55' title='bbox 926 727 1052 756; x_wconf 86' lang='lat' dir='ltr'>tantum</span> 
     </span>
     <span class='ocr_line' id='line_1_11' title="bbox 272 779 1052 820; baseline -0.003 -9"><span class='ocrx_word' id='word_1_56' title='bbox 272 780 484 813; x_wconf 87' lang='lat' dir='ltr'>inveniuntur</span> <span class='ocrx_word' id='word_1_57' title='bbox 506 780 540 811; x_wconf 92' lang='lat' dir='ltr'>in</span> <span class='ocrx_word' id='word_1_58' title='bbox 564 780 777 820; x_wconf 79' lang='lat' dir='ltr'>dignitatibus</span> <span class='ocrx_word' id='word_1_59' title='bbox 798 779 981 818; x_wconf 88' lang='lat' dir='ltr'>mundanis,</span> <span class='ocrx_word' id='word_1_60' title='bbox 998 779 1052 810; x_wconf 87' lang='lat' dir='ltr'>sed</span> 
     </span>
     <span class='ocr_line' id='line_1_12' title="bbox 273 833 1052 874; baseline -0.004 -8"><span class='ocrx_word' id='word_1_61' title='bbox 273 835 369 866; x_wconf 82' lang='lat' dir='ltr'>etiam</span> <span class='ocrx_word' id='word_1_62' title='bbox 393 834 620 871; x_wconf 87' lang='lat' dir='ltr'>ecclesiasticis,</span> <span class='ocrx_word' id='word_1_63' title='bbox 645 835 779 871; x_wconf 87' lang='lat' dir='ltr'>constat,</span> <span class='ocrx_word' id='word_1_64' title='bbox 802 833 888 874; x_wconf 88' lang='lat' dir='ltr'>quod</span> <span class='ocrx_word' id='word_1_65' title='bbox 918 833 1052 864; x_wconf 87' lang='lat' dir='ltr'>humili-</span> 
     </span>
     <span class='ocr_line' id='line_1_13' title="bbox 272 887 1052 928; baseline -0.003 -8"><span class='ocrx_word' id='word_1_66' title='bbox 272 889 346 920; x_wconf 89' lang='lat' dir='ltr'>tatis</span> <span class='ocrx_word' id='word_1_67' title='bbox 359 891 407 920; x_wconf 85' lang='lat' dir='ltr'>est</span> <span class='ocrx_word' id='word_1_68' title='bbox 416 889 486 920; x_wconf 84' lang='lat' dir='ltr'>haec</span> <span class='ocrx_word' id='word_1_69' title='bbox 501 889 659 928; x_wconf 81' lang='lat' dir='ltr'>refugere,</span> <span class='ocrx_word' id='word_1_70' title='bbox 676 887 715 918; x_wconf 88' lang='lat' dir='ltr'>ad</span> <span class='ocrx_word' id='word_1_71' title='bbox 731 887 902 928; x_wconf 77' lang='lat' dir='ltr'>perfectam</span> <span class='ocrx_word' id='word_1_72' title='bbox 917 887 1052 919; x_wconf 90' lang='lat' dir='ltr'>humili-</span> 
     </span>
     <span class='ocr_line' id='line_1_14' title="bbox 272 941 1050 982; baseline -0.003 -8"><span class='ocrx_word' id='word_1_73' title='bbox 272 943 346 974; x_wconf 84' lang='lat' dir='ltr'>tatis</span> <span class='ocrx_word' id='word_1_74' title='bbox 361 942 475 974; x_wconf 80' lang='lat' dir='ltr'>Christi</span> <span class='ocrx_word' id='word_1_75' title='bbox 491 942 713 980; x_wconf 85' lang='lat' dir='ltr'>imitationem,</span> <span class='ocrx_word' id='word_1_76' title='bbox 730 943 888 982; x_wconf 83' lang='lat' dir='ltr'>quantum</span> <span class='ocrx_word' id='word_1_77' title='bbox 906 941 974 972; x_wconf 84' lang='lat' dir='ltr'>fieri</span> <span class='ocrx_word' id='word_1_78' title='bbox 993 950 1050 982; x_wconf 92' lang='lat' dir='ltr'>po-</span> 
     </span>
     <span class='ocr_line' id='line_1_15' title="bbox 272 994 1052 1034; baseline -0.003 -7"><span class='ocrx_word' id='word_1_79' title='bbox 272 997 331 1027; x_wconf 88' lang='lat' dir='ltr'>test</span> <span class='ocrx_word' id='word_1_80' title='bbox 346 995 435 1027; x_wconf 87' lang='lat' dir='ltr'>salvo</span> <span class='ocrx_word' id='word_1_81' title='bbox 445 996 511 1027; x_wconf 88' lang='lat' dir='ltr'>zelo</span> <span class='ocrx_word' id='word_1_82' title='bbox 522 996 704 1026; x_wconf 89' lang='lat' dir='ltr'>animarum</span> <span class='ocrx_word' id='word_1_83' title='bbox 716 995 840 1034; x_wconf 87' lang='lat' dir='ltr'>salutis,</span> <span class='ocrx_word' id='word_1_84' title='bbox 857 997 888 1026; x_wconf 87' lang='lat' dir='ltr'>et</span> <span class='ocrx_word' id='word_1_85' title='bbox 902 994 1052 1026; x_wconf 89' lang='lat' dir='ltr'>ohedien-</span> 
     </span>
     <span class='ocr_line' id='line_1_16' title="bbox 272 1048 1052 1090; baseline -0.003 -10"><span class='ocrx_word' id='word_1_86' title='bbox 272 1050 316 1080; x_wconf 87' lang='lat' dir='ltr'>tia</span> <span class='ocrx_word' id='word_1_87' title='bbox 331 1052 476 1090; x_wconf 89' lang='lat' dir='ltr'>respeclu</span> <span class='ocrx_word' id='word_1_88' title='bbox 498 1049 713 1089; x_wconf 83' lang='lat' dir='ltr'>superiorum,</span> <span class='ocrx_word' id='word_1_89' title='bbox 736 1058 810 1079; x_wconf 90' lang='lat' dir='ltr'>cum</span> <span class='ocrx_word' id='word_1_90' title='bbox 828 1048 894 1088; x_wconf 90' lang='lat' dir='ltr'>ipse</span> <span class='ocrx_word' id='word_1_91' title='bbox 909 1048 1052 1079; x_wconf 89' lang='lat' dir='ltr'>Christus</span> 
     </span>
     <span class='ocr_line' id='line_1_17' title="bbox 272 1102 1049 1144; baseline -0.003 -10"><span class='ocrx_word' id='word_1_92' title='bbox 272 1103 435 1144; x_wconf 77' lang='lat' dir='ltr'>discipulis</span> <span class='ocrx_word' id='word_1_93' title='bbox 449 1102 725 1140; x_wconf 82' lang='lat' dir='ltr'>contendentibus,</span> <span class='ocrx_word' id='word_1_94' title='bbox 744 1102 816 1142; x_wconf 89' lang='lat' dir='ltr'>quis</span> <span class='ocrx_word' id='word_1_95' title='bbox 832 1111 946 1133; x_wconf 88' lang='lat' dir='ltr'>eorum</span> <span class='ocrx_word' id='word_1_96' title='bbox 962 1102 1049 1133; x_wconf 88' lang='lat' dir='ltr'>vide-</span> 
     </span>
     <span class='ocr_line' id='line_1_18' title="bbox 271 1155 1049 1196; baseline -0.001 -8"><span class='ocrx_word' id='word_1_97' title='bbox 271 1160 361 1188; x_wconf 88' lang='lat' dir='ltr'>retur</span> <span class='ocrx_word' id='word_1_98' title='bbox 376 1166 442 1188; x_wconf 90' lang='lat' dir='ltr'>esse</span> <span class='ocrx_word' id='word_1_99' title='bbox 465 1158 580 1195; x_wconf 75' lang='lat' dir='ltr'>maior,</span> <span class='ocrx_word' id='word_1_100' title='bbox 603 1156 637 1186; x_wconf 92' lang='lat' dir='ltr'>in</span> <span class='ocrx_word' id='word_1_101' title='bbox 660 1155 813 1188; x_wconf 69' lang='lat' dir='ltr'>Mallltoeo</span> <span class='ocrx_word' id='word_1_102' title='bbox 835 1155 1049 1196; x_wconf 76' lang='lat' dir='ltr'>respondeat:</span> 
     </span>
     <span class='ocr_line' id='line_1_19' title="bbox 273 1208 1052 1250; baseline -0.003 -8"><span class='ocrx_word' id='word_1_103' title='bbox 273 1212 281 1228; x_wconf 90' lang='lat'>¹</span> <span class='ocrx_word' id='word_1_104' title='bbox 293 1212 487 1250; x_wconf 72' lang='lat' dir='ltr'>Quicumque</span> <span class='ocrx_word' id='word_1_105' title='bbox 502 1209 727 1241; x_wconf 73' lang='lat' dir='ltr'>humiliaverit</span> <span class='ocrx_word' id='word_1_106' title='bbox 741 1217 773 1241; x_wconf 85' lang='lat' dir='ltr'>se</span> <span class='ocrx_word' id='word_1_107' title='bbox 789 1209 873 1241; x_wconf 80' lang='lat' dir='ltr'>sicut</span> <span class='ocrx_word' id='word_1_108' title='bbox 893 1208 1052 1249; x_wconf 80' lang='lat' dir='ltr'>parvulus</span> 
     </span>
     <span class='ocr_line' id='line_1_20' title="bbox 271 1262 1051 1303; baseline -0.005 -6"><span class='ocrx_word' id='word_1_109' title='bbox 271 1265 344 1303; x_wconf 76' lang='lat' dir='ltr'>iste,</span> <span class='ocrx_word' id='word_1_110' title='bbox 360 1265 412 1296; x_wconf 81' lang='grc' dir='ltr'>Ιιῑο</span> <span class='ocrx_word' id='word_1_111' title='bbox 428 1264 532 1303; x_wconf 74' lang='lat' dir='ltr'>major</span> <span class='ocrx_word' id='word_1_112' title='bbox 548 1267 593 1295; x_wconf 80' lang='lat' dir='ltr'>esc</span> <span class='ocrx_word' id='word_1_113' title='bbox 608 1264 644 1295; x_wconf 81' lang='lat' dir='ltr'>in</span> <span class='ocrx_word' id='word_1_114' title='bbox 660 1271 754 1303; x_wconf 75' lang='lat' dir='ltr'>resmo</span> <span class='ocrx_word' id='word_1_115' title='bbox 778 1262 935 1294; x_wconf 80' lang='lat' dir='ltr'>coelorum.</span> <span class='ocrx_word' id='word_1_116' title='bbox 961 1263 1051 1300; x_wconf 80' lang='lat' dir='ltr'>Quod</span> 
     </span>
     <span class='ocr_line' id='line_1_21' title="bbox 271 1316 1052 1358; baseline -0.003 -8"><span class='ocrx_word' id='word_1_117' title='bbox 271 1319 297 1350; x_wconf 90' lang='lat' dir='ltr'>si</span> <span class='ocrx_word' id='word_1_118' title='bbox 319 1320 398 1350; x_wconf 85' lang='lat' dir='ltr'>sorte</span> <span class='ocrx_word' id='word_1_119' title='bbox 421 1318 492 1358; x_wconf 88' lang='lat' dir='ltr'>qnis</span> <span class='ocrx_word' id='word_1_120' title='bbox 513 1317 595 1347; x_wconf 79' lang='lat' dir='ltr'>dicat</span> <span class='ocrx_word' id='word_1_121' title='bbox 619 1316 710 1356; x_wconf 67' lang='lat' dir='ltr'>(sicut</span> <span class='ocrx_word' id='word_1_122' title='bbox 726 1316 757 1346; x_wconf 90' lang='lat' dir='ltr'>in</span> <span class='ocrx_word' id='word_1_123' title='bbox 781 1317 1052 1356; x_wconf 66' lang='lat' dir='ltr'>consequentibus</span> 
     </span>
     <span class='ocr_line' id='line_1_22' title="bbox 271 1370 1048 1411; baseline -0.004 -7"><span class='ocrx_word' id='word_1_124' title='bbox 271 1375 405 1404; x_wconf 87' lang='lat' dir='ltr'>conatur</span> <span class='ocrx_word' id='word_1_125' title='bbox 425 1371 579 1411; x_wconf 77' lang='lat' dir='ltr'>astruere)</span> <span class='ocrx_word' id='word_1_126' title='bbox 595 1371 655 1401; x_wconf 89' lang='lat' dir='ltr'>hoc</span> <span class='ocrx_word' id='word_1_127' title='bbox 669 1370 709 1401; x_wconf 87' lang='lat' dir='ltr'>ad</span> <span class='ocrx_word' id='word_1_128' title='bbox 725 1370 939 1401; x_wconf 82' lang='lat' dir='ltr'>humilitatem</span> <span class='ocrx_word' id='word_1_129' title='bbox 955 1371 1048 1411; x_wconf 90' lang='lat' dir='ltr'>spiri-</span> 
     </span>
     <span class='ocr_line' id='line_1_23' title="bbox 271 1424 1052 1464; baseline -0.004 -6"><span class='ocrx_word' id='word_1_130' title='bbox 271 1427 391 1458; x_wconf 85' lang='lat' dir='ltr'>tualem</span> <span class='ocrx_word' id='word_1_131' title='bbox 404 1428 435 1457; x_wconf 88' lang='lat' dir='ltr'>ct</span> <span class='ocrx_word' id='word_1_132' title='bbox 450 1425 646 1463; x_wconf 86' lang='lat' dir='ltr'>interiorem,</span> <span class='ocrx_word' id='word_1_133' title='bbox 665 1434 730 1455; x_wconf 90' lang='lat' dir='ltr'>non</span> <span class='ocrx_word' id='word_1_134' title='bbox 747 1424 786 1455; x_wconf 87' lang='lat' dir='ltr'>ad</span> <span class='ocrx_word' id='word_1_135' title='bbox 806 1424 1004 1464; x_wconf 82' lang='lat' dir='ltr'>corporalem</span> <span class='ocrx_word' id='word_1_136' title='bbox 1022 1427 1052 1455; x_wconf 88' lang='lat' dir='ltr'>et</span> 
     </span>
     <span class='ocr_line' id='line_1_24' title="bbox 272 1479 1051 1517; baseline -0.005 -4"><span class='ocrx_word' id='word_1_137' title='bbox 272 1482 462 1513; x_wconf 67' lang='lat' dir='ltr'>exteriorem</span> <span class='ocrx_word' id='word_1_138' title='bbox 489 1481 604 1512; x_wconf 85' lang='lat' dir='ltr'>debere</span> <span class='ocrx_word' id='word_1_139' title='bbox 633 1479 761 1517; x_wconf 77' lang='lat' dir='ltr'>referri3</span> <span class='ocrx_word' id='word_1_140' title='bbox 796 1488 860 1510; x_wconf 90' lang='lat' dir='ltr'>non</span> <span class='ocrx_word' id='word_1_141' title='bbox 890 1479 1051 1510; x_wconf 88' lang='lat' dir='ltr'>modicum</span> 
     </span>
     <span class='ocr_line' id='line_1_25' title="bbox 273 1533 1049 1575; baseline -0.001 -9"><span class='ocrx_word' id='word_1_142' title='bbox 273 1535 399 1575; x_wconf 83' lang='lat' dir='ltr'>desipit,</span> <span class='ocrx_word' id='word_1_143' title='bbox 420 1544 494 1565; x_wconf 88' lang='lat' dir='ltr'>cum</span> <span class='ocrx_word' id='word_1_144' title='bbox 519 1534 747 1565; x_wconf 82' lang='lat' dir='ltr'>universorum</span> <span class='ocrx_word' id='word_1_145' title='bbox 768 1533 921 1573; x_wconf 78' lang='lat' dir='ltr'>Magister</span> <span class='ocrx_word' id='word_1_146' title='bbox 942 1536 973 1564; x_wconf 91' lang='lat' dir='ltr'>et</span> <span class='ocrx_word' id='word_1_147' title='bbox 990 1535 1049 1565; x_wconf 90' lang='lat' dir='ltr'>Do-</span> 
     </span>
     <span class='ocr_line' id='line_1_26' title="bbox 273 1588 1053 1628; baseline -0.003 -8"><span class='ocrx_word' id='word_1_148' title='bbox 273 1590 391 1628; x_wconf 87' lang='lat' dir='ltr'>minus,</span> <span class='ocrx_word' id='word_1_149' title='bbox 409 1599 473 1620; x_wconf 91' lang='lat' dir='ltr'>non</span> <span class='ocrx_word' id='word_1_150' title='bbox 489 1588 594 1619; x_wconf 88' lang='lat' dir='ltr'>solum</span> <span class='ocrx_word' id='word_1_151' title='bbox 610 1588 794 1628; x_wconf 86' lang='lat' dir='ltr'>spiritualis,</span> <span class='ocrx_word' id='word_1_152' title='bbox 811 1588 865 1619; x_wconf 89' lang='lat' dir='ltr'>sed</span> <span class='ocrx_word' id='word_1_153' title='bbox 876 1588 972 1619; x_wconf 86' lang='lat' dir='ltr'>etiam</span> <span class='ocrx_word' id='word_1_154' title='bbox 986 1598 1053 1619; x_wconf 87' lang='lat' dir='ltr'>cor-</span> 
     </span>
     <span class='ocr_line' id='line_1_27' title="bbox 272 1641 1050 1683; baseline -0.001 -10"><span class='ocrx_word' id='word_1_155' title='bbox 272 1643 389 1683; x_wconf 82' lang='lat' dir='ltr'>poralis</span> <span class='ocrx_word' id='word_1_156' title='bbox 434 1642 666 1673; x_wconf 80' lang='lat' dir='ltr'>humiliationis</span> <span class='ocrx_word' id='word_1_157' title='bbox 707 1642 854 1682; x_wconf 84' lang='lat' dir='ltr'>exempla</span> <span class='ocrx_word' id='word_1_158' title='bbox 891 1641 1027 1682; x_wconf 68' lang='lat' dir='ltr'>pra‘buit</span> <span class='ocrx_word' id='word_1_159' title='bbox 1041 1666 1050 1679; x_wconf 86' lang='lat'>,</span> 
     </span>
     <span class='ocr_line' id='line_1_28' title="bbox 271 1695 1050 1736; baseline -0.003 -9"><span class='ocrx_word' id='word_1_160' title='bbox 271 1697 400 1736; x_wconf 87' lang='lat' dir='ltr'>qnando</span> <span class='ocrx_word' id='word_1_161' title='bbox 416 1696 646 1736; x_wconf 76' lang='lat' dir='ltr'>discipulorum</span> <span class='ocrx_word' id='word_1_162' title='bbox 671 1696 766 1735; x_wconf 83' lang='lat' dir='ltr'>pedes</span> <span class='ocrx_word' id='word_1_163' title='bbox 790 1695 880 1733; x_wconf 81' lang='lat' dir='ltr'>lavit,</span> <span class='ocrx_word' id='word_1_164' title='bbox 905 1698 935 1726; x_wconf 90' lang='lat' dir='ltr'>et</span> <span class='ocrx_word' id='word_1_165' title='bbox 951 1696 1050 1734; x_wconf 85' lang='lat' dir='ltr'>tersit,</span> 
     </span>
     <span class='ocr_line' id='line_1_29' title="bbox 272 1749 1054 1790; baseline -0.001 -9"><span class='ocrx_word' id='word_1_166' title='bbox 272 1751 328 1781; x_wconf 68' lang='lat' dir='ltr'>uhi</span> <span class='ocrx_word' id='word_1_167' title='bbox 338 1754 367 1781; x_wconf 85' lang='lat' dir='ltr'>et</span> <span class='ocrx_word' id='word_1_168' title='bbox 376 1751 492 1781; x_wconf 76' lang='lat' dir='ltr'>dixit²z</span> <span class='ocrx_word' id='word_1_169' title='bbox 507 1750 698 1790; x_wconf 62' lang='lat' dir='ltr'>Exeitiplmn</span> <span class='ocrx_word' id='word_1_170' title='bbox 708 1749 786 1781; x_wconf 71' lang='lat' dir='ltr'>(lecti</span> <span class='ocrx_word' id='word_1_171' title='bbox 796 1749 893 1787; x_wconf 66' lang='lat' dir='ltr'>robis,</span> <span class='ocrx_word' id='word_1_172' title='bbox 907 1753 941 1781; x_wconf 67' lang='grc' dir='ltr'>ἰιι</span> <span class='ocrx_word' id='word_1_173' title='bbox 952 1758 1054 1789; x_wconf 80' lang='lat' dir='ltr'>quem-</span> 
     </span>
     <span class='ocr_line' id='line_1_30' title="bbox 272 1803 1054 1845; baseline -0.001 -10"><span class='ocrx_word' id='word_1_174' title='bbox 272 1804 447 1836; x_wconf 74' lang='lat' dir='ltr'>admodum</span> <span class='ocrx_word' id='word_1_175' title='bbox 469 1813 522 1845; x_wconf 66' lang='lat' dir='ltr'>eqo</span> <span class='ocrx_word' id='word_1_176' title='bbox 544 1804 604 1842; x_wconf 74' lang='lat' dir='ltr'>feci</span> <span class='ocrx_word' id='word_1_177' title='bbox 625 1803 725 1839; x_wconf 74' lang='lat' dir='ltr'>robis,</span> <span class='ocrx_word' id='word_1_178' title='bbox 749 1805 797 1834; x_wconf 78' lang='lat' dir='ltr'>ita</span> <span class='ocrx_word' id='word_1_179' title='bbox 819 1806 848 1834; x_wconf 81' lang='lat' dir='ltr'>ec</span> <span class='ocrx_word' id='word_1_180' title='bbox 870 1810 924 1834; x_wconf 77' lang='lat' dir='ltr'>vos</span> <span class='ocrx_word' id='word_1_181' title='bbox 948 1804 1054 1842; x_wconf 71' lang='lat' dir='ltr'>lucia-</span> 
     </span>
     <span class='ocr_line' id='line_1_31' title="bbox 273 1858 1052 1900; baseline -0.004 -9"><span class='ocrx_word' id='word_1_182' title='bbox 273 1861 328 1892; x_wconf 74' lang='lat' dir='ltr'>tt&#39;s.</span> <span class='ocrx_word' id='word_1_183' title='bbox 344 1860 385 1890; x_wconf 87' lang='lat' dir='ltr'>De</span> <span class='ocrx_word' id='word_1_184' title='bbox 401 1870 465 1900; x_wconf 87' lang='lat' dir='ltr'>qno</span> <span class='ocrx_word' id='word_1_185' title='bbox 482 1859 686 1898; x_wconf 74' lang='lat' dir='ltr'>Augustinus</span> <span class='ocrx_word' id='word_1_186' title='bbox 700 1859 710 1875; x_wconf 81' lang='lat'>⁸</span> <span class='ocrx_word' id='word_1_187' title='bbox 727 1870 733 1890; x_wconf 90' lang='lat'>:</span> <span class='ocrx_word' id='word_1_188' title='bbox 756 1870 770 1887; x_wconf 85' lang='lat'>«</span> <span class='ocrx_word' id='word_1_189' title='bbox 789 1858 946 1889; x_wconf 83' lang='lat' dir='ltr'>Passurus</span> <span class='ocrx_word' id='word_1_190' title='bbox 961 1859 1052 1889; x_wconf 82' lang='lat' dir='ltr'>Chri-</span> 
     </span>
     <span class='ocr_line' id='line_1_32' title="bbox 272 1912 1053 1953; baseline -0.001 -9"><span class='ocrx_word' id='word_1_191' title='bbox 272 1917 340 1945; x_wconf 90' lang='lat' dir='ltr'>stus</span> <span class='ocrx_word' id='word_1_192' title='bbox 356 1914 462 1952; x_wconf 81' lang='lat' dir='ltr'>exitia,</span> <span class='ocrx_word' id='word_1_193' title='bbox 489 1913 640 1953; x_wconf 75' lang='lat' dir='ltr'>praemisit</span> <span class='ocrx_word' id='word_1_194' title='bbox 663 1913 831 1952; x_wconf 81' lang='lat' dir='ltr'>obsequia,</span> <span class='ocrx_word' id='word_1_195' title='bbox 859 1922 923 1942; x_wconf 91' lang='lat' dir='ltr'>non</span> <span class='ocrx_word' id='word_1_196' title='bbox 947 1912 1053 1943; x_wconf 89' lang='lat' dir='ltr'>solum</span> 
     </span>
     <span class='ocr_line' id='line_1_33' title="bbox 272 1966 1052 2008; baseline -0.001 -10"><span class='ocrx_word' id='word_1_197' title='bbox 272 1967 318 1998; x_wconf 59' lang='lat' dir='ltr'>ci&gt;</span> <span class='ocrx_word' id='word_1_198' title='bbox 333 1977 390 2008; x_wconf 89' lang='lat' dir='ltr'>pro</span> <span class='ocrx_word' id='word_1_199' title='bbox 410 1968 528 2007; x_wconf 82' lang='lat' dir='ltr'>quihus</span> <span class='ocrx_word' id='word_1_200' title='bbox 543 1969 610 1997; x_wconf 84' lang='lat' dir='ltr'>erat</span> <span class='ocrx_word' id='word_1_201' title='bbox 633 1966 803 1996; x_wconf 77' lang='lat' dir='ltr'>subiturus</span> <span class='ocrx_word' id='word_1_202' title='bbox 823 1969 972 2004; x_wconf 82' lang='lat' dir='ltr'>mortem,</span> <span class='ocrx_word' id='word_1_203' title='bbox 997 1966 1052 1997; x_wconf 79' lang='lat' dir='ltr'>sed</span> 
     </span>
     <span class='ocr_line' id='line_1_34' title="bbox 272 2019 1052 2061; baseline -0.003 -10"><span class='ocrx_word' id='word_1_204' title='bbox 272 2021 368 2052; x_wconf 86' lang='lat' dir='ltr'>etiam</span> <span class='ocrx_word' id='word_1_205' title='bbox 384 2021 427 2051; x_wconf 89' lang='lat' dir='ltr'>illi</span> <span class='ocrx_word' id='word_1_206' title='bbox 444 2031 498 2061; x_wconf 87' lang='lat' dir='ltr'>qui</span> <span class='ocrx_word' id='word_1_207' title='bbox 514 2030 587 2051; x_wconf 83' lang='lat' dir='ltr'>cum</span> <span class='ocrx_word' id='word_1_208' title='bbox 605 2020 706 2051; x_wconf 69' lang='lat' dir='ltr'>suvrat</span> <span class='ocrx_word' id='word_1_209' title='bbox 723 2020 897 2050; x_wconf 78' lang='lat' dir='ltr'>traditurus</span> <span class='ocrx_word' id='word_1_210' title='bbox 913 2019 951 2050; x_wconf 88' lang='lat' dir='ltr'>ad</span> <span class='ocrx_word' id='word_1_211' title='bbox 969 2028 1052 2050; x_wconf 91' lang='lat' dir='ltr'>mor-</span> 
     </span>
     <span class='ocr_line' id='line_1_35' title="bbox 272 2073 1053 2115; baseline -0.003 -10"><span class='ocrx_word' id='word_1_212' title='bbox 272 2077 348 2105; x_wconf 87' lang='lat' dir='ltr'>tem.</span> <span class='ocrx_word' id='word_1_213' title='bbox 365 2074 464 2105; x_wconf 75' lang='lat' dir='ltr'>&#39;l&#39;anta</span> <span class='ocrx_word' id='word_1_214' title='bbox 480 2075 599 2115; x_wconf 84' lang='lat' dir='ltr'>quippe</span> <span class='ocrx_word' id='word_1_215' title='bbox 617 2077 664 2104; x_wconf 88' lang='lat' dir='ltr'>est</span> <span class='ocrx_word' id='word_1_216' title='bbox 683 2074 836 2104; x_wconf 66' lang='lat' dir='ltr'>humanae</span> <span class='ocrx_word' id='word_1_217' title='bbox 860 2073 1053 2104; x_wconf 84' lang='lat' dir='ltr'>humilitatis</span> 
     </span>
     <span class='ocr_line' id='line_1_36' title="bbox 272 2127 1053 2167; baseline -0.001 -8"><span class='ocrx_word' id='word_1_218' title='bbox 272 2129 404 2166; x_wconf 84' lang='lat' dir='ltr'>utilitas,</span> <span class='ocrx_word' id='word_1_219' title='bbox 423 2131 458 2159; x_wconf 85' lang='lat' dir='ltr'>nt</span> <span class='ocrx_word' id='word_1_220' title='bbox 476 2138 546 2158; x_wconf 83' lang='lat' dir='ltr'>eam</span> <span class='ocrx_word' id='word_1_221' title='bbox 567 2137 626 2158; x_wconf 90' lang='lat' dir='ltr'>suo</span> <span class='ocrx_word' id='word_1_222' title='bbox 647 2127 886 2158; x_wconf 77' lang='lat' dir='ltr'>commendaret</span> <span class='ocrx_word' id='word_1_223' title='bbox 906 2127 1053 2167; x_wconf 86' lang='lat' dir='ltr'>exemplo</span> 
     </span>
     <span class='ocr_line' id='line_1_37' title="bbox 273 2181 1051 2221; baseline -0.003 -8"><span class='ocrx_word' id='word_1_224' title='bbox 273 2183 367 2213; x_wconf 84' lang='lat' dir='ltr'>etiam</span> <span class='ocrx_word' id='word_1_225' title='bbox 384 2183 492 2216; x_wconf 76' lang='lat' dir='ltr'>divina</span> <span class='ocrx_word' id='word_1_226' title='bbox 507 2182 688 2213; x_wconf 90' lang='lat' dir='ltr'>sublimitas</span> <span class='ocrx_word' id='word_1_227' title='bbox 706 2191 713 2212; x_wconf 88' lang='lat'><strong>:</strong></span> <span class='ocrx_word' id='word_1_228' title='bbox 731 2181 807 2221; x_wconf 88' lang='lat' dir='ltr'>quia</span> <span class='ocrx_word' id='word_1_229' title='bbox 823 2181 921 2211; x_wconf 91' lang='lat' dir='ltr'>homo</span> <span class='ocrx_word' id='word_1_230' title='bbox 937 2190 1051 2221; x_wconf 88' lang='lat' dir='ltr'>super-</span> 
     </span>
     <span class='ocr_line' id='line_1_38' title="bbox 273 2235 1051 2276; baseline -0.004 -8"><span class='ocrx_word' id='word_1_231' title='bbox 273 2237 333 2268; x_wconf 84' lang='lat' dir='ltr'>bus</span> <span class='ocrx_word' id='word_1_232' title='bbox 346 2237 377 2267; x_wconf 88' lang='lat' dir='ltr'>in</span> <span class='ocrx_word' id='word_1_233' title='bbox 393 2239 550 2267; x_wconf 63' lang='lat' dir='ltr'>(eternum</span> <span class='ocrx_word' id='word_1_234' title='bbox 565 2236 702 2276; x_wconf 85' lang='lat' dir='ltr'>periret,</span> <span class='ocrx_word' id='word_1_235' title='bbox 720 2235 780 2265; x_wconf 83' lang='lat' dir='ltr'>nisi</span> <span class='ocrx_word' id='word_1_236' title='bbox 798 2244 872 2266; x_wconf 87' lang='lat' dir='ltr'>eum</span> <span class='ocrx_word' id='word_1_237' title='bbox 889 2235 971 2265; x_wconf 85' lang='lat' dir='ltr'>Deus</span> <span class='ocrx_word' id='word_1_238' title='bbox 989 2235 1051 2265; x_wconf 93' lang='lat' dir='ltr'>hu-</span> 
     </span>
     <span class='ocr_line' id='line_1_39' title="bbox 273 2288 1051 2328; baseline -0.004 -7"><span class='ocrx_word' id='word_1_239' title='bbox 273 2291 357 2321; x_wconf 88' lang='lat' dir='ltr'>milis</span> <span class='ocrx_word' id='word_1_240' title='bbox 378 2290 546 2321; x_wconf 87' lang='lat' dir='ltr'>inveniret.</span> <span class='ocrx_word' id='word_1_241' title='bbox 573 2289 714 2319; x_wconf 79' lang='lat' dir='ltr'>Perierat</span> <span class='ocrx_word' id='word_1_242' title='bbox 737 2291 845 2318; x_wconf 87' lang='lat' dir='ltr'>autem</span> <span class='ocrx_word' id='word_1_243' title='bbox 867 2288 1051 2328; x_wconf 80' lang='lat' dir='ltr'>superbiam</span> 
     </span>
     <span class='ocr_line' id='line_1_40' title="bbox 272 2341 1052 2384; baseline -0.003 -9"><span class='ocrx_word' id='word_1_244' title='bbox 272 2344 448 2384; x_wconf 86' lang='lat' dir='ltr'>deceptoris</span> <span class='ocrx_word' id='word_1_245' title='bbox 470 2345 614 2379; x_wconf 63' lang='lat' dir='ltr'>seculus,</span> <span class='ocrx_word' id='word_1_246' title='bbox 647 2351 727 2381; x_wconf 81' lang='lat' dir='ltr'>crgo</span> <span class='ocrx_word' id='word_1_247' title='bbox 747 2341 961 2372; x_wconf 82' lang='lat' dir='ltr'>humilitatem</span> <span class='ocrx_word' id='word_1_248' title='bbox 989 2341 1052 2373; x_wconf 83' lang='lat' dir='ltr'>Re-</span> 
     </span>
     <span class='ocr_line' id='line_1_41' title="bbox 272 2395 1051 2438; baseline -0.001 -10"><span class='ocrx_word' id='word_1_249' title='bbox 272 2397 445 2438; x_wconf 84' lang='lat' dir='ltr'>demptoris</span> <span class='ocrx_word' id='word_1_250' title='bbox 455 2399 608 2436; x_wconf 84' lang='lat' dir='ltr'>sequatur</span> <span class='ocrx_word' id='word_1_251' title='bbox 621 2396 772 2426; x_wconf 85' lang='lat' dir='ltr'>inventus</span> <span class='ocrx_word' id='word_1_252' title='bbox 797 2396 807 2412; x_wconf 63' lang='lat'>⁶</span> <span class='ocrx_word' id='word_1_253' title='bbox 820 2395 984 2426; x_wconf 84' lang='lat' dir='ltr'>Discamus</span> <span class='ocrx_word' id='word_1_254' title='bbox 995 2397 1051 2436; x_wconf 83' lang='lat' dir='ltr'>(a),</span> 
     </span>
     <span class='ocr_line' id='line_1_42' title="bbox 273 2449 1053 2489; baseline -0.005 -6"><span class='ocrx_word' id='word_1_255' title='bbox 273 2453 396 2489; x_wconf 86' lang='lat' dir='ltr'>fratres,</span> <span class='ocrx_word' id='word_1_256' title='bbox 423 2450 635 2482; x_wconf 85' lang='lat' dir='ltr'>humilitatem</span> <span class='ocrx_word' id='word_1_257' title='bbox 661 2449 701 2479; x_wconf 86' lang='lat' dir='ltr'>ab</span> <span class='ocrx_word' id='word_1_258' title='bbox 727 2449 877 2487; x_wconf 76' lang='lat' dir='ltr'>Excelso3</span> <span class='ocrx_word' id='word_1_259' title='bbox 900 2449 1053 2480; x_wconf 84' lang='lat' dir='ltr'>faciamus</span> 
     </span>
     <span class='ocr_line' id='line_1_43' title="bbox 273 2503 1053 2543; baseline -0.003 -7"><span class='ocrx_word' id='word_1_260' title='bbox 273 2506 410 2537; x_wconf 79' lang='lat' dir='ltr'>invicem</span> <span class='ocrx_word' id='word_1_261' title='bbox 425 2504 575 2540; x_wconf 42' lang='lat' dir='ltr'>humile&amp;</span> <span class='ocrx_word' id='word_1_262' title='bbox 589 2503 674 2543; x_wconf 86' lang='lat' dir='ltr'>quod</span> <span class='ocrx_word' id='word_1_263' title='bbox 685 2503 848 2533; x_wconf 85' lang='lat' dir='ltr'>humiliter</span> <span class='ocrx_word' id='word_1_264' title='bbox 859 2503 931 2533; x_wconf 70' lang='lat' dir='ltr'>serit</span> <span class='ocrx_word' id='word_1_265' title='bbox 944 2503 1053 2534; x_wconf 79' lang='lat' dir='ltr'>Excel-</span> 
     </span>
     <span class='ocr_line' id='line_1_44' title="bbox 273 2556 1051 2598; baseline -0.003 -9"><span class='ocrx_word' id='word_1_266' title='bbox 273 2569 338 2590; x_wconf 78' lang='lat' dir='ltr'>sus.</span> <span class='ocrx_word' id='word_1_267' title='bbox 355 2559 472 2598; x_wconf 80' lang='lat' dir='ltr'>Magna</span> <span class='ocrx_word' id='word_1_268' title='bbox 487 2560 533 2588; x_wconf 80' lang='lat' dir='ltr'>est</span> <span class='ocrx_word' id='word_1_269' title='bbox 548 2557 617 2588; x_wconf 84' lang='lat' dir='ltr'>liaec</span> <span class='ocrx_word' id='word_1_270' title='bbox 637 2556 870 2587; x_wconf 85' lang='lat' dir='ltr'>commendatio</span> <span class='ocrx_word' id='word_1_271' title='bbox 888 2556 1051 2588; x_wconf 86' lang='lat' dir='ltr'>humilita-</span> 
     </span>
     <span class='ocr_line' id='line_1_45' title="bbox 273 2609 1051 2650; baseline -0.003 -7"><span class='ocrx_word' id='word_1_272' title='bbox 273 2613 324 2644; x_wconf 78' lang='lat' dir='ltr'>tis.</span> <span class='ocrx_word' id='word_1_273' title='bbox 350 2612 478 2643; x_wconf 71' lang='lat' dir='ltr'>Faciant</span> <span class='ocrx_word' id='word_1_274' title='bbox 503 2611 539 2650; x_wconf 86' lang='lat' dir='ltr'>(b)</span> <span class='ocrx_word' id='word_1_275' title='bbox 565 2611 635 2642; x_wconf 79' lang='lat' dir='ltr'>haec</span> <span class='ocrx_word' id='word_1_276' title='bbox 662 2609 722 2640; x_wconf 86' lang='lat' dir='ltr'>sihi</span> <span class='ocrx_word' id='word_1_277' title='bbox 753 2609 890 2640; x_wconf 83' lang='lat' dir='ltr'>invicem</span> <span class='ocrx_word' id='word_1_278' title='bbox 920 2610 1051 2649; x_wconf 85' lang='lat' dir='ltr'>fratres,</span> 
     </span>
    </p>
   </div>
   <div class='ocr_carea' id='block_1_3' title="bbox 274 2691 1052 2759">
    <p class='ocr_par' dir='ltr' id='par_1_3' title="bbox 274 2691 1052 2759">
     <span class='ocr_line' id='line_1_46' title="bbox 308 2691 1052 2724; baseline -0.003 -7"><span class='ocrx_word' id='word_1_279' title='bbox 308 2696 313 2710; x_wconf 87' lang='lat'><strong>¹</strong></span> <span class='ocrx_word' id='word_1_280' title='bbox 332 2694 434 2724; x_wconf 55' lang='lat' dir='ltr'>itlnrlln,</span> <span class='ocrx_word' id='word_1_281' title='bbox 450 2698 523 2722; x_wconf 73' lang='lat' dir='ltr'>xviii,</span> <span class='ocrx_word' id='word_1_282' title='bbox 540 2694 561 2716; x_wconf 62' lang='lat'>¹».</span> <span class='ocrx_word' id='word_1_283' title='bbox 578 2705 607 2710; x_wconf 92' lang='lat'>—</span> <span class='ocrx_word' id='word_1_284' title='bbox 623 2692 631 2705; x_wconf 79' lang='lat'>⁷</span> <span class='ocrx_word' id='word_1_285' title='bbox 645 2692 715 2717; x_wconf 80' lang='lat' dir='ltr'>Jonn,</span> <span class='ocrx_word' id='word_1_286' title='bbox 730 2696 786 2717; x_wconf 78' lang='lat' dir='ltr'>xtlt.</span> <span class='ocrx_word' id='word_1_287' title='bbox 804 2692 842 2714; x_wconf 82' lang='lat'>1⁵.</span> <span class='ocrx_word' id='word_1_288' title='bbox 858 2703 888 2707; x_wconf 89' lang='lat'>—</span> <span class='ocrx_word' id='word_1_289' title='bbox 910 2691 920 2707; x_wconf 77' lang='lat'>³</span> <span class='ocrx_word' id='word_1_290' title='bbox 935 2692 1052 2721; x_wconf 73' lang='lat' dir='ltr'>Aug.,1&#39;n</span> 
     </span>
     <span class='ocr_line' id='line_1_47' title="bbox 274 2726 1052 2759; baseline -0.006 -5"><span class='ocrx_word' id='word_1_291' title='bbox 274 2729 439 2756; x_wconf 68' lang='lat' dir='ltr'>J0¹¹71.,liuffl.</span> <span class='ocrx_word' id='word_1_292' title='bbox 457 2735 501 2759; x_wconf 69' lang='grc' dir='ltr'>ιν,</span> <span class='ocrx_word' id='word_1_293' title='bbox 517 2735 542 2752; x_wconf 90' lang='lat' dir='ltr'>n.</span> <span class='ocrx_word' id='word_1_294' title='bbox 557 2730 579 2751; x_wconf 79' lang='lat'>7.</span> <span class='ocrx_word' id='word_1_295' title='bbox 596 2741 626 2746; x_wconf 95' lang='lat'>—</span> <span class='ocrx_word' id='word_1_296' title='bbox 644 2733 647 2741; x_wconf 94' lang='grc'><strong><em>·</em></strong></span> <span class='ocrx_word' id='word_1_297' title='bbox 666 2726 739 2756; x_wconf 63' lang='lat' dir='ltr'>limi„</span> <span class='ocrx_word' id='word_1_298' title='bbox 757 2726 827 2750; x_wconf 76' lang='lat' dir='ltr'>hom.</span> <span class='ocrx_word' id='word_1_299' title='bbox 846 2732 920 2756; x_wconf 70' lang='lat' dir='ltr'>mii,</span> <span class='ocrx_word' id='word_1_300' title='bbox 941 2734 966 2749; x_wconf 90' lang='lat' dir='ltr'>n.</span> <span class='ocrx_word' id='word_1_301' title='bbox 988 2729 1006 2751; x_wconf 80' lang='lat' dir='ltr'>l.</span> <span class='ocrx_word' id='word_1_302' title='bbox 1022 2740 1052 2745; x_wconf 89' lang='lat'>—</span> 
     </span>
    </p>
   </div>
   <div class='ocr_carea' id='block_1_4' title="bbox 851 226 1301 261">
    <p class='ocr_par' dir='ltr' id='par_1_4' title="bbox 851 226 1301 261">
     <span class='ocr_line' id='line_1_48' title="bbox 851 226 1301 261; baseline 0.004 -2"><span class='ocrx_word' id='word_1_303' title='bbox 851 226 1062 260; x_wconf 86' lang='lat' dir='ltr'><strong>APOLOGIAE</strong></span> <span class='ocrx_word' id='word_1_304' title='bbox 1083 226 1301 261; x_wconf 88' lang='lat' dir='ltr'><strong>PAUPERUM</strong></span> 
     </span>
    </p>
   </div>
   <div class='ocr_carea' id='block_1_5' title="bbox 1106 295 1889 2596">
    <p class='ocr_par' dir='ltr' id='par_1_5' title="bbox 1107 295 1889 1519">
     <span class='ocr_line' id='line_1_49' title="bbox 1108 295 1883 337; baseline 0.005 -11"><span class='ocrx_word' id='word_1_305' title='bbox 1108 295 1204 327; x_wconf 83' lang='lat' dir='ltr'>etiam</span> <span class='ocrx_word' id='word_1_306' title='bbox 1227 305 1322 337; x_wconf 88' lang='lat' dir='ltr'>opere</span> <span class='ocrx_word' id='word_1_307' title='bbox 1345 296 1413 337; x_wconf 93' lang='lat' dir='ltr'>ipso</span> <span class='ocrx_word' id='word_1_308' title='bbox 1438 295 1570 336; x_wconf 86' lang='lat' dir='ltr'>visibili,</span> <span class='ocrx_word' id='word_1_309' title='bbox 1594 305 1669 327; x_wconf 90' lang='lat' dir='ltr'>cum</span> <span class='ocrx_word' id='word_1_310' title='bbox 1692 305 1727 328; x_wconf 89' lang='lat' dir='ltr'>se</span> <span class='ocrx_word' id='word_1_311' title='bbox 1745 297 1883 330; x_wconf 88' lang='lat' dir='ltr'>invicem</span> 
     </span>
     <span class='ocr_line' id='line_1_50' title="bbox 1107 348 1885 390; baseline 0.003 -10"><span class='ocrx_word' id='word_1_312' title='bbox 1107 348 1245 390; x_wconf 90' lang='lat' dir='ltr'>hospitio</span> <span class='ocrx_word' id='word_1_313' title='bbox 1259 350 1430 390; x_wconf 84' lang='lat' dir='ltr'>recipiunt.</span> <span class='ocrx_word' id='word_1_314' title='bbox 1450 349 1538 381; x_wconf 89' lang='lat' dir='ltr'>Unde</span> <span class='ocrx_word' id='word_1_315' title='bbox 1552 351 1584 381; x_wconf 84' lang='lat' dir='ltr'>et</span> <span class='ocrx_word' id='word_1_316' title='bbox 1606 349 1788 390; x_wconf 85' lang='lat' dir='ltr'>Apostolus,</span> <span class='ocrx_word' id='word_1_317' title='bbox 1809 354 1885 383; x_wconf 87' lang='lat' dir='ltr'>cum</span> 
     </span>
     <span class='ocr_line' id='line_1_51' title="bbox 1108 403 1886 437; baseline 0.003 -3"><span class='ocrx_word' id='word_1_318' title='bbox 1108 403 1338 434; x_wconf 88' lang='lat' dir='ltr'>benemeritam</span> <span class='ocrx_word' id='word_1_319' title='bbox 1367 403 1500 434; x_wconf 90' lang='lat' dir='ltr'>viduam</span> <span class='ocrx_word' id='word_1_320' title='bbox 1526 404 1767 435; x_wconf 85' lang='lat' dir='ltr'>commendaret</span> <span class='ocrx_word' id='word_1_321' title='bbox 1783 404 1794 422; x_wconf 79' lang='lat'>⁸</span> <span class='ocrx_word' id='word_1_322' title='bbox 1815 415 1822 436; x_wconf 82' lang='lat' dir='ltr'>z</span> <span class='ocrx_word' id='word_1_323' title='bbox 1849 404 1886 437; x_wconf 73' lang='lat' dir='ltr'>Si</span> 
     </span>
     <span class='ocr_line' id='line_1_52' title="bbox 1108 456 1887 498; baseline 0.003 -10"><span class='ocrx_word' id='word_1_324' title='bbox 1108 456 1260 496; x_wconf 80' lang='lat' dir='ltr'>hospitio,</span> <span class='ocrx_word' id='word_1_325' title='bbox 1276 457 1390 498; x_wconf 84' lang='lat' dir='ltr'>inquit,</span> <span class='ocrx_word' id='word_1_326' title='bbox 1404 458 1533 498; x_wconf 77' lang='lat' dir='ltr'>recepit,</span> <span class='ocrx_word' id='word_1_327' title='bbox 1548 458 1580 490; x_wconf 77' lang='lat' dir='ltr'>si</span> <span class='ocrx_word' id='word_1_328' title='bbox 1594 461 1777 490; x_wconf 81' lang='lat' dir='ltr'>sanctorum</span> <span class='ocrx_word' id='word_1_329' title='bbox 1791 457 1887 498; x_wconf 77' lang='lat' dir='ltr'>pedes</span> 
     </span>
     <span class='ocr_line' id='line_1_53' title="bbox 1109 509 1888 552; baseline 0.003 -11"><span class='ocrx_word' id='word_1_330' title='bbox 1109 510 1201 542; x_wconf 74' lang='lat' dir='ltr'>lavit.</span> <span class='ocrx_word' id='word_1_331' title='bbox 1217 509 1256 541; x_wconf 89' lang='lat' dir='ltr'>Et</span> <span class='ocrx_word' id='word_1_332' title='bbox 1270 511 1356 551; x_wconf 84' lang='lat' dir='ltr'>apud</span> <span class='ocrx_word' id='word_1_333' title='bbox 1369 513 1495 542; x_wconf 85' lang='lat' dir='ltr'>sanctos</span> <span class='ocrx_word' id='word_1_334' title='bbox 1515 511 1714 552; x_wconf 88' lang='lat' dir='ltr'>ubicumque</span> <span class='ocrx_word' id='word_1_335' title='bbox 1732 512 1802 543; x_wconf 88' lang='lat' dir='ltr'>haec</span> <span class='ocrx_word' id='word_1_336' title='bbox 1815 521 1888 543; x_wconf 85' lang='lat' dir='ltr'>eon-</span> 
     </span>
     <span class='ocr_line' id='line_1_54' title="bbox 1108 564 1885 605; baseline 0.003 -10"><span class='ocrx_word' id='word_1_337' title='bbox 1108 564 1244 595; x_wconf 88' lang='lat' dir='ltr'>suetudo</span> <span class='ocrx_word' id='word_1_338' title='bbox 1266 573 1332 595; x_wconf 91' lang='lat' dir='ltr'>non</span> <span class='ocrx_word' id='word_1_339' title='bbox 1357 567 1415 603; x_wconf 89' lang='lat' dir='ltr'>est,</span> <span class='ocrx_word' id='word_1_340' title='bbox 1435 565 1522 605; x_wconf 91' lang='lat' dir='ltr'>quod</span> <span class='ocrx_word' id='word_1_341' title='bbox 1542 574 1642 596; x_wconf 85' lang='lat' dir='ltr'>manu</span> <span class='ocrx_word' id='word_1_342' title='bbox 1666 575 1730 597; x_wconf 92' lang='lat' dir='ltr'>non</span> <span class='ocrx_word' id='word_1_343' title='bbox 1755 566 1885 605; x_wconf 85' lang='lat' dir='ltr'>faciunt,</span> 
     </span>
     <span class='ocr_line' id='line_1_55' title="bbox 1109 617 1889 658; baseline 0.004 -10"><span class='ocrx_word' id='word_1_344' title='bbox 1109 617 1203 649; x_wconf 83' lang='lat' dir='ltr'>corde</span> <span class='ocrx_word' id='word_1_345' title='bbox 1223 617 1343 649; x_wconf 79' lang='lat' dir='ltr'>faciunt</span> <span class='ocrx_word' id='word_1_346' title='bbox 1360 629 1367 649; x_wconf 90' lang='lat'>:</span> <span class='ocrx_word' id='word_1_347' title='bbox 1390 619 1491 649; x_wconf 89' lang='lat' dir='ltr'>multo</span> <span class='ocrx_word' id='word_1_348' title='bbox 1515 621 1623 650; x_wconf 85' lang='lat' dir='ltr'>autem</span> <span class='ocrx_word' id='word_1_349' title='bbox 1642 621 1689 650; x_wconf 84' lang='lat' dir='ltr'>est</span> <span class='ocrx_word' id='word_1_350' title='bbox 1711 619 1838 658; x_wconf 89' lang='lat' dir='ltr'>melius,</span> <span class='ocrx_word' id='word_1_351' title='bbox 1857 621 1889 651; x_wconf 85' lang='lat' dir='ltr'>et</span> 
     </span>
     <span class='ocr_line' id='line_1_56' title="bbox 1109 671 1888 712; baseline 0.005 -11"><span class='ocrx_word' id='word_1_352' title='bbox 1109 671 1177 702; x_wconf 89' lang='lat' dir='ltr'>sine</span> <span class='ocrx_word' id='word_1_353' title='bbox 1190 672 1417 711; x_wconf 83' lang='lat' dir='ltr'>controversia,</span> <span class='ocrx_word' id='word_1_354' title='bbox 1435 674 1472 703; x_wconf 90' lang='lat' dir='ltr'>ut</span> <span class='ocrx_word' id='word_1_355' title='bbox 1485 673 1581 703; x_wconf 84' lang='lat' dir='ltr'>etiam</span> <span class='ocrx_word' id='word_1_356' title='bbox 1602 673 1750 704; x_wconf 87' lang='lat' dir='ltr'>manibus</span> <span class='ocrx_word' id='word_1_357' title='bbox 1765 674 1831 712; x_wconf 84' lang='lat' dir='ltr'>fiat,</span> <span class='ocrx_word' id='word_1_358' title='bbox 1847 682 1888 705; x_wconf 87' lang='lat' dir='ltr'>ne</span> 
     </span>
     <span class='ocr_line' id='line_1_57' title="bbox 1109 724 1888 766; baseline 0.003 -11"><span class='ocrx_word' id='word_1_359' title='bbox 1109 724 1312 764; x_wconf 84' lang='lat' dir='ltr'>dedignetur,</span> <span class='ocrx_word' id='word_1_360' title='bbox 1329 726 1415 766; x_wconf 91' lang='lat' dir='ltr'>quod</span> <span class='ocrx_word' id='word_1_361' title='bbox 1429 725 1502 757; x_wconf 83' lang='lat' dir='ltr'>fecit</span> <span class='ocrx_word' id='word_1_362' title='bbox 1516 725 1671 765; x_wconf 89' lang='lat' dir='ltr'>Christus,</span> <span class='ocrx_word' id='word_1_363' title='bbox 1686 726 1790 758; x_wconf 85' lang='lat' dir='ltr'>facere</span> <span class='ocrx_word' id='word_1_364' title='bbox 1801 726 1888 757; x_wconf 91' lang='lat' dir='ltr'>Chri-</span> 
     </span>
     <span class='ocr_line' id='line_1_58' title="bbox 1109 778 1886 820; baseline 0.003 -11"><span class='ocrx_word' id='word_1_365' title='bbox 1109 778 1243 810; x_wconf 83' lang='lat' dir='ltr'>stianus.</span> <span class='ocrx_word' id='word_1_366' title='bbox 1261 779 1340 810; x_wconf 90' lang='lat' dir='ltr'>Cum</span> <span class='ocrx_word' id='word_1_367' title='bbox 1355 780 1441 811; x_wconf 90' lang='lat' dir='ltr'>enim</span> <span class='ocrx_word' id='word_1_368' title='bbox 1455 780 1494 811; x_wconf 89' lang='lat' dir='ltr'>ad</span> <span class='ocrx_word' id='word_1_369' title='bbox 1510 781 1604 820; x_wconf 88' lang='lat' dir='ltr'>pedes</span> <span class='ocrx_word' id='word_1_370' title='bbox 1626 780 1731 811; x_wconf 85' lang='lat' dir='ltr'>fratris</span> <span class='ocrx_word' id='word_1_371' title='bbox 1755 780 1886 812; x_wconf 83' lang='lat' dir='ltr'>inclina-</span> 
     </span>
     <span class='ocr_line' id='line_1_59' title="bbox 1108 834 1885 875; baseline 0.003 -12"><span class='ocrx_word' id='word_1_372' title='bbox 1108 834 1162 863; x_wconf 86' lang='lat' dir='ltr'>tur</span> <span class='ocrx_word' id='word_1_373' title='bbox 1176 842 1302 873; x_wconf 90' lang='lat' dir='ltr'>corpus,</span> <span class='ocrx_word' id='word_1_374' title='bbox 1324 834 1422 865; x_wconf 87' lang='lat' dir='ltr'>etiam</span> <span class='ocrx_word' id='word_1_375' title='bbox 1437 834 1531 865; x_wconf 91' lang='lat' dir='ltr'>corde</span> <span class='ocrx_word' id='word_1_376' title='bbox 1553 834 1621 875; x_wconf 89' lang='lat' dir='ltr'>ipso</span> <span class='ocrx_word' id='word_1_377' title='bbox 1637 835 1688 866; x_wconf 86' lang='lat' dir='ltr'>vel</span> <span class='ocrx_word' id='word_1_378' title='bbox 1707 835 1885 874; x_wconf 82' lang='lat' dir='ltr'>excitatur,</span> 
     </span>
     <span class='ocr_line' id='line_1_60' title="bbox 1108 886 1885 929; baseline 0.001 -11"><span class='ocrx_word' id='word_1_379' title='bbox 1108 886 1170 925; x_wconf 90' lang='lat' dir='ltr'>vel,</span> <span class='ocrx_word' id='word_1_380' title='bbox 1188 887 1212 917; x_wconf 90' lang='lat' dir='ltr'>si</span> <span class='ocrx_word' id='word_1_381' title='bbox 1227 888 1295 927; x_wconf 78' lang='lat' dir='ltr'>Jam</span> <span class='ocrx_word' id='word_1_382' title='bbox 1311 887 1424 926; x_wconf 85' lang='lat' dir='ltr'>inerat,</span> <span class='ocrx_word' id='word_1_383' title='bbox 1441 888 1651 919; x_wconf 84' lang='lat' dir='ltr'>confirmatur</span> <span class='ocrx_word' id='word_1_384' title='bbox 1664 888 1764 929; x_wconf 89' lang='lat' dir='ltr'>ipsius</span> <span class='ocrx_word' id='word_1_385' title='bbox 1775 888 1885 919; x_wconf 89' lang='lat' dir='ltr'>humi—</span> 
     </span>
     <span class='ocr_line' id='line_1_61' title="bbox 1107 939 1888 973; baseline 0.004 -3"><span class='ocrx_word' id='word_1_386' title='bbox 1107 939 1205 971; x_wconf 88' lang='lat' dir='ltr'>litatis</span> <span class='ocrx_word' id='word_1_387' title='bbox 1226 940 1394 971; x_wconf 81' lang='lat' dir='ltr'>affectus.»</span> <span class='ocrx_word' id='word_1_388' title='bbox 1423 940 1479 971; x_wconf 85' lang='lat' dir='ltr'>His</span> <span class='ocrx_word' id='word_1_389' title='bbox 1499 942 1605 972; x_wconf 87' lang='lat' dir='ltr'>autem</span> <span class='ocrx_word' id='word_1_390' title='bbox 1622 941 1729 972; x_wconf 89' lang='lat' dir='ltr'>verbis</span> <span class='ocrx_word' id='word_1_391' title='bbox 1748 941 1888 973; x_wconf 78' lang='lat' dir='ltr'>ostendi-</span> 
     </span>
     <span class='ocr_line' id='line_1_62' title="bbox 1109 993 1886 1034; baseline 0.001 -10"><span class='ocrx_word' id='word_1_392' title='bbox 1109 996 1175 1032; x_wconf 91' lang='lat' dir='ltr'>tur,</span> <span class='ocrx_word' id='word_1_393' title='bbox 1195 994 1282 1034; x_wconf 91' lang='lat' dir='ltr'>quod</span> <span class='ocrx_word' id='word_1_394' title='bbox 1304 993 1483 1025; x_wconf 89' lang='lat' dir='ltr'>humiliatio</span> <span class='ocrx_word' id='word_1_395' title='bbox 1510 994 1653 1025; x_wconf 88' lang='lat' dir='ltr'>exterius</span> <span class='ocrx_word' id='word_1_396' title='bbox 1674 995 1755 1025; x_wconf 80' lang='lat' dir='ltr'>tacta</span> <span class='ocrx_word' id='word_1_397' title='bbox 1768 995 1803 1025; x_wconf 89' lang='lat' dir='ltr'>in</span> <span class='ocrx_word' id='word_1_398' title='bbox 1816 1003 1886 1026; x_wconf 90' lang='lat' dir='ltr'>cor-</span> 
     </span>
     <span class='ocr_line' id='line_1_63' title="bbox 1108 1047 1888 1088; baseline 0.001 -10"><span class='ocrx_word' id='word_1_399' title='bbox 1108 1056 1196 1087; x_wconf 87' lang='lat' dir='ltr'>pore,</span> <span class='ocrx_word' id='word_1_400' title='bbox 1204 1047 1382 1088; x_wconf 88' lang='lat' dir='ltr'>plurimum</span> <span class='ocrx_word' id='word_1_401' title='bbox 1392 1048 1511 1078; x_wconf 80' lang='lat' dir='ltr'>confert</span> <span class='ocrx_word' id='word_1_402' title='bbox 1519 1048 1558 1079; x_wconf 87' lang='lat' dir='ltr'>ad</span> <span class='ocrx_word' id='word_1_403' title='bbox 1566 1048 1792 1088; x_wconf 81' lang='lat' dir='ltr'>perfectionem</span> <span class='ocrx_word' id='word_1_404' title='bbox 1803 1057 1888 1080; x_wconf 85' lang='lat' dir='ltr'>verae</span> 
     </span>
     <span class='ocr_line' id='line_1_64' title="bbox 1108 1101 1886 1134; baseline 0.003 -3"><span class='ocrx_word' id='word_1_405' title='bbox 1108 1101 1299 1132; x_wconf 87' lang='lat' dir='ltr'>humilitatis</span> <span class='ocrx_word' id='word_1_406' title='bbox 1323 1102 1357 1132; x_wconf 95' lang='lat' dir='ltr'>in</span> <span class='ocrx_word' id='word_1_407' title='bbox 1378 1102 1483 1133; x_wconf 82' lang='lat' dir='ltr'>corde.</span> <span class='ocrx_word' id='word_1_408' title='bbox 1507 1102 1568 1134; x_wconf 90' lang='lat' dir='ltr'>Per</span> <span class='ocrx_word' id='word_1_409' title='bbox 1590 1102 1678 1133; x_wconf 91' lang='lat' dir='ltr'>hunc</span> <span class='ocrx_word' id='word_1_410' title='bbox 1696 1102 1793 1134; x_wconf 87' lang='lat' dir='ltr'>etiam</span> <span class='ocrx_word' id='word_1_411' title='bbox 1817 1111 1886 1134; x_wconf 91' lang='lat' dir='ltr'>mo-</span> 
     </span>
     <span class='ocr_line' id='line_1_65' title="bbox 1108 1154 1888 1196; baseline 0.001 -11"><span class='ocrx_word' id='word_1_412' title='bbox 1108 1154 1202 1192; x_wconf 91' lang='lat' dir='ltr'>dum,</span> <span class='ocrx_word' id='word_1_413' title='bbox 1230 1155 1370 1186; x_wconf 83' lang='lat' dir='ltr'>exterior</span> <span class='ocrx_word' id='word_1_414' title='bbox 1390 1165 1500 1187; x_wconf 88' lang='lat' dir='ltr'>rerum</span> <span class='ocrx_word' id='word_1_415' title='bbox 1527 1155 1676 1196; x_wconf 86' lang='lat' dir='ltr'>penuria,</span> <span class='ocrx_word' id='word_1_416' title='bbox 1703 1164 1888 1196; x_wconf 85' lang='lat' dir='ltr'>quanquam</span> 
     </span>
     <span class='ocr_line' id='line_1_66' title="bbox 1109 1208 1888 1250; baseline 0.001 -11"><span class='ocrx_word' id='word_1_417' title='bbox 1109 1208 1146 1239; x_wconf 91' lang='lat' dir='ltr'>de</span> <span class='ocrx_word' id='word_1_418' title='bbox 1161 1217 1195 1240; x_wconf 89' lang='lat' dir='ltr'>se</span> <span class='ocrx_word' id='word_1_419' title='bbox 1210 1209 1356 1240; x_wconf 86' lang='lat' dir='ltr'>videatur</span> <span class='ocrx_word' id='word_1_420' title='bbox 1370 1209 1503 1246; x_wconf 90' lang='lat' dir='ltr'>inutilis,</span> <span class='ocrx_word' id='word_1_421' title='bbox 1518 1209 1697 1249; x_wconf 84' lang='lat' dir='ltr'>paupertati</span> <span class='ocrx_word' id='word_1_422' title='bbox 1708 1212 1815 1240; x_wconf 87' lang='lat' dir='ltr'>tamen</span> <span class='ocrx_word' id='word_1_423' title='bbox 1827 1209 1888 1250; x_wconf 87' lang='lat' dir='ltr'>spi-</span> 
     </span>
     <span class='ocr_line' id='line_1_67' title="bbox 1109 1262 1888 1303; baseline 0.001 -10"><span class='ocrx_word' id='word_1_424' title='bbox 1109 1262 1191 1293; x_wconf 86' lang='lat' dir='ltr'>ritus</span> <span class='ocrx_word' id='word_1_425' title='bbox 1209 1263 1334 1302; x_wconf 81' lang='lat' dir='ltr'>juncta,</span> <span class='ocrx_word' id='word_1_426' title='bbox 1352 1271 1416 1294; x_wconf 91' lang='lat' dir='ltr'>non</span> <span class='ocrx_word' id='word_1_427' title='bbox 1438 1263 1541 1294; x_wconf 90' lang='lat' dir='ltr'>solum</span> <span class='ocrx_word' id='word_1_428' title='bbox 1564 1263 1663 1303; x_wconf 89' lang='lat' dir='ltr'>ipsius</span> <span class='ocrx_word' id='word_1_429' title='bbox 1676 1265 1776 1303; x_wconf 84' lang='lat' dir='ltr'>auget</span> <span class='ocrx_word' id='word_1_430' title='bbox 1791 1262 1888 1294; x_wconf 87' lang='lat' dir='ltr'>meri-</span> 
     </span>
     <span class='ocr_line' id='line_1_68' title="bbox 1109 1316 1888 1357; baseline 0.001 -10"><span class='ocrx_word' id='word_1_431' title='bbox 1109 1319 1190 1354; x_wconf 85' lang='lat' dir='ltr'>tum,</span> <span class='ocrx_word' id='word_1_432' title='bbox 1213 1317 1267 1348; x_wconf 88' lang='lat' dir='ltr'>sed</span> <span class='ocrx_word' id='word_1_433' title='bbox 1289 1317 1384 1348; x_wconf 88' lang='lat' dir='ltr'>etiam</span> <span class='ocrx_word' id='word_1_434' title='bbox 1408 1316 1492 1348; x_wconf 84' lang='lat' dir='ltr'>valet</span> <span class='ocrx_word' id='word_1_435' title='bbox 1513 1317 1552 1348; x_wconf 87' lang='lat' dir='ltr'>ad</span> <span class='ocrx_word' id='word_1_436' title='bbox 1577 1316 1715 1357; x_wconf 89' lang='lat' dir='ltr'>plurima</span> <span class='ocrx_word' id='word_1_437' title='bbox 1733 1327 1740 1347; x_wconf 92' lang='lat'>:</span> <span class='ocrx_word' id='word_1_438' title='bbox 1759 1319 1888 1357; x_wconf 86' lang='lat' dir='ltr'>propter</span> 
     </span>
     <span class='ocr_line' id='line_1_69' title="bbox 1109 1370 1888 1412; baseline -0.001 -11"><span class='ocrx_word' id='word_1_439' title='bbox 1109 1371 1194 1411; x_wconf 87' lang='lat' dir='ltr'>quod</span> <span class='ocrx_word' id='word_1_440' title='bbox 1207 1373 1291 1402; x_wconf 89' lang='lat' dir='ltr'>recte</span> <span class='ocrx_word' id='word_1_441' title='bbox 1304 1371 1493 1411; x_wconf 81' lang='lat' dir='ltr'>designatur</span> <span class='ocrx_word' id='word_1_442' title='bbox 1508 1380 1565 1412; x_wconf 88' lang='lat' dir='ltr'>per</span> <span class='ocrx_word' id='word_1_443' title='bbox 1588 1370 1808 1410; x_wconf 84' lang='lat' dir='ltr'>evangelicam</span> <span class='ocrx_word' id='word_1_444' title='bbox 1824 1370 1835 1387; x_wconf 81' lang='lat'><strong>⁶</strong></span> <span class='ocrx_word' id='word_1_445' title='bbox 1849 1370 1888 1401; x_wconf 92' lang='lat' dir='ltr'>il-</span> 
     </span>
     <span class='ocr_line' id='line_1_70' title="bbox 1108 1424 1886 1465; baseline -0.001 -10"><span class='ocrx_word' id='word_1_446' title='bbox 1108 1424 1173 1455; x_wconf 84' lang='lat' dir='ltr'>lam</span> <span class='ocrx_word' id='word_1_447' title='bbox 1190 1425 1409 1465; x_wconf 81' lang='lat' dir='ltr'>margaritam,</span> <span class='ocrx_word' id='word_1_448' title='bbox 1422 1433 1497 1465; x_wconf 82' lang='lat' dir='ltr'>quae</span> <span class='ocrx_word' id='word_1_449' title='bbox 1509 1427 1605 1456; x_wconf 82' lang='lat' dir='ltr'>tantae</span> <span class='ocrx_word' id='word_1_450' title='bbox 1616 1424 1819 1465; x_wconf 81' lang='lat' dir='ltr'>pretiositatis</span> <span class='ocrx_word' id='word_1_451' title='bbox 1827 1425 1886 1462; x_wconf 88' lang='lat' dir='ltr'>est,</span> 
     </span>
     <span class='ocr_line' id='line_1_71' title="bbox 1109 1478 1886 1519; baseline -0.003 -9"><span class='ocrx_word' id='word_1_452' title='bbox 1109 1481 1145 1510; x_wconf 87' lang='lat' dir='ltr'>ut</span> <span class='ocrx_word' id='word_1_453' title='bbox 1158 1488 1214 1519; x_wconf 90' lang='lat' dir='ltr'>pro</span> <span class='ocrx_word' id='word_1_454' title='bbox 1230 1479 1283 1510; x_wconf 82' lang='lat' dir='ltr'>illa</span> <span class='ocrx_word' id='word_1_455' title='bbox 1297 1479 1447 1517; x_wconf 87' lang='lat' dir='ltr'>emenda,</span> <span class='ocrx_word' id='word_1_456' title='bbox 1471 1479 1677 1510; x_wconf 85' lang='lat' dir='ltr'>distrahenda</span> <span class='ocrx_word' id='word_1_457' title='bbox 1691 1479 1754 1509; x_wconf 86' lang='lat' dir='ltr'>sint</span> <span class='ocrx_word' id='word_1_458' title='bbox 1767 1478 1886 1509; x_wconf 85' lang='lat' dir='ltr'>omnia.</span> 
     </span>
    </p>

    <p class='ocr_par' dir='ltr' id='par_1_6' title="bbox 1106 1533 1889 2596">
     <span class='ocr_line' id='line_1_72' title="bbox 1150 1533 1888 1574; baseline 0 -10"><span class='ocrx_word' id='word_1_459' title='bbox 1150 1533 1240 1564; x_wconf 88' lang='lat' dir='ltr'>Valet</span> <span class='ocrx_word' id='word_1_460' title='bbox 1267 1534 1353 1565; x_wconf 85' lang='lat' dir='ltr'>enim</span> <span class='ocrx_word' id='word_1_461' title='bbox 1370 1534 1453 1564; x_wconf 90' lang='lat' dir='ltr'>inter</span> <span class='ocrx_word' id='word_1_462' title='bbox 1472 1533 1533 1564; x_wconf 85' lang='lat' dir='ltr'>alia</span> <span class='ocrx_word' id='word_1_463' title='bbox 1546 1534 1586 1565; x_wconf 88' lang='lat' dir='ltr'>ad</span> <span class='ocrx_word' id='word_1_464' title='bbox 1600 1536 1749 1574; x_wconf 84' lang='lat' dir='ltr'>quatuor,</span> <span class='ocrx_word' id='word_1_465' title='bbox 1771 1533 1888 1564; x_wconf 87' lang='lat' dir='ltr'>scilicet</span> 
     </span>
     <span class='ocr_line' id='line_1_73' title="bbox 1109 1587 1887 1627; baseline 0 -9"><span class='ocrx_word' id='word_1_466' title='bbox 1109 1587 1147 1618; x_wconf 89' lang='lat' dir='ltr'>ad</span> <span class='ocrx_word' id='word_1_467' title='bbox 1172 1588 1403 1618; x_wconf 84' lang='lat' dir='ltr'>exterminium</span> <span class='ocrx_word' id='word_1_468' title='bbox 1427 1587 1613 1627; x_wconf 87' lang='lat' dir='ltr'>iniquitatis,</span> <span class='ocrx_word' id='word_1_469' title='bbox 1637 1587 1676 1618; x_wconf 88' lang='lat' dir='ltr'>ad</span> <span class='ocrx_word' id='word_1_470' title='bbox 1699 1587 1887 1618; x_wconf 79' lang='lat' dir='ltr'>exercitium</span> 
     </span>
     <span class='ocr_line' id='line_1_74' title="bbox 1109 1641 1887 1682; baseline 0 -10"><span class='ocrx_word' id='word_1_471' title='bbox 1109 1642 1256 1682; x_wconf 78' lang='lat' dir='ltr'>persectae</span> <span class='ocrx_word' id='word_1_472' title='bbox 1279 1642 1422 1679; x_wconf 86' lang='lat' dir='ltr'>virtutis,</span> <span class='ocrx_word' id='word_1_473' title='bbox 1449 1642 1486 1672; x_wconf 66' lang='lat' dir='ltr'>all</span> <span class='ocrx_word' id='word_1_474' title='bbox 1502 1641 1734 1682; x_wconf 82' lang='lat' dir='ltr'>possessionem</span> <span class='ocrx_word' id='word_1_475' title='bbox 1753 1642 1887 1672; x_wconf 85' lang='lat' dir='ltr'>internae</span> 
     </span>
     <span class='ocr_line' id='line_1_75' title="bbox 1106 1695 1885 1735; baseline 0.001 -10"><span class='ocrx_word' id='word_1_476' title='bbox 1106 1695 1328 1735; x_wconf 76' lang='lat' dir='ltr'>jucunditatis,</span> <span class='ocrx_word' id='word_1_477' title='bbox 1353 1697 1384 1725; x_wconf 80' lang='lat' dir='ltr'>et</span> <span class='ocrx_word' id='word_1_478' title='bbox 1410 1695 1448 1725; x_wconf 87' lang='lat' dir='ltr'>ad</span> <span class='ocrx_word' id='word_1_479' title='bbox 1474 1695 1721 1735; x_wconf 86' lang='lat' dir='ltr'>publicationem</span> <span class='ocrx_word' id='word_1_480' title='bbox 1744 1704 1885 1734; x_wconf 85' lang='lat' dir='ltr'>evange-</span> 
     </span>
     <span class='ocr_line' id='line_1_76' title="bbox 1109 1747 1889 1788; baseline 0 -10"><span class='ocrx_word' id='word_1_481' title='bbox 1109 1748 1178 1779; x_wconf 81' lang='lat' dir='ltr'>licae</span> <span class='ocrx_word' id='word_1_482' title='bbox 1194 1749 1437 1788; x_wconf 61' lang='lat' dir='ltr'>praedicationis.</span> <span class='ocrx_word' id='word_1_483' title='bbox 1463 1747 1553 1779; x_wconf 83' lang='lat' dir='ltr'>Valet</span> <span class='ocrx_word' id='word_1_484' title='bbox 1567 1748 1671 1788; x_wconf 88' lang='lat' dir='ltr'>primo</span> <span class='ocrx_word' id='word_1_485' title='bbox 1686 1748 1725 1779; x_wconf 90' lang='lat' dir='ltr'>ad</span> <span class='ocrx_word' id='word_1_486' title='bbox 1739 1748 1889 1779; x_wconf 87' lang='lat' dir='ltr'>extermi-</span> 
     </span>
     <span class='ocr_line' id='line_1_77' title="bbox 1109 1802 1886 1843; baseline -0.001 -10"><span class='ocrx_word' id='word_1_487' title='bbox 1109 1803 1200 1834; x_wconf 87' lang='lat' dir='ltr'>nium</span> <span class='ocrx_word' id='word_1_488' title='bbox 1218 1802 1403 1843; x_wconf 78' lang='lat' dir='ltr'>iniquitatis.</span> <span class='ocrx_word' id='word_1_489' title='bbox 1429 1802 1573 1833; x_wconf 83' lang='lat' dir='ltr'>Primum</span> <span class='ocrx_word' id='word_1_490' title='bbox 1591 1802 1732 1842; x_wconf 88' lang='lat' dir='ltr'>quidem,</span> <span class='ocrx_word' id='word_1_491' title='bbox 1758 1804 1886 1842; x_wconf 90' lang='lat' dir='ltr'>propter</span> 
     </span>
     <span class='ocr_line' id='line_1_78' title="bbox 1109 1855 1888 1896; baseline -0.001 -9"><span class='ocrx_word' id='word_1_492' title='bbox 1109 1857 1323 1896; x_wconf 86' lang='lat' dir='ltr'>expiationem</span> <span class='ocrx_word' id='word_1_493' title='bbox 1346 1857 1602 1895; x_wconf 85' lang='lat' dir='ltr'>perpetratarum</span> <span class='ocrx_word' id='word_1_494' title='bbox 1631 1855 1809 1895; x_wconf 90' lang='lat' dir='ltr'>culparum.</span> <span class='ocrx_word' id='word_1_495' title='bbox 1833 1855 1888 1886; x_wconf 82' lang='lat' dir='ltr'>Est</span> 
     </span>
     <span class='ocr_line' id='line_1_79' title="bbox 1109 1909 1887 1950; baseline -0.001 -9"><span class='ocrx_word' id='word_1_496' title='bbox 1109 1911 1192 1941; x_wconf 86' lang='lat' dir='ltr'>enim</span> <span class='ocrx_word' id='word_1_497' title='bbox 1205 1910 1351 1941; x_wconf 84' lang='lat' dir='ltr'>caminus</span> <span class='ocrx_word' id='word_1_498' title='bbox 1361 1909 1489 1950; x_wconf 87' lang='lat' dir='ltr'>quidem</span> <span class='ocrx_word' id='word_1_499' title='bbox 1504 1918 1660 1949; x_wconf 79' lang='lat' dir='ltr'>purganS,</span> <span class='ocrx_word' id='word_1_500' title='bbox 1677 1912 1708 1940; x_wconf 86' lang='lat' dir='ltr'>et</span> <span class='ocrx_word' id='word_1_501' title='bbox 1718 1909 1887 1940; x_wconf 88' lang='lat' dir='ltr'>eliminans</span> 
     </span>
     <span class='ocr_line' id='line_1_80' title="bbox 1109 1963 1886 2004; baseline -0.001 -9"><span class='ocrx_word' id='word_1_502' title='bbox 1109 1965 1218 1995; x_wconf 83' lang='lat' dir='ltr'>sordes</span> <span class='ocrx_word' id='word_1_503' title='bbox 1232 1966 1444 2004; x_wconf 84' lang='lat' dir='ltr'>peccatorum,</span> <span class='ocrx_word' id='word_1_504' title='bbox 1455 1964 1549 2003; x_wconf 84' lang='lat' dir='ltr'>juxta</span> <span class='ocrx_word' id='word_1_505' title='bbox 1564 1963 1642 1994; x_wconf 91' lang='lat' dir='ltr'>illud</span> <span class='ocrx_word' id='word_1_506' title='bbox 1656 1963 1777 1994; x_wconf 77' lang='lat' dir='ltr'>lsaiae⁷z</span> <span class='ocrx_word' id='word_1_507' title='bbox 1794 1963 1886 2003; x_wconf 74' lang='lat' dir='ltr'>Eleqz&#39;</span> 
     </span>
     <span class='ocr_line' id='line_1_81' title="bbox 1109 2017 1886 2058; baseline -0.004 -8"><span class='ocrx_word' id='word_1_508' title='bbox 1109 2021 1137 2050; x_wconf 77' lang='lat' dir='ltr'>te</span> <span class='ocrx_word' id='word_1_509' title='bbox 1156 2019 1191 2049; x_wconf 82' lang='lat' dir='ltr'>in</span> <span class='ocrx_word' id='word_1_510' title='bbox 1207 2019 1333 2049; x_wconf 80' lang='lat' dir='ltr'>camino</span> <span class='ocrx_word' id='word_1_511' title='bbox 1346 2018 1565 2058; x_wconf 76' lang='lat' dir='ltr'>paupertatis.</span> <span class='ocrx_word' id='word_1_512' title='bbox 1585 2017 1675 2055; x_wconf 83' lang='lat' dir='ltr'>Quod</span> <span class='ocrx_word' id='word_1_513' title='bbox 1691 2017 1831 2048; x_wconf 87' lang='lat' dir='ltr'>maxime</span> <span class='ocrx_word' id='word_1_514' title='bbox 1848 2017 1886 2048; x_wconf 88' lang='lat' dir='ltr'>de</span> 
     </span>
     <span class='ocr_line' id='line_1_82' title="bbox 1109 2072 1886 2112; baseline -0.001 -10"><span class='ocrx_word' id='word_1_515' title='bbox 1109 2072 1163 2103; x_wconf 89' lang='lat' dir='ltr'>illa</span> <span class='ocrx_word' id='word_1_516' title='bbox 1187 2072 1322 2112; x_wconf 83' lang='lat' dir='ltr'>intelligi</span> <span class='ocrx_word' id='word_1_517' title='bbox 1357 2072 1453 2102; x_wconf 84' lang='lat' dir='ltr'>habet</span> <span class='ocrx_word' id='word_1_518' title='bbox 1484 2073 1689 2111; x_wconf 83' lang='lat' dir='ltr'>paupertate,</span> <span class='ocrx_word' id='word_1_519' title='bbox 1717 2079 1790 2111; x_wconf 85' lang='lat' dir='ltr'>quae</span> <span class='ocrx_word' id='word_1_520' title='bbox 1821 2079 1886 2101; x_wconf 91' lang='lat' dir='ltr'>non</span> 
     </span>
     <span class='ocr_line' id='line_1_83' title="bbox 1109 2125 1884 2164; baseline -0.003 -8"><span class='ocrx_word' id='word_1_521' title='bbox 1109 2128 1234 2157; x_wconf 90' lang='lat' dir='ltr'>tantum</span> <span class='ocrx_word' id='word_1_522' title='bbox 1250 2126 1446 2156; x_wconf 88' lang='lat' dir='ltr'>voluntatem</span> <span class='ocrx_word' id='word_1_523' title='bbox 1467 2125 1602 2155; x_wconf 87' lang='lat' dir='ltr'>interius</span> <span class='ocrx_word' id='word_1_524' title='bbox 1617 2133 1672 2164; x_wconf 89' lang='lat' dir='ltr'>per</span> <span class='ocrx_word' id='word_1_525' title='bbox 1687 2133 1796 2155; x_wconf 87' lang='lat' dir='ltr'>rerum</span> <span class='ocrx_word' id='word_1_526' title='bbox 1809 2133 1884 2155; x_wconf 91' lang='lat' dir='ltr'>eon-</span> 
     </span>
     <span class='ocr_line' id='line_1_84' title="bbox 1109 2178 1887 2220; baseline -0.001 -11"><span class='ocrx_word' id='word_1_527' title='bbox 1109 2181 1265 2220; x_wconf 85' lang='lat' dir='ltr'>temptum</span> <span class='ocrx_word' id='word_1_528' title='bbox 1289 2179 1408 2217; x_wconf 78' lang='lat' dir='ltr'>afficit,</span> <span class='ocrx_word' id='word_1_529' title='bbox 1436 2188 1549 2209; x_wconf 82' lang='lat' dir='ltr'>verum</span> <span class='ocrx_word' id='word_1_530' title='bbox 1574 2178 1670 2209; x_wconf 88' lang='lat' dir='ltr'>etiam</span> <span class='ocrx_word' id='word_1_531' title='bbox 1695 2186 1810 2218; x_wconf 82' lang='lat' dir='ltr'>corpus</span> <span class='ocrx_word' id='word_1_532' title='bbox 1831 2186 1887 2217; x_wconf 88' lang='lat' dir='ltr'>per</span> 
     </span>
     <span class='ocr_line' id='line_1_85' title="bbox 1109 2231 1887 2273; baseline -0.004 -9"><span class='ocrx_word' id='word_1_533' title='bbox 1109 2233 1277 2273; x_wconf 86' lang='lat' dir='ltr'>penuriam</span> <span class='ocrx_word' id='word_1_534' title='bbox 1292 2232 1417 2272; x_wconf 77' lang='lat' dir='ltr'>affligit.</span> <span class='ocrx_word' id='word_1_535' title='bbox 1435 2232 1477 2263; x_wconf 89' lang='lat' dir='ltr'>De</span> <span class='ocrx_word' id='word_1_536' title='bbox 1493 2241 1558 2272; x_wconf 90' lang='lat' dir='ltr'>qua</span> <span class='ocrx_word' id='word_1_537' title='bbox 1573 2231 1749 2271; x_wconf 84' lang='lat' dir='ltr'>Gregorius</span> <span class='ocrx_word' id='word_1_538' title='bbox 1771 2231 1803 2262; x_wconf 90' lang='lat' dir='ltr'>in</span> <span class='ocrx_word' id='word_1_539' title='bbox 1824 2231 1887 2262; x_wconf 91' lang='lat' dir='ltr'>ho-</span> 
     </span>
     <span class='ocr_line' id='line_1_86' title="bbox 1109 2285 1886 2324; baseline -0.004 -6"><span class='ocrx_word' id='word_1_540' title='bbox 1109 2287 1196 2318; x_wconf 87' lang='lat' dir='ltr'>milia</span> <span class='ocrx_word' id='word_1_541' title='bbox 1223 2287 1261 2319; x_wconf 84' lang='lat' dir='ltr'>de</span> <span class='ocrx_word' id='word_1_542' title='bbox 1283 2287 1408 2318; x_wconf 76' lang='lat' dir='ltr'>Lazaro</span> <span class='ocrx_word' id='word_1_543' title='bbox 1433 2289 1462 2318; x_wconf 82' lang='lat' dir='ltr'>et</span> <span class='ocrx_word' id='word_1_544' title='bbox 1481 2286 1586 2318; x_wconf 77' lang='lat' dir='ltr'>divite</span> <span class='ocrx_word' id='word_1_545' title='bbox 1601 2285 1611 2302; x_wconf 85' lang='lat'>⁸</span> <span class='ocrx_word' id='word_1_546' title='bbox 1628 2297 1635 2316; x_wconf 90' lang='lat'><strong>:</strong></span> <span class='ocrx_word' id='word_1_547' title='bbox 1654 2297 1669 2314; x_wconf 88' lang='lat'>«</span> <span class='ocrx_word' id='word_1_548' title='bbox 1684 2285 1776 2324; x_wconf 82' lang='lat' dir='ltr'>Mala,</span> <span class='ocrx_word' id='word_1_549' title='bbox 1791 2296 1806 2313; x_wconf 70' lang='grc' dir='ltr'><strong>η</strong></span> <span class='ocrx_word' id='word_1_550' title='bbox 1833 2285 1886 2315; x_wconf 90' lang='lat' dir='ltr'>in-</span> 
     </span>
     <span class='ocr_line' id='line_1_87' title="bbox 1109 2339 1886 2382; baseline -0.005 -10"><span class='ocrx_word' id='word_1_551' title='bbox 1109 2341 1189 2382; x_wconf 78' lang='lat' dir='ltr'>quit,</span> <span class='ocrx_word' id='word_1_552' title='bbox 1211 2340 1342 2371; x_wconf 82' lang='lat' dir='ltr'>«Lazari</span> <span class='ocrx_word' id='word_1_553' title='bbox 1360 2340 1609 2380; x_wconf 78' lang='lat' dir='ltr'>purgavitignis</span> <span class='ocrx_word' id='word_1_554' title='bbox 1619 2339 1746 2379; x_wconf 60' lang='lat' dir='ltr'>inopiae,</span> <span class='ocrx_word' id='word_1_555' title='bbox 1758 2341 1788 2370; x_wconf 87' lang='lat' dir='ltr'>et</span> <span class='ocrx_word' id='word_1_556' title='bbox 1802 2339 1886 2369; x_wconf 88' lang='lat' dir='ltr'>hona</span> 
     </span>
     <span class='ocr_line' id='line_1_88' title="bbox 1109 2394 1884 2426; baseline -0.005 0"><span class='ocrx_word' id='word_1_557' title='bbox 1109 2395 1215 2426; x_wconf 88' lang='lat' dir='ltr'>divitis</span> <span class='ocrx_word' id='word_1_558' title='bbox 1231 2395 1448 2426; x_wconf 87' lang='lat' dir='ltr'>remuneravit</span> <span class='ocrx_word' id='word_1_559' title='bbox 1467 2394 1597 2425; x_wconf 85' lang='lat' dir='ltr'>felicitas</span> <span class='ocrx_word' id='word_1_560' title='bbox 1617 2394 1691 2424; x_wconf 82' lang='lat' dir='ltr'>vitae</span> <span class='ocrx_word' id='word_1_561' title='bbox 1714 2396 1884 2424; x_wconf 83' lang='lat' dir='ltr'>transeun-</span> 
     </span>
     <span class='ocr_line' id='line_1_89' title="bbox 1108 2446 1884 2489; baseline -0.004 -10"><span class='ocrx_word' id='word_1_562' title='bbox 1108 2449 1160 2479; x_wconf 90' lang='lat' dir='ltr'>tis.</span> <span class='ocrx_word' id='word_1_563' title='bbox 1179 2448 1271 2479; x_wconf 85' lang='lat' dir='ltr'>illum</span> <span class='ocrx_word' id='word_1_564' title='bbox 1292 2451 1463 2489; x_wconf 79' lang='lat' dir='ltr'>paupertas</span> <span class='ocrx_word' id='word_1_565' title='bbox 1477 2448 1604 2486; x_wconf 80' lang='lat' dir='ltr'>afflixit,</span> <span class='ocrx_word' id='word_1_566' title='bbox 1622 2450 1653 2478; x_wconf 88' lang='lat' dir='ltr'>et</span> <span class='ocrx_word' id='word_1_567' title='bbox 1667 2447 1770 2484; x_wconf 86' lang='lat' dir='ltr'>tersit;</span> <span class='ocrx_word' id='word_1_568' title='bbox 1787 2446 1884 2476; x_wconf 88' lang='lat' dir='ltr'>istum</span> 
     </span>
     <span class='ocr_line' id='line_1_90' title="bbox 1109 2499 1885 2540; baseline -0.005 -7"><span class='ocrx_word' id='word_1_569' title='bbox 1109 2503 1305 2533; x_wconf 85' lang='lat' dir='ltr'>abundantia</span> <span class='ocrx_word' id='word_1_570' title='bbox 1327 2502 1558 2540; x_wconf 86' lang='lat' dir='ltr'>remuneravit,</span> <span class='ocrx_word' id='word_1_571' title='bbox 1589 2504 1618 2532; x_wconf 89' lang='lat' dir='ltr'>et</span> <span class='ocrx_word' id='word_1_572' title='bbox 1647 2500 1774 2540; x_wconf 83' lang='lat' dir='ltr'>repulit.</span> <span class='ocrx_word' id='word_1_573' title='bbox 1803 2499 1885 2536; x_wconf 83' lang='lat' dir='ltr'>Qui-</span> 
     </span>
     <span class='ocr_line' id='line_1_91' title="bbox 1109 2552 1882 2596; baseline -0.006 -9"><span class='ocrx_word' id='word_1_574' title='bbox 1109 2565 1248 2596; x_wconf 82' lang='lat' dir='ltr'>cumque</span> <span class='ocrx_word' id='word_1_575' title='bbox 1276 2565 1354 2596; x_wconf 85' lang='lat' dir='ltr'>ergo</span> <span class='ocrx_word' id='word_1_576' title='bbox 1383 2556 1417 2586; x_wconf 91' lang='lat' dir='ltr'>in</span> <span class='ocrx_word' id='word_1_577' title='bbox 1445 2556 1504 2586; x_wconf 81' lang='lat' dir='ltr'>hae</span> <span class='ocrx_word' id='word_1_578' title='bbox 1532 2555 1595 2586; x_wconf 90' lang='lat' dir='ltr'>vita</span> <span class='ocrx_word' id='word_1_579' title='bbox 1629 2554 1709 2584; x_wconf 89' lang='lat' dir='ltr'>bene</span> <span class='ocrx_word' id='word_1_580' title='bbox 1740 2552 1882 2592; x_wconf 84' lang='lat' dir='ltr'>habetis,</span> 
     </span>
    </p>
   </div>
   <div class='ocr_carea' id='block_1_6' title="bbox 1109 2638 1884 2707">
    <p class='ocr_par' dir='ltr' id='par_1_7' title="bbox 1109 2638 1884 2707">
     <span class='ocr_line' id='line_1_92' title="bbox 1109 2638 1884 2670; baseline -0.003 -6"><span class='ocrx_word' id='word_1_581' title='bbox 1109 2641 1119 2657; x_wconf 80' lang='lat'><strong>⁶</strong></span> <span class='ocrx_word' id='word_1_582' title='bbox 1136 2642 1141 2665; x_wconf 91' lang='lat' dir='ltr'>l</span> <span class='ocrx_word' id='word_1_583' title='bbox 1161 2641 1232 2670; x_wconf 60' lang='lat' dir='ltr'>Tim„</span> <span class='ocrx_word' id='word_1_584' title='bbox 1243 2647 1268 2670; x_wconf 85' lang='lat' dir='ltr'>v,</span> <span class='ocrx_word' id='word_1_585' title='bbox 1283 2643 1321 2664; x_wconf 78' lang='lat'>10.</span> <span class='ocrx_word' id='word_1_586' title='bbox 1335 2653 1365 2658; x_wconf 93' lang='lat'>—</span> <span class='ocrx_word' id='word_1_587' title='bbox 1381 2642 1390 2655; x_wconf 72' lang='lat'>⁶</span> <span class='ocrx_word' id='word_1_588' title='bbox 1407 2640 1506 2669; x_wconf 63' lang='lat' dir='ltr'>Mami„</span> <span class='ocrx_word' id='word_1_589' title='bbox 1522 2645 1580 2669; x_wconf 77' lang='lat' dir='ltr'>xm,</span> <span class='ocrx_word' id='word_1_590' title='bbox 1595 2640 1634 2662; x_wconf 81' lang='grc'>46.</span> <span class='ocrx_word' id='word_1_591' title='bbox 1649 2651 1675 2655; x_wconf 93' lang='grc'>-</span> <span class='ocrx_word' id='word_1_592' title='bbox 1690 2638 1700 2655; x_wconf 79' lang='lat'><em>⁷</em></span> <span class='ocrx_word' id='word_1_593' title='bbox 1715 2638 1775 2669; x_wconf 80' lang='lat' dir='ltr'>1sa.,</span> <span class='ocrx_word' id='word_1_594' title='bbox 1789 2644 1884 2669; x_wconf 65' lang='lat' dir='ltr'>xuni,</span> 
     </span>
     <span class='ocr_line' id='line_1_93' title="bbox 1111 2675 1704 2707; baseline -0.007 -5"><span class='ocrx_word' id='word_1_595' title='bbox 1111 2677 1148 2702; x_wconf 80' lang='grc'>10.</span> <span class='ocrx_word' id='word_1_596' title='bbox 1160 2690 1191 2695; x_wconf 95' lang='lat'>—</span> <span class='ocrx_word' id='word_1_597' title='bbox 1206 2677 1215 2693; x_wconf 72' lang='lat'>³</span> <span class='ocrx_word' id='word_1_598' title='bbox 1230 2677 1317 2707; x_wconf 70' lang='lat' dir='ltr'>Greg.,</span> <span class='ocrx_word' id='word_1_599' title='bbox 1333 2677 1358 2700; x_wconf 82' lang='lat' dir='ltr'>in</span> <span class='ocrx_word' id='word_1_600' title='bbox 1374 2677 1480 2707; x_wconf 60' lang='lat' dir='ltr'>Eranq„</span> <span class='ocrx_word' id='word_1_601' title='bbox 1495 2675 1565 2699; x_wconf 84' lang='lat' dir='ltr'>hom.</span> <span class='ocrx_word' id='word_1_602' title='bbox 1581 2680 1624 2702; x_wconf 67' lang='lat' dir='ltr'>XL,</span> <span class='ocrx_word' id='word_1_603' title='bbox 1639 2681 1664 2699; x_wconf 89' lang='lat' dir='ltr'>n.</span> <span class='ocrx_word' id='word_1_604' title='bbox 1682 2675 1704 2699; x_wconf 80' lang='lat'>6.</span> 
     </span>
    </p>
   </div>
   <div class='ocr_carea' id='block_1_7' title="bbox 1140 2724 1801 2757">
    <p class='ocr_par' dir='ltr' id='par_1_8' title="bbox 1140 2724 1801 2757">
     <span class='ocr_line' id='line_1_94' title="bbox 1140 2724 1801 2757; baseline 0 -7"><span class='ocrx_word' id='word_1_605' title='bbox 1140 2727 1172 2756; x_wconf 71' lang='lat' dir='ltr'>(a)</span> <span class='ocrx_word' id='word_1_606' title='bbox 1189 2726 1260 2757; x_wconf 73' lang='lat' dir='ltr'>Apud</span> <span class='ocrx_word' id='word_1_607' title='bbox 1273 2727 1338 2757; x_wconf 75' lang='lat' dir='ltr'>Auy.</span> <span class='ocrx_word' id='word_1_608' title='bbox 1353 2725 1497 2750; x_wconf 83' lang='lat' dir='ltr'>didicimus.</span> <span class='ocrx_word' id='word_1_609' title='bbox 1512 2738 1543 2743; x_wconf 91' lang='lat'>—</span> <span class='ocrx_word' id='word_1_610' title='bbox 1559 2724 1592 2755; x_wconf 83' lang='lat' dir='ltr'>(b)</span> <span class='ocrx_word' id='word_1_611' title='bbox 1608 2725 1669 2749; x_wconf 78' lang='lat' dir='ltr'>Item</span> <span class='ocrx_word' id='word_1_612' title='bbox 1686 2724 1801 2750; x_wconf 81' lang='lat' dir='ltr'>Faciunt.</span> 
     </span>
    </p>
   </div>
  </div>
 </body>
</html>
