2029 3052
392 338 569 395 LAUS
612 338 858 394 BEATAE
904 337 1214 394 VIRGINIS
1257 327 1535 425 MARIAE¹

824 622 1096 660 ARGUMENTUM

726 706 785 742 (Em
801 706 866 734 edit.
883 706 1029 739 Vaticana,
1045 713 1092 733 om.
1111 705 1202 741 ¹596.)

200 787 407 832 Opuseulum
420 786 494 830 hoc,
512 787 600 832 quod
614 789 705 821 Laus
720 788 834 821 Beatoe
849 787 970 822 Mczrz'oe
985 787 1184 832 appellatur,
1203 787 1443 822 Salutationem
1458 788 1654 832 Angelicam
1670 789 1773 823 conti-

155 850 223 889 net,
237 845 359 879 scilicet
369 845 437 879 Ave
446 845 559 879 Maria
572 859 582 878 ε
594 845 640 879 ita
656 849 778 888 tamen,
790 849 828 879 ut
835 845 933 891 juxta
943 845 1092 890 singulas
1103 846 1229 880 litteras
1240 847 1388 892 ejusdem
1399 847 1524 881 octonis
1535 847 1685 881 versibus
1696 847 1773 881 Vir-

158 904 245 949 ginis
259 903 374 938 laudes
388 904 529 938 celebret
543 904 681 947 Auctor,
698 908 729 938 et
745 915 1022 950 unumquemque
1038 905 1246 938 octonarium
1263 905 1413 939 ordiatur
1428 918 1447 939 a
1462 906 1579 940 litteris
1594 905 1772 939 Salutatio-

156 963 208 996 nis
223 962 402 1006 Angelicae,
417 962 521 996 donee
536 966 604 997 tota
618 963 835 1009 compleatur.
858 963 1022 997 Praeterea
1042 963 1269 997 novemdecim
1291 976 1387 999 sacrae
1404 965 1585 1010 Scripturae
1599 965 1679 999 locis
1693 965 1773 999 Bea-

163 1021 324 1056 tissimam
339 1021 398 1055 Dei
413 1021 605 1066 genitricem
620 1021 759 1056 Mariam
774 1022 867 1056 docet
882 1022 1126 1066 adumbratam,
1143 1027 1181 1056 ut
1195 1034 1234 1057 ex
1249 1027 1406 1058 contextu
1423 1028 1570 1069 apparet.

1121 1249 1207 1285 Virgo
1222 1257 1346 1277 manens
1363 1249 1488 1285 illibata,

1120 1298 1173 1324 Per
1189 1298 1215 1324 te
1230 1296 1329 1332 nobis,
1345 1298 1433 1325 Mater
1446 1297 1561 1332 Christi,

1120 1345 1166 1371 Est
1180 1343 1296 1379 perdita
1311 1343 1371 1372 vita
1386 1344 1465 1372 data.

1154 1391 1321 1420 Almissima
1338 1394 1407 1420 sunt
1417 1392 1541 1427 viscera,

314 1249 373 1276 Ave
384 1247 499 1276 coeleste
513 1247 620 1280 lilium,

278 1297 337 1324 Ave
352 1302 423 1323 rosa
437 1293 582 1331 speciosa,

278 1344 337 1370 Ave
351 1343 440 1370 Mater
453 1341 624 1375 humilium,

278 1390 395 1426 Superis
410 1390 581 1427 imperiosa,

276 1437 392 1466 Deitatis
406 1437 576 1473 triclinium,

279 1485 337 1512 Hae
352 1484 382 1512 in
397 1484 475 1513 valle
490 1485 704 1521 lacrymarum,

277 1532 318 1560 Da
334 1531 439 1566 robur,
454 1531 499 1560 fer
513 1532 670 1567 auxilium,

276 1579 298 1607 Ο
315 1579 480 1606 excusatrix
493 1579 660 1615 culparum.

311 1625 400 1661 Virgo
416 1625 467 1661 pia
480 1625 543 1654 sine
558 1634 642 1662 pare,

276 1672 410 1701 Gabriele
425 1673 589 1709 nuntiante,

276 1721 346 1753 Quae
360 1719 492 1747 meruisti
506 1722 626 1756 portare

277 1766 433 1801 Christum,
450 1766 531 1795 Flatu
546 1775 631 1796 sacro
646 1767 744 1796 flante.

276 1814 364 1849 Virgo
377 1816 495 1850 partum
508 1816 585 1850 post,
599 1817 628 1843 et
642 1817 720 1850 ante,

276 1860 433 1896 Refugium
444 1861 606 1897 singulare,

277 1909 335 1936 Hac
348 1907 379 1935 in
392 1907 453 1936 vita
469 1908 637 1944 vacillante,

275 1956 352 1983 Tuos
367 1963 469 1983 servos
485 1956 649 1984 consolare.

311 2004 384 2030 Eece
399 2004 496 2038 stupet
509 2002 689 2039 humanitas,

276 2049 364 2084 Quod
378 2050 416 2077 sis
431 2050 519 2085 Virgo
534 2058 693 2087 puerpera.

275 2097 353 2125 Scire
368 2097 470 2133 nequit
483 2097 625 2133 fragilitas

275 2144 372 2172 Tantae
386 2143 500 2172 virtutis
512 2152 613 2180 opera.

1119 1442 1189 1474 Quae
1204 1440 1320 1468 Domini
1336 1442 1404 1468 sunt
1419 1440 1570 1469 conclave.

1118 1486 1306 1516 sanctissima
1321 1489 1388 1515 sunt
1402 1487 1506 1522 ubera,

1118 1535 1187 1568 Quae
1200 1534 1288 1568 suxit,
1303 1536 1331 1562 et
1344 1534 1391 1562 lae
1403 1542 1505 1568 suave,

1118 1583 1181 1615 Quo
1196 1580 1329 1609 laetatur.
1346 1582 1446 1617 Mater,
1461 1585 1531 1615 Ave,

1117 1630 1186 1662 Quae
1204 1636 1332 1663 regnans
1345 1636 1433 1664 super
1449 1628 1557 1663 sidera,

1117 1677 1266 1711 perpetuae
1281 1675 1384 1703 mortis
1399 1683 1416 1703 a
1431 1683 1475 1703 vae

1118 1725 1174 1750 Nos
1187 1725 1214 1750 et
1228 1730 1246 1750 a
1260 1722 1340 1750 malo
1356 1722 1461 1750 libera.

1154 1771 1231 1797 Rosa
1246 1769 1366 1805 decens,
1379 1777 1448 1798 rosa
1462 1770 1587 1804 munda,

1119 1819 1195 1845 Rosa
1209 1824 1311 1845 reeens
1326 1817 1389 1845 sine
1404 1818 1500 1853 spina,

1116 1865 1194 1892 Rosa
1208 1865 1317 1892 florens
1332 1866 1360 1892 et
1374 1864 1515 1900 secunda,

1118 1913 1193 1939 Rosa
1208 1911 1303 1946 gratia
1318 1911 1421 1940 divina

1116 1959 1202 1987 Facta
1216 1958 1360 1986 coelorum
1374 1958 1488 1994 regina,

1117 2007 1181 2033 Non
1196 2007 1249 2039 est,
1264 2013 1319 2033 nec
1333 2006 1387 2033 erit
1402 2005 1534 2034 secunda

1117 2052 1192 2087 Tibi,
1207 2052 1250 2080 rei
1267 2052 1427 2088 medicina,

1119 2100 1228 2128 Nostris
1243 2100 1345 2136 eoeptis
1361 2100 1543 2128 obsecunda.

1152 2148 1183 2174 In
1198 2147 1354 2182 Scripturis
1368 2147 1496 2182 figurata

277 2190 361 2218 Fides
375 2191 584 2219 transcendens
599 2191 718 2227 aethera,

276 2237 436 2266 Confitetur
450 2240 478 2266 et
492 2238 608 2274 veritaS,

276 2286 317 2312 Ex
330 2286 367 2318 te,
379 2286 473 2312 mater
486 2285 663 2321 Christifera,

278 2334 404 2360 Carnem
418 2332 543 2367 sumpsit
558 2333 707 2362 Divinitas.

310 2380 399 2407 Mater
413 2379 530 2413 Natum,
544 2381 658 2408 Patrem
672 2382 754 2416 Nata,

275 2425 365 2455 Stella
384 2425 483 2454 Solem
507 2426 645 2462 genuisti,

274 2474 440 2502 Increatum
453 2481 499 2501 res
512 2475 621 2508 creata,

274 2522 396 2549 Fontem
408 2521 489 2548 rivus
500 2520 631 2555 emisisti,

275 2569 330 2597 Vas
344 2568 481 2604 Figulum
495 2568 634 2604 peperisti

184 2632 190 2647 ¹
205 2631 244 2661 Cf.
262 2631 326 2656 Edit.
342 2632 473 2663 Argentin.
489 2639 531 2655 an.
551 2633 620 2662 1495,
634 2634 699 2663 part.
717 2633 750 2662 ΙΙ;
770 2633 830 2657 edit.
847 2634 928 2659 Vatia.

152 2675 191 2693 sin.
215 2668 289 2698 1596,
307 2669 369 2692 tom.
395 2668 443 2698 VI,
464 2675 521 2699 pag.
546 2669 604 2698 491;
626 2669 687 2693 edit.
708 2669 772 2694 Veu.
792 2677 832 2693 an.
859 2671 929 2700 1611,

989 2638 1053 2660 toln.
1072 2636 1107 2666 113
1127 2635 1188 2659 edit.
1213 2636 1292 2665 Lugnl.
1309 2643 1350 2660 an.
1363 2637 1433 2665 1⁶47,
1450 2638 1511 2659 tom.

992 2672 1067 2702 Veii-7
1083 2678 1124 2696 an.
1142 2672 1212 2704 1754,
1226 2674 1287 2697 tom.
1306 2672 1443 2703 X111‚pag.
1459 2672 1512 2695 353.

1115 2194 1208 2222 Multis
1223 2194 1296 2221 locis
1312 2193 1487 2228 ostenderis,

1115 2240 1331 2276 AEnigmatibus
1345 2243 1518 2276 monstrata,

1115 2289 1208 2316 Sacris
1223 2290 1255 2316 ut
1268 2290 1348 2323 patet
1363 2288 1475 2323 litteris,

1115 2336 1367 2363 Testamentorum
1379 2335 1487 2363 veteris

1116 2384 1147 2410 Et
1162 2382 1233 2409 novi
1246 2383 1312 2417 jure
1327 2383 1451 2418 praelata

1114 2429 1284 2457 Mulieribus
1298 2430 1418 2465 caeteris,

1115 2477 1208 2512 Super
1222 2483 1326 2504 omnes
1341 2476 1465 2504 elevata.

1150 2525 1221 2552 Ante
1236 2524 1341 2552 mundi
1354 2524 1500 2560 originem

1115 2574 1151 2600 Te
1167 2572 1309 2600 Dominus
1325 2572 1484 2605 ordinavit,

1563 2643 1619 2667 pag.
1636 2638 1693 2667 '¹933
1709 2637 1769 2660 coir.
