2029 3052
237 202 297 232 432

236 266 417 308 Dionysius,
435 267 483 299 est
503 266 554 300 vis
567 265 705 304 unitiva,
720 266 752 296 et
765 264 793 295 si
813 264 883 295 haec
897 263 1015 295 locutio

236 321 284 352 est
300 329 377 352 vera
390 329 448 361 per
471 330 521 360 se,
544 319 722 352 necessario
741 317 905 359 sequitur,
930 316 1015 358 quod

236 375 395 416 perfectus
409 374 463 406 Dei
486 383 577 405 amor
595 373 731 414 perfecte
750 371 882 403 inclinat
901 379 1013 402 arnan-

236 430 302 460 tem
315 429 355 460 ad
371 438 467 460 omne
479 428 558 460 illud
568 452 576 467 ,
589 436 644 468 per
658 426 744 468 quod
759 424 1013 463 convenientius,

235 483 383 514 intimius
399 484 430 514 et
442 482 576 514 celerius
591 483 698 513 amato
723 481 822 521 possit
835 479 922 511 uniri
937 489 944 509 :
961 478 1015 510 sed

235 537 316 568 nihil
333 538 394 576 est,
419 537 506 578 quod
527 536 634 576 magis
655 535 805 576 disponit,
825 535 862 565 ut
882 533 1016 565 celerius

236 595 267 625 et
280 593 426 625 intimius
441 593 573 633 spiritus
596 591 747 630 hominis,
764 591 798 622 in
821 592 905 622 statu
927 598 1014 620 mor-

235 646 363 678 talitatis
379 647 529 686 existens,
551 646 684 678 uniatur
705 643 878 676 immortali
903 644 934 673 et
953 642 1015 672 im-

236 700 378 741 passibili
388 700 463 740 Deo,
478 709 578 741 quam
590 697 779 731 sustinentia
793 696 905 728 mortis
919 695 1016 726 illatae

236 756 365 794 propter
379 754 537 786 honorem
553 753 605 785 Dei
617 764 624 784 ;
636 761 764 784 necesse
777 754 824 782 est
836 750 937 789 igitur
949 757 1017 789 per-

237 807 317 839 fecte
339 811 502 839 amantem
530 808 590 838 hoc
620 805 817 843 desiderare,
843 805 1015 843 antequam

236 861 317 894 illud
341 862 501 900 obtineat,
524 862 556 892 et
575 869 649 891 cum
673 857 858 896 obtinuerit,
881 857 1017 897 perfecte

236 915 351 947 laetari.
371 914 461 946 Unde
475 916 506 946 et
524 914 563 945 de
582 913 741 954 Apostolis
763 912 879 944 dicitur
894 912 915 949 ¹,
931 911 1016 952 quod

236 969 328 1002 ibant
342 969 518 1010 gaudentes
544 977 565 1000 α
586 971 755 1008 conspectu
775 966 917 1004 concilii,
941 973 1017 1006 quo-

237 1024 329 1056 niam
360 1023 455 1064 diqm‘
479 1023 584 1055 habiti
607 1026 683 1054 sunt
711 1029 768 1062 pro
795 1021 922 1053 nomine
944 1019 1017 1051 Jeszc

236 1077 462 1110 contumeliam
475 1077 558 1117 paci.
576 1076 644 1116 Ipse
663 1075 750 1106 enim
765 1083 865 1112 amor,
884 1076 920 1105 ut
943 1073 1018 1104 dicit

237 1130 352 1170 Hugo,
382 1131 432 1163 vis
460 1132 506 1161 est
531 1129 799 1161 transformativa.
828 1127 887 1166 Qui
914 1127 1018 1166 igitur

237 1185 400 1217 Christum
425 1185 562 1226 perfecte
586 1186 684 1222 amat,
712 1182 874 1223 praecipuo
901 1181 1017 1212 mentis

237 1239 353 1270 affectu
377 1238 480 1269 eidem
504 1237 699 1277 configurari
726 1237 888 1277 peroptat,
912 1235 945 1265 in
967 1234 1017 1265 his

237 1293 439 1333 potissimum
452 1301 526 1332 quae
541 1292 651 1323 divina
664 1291 717 1322 lex
730 1290 835 1321 dictat.
850 1289 910 1320 Sed
921 1289 1017 1319 conti-

237 1346 367 1386 guratio
393 1346 432 1377 ad
464 1346 625 1376 Christum
661 1344 822 1384 praecipue
855 1342 1017 1374 salvandis

239 1400 433 1431 conveniens
448 1399 480 1430 in
496 1401 580 1430 statu
590 1397 755 1439 praesentis
768 1396 905 1427 miseriae
920 1398 1018 1426 atten—

238 1453 324 1484 ditur
339 1453 514 1485 secundum
530 1452 792 1484 assimilationem
814 1451 845 1481 111
871 1450 1017 1491 passione

237 1508 268 1538 et
283 1509 396 1545 morte,
412 1507 506 1538 Petro
525 1508 703 1544 attestante,
729 1506 784 1546 qui
810 1505 854 1535 ait
868 1506 903 1535 ³:
931 1504 1017 1536 Clu-i-

237 1563 307 1593 stus
321 1568 379 1601 pro
401 1561 492 1593 nobis
507 1568 623 1600 passus
642 1564 699 1598 cst,
720 1559 809 1592 vobis
833 1558 1017 1599 relinquens

238 1615 430 1654 exemplum,
448 1617 481 1646 ut
496 1615 678 1654 sequamini
695 1613 832 1653 aestima
845 1613 926 1652 ejus.
952 1612 1017 1643 1100

237 1669 338 1709 igitur
352 1671 399 1700 est
413 1669 451 1700 ad
467 1669 552 1709 quod
565 1668 767 1699 inclinatione
778 1667 939 1707 praecipua
949 1676 1017 1706 per-

236 1722 325 1753 sectae
340 1722 504 1753 charitatis
517 1722 611 1753 ardor
626 1722 815 1758 inflammat,
832 1722 926 1759 juxta
939 1720 1017 1751 illud

238 1776 440 1807 Canticorum
455 1776 488 1806 ³:
513 1776 621 1808 Fortis
643 1779 689 1807 est
712 1778 749 1807 ut
770 1782 853 1806 mors
876 1773 1016 1812 dilectio,

238 1829 323 1862 dura
336 1831 420 1862 sicut
430 1829 580 1869 infernus
586 1829 763 1866 (enudatio,
777 1827 940 1867 lampades
950 1827 1018 1866 ejus

237 1883 399 1923 lampades
415 1885 502 1924 ignis
523 1886 619 1923 atque
633 1883 848 1923 flammarum.
866 1881 951 1912 Idem
967 1881 1016 1911 ni-

238 1937 411 1969 hilominus
429 1947 533 1975 amor,
556 1939 593 1968 ut
616 1937 690 1968 dicit
706 1936 892 1973 Richardus,
911 1936 957 1965 cst
971 1934 1019 1965 vis

238 1991 409 2022 liberaliter
423 1992 585 2023 (lilfusiva.
606 1991 663 2021 Ubi
681 1991 782 2029 igitur
801 1991 958 2030 perfectus
972 1991 1019 2020 est

238 2054 340 2084 amor,
367 2045 409 2076 ibi
425 2048 456 2077 et
479 2045 616 2085 perfecta
639 2044 784 2082 diffusio,
808 2043 860 2074 vel
886 2046 970 2080 actu,
993 2043 1018 2073 si

240 2099 461 2139 opportunitas
476 2099 575 2136 adest,
593 2098 655 2136 vel,
673 2098 698 2127 si
714 2107 778 2128 non
793 2097 891 2134 adest,
908 2097 1018 2128 saltem

239 2152 396 2183 desiderio
414 2152 519 2192 pleno.
545 2152 623 2183 Cum
647 2151 750 2190 igitur
770 2151 896 2181 traditio
920 2151 969 2181 sui
986 2150 1019 2181 111

242 2208 378 2237 mortem
403 2216 460 2246 pro
485 2206 621 2245 alicujus
646 2214 755 2236 amore
779 2205 820 2235 sit
842 2205 1021 2236 diffusionis

242 2260 463 2300 permaxime,
480 2268 606 2290 neccsse
622 2260 669 2289 est
690 2259 863 2298 perfectum
883 2259 1018 2289 charita-

241 2314 280 2344 tis
295 2322 438 2344 amorem
455 2313 494 2343 ad
510 2313 541 2343 id
555 2313 707 2352 aspirare,
721 2313 815 2351 juxta
837 2312 915 2343 illud
933 2313 1019 2352 quod

242 2366 378 2397 habetur
393 2367 426 2397 in
440 2366 560 2397 Joanne
576 2366 585 2381 ⁴
603 2377 609 2396 2
633 2365 787 2404 Majorcm
809 2365 866 2397 hac
881 2365 1020 2398 dilectio-

241 2429 314 2452 nem
322 2428 412 2453 nemo
425 2420 527 2458 habet,
539 2422 575 2452 ut
586 2420 730 2451 (0111110111
740 2427 831 2451 suam,
839 2421 1019 2460 ponatquz's

241 2483 298 2514 pro
314 2475 429 2506 amicis
445 2475 526 2506 suis.
545 2473 677 2503 Mortem
695 2473 801 2512 itaque
824 2482 880 2512 pro
896 2473 1019 2504 Christo

242 2528 433 2567 desiderare,
459 2527 554 2559 morti
569 2536 602 2557 se
627 2535 684 2566 pro
703 2526 824 2556 Christo
845 2536 1016 2566 exponere,

277 2628 365 2657 1,-11-Ι.,
380 2628 459 2650 1.-11.
475 2639 498 2643 —-
516 2626 544 2648 ‘-‘l
561 2626 642 2653 mna,
658 2630 687 2652 11,
703 2625 741 2647 21.
754 2637 781 2640 —
799 2626 807 2639 ³
823 2626 907 2654 Canu,
926 2632 978 2655 1111,
994 2628 1017 2649 G.

243 2662 383 2691 -ι]ιιιιῃ.,
401 2668 442 2687 xv,
460 2663 498 2685 113.
510 2674 540 2678 -—
553 2661 561 2674 ⁵
577 2661 648 2689 Auge,
666 2659 691 2682 in
705 2660 788 2688 down,
806 2662 877 2683 tract.
895 2667 936 2688 Lx,
952 2668 977 2684 n.
994 2663 1016 2684 ii.

241 2709 271 2714 —
291 2698 301 2713 ὅ
316 2699 400 2727 doun„
421 2704 471 2727 vll,
491 2700 510 2721 1.
527 2709 554 2713 -—
575 2697 584 2712 '¹
606 2697 679 2725 Aug„
696 2694 720 2717 in
737 2695 818 2723 doum,
837 2698 908 2720 [ruet.
925 2702 1018 2726 xxvnl,

818 194 1027 228 APOLOGIAE
1049 194 1268 228 PAUPERUM

1072 265 1104 295 et
1115 263 1149 294 in
1159 264 1272 295 mortis
1284 273 1390 305 agone
1411 265 1565 305 gaudere,
1577 266 1667 297 actus
1679 267 1729 297 est
1741 265 1848 298 chari-

1071 317 1146 348 tatis
1160 318 1320 356 perfectae.
1344 318 1443 350 Porro
1466 321 1603 351 mortem
1625 319 1738 359 fugere
1758 311 1848 351 aetiis

1071 373 1119 402 est
1133 371 1391 412 imperfectionis,
1407 375 1563 414 quantum
1575 373 1653 404 inse
1667 374 1731 412 est;
1745 374 1848 414 potest

1072 427 1180 457 tamen
1198 426 1239 457 ad
1259 427 1484 467 perfectionem
1502 427 1611 459 reduci
1632 436 1689 467 per
1708 426 1848 458 eircum-

1072 479 1222 510 stantiam
1236 481 1483 521 superadditam,
1501 481 1584 513 sicut
1600 480 1848 513 determinatum

1072 536 1120 566 est
1134 544 1232 575 supra
1247 544 1256 566 z
1271 537 1381 576 utpote
1395 545 1470 567 cum
1491 536 1562 576 quis
1582 536 1642 568 hoc
1663 536 1748 574 facit,
1764 537 1801 567 ut
1815 544 1849 567 se

1072 590 1215 620 reservet
1228 588 1267 620 ad
1281 589 1504 629 gloriosiorem
1527 589 1744 631 triumphum,
1767 589 1850 621 sicut

1072 641 1157 681 fugit
1171 642 1352 683 Apostolus,
1370 643 1422 674 vel
1436 652 1510 675 cum
1524 643 1557 675 id
1572 643 1641 684 agit
1651 643 1692 674 ad
1707 642 1850 683 praeben·

1072 694 1150 726 dum
1164 695 1300 728 infirmis
1314 697 1381 738 spei
1404 697 1565 737 solatium,
1582 706 1635 736 ne,
1651 697 1730 729 dum
1746 698 1849 728 morte

1072 749 1261 781 imminente
1275 751 1433 791 trepidare
1453 760 1486 782 se
1507 751 1661 790 sentiunt,
1685 750 1720 782 in
1739 750 1850 791 despe-

1072 804 1229 836 rationem
1250 804 1407 836 labantur.
1435 805 1471 837 Et
1496 805 1557 836 hac
1578 806 1701 837 ratione
1726 805 1849 845 fugisse

1072 859 1247 891 credendus
1257 862 1306 891 est
1324 860 1477 899 Christus,
1497 869 1561 892 non
1585 869 1627 891 ex
1645 859 1849 892 vehementia

1072 913 1206 952 timoris,
1221 913 1275 945 sed
1287 923 1327 945 ex
1341 914 1484 954 benigna
1496 914 1760 946 condescensione
1774 922 1847 954 per-

1072 966 1251 998 fectissimae
1274 967 1447 1006 charitatis,
1466 968 1562 1007 juxta
1583 967 1670 1007 quod
1693 967 1767 998 dicit
1780 967 1847 998 Au-

1075 1020 1226 1059 gustinus
1242 1020 1273 1051 ⁵:
1291 1032 1305 1049 11
1324 1020 1514 1051 Firmissimi
1529 1021 1605 1051 sunt
1623 1019 1802 1058 Christiani,
1823 1018 1850 1050 si

1073 1073 1127 1113 qui
1142 1076 1228 1112 sunt,
1245 1074 1300 1114 qui
1312 1083 1518 1114 nequaquam
1538 1075 1641 1105 morte
1661 1073 1850 1104 imminente

1073 1127 1255 1159 turbantur.
1278 1127 1340 1159 Sed
1353 1128 1510 1168 numquid
1526 1127 1649 1159 Christo
1670 1126 1848 1158 firmiores?

1074 1180 1150 1218 Quis
1163 1181 1224 1212 hoc
1238 1181 1460 1212 insanissimus
1474 1182 1612 1213 dixerit?
1625 1180 1706 1219 Quid
1717 1182 1762 1212 est
1770 1189 1849 1220 ergo

1073 1235 1158 1274 quod
1173 1234 1224 1266 ille
1243 1235 1390 1266 turbatus
1409 1237 1468 1274 est,
1484 1235 1546 1266 nisi
1561 1235 1637 1276 quia
1656 1235 1801 1266 infirmos
1816 1235 1848 1265 in

1073 1297 1132 1319 5110
1151 1297 1293 1329 corpore,
1313 1289 1343 1320 id
1363 1291 1421 1327 est,
1445 1289 1477 1319 in
1499 1288 1646 1327 Ecclesia,
1669 1297 1737 1319 suae
1758 1288 1847 1318 infir—

1074 1343 1193 1374 mitatis
1216 1343 1398 1374 voluntaria
1429 1343 1646 1383 assumptione
1670 1342 1850 1374 consolatus

1073 1399 1120 1427 est
1136 1406 1143 1427 :
1158 1399 1194 1427 ut
1208 1396 1234 1427 si
1251 1397 1307 1436 qui
1322 1405 1455 1428 suorum
1472 1399 1574 1427 morte
1587 1396 1776 1427 imminente
1785 1397 1850 1427 tur-

1073 1450 1203 1489 bantur,
1221 1450 1327 1490 ipsum
1342 1450 1375 1480 in
1392 1450 1505 1490 spiritu
1520 1450 1716 1488 intueantur,
1734 1458 1774 1480 ne
1789 1449 1850 1480 hoc

1073 1504 1142 1544 ipso
1167 1514 1199 1535 se
1218 1506 1365 1545 putantes
1385 1504 1549 1544 reprobOS,
1573 1505 1681 1544 peJore
1700 1503 1847 1544 despera-

1073 1559 1167 1590 tionis
1196 1561 1297 1590 morte
1318 1558 1573 1589 absorbeantur?
1588 1568 1602 1587 1>
1621 1556 1697 1588 Haec
1718 1558 1848 1597 Augus-

1074 1613 1171 1644 tinus.
1189 1613 1312 1651 Quibus
1333 1613 1403 1644 luce
1427 1613 1543 1644 clarius
1558 1613 1746 1651 ostenditur,
1764 1612 1849 1652 quod

1074 1667 1106 1697 in
1123 1668 1266 1707 passione
1285 1667 1452 1707 trepidare,
1470 1675 1652 1706 quanquam
1672 1666 1712 1697 sit
1729 1666 1847 1706 imper-

1074 1721 1204 1759 fectum,
1221 1721 1342 1752 nullam
1355 1723 1461 1751 tamen
1478 1721 1509 1750 in
1525 1720 1646 1750 Christo
1662 1719 1849 1750 condescen-

1073 1775 1166 1806 dente
1175 1775 1444 1815 imperfectionem
1457 1774 1556 1814 ponit,
1569 1773 1622 1805 sed
1634 1774 1665 1804 in
1677 1773 1722 1804 eis
1733 1773 1847 1812 solum,

1074 1829 1190 1870 quibus
1203 1829 1270 1869 ipse
1285 1828 1516 1860 condescendit.

1114 1882 1266 1913 Similiter
1278 1882 1373 1913 ctiam
1389 1882 1427 1913 dc
1443 1882 1532 1921 fuga,
1550 1890 1646 1921 super
1661 1881 1739 1912 illud
1753 1880 1850 1912 «101111-

1074 1936 1145 1967 nis⁶
1162 1947 1169 1967 :
1187 1936 1260 1970 Non
1275 1937 1360 1968 enim
1384 1935 1504 1968 volebat
1524 1935 1560 1967 in
1581 1934 1727 1967 Judoeam
1742 1934 1850 1967 ambu-

1075 1990 1152 2028 lare,
1169 1990 1282 2021 astruit
1297 1998 1364 2021 csse
1379 1989 1592 2020 sentiendum.
1613 2000 1628 2018 (ι
1643 1988 1667 2020 F
1669 1991 1813 2027 uturum,
1830 1998 1844 2016 11

1075 2045 1179 2085 inquit
1191 2048 1213 2082 ⁷,
1235 2055 1249 2073 (ι
1260 2046 1327 2075 erat
1342 2046 1377 2074 ut
1398 2043 1514 2083 aliquis
1528 2042 1629 2074 fidelis
1643 2042 1849 2073 absconderet

1075 2107 1118 2137 sc,
1136 2107 1176 2129 110
1188 2107 1207 2128 a
1216 2097 1471 2138 persecutoribus
1481 2096 1697 2134 inveniretur3
1713 2098 1744 2127 et
1754 2105 1794 2126 ne
1803 2095 1848 2126 illi

1075 2161 1132 2192 pro
1147 2152 1280 2182 crimine
1296 2151 1486 2191 objiceretur
1498 2150 1677 2188 latibulum,
1690 2149 1850 2190 praeccssit

1074 2205 1107 2236 in
1124 2205 1225 2245 capite
1240 2205 1325 2245 quod
1341 2204 1375 2235 in
1389 2204 1543 2235 membris
1558 2204 1813 2235 confirmaretur.
1830 2213 1844 2231 1)

1076 2258 1161 2290 1110111
1179 2268 1319 2299 quoque,
1336 2267 1433 2298 super
1448 2258 1525 2289 illud
1542 2257 1658 2289 Psalmi
1672 2260 1682 2277 ⁸
1700 2269 1706 2289 z
1722 2257 1847 2293 Quoad-

1074 2320 1173 2352 usque
1178 2312 1317 2351 justitia
1327 2315 1530 2344 convertatur
1539 2312 1575 2343 in
1581 2311 1764 2351 judicium:
1779 2323 1792 2340 «
1801 2310 1848 2341 In-

1074 2366 1202 2404 firmos,
1229 2366 1333 2406 inquit
1348 2366 1369 2403 9,
1391 2366 1424 2396 in
1446 2374 1479 2395 50
1503 2366 1717 2405 praefigurans
1740 2364 1847 2395 Domi-

1074 2429 1147 2458 nus,
1168 2420 1200 2451 id
1224 2422 1271 2450 est
1290 2419 1495 2450 intirmorum
1517 2427 1685 2458 personam
1709 2426 1844 2457 gerens,

1074 2474 1198 2513 illisque
1221 2473 1416 2513 compatiens
1430 2497 1438 2511 ,
1454 2473 1497 2503 ait
1509 2472 1530 2489 ¹⁰
1547 2483 1553 2503 τ
1576 2472 1727 2504 Transeat
1740 2471 1784 2502 ad
1798 2479 1845 2503 me

1073 2527 1161 2559 calix·
1177 2528 1249 2560 iste.
1277 2526 1345 2558 Non
1359 2528 1443 2557 enim
1459 2526 1589 2557 timebat.
1603 2525 1755 2556 Dominus
1769 2525 1844 2564 pati,

1075 2582 1165 2612 tertia
1180 2581 1229 2612 (110
1247 2583 1500 2618 resurrecturus,
1522 2589 1594 2610 cum
1615 2579 1739 2609 arderet
1759 2578 1845 2610 Pau-

1073 2668 1099 2685 n.
1115 2664 1138 2686 2.
1160 2675 1185 2679 -—
1201 2663 1209 2675 ⁸
1228 2662 1296 2685 Psal.
1315 2668 1387 2691 xmu,
1413 2663 1447 2685 15.
1466 2673 1494 2677 —
1510 2661 1607 2690 ²'A1151.,
1628 2660 1714 2685 Enarr.
1733 2661 1758 2684 in
1778 2661 1843 2686 Psal.

1073 2703 1147 2728 xcui,
1163 2705 1188 2722 11.
1207 2700 1282 2722 111-
1299 2699 1317 2714 ¹⁹
1332 2697 1433 2728 inatile,
1448 2702 1519 2725 xxvi,
1534 2698 1573 2720 39.
