2029 3052
257 202 316 232 450

255 267 335 300 dens
361 266 403 299 sit
425 265 640 307 imperfectus.
662 264 712 296 Ex
731 263 792 296 hoc
815 266 924 295 autem
947 263 1034 304 quod

256 320 333 353 dicit
347 319 622 361 imperfectionem
631 326 700 350 esse
708 319 848 357 reatum,
858 326 929 349 rem
942 326 1036 349 mun-

257 375 298 406 do
312 374 521 414 conformem,
533 375 564 405 et
574 373 637 405 Deo
649 372 880 413 displicentem,
896 380 1036 412 sequun-

257 430 312 460 tur
333 429 543 460 absurditates
563 427 755 458 innumerae.
773 425 854 457 Nam
873 434 947 457 cum
967 425 1036 457 vir-

260 483 314 514 tus
324 506 332 522 ,
350 482 488 514 charitas
502 483 533 513 et
543 480 668 522 justitia
685 479 856 521 aliquando
870 479 912 510 sit
922 479 1038 520 imper-

259 536 340 567 fecta
353 559 361 574 ‚
383 535 443 567 erit
463 544 544 575 ergo
566 534 668 566 reatui
691 534 852 572 obnoxia,
868 532 1038 565 conformis

261 589 403 629 mundo,
426 591 458 621 et
476 589 647 630 displicens
672 588 749 620 Deo.
774 587 943 628 Amplius,
964 595 1039 618 cum

261 643 370 684 ipsum
389 643 583 684 conjugium
597 643 637 674 de
653 651 713 674 sua
727 642 851 673 ratione
864 641 905 672 sit
918 641 1039 681 imper-

260 697 393 737 fectum,
410 697 589 729 necessario
603 696 759 737 sequitur,
777 696 864 736 quod
878 695 919 726 sit
931 694 1039 734 culpa-

261 751 336 790 bile,
353 753 384 782 et
398 751 568 792 displicens
581 751 656 782 Deo.
671 750 733 781 Sed
748 751 779 780 et
792 748 943 790 pudicitia
962 756 1042 779 con-

258 805 402 845 jugalis,
426 814 502 836 cum
521 805 560 836 sit
579 804 763 845 imperfecta
777 804 923 843 respectu
937 801 1041 842 virgi-

262 859 354 897 nalis,
377 858 439 890 erit
460 858 523 889 Deo
545 857 715 898 displicens
726 881 734 894 ‚
750 866 787 888 ac
802 866 858 897 per
872 856 934 887 hoc
945 857 1041 896 juxta

262 911 475 943 Manichaeum
502 920 568 942 non
588 911 649 942 erit
669 910 912 942 matrimonium
936 918 955 940 a
980 909 1042 941 Deo

263 965 457 996 institutum.
487 965 647 996 Praeterea
668 965 695 995 si
720 964 825 995 omnis
846 963 1043 1004 imperfectio

264 1018 298 1049 in
314 1019 480 1050 artificiato
501 1018 614 1050 artifici
637 1018 800 1059 displicet,
818 1020 853 1049 ut
876 1017 928 1048 hic
949 1018 1045 1047 teme-

263 1073 348 1104 rarie
363 1073 494 1112 asserit,
511 1082 585 1104 cum
605 1072 714 1104 omnia
727 1081 746 1102 a
761 1071 824 1103 Deo
838 1072 943 1102 creata
956 1071 1045 1110 prius

263 1126 448 1167 imperfecta
470 1126 600 1165 fuerint,
616 1135 714 1166 quam
729 1125 877 1166 perfecta,
894 1124 1045 1155 universa

264 1180 299 1210 in
321 1189 389 1211 suae
409 1179 628 1220 productionis
644 1179 800 1220 principio
815 1178 1046 1218 displicuerunt

266 1233 427 1265 Conditori
444 1243 502 1266 suo
519 1243 526 1265 :
543 1233 598 1264 sed
613 1233 720 1264 nullus
737 1233 895 1273 sapienter
911 1241 1046 1272 operans

266 1289 414 1330 producit
433 1289 519 1330 quod
539 1289 598 1319 sibi
615 1288 774 1328 displicct;
801 1287 946 1327 sequitur
965 1296 1046 1326 ergo

267 1343 353 1383 quod
378 1343 482 1384 prima
497 1352 605 1374 rerum
620 1352 718 1382 opera
733 1351 797 1373 non
812 1344 887 1372 sunt
902 1351 920 1372 a
936 1341 998 1371 Deo
1014 1341 1046 1371 in

267 1397 422 1437 sapientia
445 1398 537 1428 facta.
564 1397 602 1428 Et
625 1397 700 1436 quia
720 1397 790 1427 haec
819 1395 1048 1427 absurdissima

268 1455 356 1488 sunt,
372 1450 437 1489 illa,
453 1460 493 1482 ex
508 1451 626 1491 quibus
641 1451 832 1490 sequuntur,
850 1448 1048 1489 repudianda

268 1506 343 1536 sunt
358 1507 512 1545 tanquam
528 1513 673 1542 erronea,
690 1506 721 1534 et
735 1513 776 1534 ex
794 1502 873 1533 falso
889 1502 1048 1534 intellectu

269 1558 516 1598 imperfectionis
539 1557 758 1599 procedentia,
778 1557 860 1587 sicut
875 1557 907 1587 iu
930 1566 1049 1596 prcece-

270 1612 421 1643 dentibus
443 1614 586 1653 patenter
610 1612 818 1643 ostendimus
841 1610 903 1642 Sed
918 1620 975 1642 nee
990 1611 1049 1642 ista

270 1666 657 1706 contentiosodisputatori
673 1665 847 1696 sufficiunt.
856 1664 934 1695 Nam
946 1664 1050 1695 adhuc

271 1720 461 1760 prudentem
482 1720 588 1751 virum
604 1721 757 1759 tanquam
776 1718 976 1758 perfectionis
991 1718 1050 1749 lio-

272 1775 352 1804 stem
375 1773 566 1814 insequitur.
590 1773 710 1812 Arguit
735 1772 821 1803 enim
844 1782 850 1802 :
879 1783 893 1800 «
917 1772 1049 1812 Sijeju-

272 1827 365 1858 nium
389 1827 512 1859 solvere
536 1829 583 1858 est
600 1826 840 1866 imperfectum,
867 1834 970 1864 seneS,
995 1826 1050 1865 qui

268 1881 415 1920 ,ieiunare
429 1890 493 1911 non
509 1882 650 1920 possunt,
666 1880 699 1910 iu
714 1879 987 1919 imperfectionem
1001 1879 1048 1910 la-

271 1935 402 1966 buntur.
433 1934 586 1965 Similiter
609 1936 639 1964 et
661 1942 792 1973 corpore
820 1933 990 1963 imbecilles
1015 1933 1049 1963 in

272 1989 391 2019 virtute
402 1988 598 2026 decrescunt,
615 1996 689 2018 cum
699 1990 804 2017 tamen
815 1987 897 2017 dicat
912 1987 1050 2026 Aposto-

272 2042 325 2073 lus
340 2043 360 2080 ¹,
381 2041 465 2082 quod
486 2042 591 2073 virtus
608 2042 643 2073 in
661 2041 854 2079 infirmitate
866 2041 1048 2081 perficitur.

275 2095 420 2136 Insuper,
438 2095 522 2135 quod
538 2094 696 2125 solventes
711 2094 873 2133 jejunium
891 2094 923 2124 in
938 2095 1052 2125 dicbus

276 2149 442 2180 dominicis
453 2173 461 2187 ,
478 2149 654 2179 secundum
677 2148 863 2179 mandatum
879 2158 1050 2188 canonum,

277 2202 451 2242 imperfecti
466 2205 570 2233 erunt.
585 2213 599 2230 »
618 2202 674 2233 11ae
687 2205 762 2233 sunt
785 2203 890 2242 itaque
915 2203 1053 2234 rationes

276 2256 377 2296 ipsius
392 2256 425 2286 in
438 2256 555 2295 quibus
570 2265 635 2287 non
650 2259 715 2286 tam
730 2257 815 2295 ejus,
833 2256 883 2287 cui
901 2257 1053 2288 adversa-

277 2311 341 2347 tur,
355 2309 526 2349 impugnat
537 2310 737 2347 seutentiam,
752 2310 971 2349 quamjejuuii
984 2320 1055 2341 san-

277 2363 417 2393 ctitatem
435 2363 616 2402 perfectam.
636 2363 715 2394 Cum
730 2363 817 2394 enim
834 2363 944 2394 nullus
959 2366 1054 2395 etiam

277 2415 339 2446 hoc
360 2416 510 2454 senserit,
526 2416 611 2456 quod
638 2416 753 2447 solutio
770 2417 885 2457 Jejunii
902 2427 943 2448 ex
957 2418 1053 2449 ratio-

278 2469 376 2499 nabili
389 2479 485 2501 causa
500 2470 682 2510 perfectioni
699 2473 873 2510 repugnet,
890 2474 946 2502 aut
969 2481 1056 2511 prze-

278 2523 351 2554 fatae
375 2524 514 2555 rationes
538 2524 669 2555 omniuo
685 2526 760 2554 sunt
778 2524 901 2555 frivolae
914 2548 922 2562 ,
945 2528 1002 2556 aut
1016 2536 1056 2557 ex

279 2576 339 2607 hoc
356 2577 511 2617 imperitis
522 2578 672 2609 videntur
689 2578 877 2617 probabiles,
892 2579 968 2619 quia
983 2580 1055 2610 nul-

312 2658 318 2673 ¹
335 2658 353 2681 ll
370 2659 438 2688 Com,
455 2665 502 2689 λιι,
516 2661 538 2683 9.
551 2671 580 2676 —
596 2660 604 2674 2
622 2658 733 2688 ised.‚1'n
752 2658 809 2681 Luc.
825 2671 853 2675 —
870 2659 879 2675 ³
894 2662 1012 2691 August„
1028 2660 1057 2684 ‹lt¹

282 2693 339 2716 lton.
356 2694 438 2724 C‘*‘¹.l'-2
455 2703 476 2718 e.
494 2702 547 2724 xxi,
563 2702 588 2718 n.
608 2696 644 2718 25.

839 194 1050 228 APOLOGIAE.
1073 195 1205 229 PAUPE
1210 195 1293 228 RUM

1088 263 1158 296 lum
1179 262 1382 305 perfectionis
1408 271 1490 304 opus
1509 263 1571 303 est,
1589 264 1676 304 quod
1697 263 1863 298 intermitti

1089 319 1193 358 potest
1214 318 1304 350 salva
1323 317 1515 358 perfectione
1522 328 1531 356 ;
1553 326 1591 349 ac
1614 327 1672 358 per
1691 318 1772 358 hoc,
1790 319 1869 360 quia

1087 371 1251 412 jejunium
1265 371 1356 404 salva
1370 372 1559 412 perfectione
1573 372 1739 404 intermitti
1754 374 1869 414 potest,

1091 425 1238 456 concludi
1254 435 1344 466 posse
1358 425 1497 464 videtur,
1517 425 1602 467 quod
1616 435 1682 457 non
1695 426 1737 458 sit
1749 426 1788 458 de
1801 435 1871 467 per-

1092 478 1236 509 fectionis
1264 478 1459 518 integritate.
1487 479 1527 511 Et
1553 480 1707 520 quoniam
1733 480 1795 511 hac
1816 489 1870 512 ra-

1093 531 1182 563 tione
1195 532 1235 563 ad
1249 532 1527 572 impugnationem
1542 533 1744 573 perfectionis
1753 533 1787 565 in
1797 543 1873 566 con-

1094 585 1303 625 sequentibus
1330 586 1512 626 frequenter
1532 596 1566 618 se
1585 587 1707 625 munit,
1728 587 1800 619 ideo
1812 611 1820 626 ,
1836 589 1874 620 ut

1095 639 1156 670 hac
1171 648 1237 671 una
1251 640 1459 680 responsione
1473 640 1689 681 sophisticatio
1700 641 1803 682 ipsius
1813 641 1875 674 dis-

1095 693 1259 734 solvatur,
1283 695 1404 736 ubique
1428 696 1570 735 prudens
1595 695 1695 727 lector
1719 695 1873 735 advertet,

1096 747 1182 788 quod
1197 751 1287 780 actus
1304 748 1343 780 ad
1361 749 1584 789 perfectionem
1598 750 1785 790 spectantes,
1801 749 1874 790 qui-

1096 801 1170 832 dam
1185 804 1260 833 sunt
1273 802 1438 834 intrinseci
1454 805 1485 834 et
1499 803 1692 842 essentiales,
1709 805 1876 844 tamquam

1097 856 1272 887 secundum
1292 865 1326 887 se
1343 856 1484 896 perfecti,
1500 859 1531 888 et
1545 857 1728 897 perfectivi3
1745 857 1876 897 quidam

1098 911 1206 940 autem
1229 912 1305 941 sunt
1330 911 1524 949 exteriores,
1552 912 1585 942 et
1608 910 1648 942 ad
1676 910 1877 950 perfectionis

1098 963 1370 1003 complementum
1384 963 1650 995 adminiculantes
1668 965 1700 994 et
1723 964 1878 995 exercita-

1099 1017 1178 1054 tivi,
1203 1016 1372 1048 ethorum
1396 1016 1527 1057 quidam
1552 1019 1687 1057 possunt
1710 1017 1878 1049 intermitti

1099 1079 1158 1110 pro
1180 1070 1248 1101 loco
1269 1073 1301 1102 et
1320 1072 1463 1111 tempore
1478 1070 1567 1103 salva
1579 1071 1789 1112 perfectione,
1803 1071 1879 1112 qui-

1101 1124 1175 1155 dam
1191 1127 1312 1163 autem,
1329 1125 1390 1156 nisi
1407 1133 1464 1165 pro
1487 1125 1556 1156 loco
1573 1127 1604 1156 et
1624 1127 1766 1166 tempore
1783 1125 1879 1157 inter-

1101 1178 1329 1216 termittantur,
1347 1187 1422 1210 cum
1436 1178 1626 1218 perfectione
1635 1180 1719 1210 stare
1731 1188 1797 1210 non
1809 1188 1880 1220 pos-

1102 1234 1186 1262 sunt.
1203 1231 1291 1263 Unde
1307 1231 1390 1263 Beda
1403 1240 1499 1272 super
1513 1232 1651 1264 Lucam²
1662 1242 1673 1264 :
1689 1243 1705 1262 α
1717 1232 1795 1270 Quis
1810 1241 1880 1264 nes-

1102 1286 1163 1316 ciat
1182 1285 1306 1316 viscera
1321 1285 1564 1325 misericordiae,
1580 1286 1800 1326 benigitatem,
1821 1287 1880 1318 hu-

1102 1339 1290 1377 militatem,
1319 1340 1522 1380 patieutiam,
1547 1339 1743 1380 castitatem,
1771 1342 1803 1372 et
1829 1340 1880 1372 his

1103 1392 1238 1431 similia,
1255 1392 1323 1423 sine
1347 1392 1412 1424 ulla
1436 1395 1619 1434 temporum
1634 1393 1878 1434 intercapedine,

1105 1446 1250 1477 fidelibus
1274 1455 1341 1477 esse
1369 1446 1554 1477 servanda?
1576 1446 1617 1478 At
1644 1456 1721 1478 vero
1749 1447 1878 1483 famem,

1105 1500 1201 1539 sitim,
1214 1499 1352 1539 vigilias,
1365 1500 1556 1540 nuditatem,
1572 1499 1752 1540 lectionem,
1768 1501 1882 1533 oratio-

1105 1562 1190 1591 nem,
1220 1553 1362 1584 laborem
1387 1554 1563 1594 operandi,
1585 1556 1617 1585 et
1639 1557 1753 1586 caetera
1772 1555 1882 1596 hujus-

1106 1607 1193 1638 modi
1212 1608 1237 1638 si
1258 1608 1330 1648 quis
1354 1617 1480 1648 semper
1501 1608 1688 1648 exequenda
1709 1609 1880 1649 putaverit,

1106 1662 1224 1693 horum
1246 1671 1279 1692 se
1299 1663 1405 1693 fructu
1424 1662 1572 1702 privabit.
1593 1673 1608 1691 »
1628 1662 1694 1694 Iloc
1715 1663 1809 1694 Beda.
1833 1662 1882 1693 Ad

1106 1716 1167 1746 hoc
1190 1716 1295 1756 ipsum
1317 1716 1389 1746 facit
1411 1715 1496 1755 quod
1518 1715 1593 1746 dicit
1617 1716 1827 1756 Augustinus,
1844 1715 1883 1747 de

1108 1770 1193 1801 Bono
1208 1769 1373 1809 conjwau·
1386 1769 1396 1785 ³
1412 1778 1422 1800 :
1441 1780 1455 1798 «
1470 1768 1623 1808 Habebat,
1641 1770 1761 1810 inquit,
1778 1769 1883 1801 Timo-

1107 1823 1202 1854 theus
1213 1823 1367 1854 virtutem
1379 1823 1561 1854 continendi
1575 1833 1594 1854 a
1607 1823 1696 1862 vino,
1710 1833 1807 1864 quam
1819 1832 1883 1855 non

1107 1877 1135 1908 ei
1151 1877 1282 1908 abstulit
1297 1877 1415 1908 Paulus
1430 1877 1601 1916 monendo,
1618 1880 1653 1908 ut
1667 1877 1744 1908 vino
1760 1877 1884 1909 modico

1108 1933 1263 1968 uteretur,
1282 1934 1411 1971 propter
1425 1932 1639 1970 stomachum,
1656 1933 1687 1962 et
1705 1931 1885 1972 frequentes

1109 1994 1183 2015 suas
1198 1985 1398 2016 infirmitates
1414 1996 1421 2016 z
1442 1985 1587 2026 alioquin
1602 1986 1778 2026 perniciose
1792 1986 1883 2017 doce-

1109 2039 1181 2075 bat,
1207 2042 1242 2070 ut
1269 2042 1397 2079 propter
1421 2040 1556 2071 salutem
1579 2040 1719 2080 corporis
1742 2040 1833 2071 fieret
1852 2039 1886 2070 in

1110 2093 1216 2124 auimo
1243 2093 1398 2124 damnum
1427 2093 1569 2131 virtutis;
1595 2094 1650 2124 sed
1670 2093 1746 2134 quia
1764 2095 1888 2134 poterat

1110 2155 1147 2177 ea
1162 2146 1280 2177 virtute
1294 2146 1383 2177 salva
1398 2146 1468 2177 fieri
1488 2147 1573 2186 quod
1587 2147 1753 2185 monebat,
1775 2147 1818 2178 ita
1835 2156 1888 2178 re-

1110 2200 1216 2231 laxata
1231 2202 1277 2231 est
1296 2200 1420 2240 corpori
1435 2200 1554 2231 utilitas
1567 2201 1710 2238 bibendi,
1728 2202 1764 2232 ut
1778 2210 1887 2232 mane—

1111 2256 1159 2285 ret
1172 2255 1204 2284 in
1218 2254 1325 2285 animo
1341 2253 1468 2285 habitus
1492 2254 1686 2285 continendi.
1703 2265 1718 2283 n
1737 2253 1812 2285 Haec
1826 2254 1889 2285 Au-

1111 2308 1272 2347 gustinus.
1310 2308 1358 2339 Ex
1387 2308 1507 2348 quibus
1537 2310 1680 2348 patenter
1713 2307 1886 2347 colligitur,

1112 2362 1197 2401 quod
1216 2370 1296 2401 opus
1321 2362 1451 2393 virtutis
1472 2361 1640 2392 intermitti
1654 2362 1756 2401 potest
1771 2362 1888 2393 virtute

1112 2417 1220 2456 salva,
1241 2427 1277 2448 ac
1299 2427 1355 2458 per
1378 2418 1439 2448 hoc
1463 2417 1558 2448 etiam
1578 2426 1658 2457 opus
1676 2416 1887 2456 perfectionis,

1113 2472 1181 2511 ipsa
1217 2471 1407 2511 perfectione
1442 2472 1577 2502 servata.
1609 2470 1657 2501 Ad
1695 2470 1888 2510 palliandam

1113 2534 1243 2565 quoque
1266 2525 1493 2556 absurditatem
1514 2524 1564 2555 sui
1585 2523 1753 2562 dogmatis,
1770 2524 1827 2563 qui
1839 2525 1890 2564 je-

1111 2580 1245 2620 junium
1257 2589 1276 2610 a
1291 2580 1480 2619 perfectione
1499 2580 1697 2618 sequestrare
1715 2579 1887 2618 contendit,

1116 2643 1171 2664 sex
1202 2634 1397 2664 differentias
1428 2632 1628 2673 jejuniorum
1663 2631 1889 2672 distinguendo

1117 2688 1284 2719 subnectit.
1300 2688 1379 2719 Dicit
1391 2687 1476 2718 enim
1486 2684 1572 2725 quod
1586 2694 1643 2716 sex
1655 2686 1757 2717 modis
1770 2688 1890 2718 contin-
