2029 3052
246 267 306 298 1180

244 340 379 369 egressus
399 331 528 362 claustra
546 331 692 368 virginea,
717 339 786 361 cum
809 331 856 360 his
880 332 1024 369 pacificus

244 379 338 409 factus
348 381 391 409 est
400 379 510 415 incola,
520 387 538 408 a
548 379 658 416 quibus
671 386 829 416 perpessus
843 379 919 408 dura
934 379 971 416 (a)
982 381 1026 408 est

243 427 370 456 verbera
389 437 396 456 :
417 427 498 455 unde
519 426 612 462 digna
631 434 673 461 es,
687 434 706 454 ο
717 426 804 462 Virgo
818 433 977 464 puerpera,
992 429 1026 456 ut

243 474 342 502 omnis
362 475 497 502 creatura
518 474 546 501 te
565 475 732 509 veneretur,
753 475 782 502 et
800 473 959 502 benedicat
979 473 1024 502 di-

243 528 312 550 cens
331 529 338 548 :
359 522 430 556 Ave,
445 519 546 555 Maria,
557 521 612 548 etc.

278 567 308 604 ¹3¹-
324 569 356 596 Et
370 567 476 596 beatus
489 568 602 602 venter,
618 567 670 603 qui
684 568 711 596 te
726 568 865 604 portavit,
881 570 935 597 etc.

278 616 301 643 Ο
314 614 403 650 igitur
418 613 499 642 alma
515 613 604 650 Virgo
618 610 718 649 Maria,
737 616 826 643 Mater
841 614 890 643 Dei
911 615 1023 651 dignis-

240 661 326 696 sima,
341 669 397 698 pro
412 661 510 697 nobis,
527 669 708 698 quaesumuS‚
723 661 905 690 intercedere
918 662 1025 698 digne-

240 709 290 744 ris,
314 710 347 737 ut
361 710 496 737 sanctum
513 708 713 745 propositum,
737 708 820 745 quod
847 710 904 737 Deo
928 709 1021 746 inspi-

239 758 322 784 rante
339 756 541 792 concepimus,
563 755 603 784 ad
624 756 762 784 eflectum
783 755 941 784 salubriter
955 764 1024 793 per-

241 804 349 832 ducere
370 803 525 832 valeamus
548 813 554 831 z
577 805 733 840 praestante
759 802 867 831 codem
897 803 1023 832 Domino

239 852 341 879 nostro
353 852 421 879 Jesu
431 850 543 879 Christo
553 849 712 878 benedicto
727 849 800 878 Filio
814 851 876 885 tuo,
891 850 1022 887 quicum

240 899 323 926 Patre
338 900 366 926 et
376 897 484 935 Spiritu
499 899 612 932 sancto,
627 899 682 925 ete.

419 944 531 979 Gaude,
547 944 618 980 quia
633 944 674 972 tui
690 945 762 979 nati,

383 992 476 1026 Quem
492 991 617 1020 dolebas
632 993 759 1020 mortem
773 991 846 1028 pati,

382 1039 487 1075 Fulget
499 1039 685 1068 resurrectio.

419 1087 499 1121 lesu,
510 1086 606 1114 fructu
619 1086 654 1122 (b)
667 1087 776 1114 ventris
792 1086 842 1121 tui,
859 1088 914 1118 etc,

275 1133 447 1169 Antiphona.
461 1133 574 1169 Regina
588 1133 665 1168 coeli,
678 1135 733 1162 etc.

560 1216 696 1244 Psnuus.

350 1276 489 1305 Retribue
504 1284 602 1312 servo,
615 1279 669 1304 etc.

274 1323 386 1358 Regina
411 1323 488 1358 coeli,
509 1323 607 1352 laetare
630 1332 697 1351 cum
722 1324 820 1359 jubilo
842 1333 848 1351 :
874 1332 944 1352 nam
969 1325 1023 1361 qui

237 1370 388 1406 pendebat
400 1370 430 1398 in
445 1371 541 1398 crucis
555 1371 701 1407 patibulo,
717 1371 842 1399 surrexit
856 1379 924 1400 vere
940 1380 1019 1399 sum-

237 1425 288 1445 mo
310 1417 455 1449 diluculo,
478 1418 560 1446 omni
582 1418 682 1446 ablato
702 1420 888 1455 contemptus
909 1426 1019 1455 oppro-

237 1464 314 1492 brio.
332 1464 412 1493 Unde
426 1464 516 1500 digne
532 1465 629 1493 omnis
644 1466 747 1500 homo,
760 1474 828 1494 eum
840 1465 952 1501 gaudio
967 1465 1018 1493 tibi

237 1511 450 1547 congratulari,
466 1515 491 1540 et
508 1512 684 1541 benedicere
701 1513 800 1548 debet,
817 1513 918 1541 dicens
936 1523 941 1541 :
961 1515 1019 1541 Ave

237 1559 334 1594 Maria,
351 1561 405 1588 etc.

274 1607 302 1635 κ’,
316 1609 348 1635 Et
363 1607 467 1636 beatus
481 1610 591 1642 venter,
606 1611 659 1636 etc.

272 1655 294 1681 Ο
310 1654 399 1689 igitur
416 1655 526 1689 Regina
543 1655 608 1682 cuzli
625 1656 809 1690 dignissima,
826 1664 879 1684 ora
895 1664 949 1692 pro
969 1664 1019 1684 no-

237 1701 282 1728 bis
296 1702 387 1728 Deum
400 1704 427 1729 et
438 1702 595 1730 Dominum
608 1705 741 1730 nostrum
753 1704 850 1730 Jcsum
862 1703 1019 1736 Christum,

237 1750 269 1775 ut
283 1755 338 1776 nos
352 1749 575 1777 resurrectionis
592 1758 652 1777 sure
671 1749 829 1786 participes
853 1750 969 1784 eiliciat,
990 1750 1019 1777 in

237 1795 372 1830 proesenti
392 1803 445 1831 per
460 1796 598 1831 gratiam,
613 1799 640 1824 et
653 1796 682 1824 in
697 1797 793 1824 futuro
807 1805 860 1832 per
875 1797 1019 1832 gloriam:

239 1842 289 1877 qui
306 1850 386 1876 cum,
401 1845 455 1870 etc.

417 1889 517 1918 Gaude
533 1890 646 1918 Christo
661 1890 849 1926 ascendente,

385 1938 416 1964 Et
432 1938 463 1971 (r)
480 1937 509 1964 in
525 1937 646 1971 cci-lum,
661 1939 687 1965 te
704 1938 821 1965 vidente
834 1959 842 1971 ,

383 1986 461 2012 Motu
476 1985 566 2013 fertur
580 1986 713 2021 proprio.

417 2032 495 2066 Jesu,
510 2031 603 2059 fructu
615 2033 649 2068 (b)
661 2033 780 2067 ventris,
796 2035 849 2060 etc.

278 2079 445 2114 Antiphona.
462 2080 645 2115 imperatrix,
662 2082 716 2108 etc.

275 2142 309 2171 (a)
331 2142 390 2166 θινὶ.
409 2142 469 2165 edit.
496 2143 559 2166 dura
584 2149 729 2174 perpessus.
758 2143 833 2172 --(l1)
866 2144 924 2167 Item
950 2144 1022 2168 lesus

243 2178 349 2201 tructus.
362 2191 391 2195 —
403 2178 433 2209 (c)
450 2178 524 2202 Forte
539 2178 587 2209 leq).
606 2179 643 2203 [tt.

704 263 864 297 conoNA
883 236 1029 298 mm
1049 265 1189 299 MARIAE
1209 265 1400 300 wamma

1409 368 1542 396 Psnuus.

1189 431 1221 458 ln
1236 430 1449 460 convertendo.

1117 477 1292 513 imperatrix
1305 480 1334 506 et
1347 477 1454 506 mnndi
1466 476 1602 513 Domina,
1611 478 1681 506 tuus
1695 478 1782 506 natus
1796 485 1866 506 cum

1082 525 1195 560 quanta
1218 523 1326 560 gloria,
1348 526 1456 553 nostrae
1473 524 1571 553 carnis
1591 525 1710 561 sumpta
1729 525 1864 558 materia,

1082 571 1169 606 capta
1180 570 1292 606 praeda,
1307 570 1481 599 conscendit
1494 571 1618 600 aethera!
1633 570 1706 600 Hinc
1721 579 1755 600 os
1765 570 1866 600 cordis

1080 616 1206 652 plenum
1225 616 1333 652 laetitia,
1354 619 1382 646 et
1396 617 1500 654 lingua
1513 619 1615 646 nostra
1628 617 1823 652 exultatione,
1838 620 1866 646 te

1081 662 1232 692 collaudet
1245 666 1274 692 et
1285 663 1454 699 benedicat,
1470 664 1572 693 dicens
1585 674 1592 693 z
1609 667 1669 694 Ave
1684 664 1783 694 Maria.

1119 710 1147 745 ις’.
1163 711 1195 739 Et
1209 711 1314 739 beatus
1329 713 1440 747 venter,
1457 714 1511 740 etc.

1118 758 1140 785 Ο
1155 757 1244 794 igitur
1263 759 1436 795 imperatrix
1458 761 1486 788 et
1508 760 1633 788 Domina
1658 762 1759 788 nostra
1779 759 1865 788 beni-

1082 804 1236 841 gnissima,
1255 806 1322 842 jure
1343 806 1440 834 Matris
1466 806 1581 843 impera
1602 809 1652 835 tuo
1674 806 1864 835 dilectissimo

1083 851 1154 880 Filio
1170 852 1295 881 Domino
1310 856 1412 882 nostro
1426 854 1492 881 lesu
1508 853 1632 888 Christo,
1644 854 1677 881 ut
1687 855 1799 881 mentes
1810 861 1865 882 no-

1081 900 1155 927 stras
1171 899 1210 927 ab
1230 907 1332 928 amore
1352 900 1532 928 terrestrium
1545 900 1586 928 ad
1599 900 1728 929 coelestia
1743 900 1861 929 deside-

1081 946 1125 974 ria
1146 946 1259 982 erigere
1282 947 1442 983 dignetur:
1463 947 1514 984 qui
1535 947 1606 976 vivit
1628 949 1655 975 et
1676 949 1790 984 regnat,
1806 949 1860 976 etc.

1187 993 1300 1028 Gaude,
1316 1002 1382 1030 quae
1396 996 1463 1030 post
1476 994 1622 1023 Christum
1638 994 1768 1029 scandis,

1152 1041 1185 1068 Et
1199 1043 1242 1068 est
1255 1040 1351 1069 honos
1364 1041 1416 1069 tibi
1431 1040 1552 1077 grandis

1152 1088 1183 1115 ln
1197 1087 1264 1115 coeli
1278 1087 1398 1116 Palatio.

1150 1135 1229 1168 Jesu‚
1244 1134 1340 1162 fructu
1355 1134 1392 1171 (b)
1408 1134 1516 1163 ventris
1530 1135 1583 1170 tui,
1598 1136 1653 1164 etc.

1117 1181 1283 1216 Antiphona.
1300 1181 1462 1210 Advocata.

1402 1266 1539 1293 Psnuus.

1187 1323 1230 1352 Ad
1246 1326 1271 1352 te
1286 1324 1394 1352 levavi.

1114 1370 1263 1399 Advocata
1281 1371 1468 1407 miserorum,
1483 1371 1522 1400 ad
1537 1373 1565 1400 te
1579 1373 1647 1400 sunt
1662 1372 1740 1400 oculi
1755 1380 1860 1401 servo-

1077 1424 1143 1445 rum
1155 1427 1163 1452 ;
1181 1419 1207 1446 te
1222 1418 1380 1454 assumpsit
1395 1419 1455 1446 Rex
1471 1418 1626 1454 coelorum,
1643 1427 1732 1455 super
1753 1419 1862 1448 chorus

1077 1463 1264 1500 angelorum,
1279 1464 1330 1492 ubi
1347 1467 1438 1494 coetus
1452 1465 1609 1494 beatorum
1627 1468 1654 1494 te
1670 1465 1760 1502 digne
1774 1474 1863 1495 vene-

1077 1513 1158 1539 ratur
1172 1514 1199 1539 et
1214 1511 1363 1540 benedicit
1378 1513 1407 1541 in
1421 1515 1574 1550 oeternum,
1589 1513 1692 1542 dicens
1708 1522 1714 1541 :
1731 1515 1790 1542 Ave
1805 1515 1862 1542 Ma-

1078 1558 1131 1593 ria,
1146 1561 1200 1586 etc.

1115 1608 1143 1635 11¹.
1161 1609 1191 1635 Et
1207 1608 1312 1636 beatus
1328 1611 1439 1643 venter,
1454 1609 1506 1645 qui
1523 1612 1548 1637 te
1563 1609 1702 1645 portavit,
1715 1610 1769 1637 etc.

1114 1656 1136 1684 Ο
1151 1656 1238 1690 igitur
1253 1656 1466 1692 gloriosissima
1487 1656 1623 1692 Domina,
1641 1656 1756 1684 excelsa
1771 1663 1861 1692 super

1078 1702 1187 1736 sidera,
1202 1703 1336 1739 piissima
1352 1703 1498 1732 advocata
1523 1705 1635 1737 nostra,
1659 1703 1774 1739 suscipe
1795 1703 1861 1730 luu-

1079 1750 1151 1777 dum
1167 1750 1216 1786 pia
1230 1750 1412 1786 precamina,
1429 1759 1495 1787 quoe
1510 1750 1549 1779 ad
1563 1751 1709 1779 honorem
1725 1750 1860 1786 quinque

1078 1797 1237 1825 vulnerum
1253 1797 1315 1825 Filii
1331 1797 1381 1832 tui,
1398 1799 1425 1826 et
1440 1798 1478 1826 ad
1495 1797 1616 1826 laudem
1626 1798 1718 1826 sancti
1730 1796 1860 1825 nominis

1080 1844 1121 1872 tui
1137 1844 1373 1880 decantavimus;
1393 1847 1420 1872 ct
1434 1852 1489 1881 pro
1505 1844 1605 1880 nobis,
1619 1852 1800 1881 quoesumus,
1816 1843 1860 1871 in-

1080 1891 1227 1919 tercedere
1252 1891 1366 1926 festina,
1391 1893 1537 1928 quatenus
1563 1891 1751 1919 dulcissimus
1772 1889 1860 1918 Filius

1080 1939 1146 1965 tuus
1163 1938 1303 1966 Dominus
1324 1941 1423 1966 noster
1442 1940 1524 1966 Jcsus
1544 1938 1684 1973 Christus,
1705 1946 1758 1974 per
1774 1945 1860 1965 suam

1081 1992 1220 2019 magnam
1236 1985 1482 2020 misericordiam,
1499 1994 1516 2013 a
1531 1985 1656 2013 vinculis
1671 1987 1860 2021 peccatorum

1081 2034 1250 2059 nostrorum
1265 2040 1320 2060 nos
1332 2032 1446 2068 eripiat,
1464 2035 1491 2060 ct
1506 2032 1535 2059 in
1551 2040 1605 2060 suo
1621 2034 1721 2059 sancto
1738 2031 1858 2059 servitio

1081 2086 1135 2106 nos
1151 2082 1314 2113 conservet,
1335 2079 1490 2114 confortet,
1515 2087 1549 2107 ac
1571 2079 1697 2107 finaliter
1719 2086 1858 2114 perseve-

1080 2133 1145 2153 rare
1161 2126 1264 2161 faciat5
1288 2134 1357 2154 nain
1381 2129 1406 2154 te
1429 2126 1501 2154 nihil
1521 2133 1633 2162 negans
1652 2126 1789 2161 honorat,
1806 2125 1857 2162 qui

1081 2182 1147 2201 cum
1163 2176 1220 2202 [wo
1234 2176 1327 2208 Patre,
1343 2177 1396 2202 etc.
