2029 3052
552 162 602 194 DE
625 161 704 194 UNO
727 162 760 194 S.
785 161 1047 194 CONFESSORE.
1073 161 1205 194 SERMO
1229 161 1278 194 lV.

108 238 180 259 vera
194 231 236 259 est
249 229 338 259 valde
352 229 489 267 pulchra,
504 230 536 258 in
555 230 670 258 tantum
691 231 724 258 ut
742 230 835 258 homo
858 237 889 258 se

109 286 145 306 ea
158 279 252 313 ornet,
268 278 296 306 et
310 277 367 306 sibi
381 277 451 305 inde
463 277 550 306 faciat
564 278 692 312 sertum;
705 276 778 305 dum
789 278 888 306 autem

110 325 149 354 ad
163 324 265 362 pedes,
281 332 357 361 quos
371 325 472 360 turpes
486 323 586 358 habet,
602 323 707 352 oculos
721 323 821 359 flectit,
837 332 890 352 ve-

110 371 254 401 recundia
267 371 373 400 ductus
387 379 447 399 sure
461 370 664 407 turpitudinis,
675 379 747 399 mox
760 371 889 399 caudam

112 419 246 457 deponit,
275 421 304 448 et
325 420 418 448 totam
440 419 572 454 destruit,
597 427 690 456 quam
714 419 815 447 erexit.
845 419 890 447 Sic

111 467 214 502 homo,
234 474 302 495 cum
321 466 358 495 de
378 474 569 504 quocumque
595 467 677 495 hono
698 466 843 503 superbit,
868 466 891 494 si

113 514 216 542 oeulos
226 522 296 542 suos
306 513 345 541 ad
355 514 426 542 vitia
437 522 491 542 sua
503 513 668 548 deflexerit,
684 514 724 542 ad
739 513 890 542 humilita-

113 565 172 591 tem
189 563 330 591 facillime
351 571 382 591 se
400 563 563 591 inclinabit.
589 563 755 592 Bernardus
772 564 780 580 ¹
799 573 805 591 :
824 573 838 589 (ι
861 565 893 591 111

113 610 252 638 sordibus
290 618 478 646 generamur,
517 610 548 638 in
582 611 711 639 tenebris
755 612 895 639 confove-

113 667 197 693 mur,
237 659 345 687 matres
378 660 494 687 nostras
524 659 690 695 plurimum
723 667 892 694 oneramuS,

113 705 145 733 in
177 705 334 734 doloribus
366 706 557 742 parturimur,
587 708 615 734 et
643 706 673 734 111
705 708 806 735 nostro
841 715 893 734 ex-

114 752 156 780 itu
184 754 301 780 ventres
327 760 411 780 more
442 752 562 789 vipereo
596 753 772 781 laceramus
798 763 812 778 »
838 754 895 780 Ν11-

115 799 146 827 di
174 799 343 835 nascimur3
373 800 516 828 membris
539 800 680 828 omnihus
704 800 893 836 impotentes,

114 846 228 874 mundo
256 847 451 883 exponimur-3
478 849 506 874 et
532 855 549 875 a
579 847 700 883 ploratu
731 848 824 875 vitam
852 848 896 875 in-

115 894 251 930 cipimus,
275 895 304 922 et
326 902 393 921 cum
418 894 536 930 ploratu
555 894 646 922 vitam
666 894 797 922 finimus.
814 894 896 922 Unde

116 949 187 976 ergo
202 949 310 977 corpus
325 941 455 969 hominis
471 941 626 976 gloriatur,
647 949 715 969 cum
738 941 774 969 sit
792 949 896 969 saccus

115 989 286 1018 stercorum.
300 987 384 1016 cibus
395 988 554 1023 vermium,
567 991 594 1016 et
603 988 727 1016 materia
737 988 896 1025 pulverum

116 1035 310 1063 soetidorum‘?
335 1035 487 1071 Numquid
508 1043 538 1063 es
558 1044 662 1069 caecus,
684 1044 702 1064 0
722 1036 827 1070 1101110,
843 1044 897 1064 1100

116 1082 211 1116 vides,
228 1081 299 1118 quia
313 1082 460 1110 sentinam
472 1082 583 1110 soetoris
603 1083 641 1110 ad
659 1091 765 1111 nasum
781 1091 898 1119 semper

114 1128 195 1157 fers?
219 1130 314 1163 Quare
339 1137 399 1156 non
423 1130 560 1163 attendis,
581 1129 665 1166 quod
687 1130 811 1157 arbores
835 1131 897 1159 sive

115 1175 215 1203 herbae
232 1175 269 1203 de
284 1183 314 1203 se
328 1175 499 1211 producunt
513 1176 641 1211 odores3
663 1178 694 1204 tu
717 1177 754 1204 de
774 1179 801 1204 te
823 1177 898 1205 nihil

116 1222 257 1258 producis
275 1222 330 1250 nisi
350 1222 491 1250 foetores?
511 1223 569 1251 lllae
593 1223 764 1259 producunt
787 1224 898 1252 fructus

115 1269 180 1298 visu
198 1270 434 1306 pulcherrimos3
456 1271 488 1297 tu
508 1278 581 1298 vero
600 1270 714 1305 lendes,
732 1272 760 1298 et
773 1271 898 1307 pedicu-

115 1316 170 1352 los,
188 1320 216 1344 et
229 1316 393 1345 lumbricos
405 1318 418 1344 ⁶?
434 1319 522 1352 Ergo,
535 1317 620 1352 juxta
636 1317 748 1345 dietum
763 1318 896 1354 prophe-

116 1363 206 1391 ticum
221 1364 231 1380 2
248 1373 254 1392 :
274 1375 286 1389 1(
302 1364 471 1392 Humiliatio
490 1366 540 1392 tua
565 1364 595 1392 in
619 1365 720 1392 medio
741 1365 792 1393 tui.
817 1376 830 1392 »
852 1366 898 1394 Sic

118 1413 159 1439 est
174 1419 209 1438 ex
228 1414 311 1447 parte
334 1413 465 1446 naturae3
489 1411 541 1439 sed
566 1411 642 1447 quid
666 1413 741 1439 esset
760 1420 795 1439 ex
815 1414 898 1448 parte

119 1458 224 1493 culpae,
236 1458 259 1485 si
275 1457 392 1485 divinas
408 1458 587 1485 offensiones
603 1458 748 1486 vellemus
764 1459 898 1487 attende-

117 1513 148 1533 re
161 1507 174 1532 ?
188 1505 269 1532 Unde
284 1505 402 1533 dicebat
418 1505 517 1532 Daniel
529 1506 539 1521 ³
555 1514 560 1532 :
576 1516 589 1530 u
603 1505 732 1533 Humiles
750 1514 852 1533 sumus
869 1506 900 1534 in

118 1552 257 1580 universa
280 1553 368 1586 terra,
393 1551 525 1586 Domine,
547 1554 669 1588 propter
698 1555 819 1588 peccata
845 1561 900 1581 no-

118 1601 185 1627 stra.
208 1608 220 1625 n
245 1599 273 1627 Si
291 1607 321 1626 se
345 1598 505 1626 humiliant
528 1598 638 1633 bestiae,
664 1599 736 1626 dum
760 1600 900 1628 dominos

118 1654 188 1674 suos
209 1645 375 1679 offendunt,
395 1647 423 1673 et
440 1645 537 1673 (101100
559 1645 752 1673 satisfecerint
776 1647 824 1682 (a),
843 1647 900 1675 ele-

119 1702 188 1721 vare
204 1693 307 1721 oculos
322 1701 383 1720 non
399 1694 598 1728 praesumunt3
624 1693 697 1729 quid
719 1694 755 1722 sit
773 1694 901 1722 homini-

119 1741 174 1768 bus
186 1740 368 1774 faciendum,
383 1740 448 1776 ipso
464 1740 541 1768 sacto
555 1740 656 1768 bestiae
667 1741 836 1770 ostendunt.
850 1744 901 1770 Ex-

120 1789 253 1825 emplum
278 1788 314 1816 de
337 1788 395 1816 hoc
419 1788 520 1824 accipe
545 1788 641 1816 lconis
666 1790 693 1817 S.
717 1790 899 1826 HIeronymi,

120 1836 204 1872 quod
219 1836 249 1863 in
265 1835 327 1870 ejus
342 1835 470 1870 legenda
485 1836 494 1852 '⁴
510 1837 666 1871 narratur3
682 1836 766 1872 quod
776 1837 823 1864 hic
835 1846 902 1873 pro-

120 1885 184 1919 pter
196 1883 371 1910 brevitatem
385 1881 529 1910 omittam.

156 1930 249 1958 Tertia
264 1937 353 1957 causa
366 1929 405 1956 ad
417 1929 615 1956 humilitatem
632 1929 744 1958 motiva
761 1931 902 1967 accipitur

121 1986 156 2005 ex
170 1978 252 2013 parte
267 1976 406 2012 proximi.
424 1976 524 2004 Melius
540 1976 620 2003 enim
634 1976 725 2004 homo
741 1986 794 2005 sua
810 1978 900 2012 mala,

122 2033 213 2061 quam
236 2023 366 2060 proximi
390 2023 471 2051 mala
493 2023 585 2051 novit.
608 2025 640 2051 Et
662 2024 742 2057 ideo,
757 2025 780 2052 si
796 2033 902 2053 omnes

121 2068 316 2105 attenderent,
351 2070 517 2098 invenirent
557 2070 711 2106 copiosam
747 2073 902 2100 materiam

121 2118 304 2146 humilitatis.
328 2119 399 2145 Nam
425 2117 462 2145 de
489 2117 570 2145 malo
596 2118 718 2154 proprio
741 2121 837 2147 certus
862 2122 903 2148 est

122 2166 232 2200 homo3
249 2165 302 2192 sed
317 2166 411 2201 potest
434 2172 551 2200 semper
574 2164 711 2193 dubitare
733 2166 770 2194 de
792 2167 902 2202 alieno,

123 2212 193 2248 quia
209 2213 303 2248 potest
319 2219 392 2246 esse,
409 2211 492 2247 quod
509 2219 600 2247 quem
615 2213 711 2239 statim]
723 2213 821 2241 vidisti
835 2222 902 2249 pec-

124 2263 249 2291 cantem,
270 2266 341 2286 mox
359 2258 496 2285 habuerit
518 2258 644 2293 gratiam
666 2260 845 2295 expiantem.
872 2263 904 2289 Et

123 2308 280 2343 propterea
301 2304 408 2333 dicitur
424 2305 460 2332 arl
476 2305 660 2340 Philippenses
674 2307 683 2322 ⁵
701 2315 707 2333 ε
729 2317 741 2332 a
757 2309 787 2335 ln
805 2308 902 2336 humi-

123 2355 201 2382 litate
226 2352 394 2388 superiores
422 2351 480 2378 sibi
508 2351 634 2380 invicem
672 2353 857 2383 arbitrantes.
886 2368 898 2381 n

124 2400 289 2428 Bernardus
304 2399 314 2415 ⁵
330 2408 335 2426 ε
357 2409 369 2424 ιι
385 2399 415 2426 111
431 2398 528 2426 anima
543 2406 604 2426 non
615 2401 658 2427 est
670 2400 800 2429 timenda
811 2411 902 2438 quan-

125 2451 284 2483 tacumque
306 2445 493 2480 humiliatio;
510 2445 563 2472 sed
579 2448 621 2473 est
636 2446 796 2482 horrenda,
812 2449 842 2476 in
858 2452 903 2477 to-

125 2497 247 2529 tumque
263 2492 402 2529 pavenda
417 2491 504 2520 nimis
520 2494 698 2528 praesumpta
714 2495 830 2523 erectio.
846 2507 856 2522 »
873 2498 904 2524 Et

158 2569 164 2584 ¹
184 2568 316 2597 Bernard„
331 2567 411 2590 Serui.
428 2566 454 2590 in
469 2566 514 2590 ser.
533 2572 567 2590 iv.
584 2566 660 2589 hebd.
678 2570 782 2598 sanctae,
794 2576 819 2593 11.
837 2573 859 2594 15.
875 2585 904 2588 -

128 2606 135 2619 ²
148 2604 234 2632 Mz'cli„
251 2609 286 2632 vt,
302 2605 339 2627 14.
356 2616 382 2620 -
399 2603 408 2618 ³
424 2603 496 2631 Dan„
514 2608 554 2632 111,
570 2603 608 2626 37.
625 2616 649 2619 —
668 2603 674 2616 ⁴
695 2603 742 2626 Vz't.
758 2605 784 2628 S.
802 2607 903 2631 Hieron,

127 2654 157 2659 ,-
173 2641 182 2656 2„
197 2640 300 2671 [Why-y
316 2645 345 2669 11,
363 2640 385 2662 3,
400 2651 429 2656 --
444 2639 453 2654 ⁶
467 2639 553 2666 Beru,
569 2639 593 2662 in
610 2638 696 2669 Cam,
711 2646 788 2665 serm.
806 2649 904 2674 xxxvii,

1687 163 1726 192 73

945 230 1098 259 concludit
1113 239 1149 259 ex
1166 230 1223 258 hoc
1238 229 1339 258 dicens
1356 238 1364 257 ε
1384 239 1397 254 «
1412 228 1476 258 Noli
1492 236 1575 265 ergo,
1589 236 1606 257 ο
1621 228 1726 263 1101110,

947 279 972 305 te
988 285 1162 314 comparare
1177 277 1354 314 maJ'oribus,
1369 275 1431 304 noli
1448 275 1568 307 minori,
1591 281 1653 303 non
1672 274 1728 303 ali-

946 324 1005 358 cui,
1018 325 1080 352 noli
1090 325 1137 353 vel
1153 324 1215 353 uni.
1232 334 1245 351 »
1263 323 1320 353 Sed
1335 323 1446 352 diceret
1461 322 1571 359 aliquis
1581 322 1663 359 apud
1674 330 1705 350 se
1720 331 1726 350 ε

945 371 1104 405 Quomodo
1120 379 1242 408 possum
1257 379 1325 399 cum
1345 369 1525 398 conscientia
1548 369 1689 405 cogitare,
1705 369 1730 396 si

946 427 994 447 me
1004 418 1126 446 videam
1136 418 1337 450 innocentem,
1349 417 1501 445 neminem
1515 416 1730 450 offendentem,

948 466 1031 502 quod
1047 473 1103 501 ego
1119 465 1175 493 sim
1190 466 1286 501 pejor,
1309 472 1401 501 quam
1421 463 1482 498 ille,
1500 471 1591 500 quem
1612 471 1668 498 ego
1688 462 1732 490 vi-

948 513 1006 541 deo
1022 513 1118 541 facere
1134 512 1237 540 omnia
1252 512 1331 540 mala
1347 511 1473 539 mundi?
1493 510 1549 539 Sed
1563 510 1677 538 habeas
1692 509 1731 538 ad

947 562 1005 589 hoc
1019 561 1299 596 considerationem,
1311 561 1339 588 et
1349 560 1439 588 sancti
1449 559 1595 588 Francisci
1607 553 1730 595 respon-

949 609 1073 637 sionem.
1090 608 1155 636 Fuit
1169 608 1249 636 enim
1264 607 1390 644 quidam
1411 609 1494 635 Pater
1516 607 1546 634 ln
1568 605 1660 635 extasi
1682 614 1730 633 ra-

948 658 1027 693 ptus,
1042 664 1108 684 cum
1127 655 1292 692 quamdam
1308 655 1409 682 sedem
1426 653 1600 682 altissimam
1611 653 1733 681 vidisset

949 704 979 731 in
995 703 1081 737 coelo,
1099 711 1191 739 quam
1215 701 1330 730 audivit
1351 701 1458 729 humili
1480 700 1592 728 servari
1617 700 1733 728 Franci-

950 759 1019 786 sco,·
1037 750 1152 785 volens,
1175 752 1337 786 postquam
1360 748 1399 776 ad
1420 755 1450 775 se
1472 747 1570 781 rediit,
1591 747 1733 783 probare,

951 798 1089 834 quaesivit
1099 797 1138 825 ab
1155 805 1201 832 eo,
1217 796 1291 833 quid
1302 796 1339 823 de
1355 803 1386 823 se
1402 794 1530 822 sentiret.
1545 795 1679 830 Cumque
1691 794 1735 822 vir

950 847 1134 875 humillimus
1152 854 1182 874 se
1205 846 1372 874 maximum
1392 844 1528 873 omnium
1543 845 1735 880 peccatorum

951 896 1104 928 assereret,
1125 894 1174 921 ille
1198 893 1258 921 ait:
1276 903 1289 919 «
1305 893 1378 921 Cum
1402 900 1463 928 qua
1482 890 1662 919 conscientia
1681 898 1736 926 po-

951 943 993 969 tes
1008 941 1065 969 hoc
1081 941 1189 976 dicere,
1207 949 1276 968 cum
1291 939 1349 967 sint
1363 938 1512 967 innumeri
1522 937 1671 972 homines,
1683 937 1736 973 qui

951 989 1056 1025 pejora
1071 988 1195 1020 faciunt,
1211 995 1304 1024 quam
1319 988 1351 1014 tu
1364 986 1480 1014 facias?
1495 996 1508 1011 »
1525 985 1570 1013 Ad
1586 993 1677 1021 quem
1692 985 1737 1012 vir

952 1038 1070 1064 sanctus
1099 1035 1139 1064 ait
1166 1045 1172 1062 :
1202 1037 1261 1070 Ego
1286 1035 1370 1070 puto,
1401 1033 1485 1069 quod
1515 1032 1615 1060 nullus
1643 1032 1680 1059 sit
1706 1032 1737 1059 in

953 1084 1068 1112 mundo
1089 1083 1128 1111 ita
1150 1084 1299 1119 peccator,
1323 1081 1374 1117 qui
1395 1088 1454 1108 non
1480 1081 1555 1107 esset
1571 1079 1687 1113 melior,
1710 1080 1738 1106 ct

953 1133 1128 1168 operaretur
1143 1129 1259 1163 melius,
1273 1129 1295 1155 si
1309 1128 1358 1156 Dei
1373 1128 1453 1155 dona
1471 1128 1499 1154 et
1514 1126 1640 1162 gratiam
1655 1133 1738 1154 acce-

952 1179 1051 1215 pisset,
1068 1186 1159 1215 quam
1181 1185 1237 1212 ego
1258 1177 1357 1204 habeo
1381 1184 1398 1204 a
1417 1177 1485 1203 Deo.
1514 1177 1627 1202 Revera
1643 1173 1738 1202 consi-

954 1226 1068 1254 deratio
1088 1224 1295 1252 nobilissima:
1312 1232 1373 1251 non
1389 1223 1480 1250 debet
1495 1222 1588 1250 homo
1604 1221 1739 1249 conside-

954 1281 1029 1307 rare,
1045 1272 1068 1301 si
1083 1272 1149 1300 vult
1161 1271 1282 1299 humilis
1298 1279 1378 1298 esse:
1396 1270 1447 1298 Ille
1467 1269 1515 1296 fur
1531 1270 1584 1302 est,
1607 1271 1635 1296 ct
1649 1268 1737 1302 latro,

954 1320 1115 1348 fornicator
1130 1321 1158 1347 et
1171 1318 1340 1352 homicida;
1353 1317 1406 1344 sed
1422 1324 1478 1352 ego
1493 1324 1555 1343 non
1565 1315 1642 1343 facio
1654 1315 1736 1342 talia.

954 1367 1010 1395 Sed
1018 1367 1210 1395 debetdicere
1221 1376 1226 1393 :
1237 1365 1321 1393 Siille
1331 1364 1491 1400 accepisset
1500 1363 1636 1399 gratiam,
1647 1370 1739 1399 quam

955 1423 1011 1450 ego
1027 1415 1139 1450 accepi,
1158 1413 1264 1441 melior
1285 1421 1333 1440 me
1354 1411 1465 1439 fuisset.
1482 1412 1553 1438 Item
1567 1410 1603 1437 sit
1616 1417 1740 1445 respon-

955 1462 998 1490 sio
1017 1471 1023 1489 :
1042 1462 1068 1489 Si
1085 1461 1226 1489 Dominus
1242 1468 1289 1487 me
1305 1458 1491 1491 deseruisset,
1505 1457 1675 1485 sicutilium
1687 1456 1739 1483 de-

955 1509 1056 1543 seruit,
1072 1508 1123 1536 1110
1136 1508 1240 1543 pej0ra
1251 1506 1395 1534 fecissem.
1411 1504 1591 1539 Augustinus
1602 1505 1612 1521 ⁷
1627 1512 1632 1530 ε
1650 1514 1663 1529 (ι
1675 1504 1739 1530 Νο11

957 1558 1000 1584 est
1025 1558 1191 1592 peccatum,
1218 1553 1301 1589 quod
1324 1553 1411 1580 faciat
1435 1559 1512 1579 unus
1533 1551 1636 1584 homo,
1656 1550 1740 1586 quod

956 1611 1018 1631 non
1035 1603 1144 1631 faceret
1159 1602 1231 1629 alter
1245 1601 1349 1634 homo,
1359 1600 1383 1627 si
1395 1599 1509 1627 deesset
1522 1599 1635 1632 auctor,
1648 1605 1665 1624 a
1679 1605 1740 1633 quo

956 1650 1050 1678 factus
1066 1652 1108 1678 est
1123 1650 1226 1677 homo.
1245 1658 1258 1673 »
1276 1647 1358 1675 Unde
1373 1646 1445 1674 dicit
1458 1646 1489 1673 in
1504 1645 1581 1673 libro
1592 1646 1741 1678 Confessio-

957 1706 1021 1725 num
1036 1698 1056 1732 ⁸,
1073 1696 1157 1733 quod
1176 1707 1189 1723 α
1205 1697 1330 1728 tantum,
1358 1694 1405 1721 vel
1426 1693 1494 1729 plus
1515 1694 1630 1720 tenetur
1650 1693 1742 1719 Deum

957 1745 1092 1778 laudare,
1114 1745 1233 1779 Deoquc
1250 1742 1373 1776 servire,
1391 1741 1442 1777 qui
1462 1746 1741 1775 nunquam-pecca-

958 1792 1009 1826 vit,
1026 1800 1117 1828 quam
1134 1791 1185 1827 qui
1201 1790 1303 1818 omnia
1323 1789 1404 1816 mala
1422 1788 1500 1822 fecit,
1523 1795 1614 1822 quem
1639 1788 1666 1813 et
1688 1787 1741 1813 Do-

958 1839 1056 1867 minus
1076 1847 1129 1875 per
1148 1837 1275 1873 gratiam
1296 1835 1443 1863 liberavit.
1459 1845 1471 1859 n
1490 1833 1667 1869 Exemplum
1692 1840 1739 1860 ex-

958 1887 1043 1922 ponit
1056 1887 1092 1913 de
1104 1885 1232 1918 medico,
1246 1883 1401 1911 etduohus
1413 1881 1596 1915 hominibus,
1610 1887 1741 1916 quorum

958 1941 1053 1961 unuin
1071 1932 1205 1959 medicus
1223 1938 1284 1958 non
1298 1929 1481 1966 permitteret
1497 1927 1652 1960 infirmari,
1668 1926 1742 1954 alter

959 1979 1103 2008 infirmari
1119 1978 1308 2015 permitteret,
1332 1977 1385 2004 sed
1406 1977 1541 2010 curaret,
1566 1974 1636 2001 dicit
1662 1973 1741 2001 enim

959 2027 1043 2063 quod
1058 2027 1154 2062 majus
1166 2027 1208 2053 est
1219 2023 1398 2052 beneficium
1412 2022 1511 2059 primi,
1527 2029 1619 2057 quam
1635 2028 1742 2048 secun—

960 2074 1000 2102 di.
1023 2076 1054 2102 Et
1074 2075 1195 2109 propter
1217 2073 1279 2099 hzec
1305 2071 1416 2104 omnia,
1436 2069 1506 2097 dicit
1526 2067 1693 2096 Bernardus
1708 2068 1739 2094 ⁹:

963 2132 975 2147 «
996 2122 1022 2149 Si
1043 2120 1153 2148 videris
1176 2120 1296 2147 fratrem
1319 2120 1403 2145 tuum
1427 2118 1609 2152 peccantem,
1635 2122 1743 2142 excusa

960 2171 1068 2203 actum,
1086 2167 1109 2195 si
1124 2169 1225 2203 potes,
1243 2167 1265 2193 si
1281 2173 1342 2193 non
1358 2166 1453 2200 potes,
1474 2170 1582 2191 excusa
1603 2161 1742 2189 intentio-

960 2224 1044 2249 nem,
1065 2215 1166 2242 diceus
1185 2223 1190 2240 ;
1208 2215 1271 2240 Non
1297 2212 1377 2239 mala
1400 2210 1562 2238 intentione
1583 2209 1641 2236 1100
1665 2208 1740 2236 fecit.

960 2263 987 2291 Si
1004 2270 1074 2290 vero
1093 2264 1119 2289 et
1134 2261 1191 2288 hoc
1208 2268 1269 2287 non
1284 2261 1378 2295 potes,
1396 2258 1467 2294 quia
1487 2257 1530 2284 ibi
1555 2256 1638 2283 nulla
1661 2255 1743 2283 bona

960 2309 1082 2337 intentio
1099 2316 1161 2336 esse
1176 2309 1283 2344 potest,
1300 2306 1382 2333 dicas
1395 2315 1400 2332 :
1418 2304 1597 2332 Gravissima
1612 2302 1667 2330 suit
1681 2304 1743 2329 ten-

960 2358 1050 2391 tatio3
1072 2356 1144 2392 quid
1164 2355 1309 2387 fecissem,
1334 2353 1357 2380 si
1379 2353 1409 2380 in
1430 2360 1476 2379 me
1499 2351 1652 2379 irruisset?
1673 2360 1685 2375 >i
1703 2349 1743 2376 Si-

961 2413 1027 2432 mus
1043 2411 1113 2438 ergo
1129 2402 1266 2433 humiles,
1288 2401 1401 2434 fratres,
1426 2399 1477 2435 qui
1499 2406 1552 2434 per
1572 2396 1667 2424 solam
1690 2396 1743 2422 hu-

962 2452 1115 2480 militatem
1133 2450 1181 2484 jus
1203 2449 1290 2477 nobis
1313 2446 1495 2484 acquirimus
1524 2444 1605 2480 apud
1638 2445 1740 2471 Deum.

963 2536 988 2552 11.
1006 2530 1028 2551 ’1.
1045 2541 1074 2544 -
1093 2527 1102 2542 “’
1125 2528 1200 2557 Aug„
1219 2532 1295 2549 serui.
1318 2529 1392 2553 ,xc-ix,
1414 2523 1545 2550 al.xx111,
1570 2527 1601 2543 ex
1625 2519 1696 2543 hom.
1714 2519 1742 2547 L,

962 2572 987 2588 n.
1006 2566 1028 2588 [i.
1046 2576 1074 2580 —-
1096 2565 1103 2575 ”
1120 2563 1168 2592 td„
1185 2562 1257 2591 Cous.
1275 2573 1303 2577 -—-
1323 2560 1331 2573 ⁹
1348 2560 1433 2589 Bcrn.,
1454 2558 1478 2580 1¹71
1500 2557 1586 2585 Cant„
1605 2562 1682 2579 serm.
1698 2560 1741 2583 XL,

962 2609 987 2625 11.
1003 2603 1025 2624 5.

996 2645 1028 2675 (a)
1044 2643 1113 2668 Edit.
1134 2643 1188 2667 Vat.
1204 2641 1391 2666 satisfecerunt.

1777 608 1853 627 Exem-

1746 639 1808 665 plum
1819 638 1853 658 in-

1747 671 1811 697 signe
1825 669 1854 689 de

1754 700 1846 722 humili-

1747 734 1801 754 tate.

1785 1839 1863 1859 Exem-

1756 1869 1828 1895 pium.
