2029 3052
157 1192 234 1219 Qualis

139 1225 220 1246 debeat

125 1261 174 1277 esse
184 1262 232 1282 pro-

132 1293 224 1308 moven-

125 1319 174 1341 dus.

249 253 308 283 526

247 318 363 350 faeere.
385 317 458 350 Ideo
479 319 604 360 oportet
625 324 686 348 005
704 315 743 347 de
761 312 948 356 Junioribus
966 310 1025 342 ali-

248 381 339 413 quos,
355 372 411 413 qui
434 373 603 413 sperantur
620 369 738 408 idonei,
753 375 954 409 promovere,
971 366 1028 406 qui

248 435 330 458 onus
344 426 507 458 seniorum
529 425 708 463 sublevent,
723 425 756 455 et
776 421 956 463 petentibus
973 429 1027 451 sa-

248 481 406 512 tisfaciant
419 505 430 520 ,
459 481 556 521 prout
579 479 695 510 sciunt.
723 476 876 515 Quamvis
899 475 1027 507 nullum

248 535 385 567 scienter
408 541 676 576 promoveamus,
702 541 800 573 quem
826 539 892 562 non
919 538 1026 570 spere·

248 598 322 620 mus
336 588 487 620 idoneum
497 598 505 627 ;
517 589 626 620 tamen
639 585 810 628 aliquando
819 584 934 625 aliquis
947 592 1027 624 prae-

247 645 297 674 ter
310 642 510 676 voluntatem
526 643 668 673 nostram
686 640 796 672 minus
810 638 946 670 efficitur
957 636 1025 668 uti-

246 697 297 737 115,
314 698 391 738 quia
416 697 519 729 multa
541 699 630 736 sunt,
654 705 728 738 quae
752 695 793 727 ad
819 693 1026 726 idoneitatem

247 751 330 783 tanti
344 751 442 783 officii
465 752 688 793 requiruntur,
703 752 735 782 et
749 750 824 782 satis
838 750 886 780 est
899 745 1026 779 difficile

246 805 319 837 haec
331 806 439 838 omnia
453 806 551 838 simul
564 806 598 837 in
612 805 762 838 omnibus
775 802 921 844 reperiri.

510 901 629 935 Quoestio
649 902 758 936 quarta.

287 969 365 1008 Quae
375 970 451 1001 sunt
463 978 544 1010 ergo
561 968 739 1001 necessaria
747 967 804 1006 illi,
816 965 872 1008 qui
886 965 926 997 ad
939 973 1023 1006 prae-

246 1022 413 1056 dicationis
433 1026 464 1057 et
485 1024 692 1056 consessionis
707 1021 850 1055 officium
869 1022 916 1052 est
929 1029 1023 1051 assu-

247 1079 384 1111 mendus
396 1080 411 1110 ¹?

555 1125 710 1160 Responsio.

288 1185 328 1217 Ut
341 1185 381 1217 ad
393 1185 455 1218 hoc
469 1186 508 1217 sit
521 1185 664 1223 idoneus,
685 1185 802 1225 praeter
824 1182 1024 1214 habilitatem

246 1239 335 1270 illam
359 1249 458 1280 quam
478 1240 602 1271 confert
626 1238 743 1279 gratia,
767 1246 840 1278 quae
865 1236 961 1268 etiam
976 1237 1024 1266 est

246 1294 402 1325 efficacior
425 1294 586 1332 omnibus,
610 1302 683 1334 quae
703 1302 768 1324 non
791 1292 825 1322 in
844 1293 952 1322 nostra
966 1299 1022 1331 po-

247 1349 356 1379 testate
370 1348 546 1379 consistunt
561 1348 612 1388 (a),
627 1347 682 1378 sed
696 1347 728 1377 111
744 1346 940 1386 beneplacito
955 1344 1020 1383 Dei,

245 1402 385 1441 singulis
398 1404 494 1443 prout
509 1402 580 1434 vult
595 1402 678 1433 dona
697 1410 756 1432 sua
780 1400 936 1437 dividens,
963 1399 1023 1430 ista

245 1456 446 1487 considerare
459 1457 492 1487 in
506 1455 733 1497 promovendis
746 1454 886 1486 solemus
900 1454 939 1484 ad
952 1453 1023 1484 haec

245 1509 360 1540 officia.
378 1509 487 1541 Primo
508 1510 595 1550 quod
617 1510 656 1540 sit
670 1510 878 1549 competentis
897 1507 1021 1546 aetatis,

245 1572 310 1594 non
327 1564 467 1595 multum
482 1574 501 1595 a
518 1564 676 1596 tricesimo
691 1564 812 1594 distans
832 1572 929 1601 anno,
946 1562 1023 1602 quia

244 1627 319 1658 quae
336 1619 419 1650 fiunt
433 1628 452 1650 a
467 1619 585 1659 pucriS,
603 1618 737 1659 puerilia
753 1620 956 1659 reputantur.
971 1616 1023 1647 Sc-

244 1673 359 1712 cundo,
375 1673 458 1713 quod
470 1683 535 1705 non
560 1674 599 1703 sit
615 1673 710 1705 etiam
727 1673 804 1703 sacic
826 1674 857 1703 et
878 1671 1023 1702 moribus

244 1727 384 1767 puerilis,
403 1728 478 1768 quia
495 1729 553 1758 ista
568 1727 709 1758 multum
720 1727 872 1757 minuunt
886 1725 1024 1756 auctori-

244 1781 341 1809 tatem
365 1780 449 1820 apud
472 1780 629 1817 homines,
648 1781 714 1810 tani
737 1779 905 1816 dictorum,
923 1786 1023 1818 quam

244 1833 411 1865 sactorum.
427 1833 544 1872 Tertio,
570 1833 655 1874 quod
679 1841 744 1864 non
760 1832 800 1863 sit
821 1831 914 1864 valde
934 1833 1023 1862 nota-

243 1886 347 1918 biliter
371 1887 522 1918 deformis
542 1888 575 1918 in
597 1896 740 1928 corpore,
761 1886 906 1917 videlicet
926 1885 1024 1916 nimis

245 1941 362 1980 brevis,
389 1941 441 1973 vel
456 1951 593 1980 01055115,
614 1941 666 1973 vel
681 1941 848 1981 gibbosus,
866 1939 918 1971 vel
932 1939 1023 1970 aliter

244 1996 380 2036 turpiter
398 1996 603 2034 deformatus,
620 2005 660 2026 ne
675 2004 730 2036 pcr
748 1995 808 2026 1100
826 1995 897 2034 ejus
911 1993 1024 2034 11100111-

243 2050 324 2081 catio
339 2050 514 2091 despectui,
532 2053 562 2081 et
577 2050 657 2081 risui
679 2049 861 2080 haberetur.
891 2048 1021 2086 Quarto,

243 2104 328 2144 quod
337 2114 401 2135 1100
410 2104 448 2135 511
459 2105 553 2135 ctiam
565 2103 656 2135 valde
667 2103 779 2134 debilis
793 2111 935 2142 corpore,
948 2111 1023 2133 01101

244 2167 284 2189 cx
300 2158 359 2189 hoc
373 2158 496 2190 labores
521 2159 619 2199 hujtis
634 2158 728 2189 officii
749 2157 864 2197 exequi
889 2157 1024 2188 viriliter

245 2221 310 2243 11011
324 2213 455 2243 valeret.
487 2213 614 2251 Quinto,
643 2212 728 2252 quod
753 2211 792 2242 sit
815 2210 1023 2251 competentis

244 2266 412 2304 facundiae,
437 2269 471 2297 ut
495 2267 593 2306 possit
608 2276 655 2305 ca,
682 2276 755 2306 qua:
782 2265 884 2303 debet,
909 2274 1023 2305 propo-

244 2330 320 2352 nere
345 2321 413 2351 sinc
433 2321 558 2351 fastidio
580 2321 774 2351 auditorum.
800 2320 913 2357 Sexto,
937 2319 1021 2358 quod

245 2375 284 2406 sit
298 2376 410 2406 saltem
435 2375 467 2406 in
483 2376 693 2415 grammatica
709 2377 739 2405 et
754 2383 843 2405 sacra
858 2373 1023 2413 Scriptura

244 2432 309 2461 tam
326 2430 518 2461 sufficienter
532 2430 714 2467 instructus,
731 2429 815 2469 qnod
831 2429 900 2459 sine
915 2437 1023 2459 errore

244 2482 295 2513 vel
317 2482 502 2513 confusione
524 2482 601 2513 sciat
623 2490 729 2512 cor-,un
750 2480 867 2521 populo
889 2483 919 2511 et
938 2480 1021 2511 clero

244 2546 421 2577 proponere
443 2537 620 2575 veritatem,
645 2538 675 2567 et
695 2536 727 2565 in
741 2536 880 2566 consiliis
895 2544 1022 2574 compe-

243 2594 346 2622 tenter
374 2592 553 2622 satisfacere
583 2590 823 2631 requirentibus
852 2590 890 2620 de
918 2589 1022 2620 causis

242 2646 426 2676 necessariis
437 2669 447 2684 ,
470 2648 500 2676 et
514 2646 547 2676 in
562 2644 755 2676 consessione
776 2644 814 2675 de
829 2643 1021 2684 poenitentiis

243 2700 450 2741 injungendis
466 2700 677 2741 imponendis.
701 2699 855 2740 Septimo,
877 2698 961 2739 quod
981 2698 1022 2729 sit

275 2765 283 2781 ¹
299 2764 385 2795 Greg„
401 2764 426 2788 in
440 2764 548 2795 Evanq.,
564 2764 636 2789 hom.
652 2769 699 2795 xli,
715 2770 740 2788 n.
760 2765 779 2788 1.
796 2775 826 2780 —
843 2763 853 2778 ¹-²
869 2763 944 2793 Greg.

725 239 916 280 LIBELLUS
937 239 1234 275 APOLOGETICUS
1256 240 1298 274 IN
1319 241 1392 274 EOS

1081 309 1154 340 talis
1175 309 1211 340 in
1223 308 1291 341 vita
1313 309 1393 341 etin
1415 309 1572 348 moribus,
1595 310 1682 352 quod
1695 310 1736 342 de
1747 310 1817 353 ipso
1830 315 1864 346 et

1080 363 1195 394 fratres
1209 363 1356 404 interius,
1369 364 1401 395 et
1410 363 1465 395 alii
1477 364 1620 396 exterius
1633 364 1716 396 nihil
1733 365 1864 398 videant

1081 417 1133 450 vel
1148 417 1292 457 audiant,
1315 427 1373 459 per
1389 418 1474 459 quod
1499 418 1643 450 doctrina
1662 419 1864 459 praedieatio-

1082 473 1133 504 nis
1148 473 1218 513 eJus
1232 473 1318 513 apud
1339 473 1505 505 audientes
1528 482 1658 514 quoquo
1673 473 1768 505 modo
1780 473 1862 506 vile-

1082 528 1160 558 scat.
1188 526 1269 558 Nam
1284 527 1294 544 ¹
1323 537 1338 556 α
1351 527 1446 567 quus
1466 527 1534 559 vita
1556 526 1739 568 despicitur,
1764 529 1864 560 restat

1081 582 1120 611 ut
1133 581 1160 620 ej
1167 589 1205 612 us
1220 580 1318 612 etiam
1331 580 1516 621 praedicatio
1531 582 1766 613 contemnatur.
1775 592 1790 611 n
1807 581 1864 613 00-

1080 636 1178 674 tavo,
1202 635 1289 676 quod
1307 635 1405 667 etiam
1426 634 1566 667 naturali
1592 636 1719 667 tantum
1746 635 1864 676 polleat

1079 689 1248 727 industria,
1278 689 1365 730 quod
1394 698 1451 731 per
1477 689 1601 720 fatuam
1628 689 1863 730 simplicitatem

1080 751 1146 774 non
1160 743 1272 775 reddat
1297 743 1534 784 contemptibile
1553 743 1639 784 quod
1653 753 1710 785 per
1723 743 1861 785 acquisi-

1079 799 1146 829 tam
1168 798 1336 830 scientiam
1360 798 1581 839 apprehendit,
1608 800 1644 830 ut
1663 798 1740 830 sciat
1754 807 1788 830 se
1801 798 1861 830 ho-

1079 854 1169 884 neste
1186 861 1299 893 gerere
1315 853 1398 884 inter
1411 852 1570 891 homineS,
1588 854 1620 883 et
1641 852 1816 893 prudenter
1827 852 1862 884 10

1079 907 1229 938 omnibus
1246 916 1280 938 se
1294 906 1424 938 habere.
1446 905 1548 945 Nono,
1564 906 1651 946 quod
1665 915 1731 938 000
1742 907 1784 938 511
1797 906 1860 938 101-

1079 970 1142 993 nus
1164 961 1205 992 ad
1226 961 1288 992 hoc
1302 959 1515 999 voluntarius,
1538 961 1576 990 ut
1598 959 1626 991 si
1642 959 1683 992 ad
1696 959 1758 992 hoc
1770 961 1862 993 motu

1080 1015 1209 1057 proprio
1231 1023 1299 1046 non
1320 1013 1470 1052 trahitur,
1495 1012 1607 1044 saltem
1629 1015 1760 1055 propter
1784 1014 1862 1046 ohe-

1079 1070 1206 1102 dientiae
1217 1069 1340 1101 bonum
1352 1068 1578 1109 proximorum
1587 1067 1682 1099 saluti
1696 1067 1862 1101 intendere

1080 1124 1295 1166 praedicando,
1311 1122 1518 1162 consulendo,
1536 1124 1567 1154 et
1577 1122 1791 1154 confessiones
1803 1132 1862 1155 au-

1080 1179 1206 1218 diendo,
1232 1181 1263 1210 et
1286 1178 1365 1210 alios
1379 1177 1567 1209 aedificando
1581 1186 1646 1209 non
1664 1176 1860 1209 contentiose

1080 1236 1216 1266 rccuset.
1234 1233 1408 1273 Gregorius
1422 1233 1432 1249 ²
1449 1244 1456 1263 :
1478 1231 1593 1270 «Quod
1609 1240 1700 1264 mens
1713 1231 1861 1265 volunta-

1079 1290 1128 1321 rie
1141 1299 1207 1321 non
1222 1289 1344 1330 recipit.
1368 1297 1516 1328 congrue
1530 1296 1596 1319 000
1612 1287 1761 1328 disponit.
1777 1298 1793 1318 n
1809 1286 1861 1320 Sic

1080 1344 1173 1376 multi
1189 1346 1378 1375 Sanctorum
1394 1343 1546 1382 officium,
1562 1351 1626 1383 quo
1641 1342 1791 1383 prodesse
1805 1342 1861 1374 de-

1080 1398 1197 1429 bebant
1212 1397 1378 1439 proximis,
1394 1396 1560 1428 humiliter
1581 1395 1808 1436 refugiebant;
1829 1398 1862 1428 et

1079 1455 1188 1484 tamen
1204 1452 1243 1483 ad
1260 1451 1320 1483 hoc
1336 1451 1428 1482 tracti
1448 1460 1505 1492 per
1519 1449 1746 1488 obedientiam,
1769 1449 1858 1482 solli-

1080 1506 1140 1537 cite
1162 1506 1389 1547 adimplebant,
1412 1507 1448 1537 ut
1470 1504 1605 1545 Moyses,
1623 1504 1810 1544 Hieremias,
1829 1506 1861 1536 et

1080 1561 1134 1592 alii
1150 1561 1257 1602 plures
1271 1560 1352 1592 Novi
1365 1563 1395 1592 et
1410 1559 1532 1592 Veteris
1548 1559 1741 1591 Testamenti
1755 1559 1860 1591 docto-

1080 1625 1141 1647 res.
1160 1615 1216 1646 llis
1233 1615 1324 1646 donis
1340 1617 1464 1653 ornato,
1481 1613 1507 1644 si
1522 1613 1627 1653 gratia
1640 1612 1779 1651 affuerit,
1802 1621 1858 1653 po-

1080 1672 1140 1701 tcst
1161 1672 1191 1701 ct
1208 1669 1300 1701 debet
1323 1669 1445 1710 imponi
1467 1668 1608 1700 officium
1624 1667 1859 1708 praedicationis

1079 1727 1110 1755 ct
1125 1723 1340 1762 consessionis,
1358 1724 1392 1754 in
1407 1723 1517 1754 ordine
1533 1721 1588 1753 ubi
1603 1721 1698 1752 suerit
1712 1730 1858 1753 necessa-

1079 1779 1176 1809 rium.
1202 1777 1261 1816 Qui
1285 1786 1361 1809 vero
1382 1776 1460 1808 alios
1480 1785 1545 1807 non
1563 1775 1693 1807 idoneos
1711 1784 1770 1816 pro
1790 1775 1859 1816 pri-

1080 1835 1153 1863 vata
1176 1832 1323 1863 societate
1343 1832 1549 1871 promovent,
1566 1828 1677 1861 Ordini
1697 1829 1858 1860 confusio-

1080 1895 1178 1925 nem,
1202 1888 1233 1917 et
1256 1884 1424 1915 animabus
1447 1884 1695 1920 nocumentum,
1726 1883 1757 1913 et
1783 1881 1859 1922 ipsis

1079 1940 1234 1980 promotis
1258 1938 1499 1975 detrimentum,
1525 1939 1557 1968 et
1580 1936 1708 1968 sibimet
1731 1935 1859 1976 culpam

1080 2003 1146 2026 non
1174 2002 1308 2034 parvam
1332 1994 1518 2033 procurant,
1546 1988 1624 2022 'cum
1649 1989 1859 2029 negligentiae

1080 2049 1246 2081 inutilium
1269 2051 1300 2080 et
1322 2048 1545 2089 imperitorum
1565 2048 1631 2077 tam
1658 2045 1692 2076 in
1718 2044 1859 2076 consiliis

1079 2104 1228 2142 incautis,
1246 2112 1344 2143 quam
1360 2102 1393 2132 in
1408 2100 1664 2132 absolutionibus
1686 2099 1859 2130 inefficaci—

1079 2157 1152 2195 bus,
1177 2159 1208 2187 ct
1233 2156 1266 2187 in
1293 2156 1362 2187 aliis
1386 2154 1588 2186 nocumentis
1611 2153 1794 2185 animarum
1817 2152 1858 2184 ab

1079 2211 1135 2249 015,
1152 2210 1209 2251 qui
1230 2210 1306 2241 tales
1325 2211 1527 2250 promovent,
1551 2208 1666 2239 merito
1688 2207 1856 2248 requiran-

1079 2269 1142 2296 tur.
1159 2264 1250 2295 'sales
1273 2264 1359 2295 00101
1375 2264 1408 2294 111
1429 2262 1538 2294 multis
1560 2271 1643 2303 saepe
1662 2263 1797 2302 possunt
1810 2261 1856 2292 ot-

1078 2319 1206 2350 sendcre
1227 2318 1278 2350 vel
1303 2317 1526 2355 scandalizare,
1546 2317 1624 2348 dum
1639 2325 1705 2348 non
1725 2315 1858 2347 dicenda

1078 2373 1196 2414 populo
1212 2372 1397 2413 praedicant,
1414 2371 1551 2403 vclsalsa
1565 2370 1705 2402 docendo
1715 2378 1856 2401 errorem

1079 2428 1247 2465 inducunt,
1272 2426 1324 2458 vel
1344 2426 1434 2457 aliter
1457 2426 1535 2457 forte
1557 2426 1665 2457 minus
1684 2424 1855 2464 composite

1079 2491 1112 2513 50
1127 2481 1285 2512 habendo.
1308 2480 1387 2511 Item
1405 2480 1440 2510 in
1464 2480 1659 2511 confessione
1681 2479 1760 2510 sorte
1780 2487 1852 2508 nes-

1078 2536 1167 2567 ciunt
1181 2536 1368 2567 confitentes
1382 2534 1488 2565 debito
1502 2534 1597 2565 modo
1616 2534 1784 2571 instruere,
1796 2541 1855 2563 nec

1078 2590 1160 2620 inter
1175 2593 1302 2630 peccata
1316 2588 1430 2628 gravia
1445 2590 1476 2618 et
1490 2588 1572 2619 levia
1590 2586 1799 2626 distinguere,
1824 2588 1855 2618 et

1077 2646 1133 2675 aut
1149 2643 1267 2674 faciunt
1281 2652 1323 2674 ex
1345 2642 1446 2673 nimio
1469 2642 1575 2681 rigore
1599 2641 1777 2682 desperare,
1798 2641 1855 2672 aut

1077 2706 1151 2729 cum
1166 2697 1316 2729 adhucin
1333 2698 1418 2727 statu
1438 2695 1650 2727 damnationis
1671 2697 1757 2734 sunt,
1778 2694 1855 2726 dant

1109 2761 1142 2791 (a)
1160 2760 1234 2785 Forte
1250 2760 1299 2792 leq.
1315 2758 1440 2785 consistit.
1856 2748 1860 2772 ἶ
