2029 3052
572 220 622 252 DE
642 217 856 252 MIRACULIS
878 217 1004 251 IPSIUS
1026 217 1126 250 POST
1148 216 1326 249 MORTEM.

144 291 371 323 Incarnationis
391 290 560 322 millesimo
587 287 803 321 ducentesimo
825 286 920 326 vige-

143 346 225 377 simo
241 347 362 384 octavo,
381 346 416 377 17
433 343 584 376 kalendas
598 341 742 382 augusti,
755 341 805 372 die
820 339 920 372 domi-

143 399 225 438 nico,
239 408 314 430 cum
329 398 490 436 maximis,
503 406 576 438 quae
586 396 723 436 longum
739 395 819 426 foret
828 403 920 425 enar-

142 462 230 492 rare,
257 452 440 490 solemniis,
466 452 596 483 beatum
622 451 745 491 patrem
773 448 919 488 catalogo

143 508 326 538 sanctorum
353 505 527 546 adscripsit.
563 505 657 536 Anno
692 512 768 536 vero
793 501 919 534 Domini

142 560 312 591 millesimo
318 559 535 591 ducentesimo
543 558 722 598 trigesimo,
730 556 920 589 convenien-

143 614 227 645 tibus
240 613 391 645 fratribus
401 613 440 644 ad
454 612 633 653 Capitulum
648 611 798 652 generale
809 610 919 641 Assisii

142 668 336 700 celebratum
360 667 399 698 ad
421 667 584 698 basilicam
613 666 646 696 in
674 665 797 697 honore
821 664 920 705 ipsius

142 723 368 760 constructam,
377 730 491 762 corpus
500 720 577 751 illud
584 719 718 751 Domino
726 719 919 757 dedicatum,

142 778 161 807 8
176 775 328 806 kalendas
336 774 421 815 junii
435 773 626 805 translatum
643 774 701 804 est.
719 772 801 803 Dum
813 773 920 803 autem

142 829 193 860 ille
215 837 302 860 sacer
325 829 594 868 transportaretur
620 826 808 864 thesaurus,
834 825 921 857 bulla

142 883 237 923 Regis
249 881 392 913 altissimi
408 881 625 921 consignatus,
649 879 804 911 miracula
819 879 918 920 pluri-

142 946 195 968 ma
215 936 278 975 ille,
303 937 397 976 cujus
416 935 556 975 effigiem
579 934 777 975 praeferebat,
794 934 920 974 operari

141 991 293 1030 dignatus
314 992 378 1028 est,
394 991 430 1020 ut
445 998 501 1029 per
518 989 664 1020 ardorem
681 988 780 1028 ipsius
799 987 919 1019 salvifi-

142 1053 218 1075 cum
233 1043 364 1075 affectus
378 1043 557 1074 traheretur
571 1043 715 1073 fidelium
729 1043 769 1073 ad
788 1051 919 1073 curren-

143 1098 220 1129 dum
228 1100 299 1138 post
306 1097 477 1128 Christum.
492 1097 565 1128 Erat
579 1106 691 1128 revera
707 1096 919 1136 condignum,

143 1154 179 1183 ut
194 1161 289 1192 quem
311 1151 393 1182 Deus
414 1151 448 1182 in
468 1151 534 1182 vita
553 1151 612 1181 sibi
635 1151 811 1191 placentem
827 1152 857 1181 et
871 1150 920 1180 di-

143 1205 260 1237 lectum
274 1205 434 1244 effectum,
451 1205 483 1235 in
498 1204 682 1245 paradisum
706 1213 762 1243 per
777 1206 921 1235 contem-

143 1259 291 1300 plationis
312 1259 451 1298 gratiam
470 1258 686 1296 transtulerat,
704 1260 739 1288 ut
754 1258 874 1296 Enoch,
892 1261 923 1289 et

143 1313 184 1344 ad
203 1313 317 1344 coelum
340 1322 439 1343 curru
461 1312 558 1352 igneo
573 1321 630 1352 per
640 1312 802 1342 charitatis
818 1312 922 1343 zelum

145 1369 305 1407 rapuerat,
321 1368 358 1398 ut
372 1366 505 1405 Heliam,
525 1367 595 1406 eJus
607 1367 676 1405 Jam
693 1367 857 1397 vernantis
872 1366 921 1396 in-

146 1423 194 1452 ter
214 1421 308 1452 flores
333 1420 402 1451 illos
424 1420 544 1451 caelicos
567 1419 771 1459 plantationis
792 1421 922 1450 aeternae

147 1483 218 1506 ossa
233 1474 286 1504 illa
300 1473 411 1512 felicia,
427 1473 466 1504 de
480 1473 549 1504 loco
565 1482 623 1504 suo
638 1473 845 1513 pullulatione
861 1474 923 1504 mi-

148 1528 236 1559 rifica
249 1527 439 1559 redolerent.
465 1527 563 1558 Porro
579 1527 660 1557 sicut
675 1527 724 1558 vir
739 1527 796 1557 iste
810 1527 923 1558 beatus

145 1582 299 1612 mirandis
321 1581 479 1612 virtutum
498 1580 600 1620 signis
621 1580 653 1610 in
670 1580 738 1611 vita
752 1580 922 1620 claruerat,

145 1636 189 1667 sic
203 1645 222 1666 a
235 1635 286 1666 die
300 1635 452 1666 transitus
471 1635 521 1665 sui
536 1643 638 1674 usque
652 1634 684 1664 in
700 1643 850 1674 praesens,
867 1644 924 1675 per

145 1689 288 1720 diversas
312 1687 425 1718 mundi
447 1690 552 1728 partes
570 1687 731 1727 praeclaris
751 1688 924 1719 miraculo-

146 1752 219 1773 rum
244 1742 420 1782 prodigiis,
445 1742 554 1773 divina
579 1751 611 1773 se
634 1742 774 1782 potentia
798 1742 921 1781 glorifi-

146 1798 247 1835 cante,
265 1798 420 1827 coruscat.
438 1795 519 1827 Nam
536 1796 626 1827 caecis
640 1798 671 1826 et
686 1796 804 1833 surdis,
826 1797 923 1827 mutis

146 1852 177 1881 et
190 1850 321 1888 claudis,
345 1850 526 1890 hydropicis
552 1853 581 1880 et
596 1850 788 1890 paralyticis,
806 1850 923 1881 daemo-

145 1904 244 1935 niacis
258 1906 288 1934 et
309 1903 452 1943 leprosis,
476 1903 643 1942 naufragis
660 1905 692 1933 et
711 1904 856 1943 captivis,
873 1904 921 1944 ip-

144 1958 209 1988 sius
225 1957 345 1988 meritis
361 1957 502 1988 remedia
516 1957 723 1987 conferuntur
733 1981 740 1994 ,
758 1957 922 1987 omnibus-

142 2021 205 2051 que
228 2011 360 2049 morbis,
380 2010 619 2041 necessitatibus
633 2012 663 2041 et
677 2010 825 2050 periculis
845 2010 921 2040 sub-

142 2065 281 2097 venitur.
307 2065 368 2096 Sed
391 2067 422 2095 et
445 2065 555 2095 multis
577 2065 712 2095 mortuis
737 2074 793 2104 per
817 2065 922 2105 ipsum

143 2119 277 2150 mirifice
291 2119 448 2150 suscitatis
458 2143 467 2158 ,
485 2119 653 2150 innotescit
667 2119 815 2150 fidelibus
830 2119 921 2149 miri-

144 2173 241 2206 ficans
256 2175 400 2203 sanctum
421 2182 517 2204 suum
539 2173 779 2212 magnificentia
795 2173 922 2204 virtutis

143 2226 307 2264 Ahissimi,
332 2227 383 2257 cni
406 2229 452 2257 est
475 2227 578 2258 honor
602 2230 631 2258 et
654 2227 758 2267 gloria
777 2236 834 2268 per
850 2227 921 2258 infi-

142 2281 209 2311 nita
223 2280 338 2312 saecula
353 2281 555 2312 saeculorum.
572 2281 685 2312 Amen.

426 2383 638 2412 1N011>11JNT

234 2453 443 2493 QUAEDAM
473 2453 528 2488 DE
562 2453 832 2490 MIRAGULIS

290 2530 384 2552 IPSIUS
396 2529 469 2551 POST
482 2529 609 2551 MORTEM
621 2530 774 2551 OSTENSIS.

173 2603 207 2628 Et
230 2603 318 2637 primo
346 2612 354 2628 .·
379 2603 417 2629 De
439 2604 541 2629 virtute
564 2609 698 2629 sacrorum
722 2602 893 2638 Stz'qmatztm.

186 2659 235 2690 Ad
249 2661 474 2700 omnipotentis
490 2660 543 2691 Dei
558 2660 724 2698 honorem,
742 2663 772 2691 et
786 2661 923 2700 gloriam

147 2715 229 2746 beati
238 2715 333 2756 patris
342 2715 366 2746 F
368 2715 511 2747 rancisci.
525 2716 599 2747 Post
606 2714 870 2755 glorificationem
878 2716 923 2757 ip-

1697 217 1756 246 345

975 285 1084 317 sinsin
1099 285 1197 324 coelis,
1210 284 1316 325 aliqua
1332 292 1372 315 ex
1387 283 1568 324 approbatis
1579 282 1756 323 scripturus

975 339 1148 377 miracula,
1173 339 1212 370 ab
1237 339 1288 370 illo
1310 338 1470 379 praecipue
1494 337 1603 368 censui
1624 345 1757 368 sumen-

975 394 1053 425 dum
1068 394 1135 425 fore
1147 393 1286 432 initium,
1303 393 1336 423 in
1357 401 1423 433 quo
1437 391 1540 423 crucis
1554 390 1631 422 Jesu
1655 390 1757 422 virtus

976 447 1162 485 ostenditur,
1174 448 1204 478 et
1217 446 1321 487 gloria
1334 446 1516 477 innovatur.
1533 444 1643 476 Novus
1655 444 1758 484 igitur

976 501 1073 532 homo
1091 500 1274 531 Franciscus
1288 508 1373 531 novo
1385 501 1417 530 et
1429 498 1586 539 stupendo
1601 497 1756 529 miraculo

977 554 1101 593 claruit,
1119 563 1194 585 cum
1212 553 1369 593 singulari
1386 552 1570 593 privilegio,
1592 552 1758 583 retroactis

976 608 1102 640 saeculis
1122 617 1187 639 non
1206 616 1364 646 concesso,
1388 607 1563 647 insignitus
1587 605 1756 647 apparuit,

976 663 1072 694 sacris
1102 662 1248 694 videlicet
1279 661 1487 701 stigmatibus
1515 661 1700 699 decoratus,
1728 661 1760 691 et

976 718 1210 757 configuratus,
1231 716 1266 747 in
1281 724 1413 756 corpore
1429 715 1541 746 mortis
1556 715 1669 755 hujus,
1688 724 1757 746 cor-

976 772 1046 812 pori
1063 771 1222 803 Crucifixi.
1239 770 1279 801 De
1293 779 1359 811 quo
1374 769 1529 810 quidquid
1545 769 1689 800 humana
1700 769 1760 800 lin-

976 835 1041 866 gua
1063 826 1197 864 dicatur,
1232 825 1339 856 minus
1369 824 1430 855 erit
1457 823 1554 854 laude
1584 823 1756 862 condigna.

976 880 1093 911 Totum
1107 880 1237 920 quidem
1255 878 1317 910 viri
1331 878 1385 909 Dei
1401 878 1555 916 studium,
1571 879 1637 908 tam
1655 877 1760 917 publi-

977 943 1051 965 cum
1068 943 1165 974 quam
1182 933 1356 974 privatum,
1373 932 1456 963 circa
1479 940 1607 962 crucem
1634 931 1761 962 Domini

976 988 1175 1020 versabatur.
1193 986 1231 1018 Et
1250 988 1287 1017 ut
1299 986 1400 1017 crucis
1411 985 1579 1026 signaculo
1590 985 1677 1016 cordi
1688 986 1715 1025 ej
1723 995 1760 1016 us

977 1052 996 1074 a
1010 1042 1167 1082 principio
1187 1049 1254 1072 suae
1278 1039 1499 1072 conversionis
1515 1039 1671 1079 impresso
1688 1048 1759 1070 cor-

978 1106 1039 1137 pus
1064 1096 1270 1135 consignaret
1293 1094 1445 1132 exteriuS,
1473 1094 1505 1124 in
1528 1094 1597 1134 ipsa
1618 1103 1651 1124 se
1665 1103 1760 1124 cruce

977 1151 1153 1187 recludens,
1171 1150 1318 1180 habitum
1334 1148 1530 1189 poenitentiae
1544 1147 1681 1188 sumpsit
1692 1157 1762 1179 cru-

978 1206 1022 1237 cis
1036 1205 1214 1244 imagmem
1233 1204 1476 1244 praeferentem,
1504 1204 1663 1242 quatenus
1679 1202 1762 1233 sicut

978 1268 1069 1290 mens
1078 1260 1149 1299 ejus
1160 1259 1247 1289 intus
1262 1258 1435 1289 Dominum
1448 1257 1639 1288 crucifixum
1651 1256 1762 1287 indue-

977 1315 1037 1351 rat,
1054 1313 1098 1344 sic
1113 1315 1143 1343 et
1157 1321 1274 1352 corpus
1291 1313 1362 1352 ers
1378 1311 1525 1342 indueret
1540 1319 1631 1341 arma
1645 1310 1760 1349 crucis;

978 1367 1058 1398 etin
1079 1376 1143 1407 quo
1165 1366 1261 1405 signo
1284 1365 1367 1396 Deus
1381 1366 1552 1405 potestates
1572 1373 1682 1395 aereas
1705 1365 1760 1395 de-

978 1421 1109 1452 bellarat
1120 1444 1131 1459 ,
1155 1420 1190 1450 in
1211 1419 1322 1450 eodem
1343 1427 1421 1449 suus
1445 1418 1602 1449 exercitus
1625 1418 1759 1449 Domino

979 1474 1140 1505 militaret.
1167 1473 1228 1504 Sed
1248 1475 1278 1504 et
1297 1482 1315 1503 a
1334 1472 1490 1512 principio
1505 1472 1676 1512 temporis,
1698 1481 1762 1512 quo

979 1529 1136 1559 Crucifixo
1166 1527 1302 1558 militare
1336 1528 1492 1566 coeperat,
1527 1526 1653 1557 diversa
1679 1526 1763 1557 circa

978 1592 1054 1614 eum
1075 1582 1177 1613 crucis
1199 1581 1373 1621 perfulsere
1401 1579 1563 1620 mysteria,
1590 1580 1670 1610 sicut
1685 1580 1762 1611 vitae

978 1637 1078 1677 ipsius
1100 1634 1311 1666 consideranti
1335 1634 1507 1665 decursum
1528 1633 1644 1664 clarius
1668 1633 1761 1664 inno-

978 1690 1078 1728 tescit,
1095 1689 1232 1729 qualiter
1247 1688 1447 1729 apparitione
1462 1687 1565 1718 crucis
1585 1686 1759 1718 Dominicae

979 1744 1176 1785 septiformi,
1196 1745 1260 1773 tam
1288 1742 1450 1782 cogitatu,
1477 1750 1575 1782 quam
1593 1741 1709 1772 affectu
1732 1744 1762 1772 et

978 1801 1061 1836 actu,
1078 1800 1165 1828 totus
1179 1797 1241 1828 fuit
1258 1797 1291 1827 in
1312 1796 1462 1827 Crucifixi
1479 1795 1622 1834 effigiem
1641 1804 1698 1835 per
1713 1796 1762 1835 ip-

978 1853 1045 1883 sius
1058 1851 1243 1883 ecstaticum
1264 1850 1510 1881 transformatus
1530 1858 1684 1880 amorem.
1705 1849 1761 1880 Di-

979 1915 1043 1946 gne
1058 1906 1159 1945 igitur
1174 1904 1291 1935 summi
1308 1904 1404 1943 Regis
1415 1903 1583 1934 clementia
1593 1903 1659 1934 suis
1674 1912 1760 1934 ama-

977 1959 1100 1990 toribus
1123 1958 1208 1989 ultra
1229 1967 1359 1989 omnem
1384 1957 1629 1988 {estimationem
1656 1957 1759 1988 homi-

977 2023 1057 2044 num
1086 2012 1352 2050 condescendens,
1374 2021 1443 2042 suae
1470 2011 1573 2042 crucis
1604 2011 1760 2042 vexillum

977 2067 1076 2107 ipsius
1091 2066 1216 2106 corpori
1239 2065 1447 2096 deferendum
1463 2065 1633 2104 impressit,
1651 2067 1686 2096 ut
1703 2065 1760 2105 qui

977 2121 1122 2152 mirando
1150 2121 1255 2151 fuerat
1284 2119 1386 2150 crucis
1414 2128 1524 2149 amore
1553 2121 1757 2158 praeventus,

977 2175 1123 2206 mirando
1137 2174 1232 2205 etiam
1243 2174 1334 2204 fieret
1347 2172 1450 2203 crucis
1460 2173 1582 2203 honore
1592 2172 1758 2204 mirificus

976 2230 1024 2260 Ad
1044 2230 1142 2269 hujus
1165 2228 1312 2268 stupendi
1339 2226 1486 2257 miraculi
1506 2227 1759 2267 irrefragabilem

977 2284 1172 2320 firmitatem,
1189 2292 1253 2313 non
1269 2282 1373 2313 solum
1389 2281 1567 2313 videntium
1585 2284 1615 2312 et
1630 2282 1760 2322 palpan-

977 2339 1057 2368 tium
1073 2336 1255 2368 testimonia
1276 2345 1333 2376 per
1354 2345 1483 2366 omnem
1505 2336 1637 2366 modum
1659 2336 1758 2366 credi-

976 2392 1064 2429 bilia,
1082 2390 1293 2421 verumetiam
1308 2390 1521 2430 apparItiones
1536 2390 1706 2426 mirabiles,
1729 2392 1760 2420 et

976 2447 1110 2476 virtutes
1125 2446 1196 2484 post
1210 2444 1309 2484 ipsius
1336 2444 1459 2474 obitum
1481 2446 1694 2481 coruscantes,
1719 2444 1758 2474 ad

977 2508 1071 2530 omne
1092 2498 1206 2529 mentis
1234 2498 1446 2537 effugandum
1468 2497 1615 2527 nubilum
1639 2497 1759 2528 suffra-

978 2555 1108 2593 gantur.
1126 2552 1235 2583 FelIcis
1257 2561 1396 2592 namque
1416 2551 1642 2582 recordationis
1658 2552 1758 2582 domi-
1774 2578 1777 2581 .

978 2618 1040 2639 nus
1055 2607 1230 2647 Gregorius
1252 2607 1337 2646 Papa
1360 2606 1410 2644 IX,
1426 2606 1463 2636 de
1483 2615 1547 2646 quo
1566 2606 1617 2636 vir
1631 2608 1759 2637 sanctus

979 2662 1197 2703 prophetando
1217 2661 1420 2701 praedixerat,
1447 2660 1532 2700 quod
1555 2660 1594 2691 ad
1613 2660 1756 2699 dignita—

979 2719 1042 2747 tem
1076 2716 1155 2746 foret
1185 2714 1387 2755 apostolicam
1424 2713 1665 2752 sublimandus,
1698 2722 1755 2744 an-
