2029 3052
291 247 351 277 324

290 315 377 345 stum
401 311 562 344 ferebatur
584 309 718 347 affectu;
741 307 796 340 sed
818 309 851 339 et
868 295 1003 339 dilectus
1024 306 1072 338 illi

289 371 358 399 tam
379 366 568 399 familiarem
588 363 781 405 rependebat
795 371 950 401 amorem,
967 364 1004 393 ut
1019 361 1069 393 vi-

290 421 418 453 deretur
437 421 496 462 ipsi
519 418 641 450 famulo
667 417 722 449 Dei
746 416 839 458 quasi
861 417 977 457 jugem
1003 425 1070 456 prae

290 475 392 507 oculis
406 475 506 515 ipsius
525 471 700 504 Salvatoris
719 471 837 502 sentire
851 470 1069 512 praesentiam,

289 529 372 560 sicut
385 527 557 568 aliquando
572 525 667 557 sociis
688 525 887 556 familiariter
900 524 1068 556 revelavit.

289 582 463 622 Flagrabat
477 589 556 621 erga
574 581 810 611 sacramentum
832 578 985 610 dominici
1005 587 1071 609 cor-

288 636 375 677 poris
389 636 515 667 t'ervore
529 634 676 666 omnium
695 633 922 671 medullarum,
941 634 1071 672 stupore

288 690 451 722 admirans
467 689 666 730 permaximo
681 687 769 718 illam
783 686 1006 718 charissimam
1021 686 1070 717 di-

288 731 488 784 gnationem,
513 744 545 774 et
565 741 844 782 ‹lignantissimam
866 739 1066 771 charitatem.

289 797 381 838 Saepe
396 796 665 833 communicabat,
681 797 712 826 et
724 797 790 826 tam
801 794 925 832 devote,
942 796 979 825 ut
991 793 1071 825 alios

288 852 421 883 devotos
442 850 591 888 efficeret,
616 849 693 880 dum
710 849 749 879 ad
774 847 970 879 immaculati
984 848 1070 888 Agni

288 905 548 946 degustationem
559 912 706 940 suavem,
720 903 810 943 quasi
822 902 936 942 spiritu
947 901 1069 940 ebrius,

288 960 322 991 in
338 959 454 991 mentis
471 960 507 989 ut
527 957 703 998 plurimum
722 956 906 997 rapiebatur
925 965 1069 987 excessu.

289 1014 424 1045 Matrem
441 1012 565 1044 Domini
580 1011 679 1043 nostri
694 1010 769 1042 Jesu
784 1010 898 1042 Christi
918 1010 1071 1041 indicibili

289 1068 559 1109 complectebatur
581 1074 702 1102 amore,
726 1074 764 1096 eo
786 1064 872 1105 quod
899 1064 1071 1096 Dominum

290 1123 466 1163 majestatis
490 1122 620 1152 fratrem
651 1119 743 1151 nobis
770 1119 928 1156 effecerit,
959 1120 990 1149 et
1016 1127 1072 1158 per

289 1186 360 1209 eam
377 1177 478 1208 simus
493 1174 745 1207 misericordiam
763 1173 936 1204 consecuti.
954 1172 989 1204 ln
1004 1173 1073 1213 ipsa

290 1233 360 1271 post
375 1230 534 1261 Christum
551 1229 714 1269 praecipue
738 1227 849 1265 fidens,
867 1236 939 1258 eam
963 1226 1012 1257 sui
1037 1236 1073 1257 ac

290 1294 422 1316 suorum
449 1284 637 1315 advocatam
660 1282 835 1320 constituit,
863 1284 894 1312 et
915 1281 955 1312 ad
969 1281 1071 1312 hono-

290 1348 358 1370 rem
384 1339 504 1379 ipsius,
532 1348 551 1368 a
574 1338 652 1368 festo
677 1335 902 1376 Apostolorum
930 1335 1012 1366 Petri
1042 1337 1072 1366 et

292 1392 380 1424 Pauli
396 1392 544 1433 usquead
557 1392 671 1422 festum
687 1390 924 1431 Assumptionis
939 1390 1073 1421 devotis-

291 1447 371 1478 sime
383 1447 561 1487 jejunabat.
591 1445 756 1485 Angelicis
775 1444 940 1484 spiritibus
956 1443 1071 1474 arden-

291 1500 377 1531 tibus
390 1501 466 1540 igne
487 1499 621 1530 mirifico
633 1499 671 1529 ad
684 1498 903 1529 excedendum
914 1498 947 1528 in
959 1497 1070 1535 Deum,

291 1556 323 1584 et
337 1554 511 1585 electorum
527 1554 651 1584 animas
671 1552 928 1590 inflammandas
947 1552 1072 1591 insepa-

291 1607 400 1638 rabilis
420 1610 487 1639 erat
505 1607 623 1638 amoris
641 1606 772 1637 vinculo
792 1605 968 1646 copulatus,
986 1608 1016 1635 et
1031 1605 1072 1635 ob

292 1661 496 1693 devotionem
519 1661 673 1701 ipsorum,
700 1661 740 1690 ab
755 1659 982 1699 Assninptione
1000 1659 1074 1689 Vir—

292 1717 379 1756 ginis
396 1716 545 1755 gloriosa*
561 1714 777 1754 quadraginta
793 1713 905 1743 diebus
921 1713 1074 1752 jejunans

292 1770 429 1801 orationi
441 1769 564 1809 jugiter
586 1767 761 1798 insistebat.
782 1766 876 1797 Beato
891 1768 998 1797 antem
1015 1766 1072 1796 Mi-

292 1823 390 1854 chaeli
411 1822 625 1862 Archangelo,
651 1831 688 1852 eo
712 1821 797 1861 quod
824 1821 1007 1851 animarum
1023 1830 1072 1850 re-

291 1877 587 1918 praescntandarum
615 1876 745 1906 liaberet
768 1874 920 1912 osticium,
946 1873 1073 1914 speciali

292 1934 359 1962 erat
367 1940 476 1962 amore
486 1930 641 1968 devotior,
655 1933 784 1970 propter
795 1929 966 1966 fervidum,
976 1938 1073 1968 quem

292 1985 441 2022 habebat,
459 1984 562 2015 zelun]
578 1984 616 2014 ad
632 1983 766 2014 salutem
783 1983 929 2013 onmium
946 1982 1072 2013 salvan-

292 2040 418 2070 dorum.
428 2038 473 2069 Ex
484 2038 699 2069 recordatione
711 2037 901 2067 Sanctorum
913 2036 1071 2075 oninium,

293 2095 445 2133 tanquam
473 2092 614 2132 lapidum
638 2091 832 2131 ignitorum,
863 2091 894 2120 in
924 2090 1072 2121 deificum

293 2146 502 2177 recalescebat.
523 2145 725 2182 inccndium;
747 2143 914 2183 Apostolos
938 2153 1050 2174 omnes
1063 2167 1072 2180 ‚

293 2203 323 2229 et
339 2200 498 2240 praecipue
516 2199 645 2229 l‘ctruin
661 2201 691 2228 et
709 2198 856 2235 Paulum,
872 2200 1000 2237 propter
1016 2198 1074 2228 ser-

293 2254 400 2285 vidam
416 2253 614 2290 charitatem,
632 2261 729 2292 quam
742 2251 925 2282 habuerunt
938 2251 977 2281 ad
989 2250 1074 2281 Chri-

293 2311 398 2345 stum,
423 2316 549 2337 sumnia
576 2306 743 2336 devotione
767 2305 973 2345 complexans
997 2316 1003 2336 :
1031 2305 1072 2336 ob

293 2370 432 2401 quorum
449 2360 659 2390 reverentiam
675 2362 705 2389 et
721 2368 876 2396 amorem,
893 2359 1072 2398 quadrage-

293 2416 384 2445 simae
406 2413 549 2455 specialis
567 2413 728 2452 jvjunium
744 2413 878 2443 Domino
895 2413 1069 2443 dedicabat.

292 2469 361 2500 Non
377 2468 514 2499 habebat
539 2467 622 2498 aliud
649 2468 761 2497 Christi
786 2476 907 2507 pauper
932 2467 992 2497 nisi
1008 2467 1071 2497 duo

294 2523 428 2559 minuta,
453 2530 568 2561 corpus
589 2520 719 2557 scilicet,
746 2523 776 2551 et
800 2521 958 2559 animam,
985 2521 1071 2560 quod

294 2579 398 2615 posset
410 2575 531 2606 liberali
551 2573 701 2604 charitate
712 2573 836 2613 largiri.
853 2574 912 2604 Sed
931 2574 1000 2604 liceo
1015 2583 1072 2613 per

294 2639 436 2660 amorem
462 2629 576 2660 Christi
605 2628 647 2657 sic
672 2628 823 2658 offerebat
850 2629 1016 2665 continue,
1038 2630 1071 2658 ut

294 2684 382 2722 ‹pias-i
400 2683 486 2713 ouini
500 2685 641 2721 tempore
657 2691 711 2721 pei·
725 2681 865 2719 rigorem
878 2681 990 2720 jejunii
1007 2690 1072 2711 cor-

328 2748 333 2761 ¹
351 2748 356 2769 1
376 2746 444 2774 Cor-⁴,
461 2752 521 2773 xiii,
541 2748 559 2768 1.
575 2758 604 2762 -
620 2745 858 2774 ²1J‹›an..1v‚1s.

1867 33 1875 48 ι
1903 25 1968 54 Q*-

855 238 1044 272 LEGENDA
1065 237 1099 271 S.
1122 236 1344 270 FRANCISCI.

1128 315 1202 348 puS,
1217 307 1249 338 et
1259 314 1318 346 per
1325 304 1473 336 ardorem
1482 302 1628 335 desiderii
1638 302 1786 344 spiritum
1794 304 1910 338 immo-

1127 360 1218 399 laret,
1233 359 1376 391 exterius
1396 358 1429 389 in
1452 357 1535 389 atrio
1557 356 1739 389 sacrificans
1756 357 1908 391 holocau-

1128 415 1226 453 stum,
1243 415 1275 445 et
1290 413 1325 444 in
1341 411 1461 452 templo
1474 411 1608 443 interius
1619 419 1828 443 concremans
1839 411 1911 454 thy-

1129 467 1261 498 miama.
1277 465 1328 498 Sic
1344 467 1452 497 autem
1467 473 1543 496 eum
1564 464 1730 496 charitatis
1749 465 1912 498 excessiva

1128 520 1255 553 devotio
1275 528 1406 551 sursum
1426 518 1460 550 in
1483 518 1594 550 divina
1615 518 1747 558 terebat,
1768 521 1806 550 ut
1823 520 1912 560 eius·

1127 574 1202 606 dem
1225 573 1399 605 affectuosa
1423 572 1608 612 benignitas
1625 573 1665 604 ad
1685 575 1810 605 naturae
1833 582 1909 606 con-

1127 630 1228 659 sortes
1242 629 1274 659 et
1289 626 1408 667 gratiae
1422 626 1579 658 dilataret.
1604 625 1705 665 Quem
1720 627 1808 658 enim
1821 636 1911 659 crea-

1128 682 1209 713 turis
1223 681 1346 714 caeteris
1359 689 1553 721 germanum
1567 680 1668 721 pietas
1683 681 1787 712 cordis
1801 681 1912 714 effeoe-

1128 738 1188 774 rat,
1201 736 1321 767 mirum
1330 744 1394 767 non
1405 737 1462 773 est,
1475 735 1502 765 si
1521 733 1677 766 Creatoris
1694 734 1859 775 insignitis
1868 735 1909 776 (α)

1127 789 1288 830 imagine,
1315 792 1346 821 et
1370 789 1531 829 sanguine
1556 788 1728 829 redemptis
1753 789 1910 828 auctoris,

1128 845 1364 884 germaniorem
1380 843 1496 876 Christi
1515 844 1653 875 charitas
1674 844 1819 876 faciebat.
1841 843 1912 876 Non

1128 908 1161 930 se
1183 899 1298 931 Christi
1319 898 1488 939 reputabat
1515 898 1669 937 amicum,
1696 898 1759 929 nisi
1779 898 1912 930 ,animas

1127 953 1267 995 foveret,
1284 962 1363 994 quas
1378 952 1432 984 ille
1446 952 1592 984 redemit.
1609 951 1709 984 Saluti
1724 951 1909 983 animarum

1128 1007 1209 1038 nihil
1224 1007 1460 1047 praeferendum
1475 1015 1542 1038 esse
1556 1005 1695 1045 dicebat,
1712 1014 1750 1037 eo
1765 1005 1907 1037 maxime

1128 1061 1278 1102 probans,
1295 1061 1380 1102 quod
1395 1061 1585 1101 unigenitus
1600 1060 1654 1092 Dei
1669 1069 1727 1102 pro
1742 1060 1912 1093 animabus

1128 1115 1281 1155 dignatus
1300 1115 1397 1147 fuerit
1419 1116 1451 1146 in
1473 1124 1565 1147 cruce
1586 1115 1734 1156 pendere.
1758 1114 1839 1146 Hinc
1852 1114 1913 1146 sibi

1129 1170 1163 1201 in
1178 1170 1321 1202 oratione
1345 1170 1517 1209 luctamen,
1543 1171 1575 1201 in
1597 1169 1822 1211 praedicatione
1843 1169 1912 1201 dis-

1129 1233 1253 1263 cursus,
1269 1227 1300 1256 et
1312 1225 1343 1255 in
1355 1224 1511 1265 exemplis
1525 1224 1638 1255 dandis
1652 1233 1810 1256 excessus.
1823 1222 1913 1260 Unde

1129 1279 1276 1318 quotiens
1300 1278 1468 1309 austeritas
1499 1278 1600 1309 nimia
1623 1277 1913 1318 reprehenderetur

1130 1332 1163 1362 in
1179 1333 1259 1372 ipso,
1276 1332 1487 1373 respondebat
1501 1342 1535 1363 se
1546 1332 1657 1363 datum
1674 1331 1745 1363 aliis
1759 1332 1792 1363 in
1805 1340 1914 1364 exem-

1131 1387 1229 1426 plum.
1256 1386 1341 1417 Licet
1360 1387 1447 1417 enim
1472 1386 1625 1417 innocens
1639 1387 1709 1426 eJus
1734 1394 1819 1421 caro.
1840 1394 1914 1426 quae

1125 1441 1195 1480 jam
1210 1450 1243 1471 se
1259 1442 1371 1480 sponte
1384 1439 1538 1471 subdebat
1553 1439 1690 1480 spiritui,
1704 1439 1792 1471 nullo
1802 1441 1912 1480 egeret

1130 1494 1256 1533 flagelio
1287 1496 1418 1534 propter
1447 1493 1602 1532 offensas,
1633 1496 1741 1525 tamen
1770 1493 1911 1534 exempli

1129 1556 1226 1578 causa
1241 1547 1415 1578 renovabat
1436 1547 1480 1578 iili
1497 1556 1608 1587 poenas
1624 1549 1655 1578 et
1674 1555 1784 1585 onera,
1808 1548 1914 1578 custo-

1129 1601 1219 1632 diens
1230 1604 1358 1642 propter
1368 1601 1446 1632 aiios
1457 1601 1524 1632 vias
1537 1601 1644 1633 duras.
1656 1600 1782 1632 Dicebat
1790 1601 1892 1632 enim¹
1905 1611 1912 1632 :

1132 1655 1167 1687 Si
1181 1656 1303 1696 linquis
1319 1655 1487 1687 lzmm‘num
1512 1655 1636 1695 loquar,
1663 1658 1693 1687 et
1715 1654 1911 1695 anqelorum,

1129 1709 1320 1741 charitalem
1335 1713 1441 1740 autem
1457 1709 1488 1738 in
1505 1708 1626 1749 meipso
1641 1716 1706 1740 non
1722 1707 1866 1746 habeam,
1883 1710 1915 1739 et

1130 1763 1285 1802 proximis
1299 1763 1458 1793 virtutum
1467 1762 1632 1802 exemplar
1640 1770 1705 1793 non
1723 1763 1910 1800 monstrem,

1130 1826 1245 1857 parum
1271 1826 1403 1857 prosum
1429 1816 1498 1846 aliis
1510 1840 1517 1854 ,
1542 1816 1621 1846 mihi
1649 1814 1741 1846 nihil.
1766 1814 1913 1846 Ferventi

1129 1879 1258 1911 quoque
1274 1870 1436 1901 charitatis
1451 1869 1598 1900 incendio
1619 1869 1797 1909 gloriosum
1821 1878 1911 1900 sanc-

1130 1927 1237 1955 torum
1254 1927 1433 1965 martyrum
1458 1924 1676 1955 aemulabatur
1695 1923 1911 1964 triumphum,

1130 1979 1163 2009 in
1178 1978 1296 2019 quibus
1311 1987 1367 2009 nc<-
1383 1978 1502 2009 amoris
1516 1977 1648 2008 flamma
1671 1977 1831 2016 extingui,
1855 1985 1913 2008 nee

1130 2032 1281 2064 fortitudo
1297 2032 1400 2072 potuit
1416 2031 1583 2062 infirmari.
1603 2030 1803 2062 Desiderabat
1817 2039 1913 2070 prop-

1129 2089 1215 2117 terea
1238 2088 1268 2117 et
1285 2086 1362 2125 ipse,
1384 2085 1437 2115 illa
1457 2085 1595 2125 perfecta
1608 2084 1762 2115 charitate
1778 2092 1911 2114 succen-

1128 2151 1193 2177 sus,
1211 2149 1284 2180 qnae
1301 2140 1388 2178 foras
1406 2140 1509 2172 mittit
1536 2139 1681 2171 timorem
1695 2138 1725 2175 ¹,
1750 2146 1806 2178 per
1825 2146 1911 2168 mar-

1129 2195 1202 2235 tyrii
1226 2194 1390 2224 flammam
1413 2193 1550 2224 hostiam
1582 2192 1715 2223 Domino
1740 2201 1773 2223 se
1797 2191 1912 2222 offerre

1129 2249 1303 2286 viventem,
1322 2250 1357 2279 ut
1372 2250 1402 2278 et
1419 2247 1521 2278 vicem
1532 2246 1656 2277 Christo
1667 2254 1725 2285 pro
1736 2245 1828 2276 nobis
1842 2253 1910 2275 mo-

1129 2303 1220 2333 rienti
1246 2301 1432 2342 rependeret
1446 2325 1453 2339 ,
1480 2303 1511 2331 et
1533 2300 1572 2331 ad
1598 2299 1746 2331 divinum
1767 2307 1910 2330 amorem

1128 2359 1259 2387 caeteros
1275 2357 1475 2396 provocaret.
1498 2354 1594 2385 Sexto
1617 2362 1757 2393 namque
1776 2360 1909 2383 conver-

1128 2410 1225 2441 sionis
1240 2418 1308 2440 suae
1320 2418 1415 2445 anno,
1431 2407 1586 2438 desiderio
1597 2405 1743 2446 martyrii
1755 2405 1909 2444 flagrans,

1128 2463 1165 2494 ad
1181 2463 1415 2503 praedicandam
1428 2462 1525 2493 tidem
1541 2461 1751 2492 christianam
1765 2460 1797 2490 et
1812 2459 1911 2499 poeni-

1129 2517 1260 2548 tentiam
1283 2515 1466 2553 Saracenis,
1494 2518 1525 2546 et
1548 2514 1618 2545 aliis
1645 2512 1843 2554 infidelibus,
1872 2512 1910 2543 ad

1128 2574 1232 2611 partes
1248 2570 1349 2610 Syriae
1365 2569 1567 2600 transfretare
1579 2566 1747 2606 disposuit.
1765 2566 1910 2605 Cumque

1128 2633 1244 2654 navem
1256 2623 1441 2663 quamdam,
1456 2624 1492 2653 ut
1509 2621 1582 2651 illuc
1597 2620 1750 2655 tenderet,
1762 2627 1911 2649 conscen-

1127 2681 1234 2716 dissvt,
1251 2680 1355 2710 ventis
1370 2677 1537 2709 contrariis
1552 2676 1705 2707 flantibus
1726 2673 1910 2714 compulsus

1161 2744 1192 2772 (a)
1211 2743 1271 2766 caet.
1287 2741 1346 2766 edit.
1362 2740 1506 2772 insignitus.
