2029 3052
664 165 769 199 LAUS
789 166 935 201 BEATAE
958 167 1132 202 VlRGlNlS
1154 168 1307 202 MARlAE.
1554 191 1557 193 >
1742 174 1800 203 185

303 233 383 261 Sacri
397 240 522 262 munere
535 233 636 269 gratioe
644 255 653 270 ,
1177 239 1232 267 Iste
1247 237 1454 267 desiderabilis

303 280 392 309 Plena
406 280 482 310 Solis
493 281 628 318 Justitiae,
1144 284 1230 314 Vultu
1246 285 1339 314 David
1354 285 1502 322 gratiosus
1512 309 1522 320 ‚

302 329 392 356 Mater
406 327 456 357 Dei
470 329 499 357 et
512 329 643 358 hominis
1142 333 1203 360 Rex
1217 332 1292 361 nulli
1309 334 1534 371 comparabilis,

301 375 362 411 Fis,
378 375 450 404 flore
465 376 616 412 pudicitiae
1142 380 1229 407 Manu
1243 379 1344 415 fortis,
1368 381 1547 416 bellicosus,

303 423 434 451 vernans
448 422 544 451 Matris
558 425 587 452 et
598 423 735 460 Virginis.
1142 426 1295 463 Clemens,
1311 428 1378 464 pius
1392 450 1400 465 ‚
1416 437 1588 466 amorosus,

1140 474 1269 502 Christus
1284 477 1328 503 est
1342 475 1556 512 immutabilis,

175 510 230 538 xil.
253 509 387 545 Fiquraca
404 511 461 543 fuit
473 518 522 546 per
537 511 644 540 domum
660 513 781 548 Domini,
798 521 880 549 quam
893 513 960 541 oedz'-
1141 521 1196 555 Qui
1211 530 1329 559 semper
1345 525 1388 551 est
1404 524 1553 560 gloriosus

210 553 305 586 fitcavit
327 552 453 581 Salomon
462 574 471 588 ,
499 556 524 581 et
546 555 635 589 qloria
668 557 718 584 Dei
742 564 801 584 eam
835 557 960 592 implevit
1140 570 1172 597 ln
1188 569 1296 597 sanetis
1312 571 1340 598 et
1353 570 1511 600 mirabilis„

214 594 259 630 (ΠΙ
276 596 361 631 Reg·²
375 595 427 632 vo·
1174 618 1207 644 Et
1226 618 1257 645 tu
1268 617 1386 653 Abigail
1400 619 1532 655 sapiens,

335 661 471 697 Implevit
486 662 613 691 domum
628 663 745 692 Domini
1141 663 1236 692 David
1251 664 1386 693 deferens
1397 673 1539 702 munera,

299 708 425 743 Superni
439 708 525 744 Regis
539 709 653 746 gloria,
1139 711 1234 740 Nabal
1249 713 1276 740 et
1291 711 1384 740 David
1399 712 1511 741 faciens

299 756 358 784 Suo
372 757 518 785 sacratam
529 757 644 785 nomini
656 780 665 793 ,
1141 759 1278 787 Precibus
1294 759 1351 787 tuis
1365 759 1490 788 foedera.

298 802 466 831 Salomonis
480 803 637 833 industria.
1139 807 1214 835 Dum
1230 807 1280 843 pia
1294 807 1378 835 lactis
1392 807 1485 836 ubera

297 850 372 877 Dum
385 850 413 878 te
428 858 557 887 superna
574 852 670 887 gratia
1138 853 1252 883 Christo
1269 854 1378 882 dedisti
1392 855 1541 891 nutriens,

297 896 441 925 Gabrielis
456 897 589 927 affamini
1139 900 1211 929 Hinc
1226 901 1391 937 peccatoris
1405 902 1519 931 scelera

297 944 460 978 Parentem,
478 945 568 981 Virgo
583 947 690 982 Maria,
1138 948 1204 976 Tuis
1218 948 1331 976 meritis
1346 948 1471 978 leniens.

298 991 401 1027 Replet
416 991 546 1020 dicatam
560 993 677 1022 numini
692 1003 699 1022 ε
1173 996 1285 1031 Regina
1300 995 1390 1032 Virgo
1405 997 1489 1032 regia
1499 1019 1507 1032 ,

333 1040 418 1067 Notat
434 1038 482 1067 hic
497 1040 547 1068 Dei
562 1040 669 1069 Filium
1138 1044 1176 1071 De
1193 1051 1302 1079 genere
1319 1044 1413 1072 David
1428 1044 1514 1081 Regis
1524 1067 1533 1080 ,

296 1085 438 1114 Salomon
453 1088 514 1115 Rex
529 1088 687 1124 pacificus,
1138 1090 1188 1119 Dei
1203 1092 1297 1120 mater
1313 1094 1341 1120 et
1359 1091 1433 1127 filia,

295 1133 350 1167 Qui
364 1133 432 1162 fecit
446 1134 587 1163 thronum
601 1137 734 1173 regium,
1137 1139 1243 1167 Christi
1255 1148 1363 1176 parens
1372 1161 1381 1175 ‚
1397 1141 1544 1170 Christum
1558 1142 1651 1178 regis,

296 1181 328 1208 Ut
342 1180 390 1209 hic
405 1181 509 1210 artifex
524 1183 654 1212 coelicus.
1138 1188 1241 1215 Nostra
1255 1189 1365 1220 mater,
1383 1190 1490 1217 nostrae
1503 1189 1578 1225 legis

295 1229 328 1255 Et
341 1228 462 1256 nuntius
474 1230 628 1265 angelicus
1136 1234 1285 1263 Gaudium
1306 1237 1334 1263 et
1356 1235 1470 1268 laetitia,

295 1275 473 1311 Praeparavit
486 1276 651 1313 hospitium
661 1299 670 1313 ,
1136 1282 1301 1310 Peccatoris
1316 1282 1400 1311 fortis
1415 1283 1485 1319 aegis
1496 1305 1506 1319 ,

295 1322 405 1350 Nostrae
424 1323 526 1351 salutis
537 1325 660 1361 pisticus
1137 1330 1248 1364 DecuS,
1272 1330 1386 1365 honor,
1407 1332 1435 1359 et
1453 1331 1559 1366 gloria.

293 1370 402 1397 Verum
417 1369 552 1399 deserens
566 1373 722 1407 gaudium.
1171 1378 1202 1404 In
1215 1378 1242 1404 te
1257 1377 1322 1405 sola
1337 1385 1404 1413 spes
1418 1377 1519 1412 figitur

330 1416 419 1445 Maria
433 1419 528 1446 mater
543 1419 660 1454 gratiae,
1136 1424 1238 1452 Omnis
1252 1424 1376 1453 humani
1392 1425 1527 1461 generis;

293 1465 381 1492 Mater
395 1465 423 1492 et
436 1464 503 1492 fons
518 1465 678 1503 bonitatis,
1135 1472 1188 1499 Per
1206 1473 1232 1499 te
1247 1471 1345 1500 solam
1359 1472 1519 1501 destruitur

295 1512 384 1539 Mater
397 1511 609 1541 misericordiae
621 1536 628 1546 ,
1134 1518 1204 1547 Adae
1219 1521 1375 1554 peccatum
1389 1520 1511 1556 veteris3

294 1559 370 1586 Fons
386 1560 414 1587 et
426 1558 521 1588 fomes
533 1561 665 1596 pietatis,
1135 1565 1204 1594 Vitae
1219 1568 1323 1602 portus
1338 1574 1369 1594 es
1383 1567 1498 1595 miseris
1511 1590 1520 1603 ‚

293 1605 466 1634 Triclinium
481 1607 609 1642 Deitatis,
1135 1614 1188 1641 Per
1209 1614 1236 1641 te
1253 1614 1332 1642 salus
1347 1615 1521 1651 acquiritur.

293 1654 383 1682 Mater
402 1653 477 1682 Solis
496 1655 632 1691 justitiae,
1133 1660 1228 1689 Nescit
1242 1662 1359 1689 reatum
1374 1662 1508 1698 sceleris,

291 1701 442 1737 Perpetuae
465 1702 605 1731 claritatis
1135 1708 1190 1742 Qui
1211 1710 1238 1736 te
1255 1708 1362 1737 devote
1377 1710 1519 1746 sequitur.

289 1748 410 1776 confers
430 1749 551 1786 lumen,
579 1752 607 1779 et
629 1751 743 1787 gloriae.
1168 1757 1284 1784 Bonum
1300 1758 1342 1784 est
1357 1765 1429 1793 ergo
1444 1757 1574 1786 subdere

1133 1804 1202 1832 Sese
1220 1805 1277 1831 tuae
1292 1804 1440 1840 servituti,

166 1831 231 1858 ΧΠῘ.
256 1831 359 1865 Figura
382 1833 440 1865 fult
460 1841 508 1868 per
530 1835 656 1870 Abiqall,
679 1846 738 1872 quw
765 1839 831 1872 fCCit
855 1848 949 1876 pacem
1132 1850 1302 1879 Secundum
1322 1854 1347 1879 te
1365 1860 1395 1879 se
1410 1860 1524 1888 regere,

259 1874 331 1901 inter
345 1875 436 1902 Nabal
451 1878 477 1903 et
493 1877 625 1906 Davidem
640 1879 661 1915 (1
676 1881 759 1916 Reg„
775 1882 854 1918 xxv).
1135 1898 1327 1934 Disponendo
1341 1907 1372 1926 se
1386 1899 1495 1928 virtuti·

325 1938 403 1966 Uxor
416 1937 510 1967 Nabal
526 1948 595 1968 cum
610 1942 721 1970 Davide
1131 1946 1263 1981 Namque
1278 1945 1320 1973 tui
1335 1946 1412 1973 servi
1427 1947 1481 1975 tuti

288 1987 393 2014 Pacem
403 2007 412 2020 ,
428 1986 504 2015 datis
518 1989 711 2025 muneribus,
1132 1994 1183 2020 Per
1198 1994 1225 2020 te
1240 1995 1365 2029 possunt
1379 1994 1542 2023 ascendere

289 2033 383 2061 Nabal
397 2034 539 2063 reformat
553 2036 649 2065 solide
1130 2039 1255 2074 Coelum,
1270 2039 1363 2068 vitam
1373 2041 1511 2077 assecuti,

289 2080 508 2116 Benignissimis
523 2083 664 2118 precibus
675 2105 684 2119 ,
1127 2088 1235 2115 Tecum
1247 2095 1364 2123 semper
1380 2090 1406 2116 et
1422 2089 1531 2117 vivere.

286 2127 363 2155 Licet
375 2128 469 2157 Nabal
482 2131 672 2159 sermonibus
682 2153 691 2166 ,

287 2174 373 2202 010th
386 2174 529 2212 factisque
543 2177 651 2206 stolide
1004 2172 1070 2199 xlv.
1086 2172 1220 2205 Fz‘qurata
1248 2172 1304 2204 fuit
1326 2180 1374 2207 per
1396 2173 1505 2207 Judz‘tln
1534 2182 1593 2209 quoe
1616 2175 1786 2208 Holofernem

285 2221 438 2250 Meruisset
452 2223 609 2253 doloribus
662 2200 671 2213 ³
1053 2215 1180 2249 peremit,
1195 2215 1219 2241 et
1233 2215 1363 2249 populum
1378 2216 1506 2243 liberavit
1522 2216 1641 2253 (Judith,
1659 2217 1732 2253 xm).

285 2268 379 2296 Vitam
396 2269 480 2298 finire
495 2272 624 2300 turbide.
1165 2277 1272 2305 Volens
1282 2278 1431 2306 mundum
1447 2280 1556 2309 saevitia

320 2317 414 2351 Larga
429 2317 522 2346 Nabal
537 2320 674 2349 convivia
1128 2324 1270 2360 Principis
1284 2326 1472 2361 Assyriorum

285 2362 342 2390 Suo
356 2362 468 2391 faciens
484 2366 613 2401 tonsori,
1127 2371 1294 2407 Subjicere,
1317 2373 1430 2401 nefaria

284 2410 448 2443 Quaerendo
469 2413 661 2449 temporalia,
1128 2420 1216 2447 Manu
1231 2419 1354 2449 collecta
1369 2421 1518 2457 virorum,

284 2456 365 2484 Gulae
379 2465 489 2485 vacans
510 2461 538 2486 et
551 2459 677 2497 honori,
1124 2468 1259 2502 Magnam
1274 2467 1396 2503 plebem
1409 2469 1580 2497 Judaeorum

282 2503 478 2540 Comparatur
493 2507 653 2542 peccatori,
1125 2513 1246 2543 Obsedit
1260 2514 1290 2542 in
1305 2515 1455 2551 Bethulia;

285 2551 336 2578 Dei
351 2551 434 2580 danti
450 2553 580 2582 convitia
1125 2562 1156 2589 In
1170 2563 1297 2590 mortem
1310 2565 1447 2591 moestam
1462 2571 1565 2592 eorum

282 2598 378 2625 Servis
395 2607 401 2626 τ
418 2600 499 2628 unde
514 2602 608 2629 morte
625 2603 702 2631 mori
1126 2610 1250 2636 Mentem
1267 2609 1455 2638 debacchans
1470 2611 1571 2647 impia.

284 2644 394 2674 Debent
408 2649 530 2684 propter
544 2648 605 2677 haec
620 2650 703 2680 vitia„
1158 2656 1263 2685 Sancta
1277 2657 1377 2686 ludith
1389 2666 1444 2693 pro
1458 2659 1573 2694 populo
