2029 3052
851 237 980 270 CAPUT
1002 239 1068 271 XII.

155 311 216 342 hus
230 310 474 351 perstrepentes,
489 308 592 340 audiri
613 307 666 340 vix
683 307 818 348 poterat.
844 305 931 344 Quas

154 365 207 397 vir
222 364 276 395 Dei
297 363 447 395 omnibus
468 361 670 395 audientibus
691 361 848 393 allocutus
872 361 929 398 est,

156 418 281 450 dicens:
299 417 431 449 Sorores
446 425 526 448 meae
540 415 739 454 hirundines,
758 415 827 455 ‚iam
846 415 912 445 tem
923 430 930 437 ·

156 481 217 514 pus
240 473 287 503 est
311 473 348 503 ut
371 471 484 512 loquar
504 472 535 502 et
557 479 631 510 ego,
652 469 727 510 quia
753 478 809 501 vos
830 477 932 509 usque

156 525 251 557 modo
265 524 340 556 satis
353 524 488 556 dixistis.
506 523 622 555 Audite
645 523 782 555 verbum
800 521 865 561 Dei,
884 523 933 552 te-

155 580 268 610 nentes
282 578 455 616 silentium,
470 577 569 609 donec
583 586 688 609 sermo
705 576 757 608 Dei
772 575 931 616 complea-

156 634 220 663 tur.
245 632 285 663 At
306 631 385 671 illae,
410 633 564 672 tanquam
586 631 765 662 intellectus
789 637 930 670 capaces,

156 685 261 717 subito
277 687 453 725 tacuerunt,
470 695 529 718 nec
542 685 673 717 fuerunt
687 686 784 716 motae
800 684 838 715 de
852 683 932 721 loco,

157 740 257 772 donec
278 739 338 772 fuit
365 740 470 771 omnis
494 739 675 780 praedicatio
697 739 932 770 consummata.

156 793 273 825 Omnes
286 793 388 832 igitur
402 793 459 834 qui
475 793 635 831 viderunt,
655 793 784 832 stupore
806 791 932 832 repleti,

156 847 418 887 glorificaverunt
433 847 544 878 Deum.
570 846 662 878 Istius
677 845 822 877 miraculi
847 845 934 876 fama

156 901 408 941 circumquaque
422 900 553 938 diffusa,
573 899 690 931 multos
709 899 747 930 ad
764 899 865 930 sancti
881 907 931 930 re-

157 954 377 999 verentiamqet
390 954 464 985 fidei
479 954 681 986 devotionem
692 952 845 984 accendit.

200 1007 236 1039 In
259 1008 386 1040 civitate
411 1016 551 1048 namque
577 1007 756 1046 Parisiensi,
781 1006 935 1037 scholaris

158 1061 289 1102 quidam
303 1061 417 1092 indolis
433 1061 524 1092 bonae
539 1070 613 1092 cum
634 1060 725 1091 sociis
748 1060 817 1091 aliis
832 1059 936 1091 studio

158 1116 330 1156 diligenter
344 1116 497 1153 intentus,
517 1115 595 1146 dum
618 1115 805 1155 importuna
819 1123 935 1154 garru-

158 1169 245 1201 litate
267 1169 434 1209 quusdam
454 1169 657 1199 infestaretur
680 1167 873 1206 hirundinis,
891 1167 936 1199 di-

158 1232 229 1254 cere
245 1223 339 1263 coepit
360 1222 399 1253 ad
422 1222 522 1253 socios
538 1231 546 1253 :
568 1221 644 1252 Haec
659 1222 797 1252 hirundo
812 1230 879 1252 una
899 1221 937 1252 de

160 1277 222 1308 illis
236 1279 293 1314 est,
311 1286 385 1317 quae
401 1277 510 1308 virum
526 1275 580 1306 Dei
595 1275 800 1306 Franciscum
820 1275 936 1315 praedi-

160 1333 284 1363 cantem
299 1331 481 1371 aliquando,
495 1330 595 1361 donec
605 1330 765 1361 silentium
777 1331 822 1361 eis
837 1330 939 1370 impo-

160 1387 260 1423 neret,
276 1385 498 1416 molestabant.
521 1383 559 1415 Et
574 1393 746 1416 conversus
760 1384 800 1415 ad
820 1384 935 1415 hirun-

161 1439 280 1476 dinem,
296 1437 485 1468 fiducialiter
499 1437 543 1468 ait
560 1448 567 1467 ;
586 1437 622 1468 In
642 1437 772 1468 nomine
784 1437 868 1469 servi
883 1437 938 1468 Dei

163 1491 321 1523 Francisci
342 1491 493 1531 praecipio
515 1491 588 1529 tibi,
613 1493 649 1521 ut
673 1491 712 1522 ad
735 1500 787 1522 me
808 1491 939 1522 veniens

162 1545 314 1577 continuo
329 1544 528 1576 conticesces.
545 1540 676 1583 Atilla,
702 1544 861 1575 Francisci
880 1554 938 1575 au-

162 1599 228 1630 dito
243 1599 383 1638 nomine,
395 1599 487 1639 quasi
499 1598 561 1629 viri
572 1598 625 1629 Dei
634 1598 807 1638 disciplinis
817 1599 938 1638 edocta,

162 1654 193 1683 et
208 1653 316 1683 statim
342 1652 504 1690 conticuit,
527 1654 557 1682 et
577 1652 678 1692 ipsius
701 1652 851 1684 manibus
872 1654 940 1683 tan-

162 1716 260 1747 quam
274 1708 352 1737 tutae
366 1706 517 1737 custodiae
531 1715 564 1737 se
580 1706 749 1737 commisit.
775 1705 938 1746 Stupefac-

162 1762 214 1792 tus
229 1760 393 1798 scholaris,
414 1760 519 1791 statim
539 1769 610 1792 eam
629 1760 768 1791 libertati
790 1760 939 1799 restituit,

163 1816 193 1845 et
207 1815 276 1854 ejus
291 1814 451 1854 garritum
464 1814 601 1854 amplius
612 1823 676 1845 non
692 1814 823 1845 audivit.

202 1867 274 1899 Alio
298 1877 426 1908 quoque
447 1870 600 1908 tempore,
623 1877 697 1898 cum
720 1867 861 1899 famulus
887 1868 941 1899 Dei

165 1921 278 1952 Caietae
300 1921 397 1952 semel
426 1921 612 1961 praedicaret
637 1921 670 1951 in
694 1921 797 1952 littore
820 1922 938 1960 maris,

164 1974 266 2005 turbis
281 1983 347 2014 prae
358 1975 528 2006 devotione
539 1975 720 2013 ruentibus,
736 1977 772 2006 ut
781 1984 855 2006 eum
871 1984 942 2006 con-

163 2028 325 2068 tingerent
340 2040 348 2066 ;
374 2028 510 2059 horrens
541 2029 654 2060 Christi
681 2038 793 2060 servus
817 2030 941 2060 tantum

164 2082 356 2121 populorum
373 2083 576 2123 applausum,
594 2083 627 2113 in
642 2092 742 2114 unam
766 2083 941 2115 haerentem

164 2135 261 2166 littori
278 2136 459 2168 naviculam
479 2137 636 2177 prosilivit
652 2138 748 2168 solus.
774 2137 829 2168 Illa
851 2147 939 2175 vero,

166 2191 318 2229 tanquam
332 2190 358 2220 si
374 2191 504 2222 rationis
518 2193 674 2232 particeps
689 2193 812 2223 motore
828 2201 939 2224 move-

165 2244 255 2273 retur
266 2243 438 2275 intrinseco
453 2245 520 2276 sine
535 2245 641 2285 aliquo
655 2246 791 2285 remige,
807 2255 939 2277 cernen-

165 2295 252 2326 tibus
273 2298 302 2327 et
325 2297 517 2329 mirantibus
540 2299 681 2337 cunctis,
705 2308 737 2330 se
766 2299 900 2339 longius
923 2310 942 2331 a

166 2351 251 2380 terra
265 2351 432 2390 protraxit.
449 2351 527 2382 Cum
542 2354 649 2383 autem
663 2352 825 2392 aliquanto
839 2354 940 2393 spatio

166 2403 201 2433 in
216 2403 313 2434 maris
334 2403 535 2435 altitudinem
551 2406 738 2445 secessisset,
760 2407 844 2437 stetit
860 2407 942 2438 inter

168 2457 283 2488 ssuctus
298 2457 483 2497 immobilis,
500 2459 654 2498 quamdiu
667 2460 717 2490 vir
731 2462 859 2491 sanctus
874 2464 943 2491 tur-

168 2510 216 2540 bis
229 2511 470 2551 expectantibus
480 2511 514 2542 in
526 2511 631 2543 littore
646 2513 841 2552 praedicavit.
853 2514 943 2545 Cum-

170 2573 231 2604 que
254 2565 362 2596 audito
386 2574 544 2603 sermone,
568 2568 599 2596 et
619 2566 688 2598 viso
713 2567 881 2607 miraculo,
908 2578 944 2599 ac

171 2618 387 2650 benedictione
406 2623 548 2661 accepta,
574 2621 745 2652 multitudo
766 2622 942 2662 recederet,

172 2680 212 2702 ne
226 2671 330 2711 ipsum
345 2673 482 2713 amplius
497 2674 687 2714 molestaret,
704 2675 852 2707 navicula
866 2685 945 2716 pro-

172 2725 241 2764 prio
261 2725 359 2757 ductu
373 2727 412 2758 ad
426 2729 545 2759 terram
559 2738 687 2761 reversa
708 2731 765 2761 est.
785 2729 860 2766 Quis
881 2730 945 2769 igi-

1709 241 1768 272 335

988 308 1040 337 tur
1061 307 1229 339 obstinatae
1253 306 1369 338 mentis
1389 309 1487 345 esset,
1513 308 1544 338 et
1563 306 1687 347 impiae,
1713 307 1769 348 qui

988 360 1246 400 praedicationem
1261 360 1420 392 Francisci
1432 363 1661 400 contemneret,
1675 362 1770 402 cujus

988 414 1134 447 miranda
1148 416 1243 447 fiebat
1258 415 1379 447 virtute
1392 417 1428 446 ut
1449 424 1514 447 non
1530 415 1637 447 solum
1656 425 1770 447 caren-

987 469 1032 500 tia
1044 469 1168 500 ratione
1188 468 1386 509 disciplinam
1408 469 1621 510 susciperent,
1637 478 1769 501 verum-

988 523 1084 554 etiam
1105 523 1282 554 inanimata
1298 532 1432 564 corpora
1454 526 1608 565 tanquam
1631 524 1772 555 animata

988 577 1176 618 praedicanti
1191 577 1368 608 servirent?

1030 632 1147 664 Aderat
1168 632 1317 672 equidem
1334 641 1427 664 servo
1447 642 1506 664 suo
1528 632 1710 670 Francisco,
1732 632 1772 663 ad

989 695 1202 727 quaecumque
1223 688 1383 726 pergeret,
1410 686 1437 716 is
1457 686 1512 727 qui
1534 695 1610 718 eum
1636 688 1773 718 unxerat

989 741 1021 771 et
1035 740 1177 779 miserat,
1195 740 1332 780 Spiritus
1352 740 1488 778 Domini,
1506 742 1537 771 et
1551 740 1618 781 ipse
1633 740 1687 771 Dei
1703 740 1772 772 vir-

990 795 1041 825 tus
1060 796 1091 825 et
1106 793 1262 834 sapientia
1283 793 1436 832 Christus,
1453 795 1489 824 ut
1510 802 1596 824 sanae
1618 793 1771 824 doctrinae

992 848 1098 880 verbis
1118 848 1279 886 afflueret,
1298 852 1329 878 et
1350 857 1480 887 magnae
1502 847 1654 887 potentiae
1675 847 1774 878 mira-

992 902 1071 933 culis
1085 904 1276 933 coruscaret.
1294 901 1368 933 Erat
1382 902 1468 933 enim
1484 901 1622 932 verbum
1637 902 1707 941 ejus
1723 909 1775 933 ve-

991 955 1040 986 lut
1063 955 1151 994 ignis
1176 955 1303 993 ardens,
1328 957 1497 995 penetrans
1519 955 1633 986 intima
1655 955 1772 992 cordis,

992 1009 1202 1049 omniumque
1231 1010 1354 1039 mentes
1382 1008 1593 1040 admiratione
1621 1008 1773 1049 replebat,

992 1072 1067 1094 cum
1082 1072 1148 1094 non
1158 1062 1310 1094 humanae
1327 1062 1521 1094 inventionis
1535 1064 1685 1093 ornatum
1696 1070 1775 1102 prae-

992 1116 1146 1155 tenderet,
1162 1116 1215 1147 sed
1230 1116 1348 1147 divinae
1356 1116 1559 1148 revelationis
1572 1116 1717 1147 afflatum
1729 1125 1775 1146 re-

993 1170 1123 1201 doleret.
1135 1169 1161 1200 N
1164 1179 1216 1201 am
1225 1179 1300 1200 cum
1310 1170 1407 1201 semel
1419 1170 1651 1210 praedicaturus
1666 1179 1775 1201 coram

994 1223 1078 1264 Papa
1098 1226 1130 1255 et
1144 1223 1375 1263 Cardinalibus,
1393 1223 1431 1255 ad
1451 1224 1695 1264 suggestionem
1713 1224 1773 1255 Do-

994 1278 1073 1308 mini
1085 1277 1247 1316 Ostiensis,
1257 1286 1438 1308 sermonem
1449 1277 1621 1317 quemdam
1636 1277 1774 1308 studiose

993 1332 1206 1372 compositum
1225 1331 1479 1362 commendasset
1507 1332 1685 1370 memoriae,
1712 1333 1774 1362 ste-

994 1386 1146 1426 tissetque
1170 1385 1203 1416 in
1228 1385 1332 1416 medio
1365 1388 1402 1416 ut
1431 1385 1650 1416 aedificationis
1675 1385 1776 1416 verba

994 1441 1196 1479 proponeret,
1217 1439 1261 1469 sic
1280 1439 1436 1470 oblivioni
1451 1439 1580 1470 tradidit
1601 1439 1722 1478 omnia,
1739 1439 1776 1469 ut

994 1493 1083 1524 effari
1103 1493 1223 1533 aliquid
1239 1493 1371 1524 omnino
1394 1493 1541 1524 nesciret.
1558 1492 1677 1524 Verum
1701 1501 1776 1523 cum

995 1547 1064 1578 haec
1079 1547 1217 1579 veridica
1230 1547 1411 1578 humilitate
1423 1549 1593 1586 narrasset,
1609 1547 1775 1578 conferens

996 1610 1028 1632 se
1043 1602 1081 1631 ad
1103 1601 1241 1641 Spiritus
1262 1601 1362 1632 sancti
1388 1602 1526 1641 gratiam
1549 1601 1772 1640 invocandam,

995 1658 1060 1686 tam
1076 1655 1257 1686 efficacibus
1271 1655 1376 1686 subito
1390 1655 1485 1695 coepit
1504 1655 1611 1686 verbis
1630 1655 1774 1693 affluere,

998 1711 1125 1749 tamque
1137 1709 1257 1749 potenti
1272 1709 1390 1741 virtute
1404 1709 1533 1740 illorum
1554 1711 1676 1740 mentes
1689 1709 1777 1741 viro-

994 1773 1069 1794 rum
1088 1764 1277 1794 sublimium
1300 1763 1339 1794 ad
1360 1764 1638 1803 compunctionem
1663 1763 1775 1794 inssec-

998 1820 1071 1856 tere,
1081 1819 1116 1848 ut
1123 1820 1229 1857 aperte
1239 1818 1373 1848 clareret
1381 1817 1465 1857 quod
1475 1827 1541 1848 non
1553 1817 1630 1857 ipse,
1643 1817 1697 1848 sed
1710 1817 1776 1857 Spi-

996 1871 1076 1901 ritus
1092 1871 1217 1901 Domini
1232 1871 1434 1911 loquebatur.
1450 1871 1487 1901 Et
1502 1871 1654 1911 quoniam
1672 1871 1776 1910 primo

997 1925 1057 1955 sibi
1076 1927 1216 1955 suaserat
1232 1934 1338 1965 opere,
1356 1925 1441 1964 quod
1457 1925 1526 1955 aliis
1541 1925 1693 1955 suadebat
1708 1934 1775 1956 ser-

997 1987 1103 2016 mone,
1114 1978 1378 2018 reprehensorem
1395 1987 1459 2009 non
1474 1979 1600 2016 timens,
1611 1979 1777 2009 veritatem

997 2031 1203 2062 fidentissime
1229 2032 1430 2072 praedicabat.
1460 2032 1624 2063 Nesciebat
1649 2032 1777 2072 aliquo-

997 2094 1071 2116 rum
1087 2085 1196 2125 culpas
1209 2086 1348 2125 palpare,
1361 2086 1413 2116 sed
1431 2095 1589 2126 pungere3
1605 2095 1664 2116 nec
1675 2085 1777 2116 vitam

997 2139 1104 2170 fovere
1120 2139 1332 2179 peccantium,
1356 2139 1409 2169 sed
1431 2148 1543 2179 aspera
1559 2139 1776 2179 increpatione

999 2192 1102 2223 ferire.
1120 2192 1237 2223 Eadem
1261 2192 1376 2223 mentis
1396 2193 1570 2223 constantia
1593 2192 1720 2232 magnis
1733 2192 1777 2223 lo-

999 2246 1165 2285 quebatur,
1183 2248 1213 2276 et
1227 2246 1348 2285 parvis;
1371 2245 1546 2286 eademque
1571 2246 1701 2286 spiritus
1720 2247 1776 2286 ju-

998 2299 1158 2330 cunditate
1173 2299 1281 2338 paucis
1298 2299 1499 2338 loquebatur,
1522 2301 1553 2330 et
1568 2300 1687 2330 multis.
1706 2300 1777 2330 Om-

1000 2354 1049 2384 nis
1062 2356 1149 2392 zetas,
1162 2354 1330 2393 omnisque
1342 2363 1450 2391 sexus,
1468 2354 1658 2394 properabat
1670 2354 1778 2386 virum

1000 2417 1133 2446 novum,
1150 2408 1268 2439 mundo
1290 2408 1415 2439 coelitus
1437 2409 1558 2447 datum,
1583 2412 1614 2440 et
1636 2418 1775 2447 cernere,

999 2464 1029 2492 et
1052 2461 1173 2492 audire.
1198 2461 1267 2501 Ipse
1293 2471 1368 2493 vero
1390 2472 1447 2502 per
1467 2463 1607 2493 diversas
1630 2463 1778 2502 regiones

1000 2515 1221 2555 progredienS,
1232 2516 1471 2555 evangelizabat
1477 2517 1633 2555 ardenter,
1644 2517 1778 2549 Domino

1000 2571 1184 2608 cooperante
1197 2593 1205 2606 ,
1235 2572 1263 2601 ec
1293 2577 1466 2602 sermonem
1494 2570 1702 2608 confirmante
1728 2569 1781 2602 sess

1000 2623 1171 2663 <luentibus
1186 2624 1290 2663 signis
1308 2627 1328 2653 ¹.
1346 2623 1381 2653 In
1395 2624 1513 2654 virtute
1526 2633 1665 2664 namque
1678 2625 1779 2655 nomi-

1001 2677 1050 2707 nis
1065 2677 1134 2716 ejus
1153 2677 1295 2708 veritatis
1312 2686 1416 2717 praeco
1433 2677 1619 2709 Franciscus
1635 2678 1779 2717 ejiciebat

1033 2740 1041 2755 ¹
1057 2739 1147 2769 Marc„
1162 2745 1214 2770 xvi,
1230 2741 1269 2763 20.
