1955 3021
1740 137 1786 161 xv

158 199 233 231 Nox
247 198 302 230 cm·
317 197 490 230 maledioeit
504 196 574 236 Job,
589 203 655 229 nom
670 196 728 234 esi,
744 194 782 226 in
794 201 860 234 qua
875 197 1046 235 conceptus
1059 197 1106 228 est
1121 195 1211 228 homo
1227 195 1420 228 contrahens
1434 198 1599 236 peccatum
1613 196 1783 236 oriqinale,

157 257 195 289 in
205 265 267 297 quo
277 265 383 290 omnes
391 256 623 296 concipiuntur
633 255 655 294 ¹,
669 265 683 284 n
698 255 757 285 etc.
771 252 848 291 Quae
858 253 989 293 quidem
999 254 1099 286 verba
1111 254 1270 286 habentur
1280 253 1428 285 Lectione
1439 254 1610 286 undecima
1620 257 1692 296 ejus
1703 256 1784 295 Spe-

157 315 225 348 culi
240 316 263 347 ².
280 314 475 347 Testimonio
489 312 680 355 hujusmodi
699 311 807 352 magis
827 311 995 351 magisque
1015 312 1175 344 firmando
1196 312 1316 344 accedit
1335 312 1388 344 Fr.
1405 312 1519 344 Petrus
1540 313 1580 344 de
1593 308 1681 345 'Alva
1699 314 1786 354 apud

156 374 353 412 Echardum‚
367 375 405 405 ut
413 373 496 405 nihil
508 373 611 405 dicam
628 372 667 404 de
681 371 850 403 Franciseo
863 370 1025 412 Gonzaga,
1038 371 1124 403 Luca
1137 371 1332 412 Waddfflgo,
1345 372 1468 404 Joanne
1483 371 1644 412 Suaresio‚
1657 375 1688 404 et
1701 373 1782 413 aliis,

156 433 213 474 qui
222 432 355 464 tradunt
370 431 551 464 Conradum
566 431 605 463 de
621 430 763 463 saxonia
773 430 955 462 Minoritam
969 430 1133 471 scripsisse
1144 439 1242 472 saper
1256 431 1458 464 Salutatione
1474 431 1642 473 Anaetica.
1655 431 1745 464 Unde
1755 435 1786 463 et

156 491 193 523 P.
207 490 358 523 Sbaralea
369 490 474 522 eidem
485 489 630 522 Conrado
639 489 703 520 tale
714 488 888 530 Speculum
905 489 1148 521 attribuendum
1159 490 1295 530 putavit.
1311 490 1467 522 Exstabat
1477 500 1554 522 sane
1565 491 1648 523 idem
1664 491 1785 532 Specu-

154 549 269 581 lumin
280 558 357 581 mse.
371 549 533 581 codicibus
551 549 633 581 Bibl.
650 550 790 580 monast.
804 547 963 580 Dunensis
980 548 1015 579 in
1027 547 1153 588 Belgio,
1166 547 1241 580 Orc.
1255 548 1489 589 cisterciensis,
1503 550 1552 581 tit.
1572 550 1604 581 S.
1622 551 1785 583 Bonaven-

155 611 236 641 Ζᾶνα)
247 609 419 649 Speculum
434 609 471 640 B.
490 608 542 648 V.;
554 608 635 639 Bibl.
650 609 788 639 monast.
802 607 963 646 Alnensis,
976 607 1052 639 oiim
1064 607 1194 638 ditionis
1205 607 1300 639 Leod.
1309 632 1316 646 ‚
1330 608 1403 640 Ord.
1418 609 1560 650 Cistero.‚
1572 611 1603 641 et
1617 609 1698 642 Bibl.
1713 609 1784 642 Hal-

153 668 305 699 herstadii
326 668 361 699 in
376 667 529 706 Saxonia,
551 667 629 699 Min.
651 667 822 699 Recollect.
841 667 962 708 absque
976 667 1108 698 nomine
1131 667 1272 698 auctoris
1279 678 1286 706 ;
1310 667 1364 698 sed
1388 668 1427 699 de
1450 677 1564 700 eorum
1581 669 1781 710 antiquitate,

153 727 257 767 deque
270 726 509 758 Bonaventurae
521 726 653 757 nomine
669 734 770 757 manu
785 725 891 766 prima
906 725 1024 766 scripto
1038 725 1130 757 nobis
1146 734 1211 757 non
1225 728 1359 757 constat.
1378 726 1449 758 Vid.
1461 727 1545 758 dicta
1560 728 1645 767 §xm
1662 728 1783 769 quibus

152 785 249 816 etiam
263 785 338 817 addi
351 786 455 826 potest
469 785 491 824 ⁸,
510 785 543 816 in
559 785 620 816 hoc
636 783 797 825 Opusculo
813 784 894 825 legi,
911 784 1060 815 Lectione
1074 793 1131 815 xm
1145 784 1156 800 Δ
1176 795 1182 815 ;
1201 783 1309 816 «Vere
1324 784 1448 825 Regina
1463 787 1509 816 est
1523 785 1636 824 Maria,
1647 787 1783 819 testante

151 842 187 874 Β.
203 843 402 883 Augustino.
419 843 476 885 qui
491 843 546 883 ait,
560 854 575 873 n
594 846 654 875 etc.
672 843 828 884 Sequitur
845 854 852 874 ;
875 854 890 873 α
913 842 975 874 Sed
998 843 1037 874 de
1052 842 1112 874 hac
1127 843 1243 883 regina
1260 843 1396 875 disserui
1418 844 1452 875 in
1468 843 1623 875 Sermone
1641 855 1647 875 :
1664 845 1784 878 Astttit

152 903 287 944 Regina.
302 914 317 933 >³
337 903 439 935 Porro
456 903 569 935 Sermo
584 903 640 935 ille
653 913 719 935 nou
740 903 900 944 reperitur
924 903 985 933 nisi
1008 902 1092 934 inter
1107 902 1279 934 Sermones
1295 903 1481 944 desumptos
1500 912 1542 934 ex
1563 905 1782 944 manuscripto

151 961 262 994 Codice
285 961 440 1001 Dunensi,
467 962 499 993 in
523 971 587 1002 quo
608 971 728 994 nomen
750 971 818 1003 prae
849 971 884 993 se
906 962 1016 993 ferunt
1039 962 1139 993 nostri
1162 962 1417 1001 Bonaventurae,
1443 962 1562 1002 quique
1584 962 1645 993 sub
1668 962 1781 994 eodem

150 1023 282 1054 nomine
298 1022 487 1063 prodierunt
500 1022 587 1063 typis
602 1020 837 1053 Parisiensibus
850 1031 903 1052 an.
921 1023 1011 1060 1521,
1028 1023 1125 1062 atque
1138 1021 1361 1053 Brixiensibus
1374 1030 1427 1052 an.
1443 1023 1522 1053 1596
1538 1022 1568 1052 et
1579 1023 1669 1052 1597.
1682 1021 1780 1062 Atqui

150 1081 321 1113 Sermones
339 1081 385 1112 illi
399 1081 552 1113 videntur
573 1080 682 1122 potius
701 1080 755 1112 Fr.
777 1079 914 1111 Conradi
934 1080 974 1112 de
996 1080 1138 1112 Saxonia
1161 1080 1287 1112 Ordinis
1307 1079 1483 1118 Minorum⁷
1507 1080 1628 1111 nedum
1645 1080 1779 1112 Auctori

149 1140 330 1179 Prodromi‚
346 1141 401 1172 sed
413 1142 444 1172 et
460 1140 601 1172 Auberto
616 1139 727 1171 Miraeo
741 1143 764 1178 ὅ,
786 1142 817 1171 et
841 1139 936 1171 Lucae
954 1139 1136 1180 Wadi-lingo
1151 1143 1174 1178 ὃ,
1199 1149 1235 1171 ac
1252 1139 1346 1171 Petro
1361 1139 1400 1171 de
1421 1140 1503 1172 Alva
1523 1140 1608 1180 apud
1622 1140 1778 1172 Joannem

149 1199 269 1231 Suarez
284 1200 322 1231 de
339 1199 371 1231 S.
389 1199 528 1230 Antonio
549 1198 570 1230 ⁷.
589 1198 669 1237 Imo,
686 1200 765 1230 teste
781 1198 947 1238 Mai-aceio,
963 1198 1103 1230 Joannes
1119 1198 1317 1229 Tritheniins
1333 1198 1437 1229 eidem
1458 1198 1603 1230 Conrado
1628 1199 1780 1230 adscribit

149 1257 320 1289 Sermones
332 1258 372 1289 de
388 1257 556 1298 Tempore,
575 1266 612 1288 ac
626 1256 704 1287 alios
723 1257 762 1289 de
781 1257 916 1297 Sanctis,
939 1257 1051 1298 quales
1067 1258 1102 1288 in
1125 1257 1216 1288 dictis
1231 1258 1425 1289 editionibus
1440 1260 1471 1289 et
1494 1258 1600 1289 codice
1622 1258 1778 1290 exhiben-

147 1319 202 1349 tur
216 1318 238 1349 ⁸.
260 1317 407 1349 Diximus
431 1319 508 1350 teste
532 1317 714 1351 Mam-cto,-
735 1326 811 1348 nam
835 1317 868 1348 in
893 1316 1115 1348 Trithemiano
1130 1316 1212 1348 libro
1235 1316 1274 1348 de
1301 1316 1520 1357 scriptoribus
1543 1317 1779 1350 Ecclesiasticis

149 1377 319 1416 editionis,
342 1386 406 1417 qua
430 1376 583 1408 utebatur
599 1376 721 1408 Auctor
745 1376 931 1415 Prodromi,
957 1385 976 1407 a
999 1376 1121 1407 ‚Ioanne
1144 1376 1276 1407 Alberto
1302 1374 1448 1406 Fabricio
1472 1378 1670 1416 procuratae,
1694 1376 1778 1407 nihil

148 1445 282 1476 prorsus
304 1436 443 1467 inveniri
466 1435 570 1475 potuit
584 1435 623 1466 de
645 1435 774 1467 laudato
798 1436 953 1467 Conrado.
977 1435 1019 1466 De
1044 1435 1185 1466 auctoris
1209 1437 1317 1466 tamen
1337 1435 1400 1466 side
1427 1425 1508 1465 nihil
1532 1435 1694 1474 dubitanS,
1712 1435 1743 1466 id
1759 1445 1778 1466 a

147 1494 304 1526 Maraccio
333 1504 374 1526 ex
401 1494 463 1526 alio
496 1494 665 1525 Trithemfi
693 1494 777 1525 libro
813 1493 851 1525 cle
884 1493 1066 1525 illustribus
1102 1493 1286 1525 Germanice
1315 1493 1420 1531 viris,
1457 1501 1514 1525 sea
1550 1494 1777 1533 scriptoribus

147 1552 355 1594 desumptum
371 1552 511 1592 conjicit.
530 1552 585 1583 His
600 1553 692 1591 adde,
709 1553 796 1592 quod
811 1562 887 1584 cum
910 1553 944 1583 in
967 1552 1113 1592 allegatis
1138 1553 1332 1584 editionibus
1354 1552 1544 1592 parisiensi,
1567 1555 1599 1584 et
1618 1553 1776 1585 Brixiensi

147 1611 267 1642 nedum
279 1613 441 1652 ponantur
452 1610 624 1642 Sermones
637 1611 675 1642 de
686 1610 894 1642 Sanctissima
902 1610 1058 1642 Trinitate
1070 1611 1104 1642 in
1118 1611 1238 1643 Octava
1252 1611 1465 1650 PentecosteS,
1476 1612 1529 1643 sed
1544 1613 1641 1644 etiam
1653 1613 1777 1654 viyintz'

146 1673 267 1710 septem
295 1670 472 1703 Dominicoe
499 1673 664 1710 sequentes
697 1672 917 1711 praenotentur
947 1673 1020 1711 post
1053 1671 1268 1710 Trinitatem,
1298 1671 1450 1703 videntur
1480 1671 1576 1702 iidem
1602 1672 1776 1705 Sermones

146 1731 289 1770 spectare
304 1730 344 1761 ad
361 1732 514 1770 tempora,
533 1730 565 1760 in
580 1730 697 1770 quibus
712 1730 852 1762 Joannes
873 1730 956 1762 XXII
973 1731 1110 1772 speciale
1126 1731 1242 1762 festum
1261 1731 1471 1778 sanctissimae
1487 1730 1651 1762 Trinitatis
1664 1733 1776 1763 statuit

146 1789 391 1828 celebrandum
417 1800 516 1830 quam
534 1790 662 1831 quiden]
681 1790 859 1822 solemnem
881 1790 1089 1822 festivitatem
1107 1791 1217 1832 plures
1238 1790 1413 1823 Alemanni
1435 1794 1594 1831 coeperant
1608 1793 1709 1832 sequi,
1728 1793 1773 1823 uti

145 1848 242 1880 habet
256 1848 396 1880 Meratus
411 1851 433 1879 ⁹.
452 1848 552 1880 Porro
568 1848 637 1880 haec
659 1858 724 1880 non
740 1848 819 1880 Divo
834 1849 1082 1888 Bonaventurae,
1101 1850 1156 1881 sed
1172 1849 1316 1881 Conrado
1332 1848 1492 1880 Germano
1507 1850 1679 1882 convenite
1699 1860 1771 1891 pos-

145 1908 232 1946 sunt,
249 1907 305 1947 qui
321 1917 426 1948 usque
441 1907 481 1938 ad
497 1907 617 1938 laudati
633 1907 766 1939 Joannis
784 1907 868 1939 ΧΧΙΙ
886 1910 1030 1948 tempora
1048 1908 1149 1939 vitam
1165 1908 1340 1949 producere
1356 1908 1469 1948 potuit.
1485 1908 1547 1940 Sed
1562 1909 1719 1950 quidquid
1734 1910 1775 1941 sit

145 1966 184 1997 de
198 1967 268 2006 eJus
292 1968 396 2005 aetate,
419 1969 530 1997 auctor
557 1966 728 1998 Prodromi
749 1966 811 1998 boc
831 1976 889 2008 pro
914 1968 1001 1998 certo
1023 1967 1132 2004 habet,
1151 1967 1211 2007 ipsi
1235 1967 1449 1998 restituendos
1474 1968 1606 1999 omnino
1624 1978 1693 2000 esse
1717 1970 1776 2001 hos

145 2024 326 2056 Sermones,
343 2025 486 2056 Laudata
504 2025 591 2056 enim
607 2025 790 2057 testimonia
805 2024 958 2064 Suaresii,
976 2025 1080 2065 Alvae,
1099 2025 1282 2066 Waddingi,
1299 2026 1411 2065 Miraei,
1430 2035 1466 2057 ac
1482 2026 1662 2067 Trithemii⁷
1680 2028 1775 2059 robo-

144 2084 277 2122 rantur,
300 2084 422 2125 inquit,
448 2084 647 2116 confessione
668 2084 837 2125 ipsiusmet
863 2084 1015 2123 Conradi,
1039 2086 1096 2126 qui
1119 2095 1223 2117 unum
1246 2095 1287 2116 ex
1305 2085 1356 2116 his
1381 2085 1607 2123 Sermonibus,
1632 2087 1771 2127 primum

144 2142 261 2174 scilicet
286 2143 324 2175 de
344 2143 573 2184 Assumptione
594 2145 631 2176 Β.
656 2144 772 2176 Marioe
796 2144 958 2185 Virginis,
987 2145 1218 2186 incipientem:
1245 2146 1360 2177 Astitit
1383 2145 1519 2185 Regina,
1543 2147 1574 2176 et
1598 2146 1667 2177 haec
1691 2147 1774 2178 eirca

143 2200 274 2233 initium
292 2203 391 2234 verba
405 2203 623 2235 continentem
639 2214 645 2234 :
669 2203 744 2235 Vere
756 2204 870 2244 reqina
885 2207 931 2237 est
949 2205 1073 2244 Maria,
1095 2205 1301 2245 Auqusttnus
1315 2214 1326 2235 .·
1345 2204 1438 2236 Hanc
1453 2213 1524 2237 vere
1537 2206 1678 2244 fatentur
1692 2208 1776 2246 reoi-

142 2268 220 2292 nam
235 2269 300 2293 esse
311 2270 369 2302 pro
381 2270 427 2302 eo,
437 2263 524 2303 quod
534 2263 648 2304 Regem
657 2265 783 2303 peperit
796 2264 996 2304 angelorum,
1006 2266 1163 2304 tanquam
1178 2273 1275 2295 suum
1291 2264 1409 2304 allegat
1424 2264 1458 2296 in
1469 2264 1598 2304 Speculo
1609 2267 1647 2297 B.
1660 2266 1776 2299 Mariae

147 2319 305 2360 Viryim's.
322 2319 497 2362 Hucusque
511 2322 564 2353 Fr.
582 2321 781 2354 Benedictus.

176 2448 182 2461 ¹
198 2447 266 2472 Part.
288 2447 331 2479 Vl,
347 2454 370 2471 e.
387 2454 471 2479 xxxii,
488 2455 546 2480 pag.
564 2450 617 2480 123,
635 2449 695 2474 edit.
716 2450 792 2474 Rom.
810 2450 879 2481 1547,
895 2450 962 2482 typis
983 2451 1043 2474 Ant.
1061 2449 1141 2474 Bladii
1157 2449 1202 2480 (cte
1217 2450 1325 2480 Asula),
1342 2451 1367 2474 in
1382 2452 1404 2476 4,
1421 2464 1449 2469 —
1465 2452 1546 2483 21⁷luj.
1563 2453 1625 2477 tomi
1639 2460 1698 2485 pag.
1713 2455 1768 2485 263,

143 2482 192 2507 col.
206 2485 229 2508 1.
247 2497 274 2500 —
290 2483 300 2500 3
315 2483 459 2514 Praebent„
476 2485 525 2509 cot.
543 2486 598 2509 718.
614 2499 645 2503 —-
662 2486 670 2500 ⁴
685 2486 754 2517 Iluj.,
771 2488 834 2510 tom.
851 2493 909 2517 pag.
926 2487 980 2516 270,
997 2486 1045 2510 col.
1066 2488 1084 2510 l.
1102 2498 1132 2503 —
1149 2486 1157 2499 ⁵
1172 2485 1209 2508 De
1225 2486 1349 2517 Scriptor.
1369 2494 1423 2511 suc.
1442 2494 1500 2517 XVI,
1519 2495 1576 2519 cap.
1592 2490 1631 2520 28,
1647 2490 1706 2514 odit.
1722 2491 1767 2514 Fa-

141 2518 224 2542 bricii.
240 2533 271 2537 —
286 2519 295 2533 ⁰
310 2520 346 2543 De
360 2520 484 2551 Seriptor.
505 2520 533 2544 Ο.
553 2521 597 2551 Μ.,
616 2528 672 2553 pag.
694 2523 733 2551 93,
752 2521 833 2545 verbo
849 2521 981 2546 conradus
993 2521 1023 2544 cle
1038 2521 1160 2545 Somnia.
1176 2534 1207 2538 —
1218 2521 1225 2535 ⁷
1239 2521 1308 2546 Bibl.
1326 2522 1463 2553 Francisc„
1480 2524 1543 2547 tom.
1558 2525 1576 2554 1,
1593 2532 1651 2555 pag.
1668 2527 1722 2550 276.
1739 2540 1766 2543 —

141 2554 235 2585 ⁸Apnd
252 2555 294 2579 cit.
310 2556 414 2584 Sum-ez,
430 2555 525 2580 ibid.—
539 2556 547 2570 ⁸
562 2557 589 2580 tn
601 2557 702 2582 Observ.
719 2559 742 2581 et
758 2556 892 2581 Addition.
909 2556 942 2581 acl
957 2557 1111 2581 Thesaurum.
1127 2558 1262 2581 Sacrorum
1278 2558 1388 2589 rituam,
1407 2559 1493 2583 Barth.
1511 2561 1629 2592 Gavanti,
1645 2564 1710 2592 part.
1725 2563 1769 2594 tv,

141 2590 179 2615 tit.
196 2592 237 2621 12,
256 2591 286 2615 de
306 2592 364 2622 fest.
386 2592 488 2622 Trz'71it.,
505 2599 532 2616 11.
553 2594 576 2622 i,
595 2593 656 2617 edit.
676 2594 780 2624 Venet.y
799 2595 868 2617 4740.
