2029 3052
502 222 569 262 QUI
591 220 725 255 ORDlNl
747 219 940 254 FRATRUM
961 219 1045 252 MlN.
1070 218 1380 253 ADVERSANTUR.

131 295 191 327 tias
203 295 274 335 ejus
287 293 339 326 vel
352 292 562 332 nobilitatem,
578 300 651 333 quae
668 290 764 322 habet
775 298 908 328 nasum3

131 357 191 380 nec
205 350 313 381 tamen
329 348 457 389 propter
472 347 534 379 hoc
548 345 634 378 ducit
654 353 742 384 eam,
759 343 836 385 quia
850 352 908 374 na-

132 411 205 434 sum
227 403 338 442 habet,
359 410 457 442 quam
476 402 599 438 tamen,
622 399 649 430 si
671 407 749 430 naso
771 398 908 436 careret,

131 455 315 488 nullatenus
338 455 500 487 duxisset:
524 455 556 485 et
576 453 635 484 hoc
654 461 718 484 non
734 453 781 483 est
802 451 909 492 impu-

132 519 222 549 rum,
239 509 313 542 licet
324 517 390 541 non
408 509 558 549 appareat
574 507 707 539 forsitan
725 505 909 547 pulchrum.

133 563 266 603 Quarta,
283 571 358 595 cum
378 562 494 603 aliquis
508 561 661 602 recipitur
682 569 791 592 amore
814 568 911 600 pecu-

131 617 206 656 niae,
221 617 266 648 ita
280 616 366 658 quod
380 616 407 648 si
421 617 550 657 possent
565 615 652 646 illam
668 614 838 655 pecuniam
852 613 912 644 ha-

131 671 208 703 bere
223 671 291 702 51110
310 679 445 712 persona
462 669 538 708 ista,
559 678 626 700 non
642 668 820 709 reciperent
838 675 910 708 per-

133 734 261 764 sonam3
273 725 328 757 sed
339 726 375 756 ut
389 724 528 755 habeant
542 722 725 764 pecuniam,
742 730 912 762 personam

133 779 313 820 recipiunt:
340 779 371 810 et
385 778 446 809 hoc
464 777 603 818 poenitus
616 777 783 817 impurum
802 776 867 813 est,
883 776 915 806 et

132 832 360 870 simoniacum,
383 830 458 871 quia
471 830 515 861 1111
529 829 666 871 pecunia
683 837 781 860 causa
800 829 847 859 est
861 837 912 859 re·

132 885 285 927 ceptionis
306 894 470 927 personae,
489 887 520 916 et
543 893 609 916 11011
631 893 648 915 0
670 892 836 915 converso.
853 882 913 914 Ubi

132 949 211 980 ergo
230 939 383 980 recipitur
413 947 550 980 persona
573 939 704 978 propter
724 936 910 978 pecuniam,

133 994 269 1025 simonia
282 995 344 1033 est,
364 993 440 1034 quia
453 993 498 1024 ibi
515 992 665 1024 venditur
682 991 847 1033 spirituale
857 1015 865 1030 ,
881 991 914 1022 id

132 1049 197 1087 est,
226 1047 423 1079 consortium
451 1046 626 1088 spiritualis
649 1045 824 1084 societatis,
855 1054 914 1086 pro

131 1101 297 1142 temporali
306 1125 315 1140 ,
331 1101 449 1133 scilicet
462 1110 520 1142 pro
532 1100 678 1142 pecunia.
696 1099 735 1131 Et
748 1100 809 1131 hoc
823 1099 915 1140 pleri-

132 1164 195 1196 que
210 1155 345 1193 faciunt‚
367 1155 461 1186 etiam
477 1164 517 1186 ex
536 1164 625 1186 mera
643 1154 751 1194 inopia
771 1155 914 1194 optantes

132 1209 272 1249 aliquem
290 1209 400 1240 venire
413 1218 487 1240 00111
502 1208 655 1249 pecunia,
672 1217 768 1248 quem
792 1207 913 1247 recipe-

131 1264 202 1294 rent
215 1264 252 1293 ut
265 1271 379 1294 eorum
393 1262 501 1303 inopia
515 1264 729 1302 repararetur,
743 1261 794 1293 vel
809 1261 914 1293 debita

131 1318 292 1348 contracta
315 1316 529 1354 solverentur,
554 1315 607 1347 vel
634 1316 718 1347 bona
745 1316 915 1356 concupita

131 1373 327 1410 emerentur,
349 1370 402 1403 vel
418 1370 555 1402 aedificia
579 1372 852 1401 construerentur.
870 1370 913 1401 De

129 1424 248 1456 talibus
267 1424 342 1456 dicit
362 1425 607 1457 Ecclesiasticus
621 1425 655 1456 ¹:
687 1425 815 1465 Propter
839 1426 911 1457 ino-

128 1479 221 1519 piam
243 1478 337 1512 multi
358 1479 570 1519 deliquerunt.
590 1479 649 1510 Ubi
675 1488 752 1511 vero
779 1478 914 1517 pecunia

130 1532 283 1573 recipitur
304 1534 433 1573 propter
452 1542 638 1573 personam,
665 1541 763 1573 quam
784 1532 860 1563 alias
875 1532 912 1562 11-

131 1587 243 1618 benter
264 1588 459 1628 reciperent,
487 1587 514 1618 si
542 1588 698 1618 haherent
727 1587 814 1618 unde
842 1596 914 1618 eam

131 1644 313 1681 pascerent,
335 1651 399 1673 non
415 1642 542 1673 videtur
559 1650 627 1672 esse
646 1641 801 1678 simonia,
818 1640 912 1672 dum-

132 1696 227 1727 modo
254 1696 358 1727 forma
381 1705 455 1726 011111
478 1695 653 1726 intentione
674 1694 853 1726 concordet.
875 1694 914 1725 Et

131 1750 192 1781 hoc
207 1751 301 1782 modo
315 1750 510 1782 sustinemus
520 1775 528 1788 ‚
551 1750 635 1790 quod
655 1759 781 1781 sorores
796 1751 915 1781 sanctae

132 1804 232 1836 Clarae
250 1805 407 1845 recipiunt
427 1804 596 1844 pecuniam
615 1813 691 1835 cum
706 1804 871 1844 personis,
888 1803 915 1834 si

132 1858 260 1899 quando
275 1860 399 1899 oportet
413 1867 466 1889 eas
483 1857 589 1897 plures
607 1866 758 1898 personas
774 1857 914 1898 recipere

133 1922 232 1953 quam
263 1912 301 1944 de
325 1912 530 1943 facultatibus
559 1911 743 1943 monasterii
769 1921 915 1951 congrue

134 1965 262 1997 valeant
275 1965 457 1998 sustentari.

360 2062 479 2096 Quoestz'o
500 2062 603 2090 decima
622 2069 702 2089 nona.

175 2131 254 2163 Cum
278 2132 422 2163 doctrina
445 2132 556 2164 salutis
579 2135 644 2163 tam
670 2132 848 2163 necessaria
870 2133 916 2163 est

134 2185 208 2224 11115,
223 2186 277 2226 qui
294 2186 329 2217 111
343 2195 420 2217 rure
435 2189 466 2217 et
485 2187 518 2217 in
532 2186 648 2218 abditis
662 2186 739 2217 locis
756 2186 913 2223 habitant,

134 2239 216 2271 sicut
231 2239 293 2270 illis
306 2240 362 2280 qui
383 2243 551 2272 morantur
569 2241 603 2271 in
622 2241 712 2272 1101115
729 2240 868 2280 oppidis,
885 2242 916 2271 01

134 2293 179 2324 ita
200 2294 363 2325 fructuosa
384 2297 464 2326 esset
483 2295 517 2325 in
537 2294 596 2333 eis,
620 2296 650 2325 et
671 2303 728 2325 vos
750 2294 917 2334 aequaliter

134 2348 254 2386 vocati,
280 2349 310 2378 et
328 2348 418 2379 missi
440 2349 508 2379 sitis
525 2349 563 2379 ad
582 2348 825 2379 aedificationem
844 2357 913 2379 om-

134 2401 226 2432 nium
242 2401 470 2441 indifferenter,
487 2402 642 2433 videmini
658 2411 722 2433 11011
740 2403 836 2441 digne
851 2411 916 2432 au]-

135 2455 248 2486 bulare
265 2455 298 2486 111
313 2455 368 2486 tali
379 2455 556 2494 vocatione,
573 2456 606 2486 in
621 2465 658 2486 eo
672 2455 757 2496 quod
774 2456 809 2486 in
823 2455 916 2486 1101115

135 2508 320 2540 civitatibus
344 2510 375 2540 et
402 2509 543 2549 oppidis,
568 2511 598 2540 01
624 2509 710 2540 villis
733 2511 916 2550 frequenter

135 2563 324 2602 praedicatis,
335 2563 370 2593 in
385 2563 453 2593 aliis
466 2565 573 2594 autem
586 2563 663 2594 locis
678 2572 752 2594 raro
769 2564 820 2594 vel
835 2573 917 2594 nun-

136 2625 246 2656 quam.
257 2616 388 2647 Videtur
402 2616 489 2647 enim
503 2617 588 2657 quod
604 2617 670 2647 sitis
685 2617 720 2647 in
734 2618 794 2648 hoc
808 2627 915 2657 perso-

137 2679 253 2701 narum
266 2672 456 2711 acceptores,
470 2671 557 2712 quod
573 2681 728 2712 pauperes
742 2672 916 2703 0001011101-

173 2732 178 2748 ¹
195 2732 285 2764 Εαῖιζ,
304 2739 383 2764 xxvu,
402 2736 422 2758 l.

1691 223 1750 254 537

967 288 1026 326 tis,
1049 290 1080 320 et
1099 288 1267 320 ditioribus
1281 287 1478 329 praedicatis3
1499 286 1551 318 vel
1565 287 1642 328 quia
1655 288 1690 319 in
1704 289 1749 320 ci-

967 341 1121 373 vitatibus
1131 341 1231 373 multa
1240 341 1363 374 hahetis
1371 341 1456 372 bona
1467 340 1615 381 hospitia,
1628 343 1659 373 et
1670 342 1752 374 bene

967 395 1195 436 procuramini,
1211 395 1297 436 quod
1313 404 1380 427 non
1395 394 1486 426 alibi:
1504 394 1555 426 vel
1570 395 1647 436 quia
1658 395 1753 436 plura

967 449 1011 480 ibi
1026 450 1143 482 dantur
1155 459 1289 482 munera
1304 450 1396 482 vobis
1410 449 1444 480 in
1458 449 1587 490 speciali
1599 458 1654 481 seu
1667 458 1753 482 com-

968 504 1071 544 muni,
1093 504 1164 536 ideo
1179 504 1222 536 ibi
1239 504 1356 545 saepius
1371 503 1562 545 praedicatis.

1282 599 1439 634 Responsio.

1009 667 1117 699 Messis
1132 666 1262 708 quidem
1278 666 1381 698 multa
1396 675 1520 706 eorum,
1537 667 1594 708 qui
1608 667 1753 700 doctrina

970 721 1150 762 indigerent
1169 721 1300 761 salutis,
1318 722 1372 753 sed
1385 722 1524 762 operarii
1539 722 1631 762 pauci
1647 722 1752 754 idonei

969 779 1000 809 et
1014 777 1137 809 fideles:
1155 777 1226 809 ideo
1248 786 1312 809 non
1325 777 1501 809 sufficimus
1524 779 1676 810 omnibus
1695 779 1753 820 qui

970 832 1125 872 indigent,
1143 833 1240 873 prout
1254 831 1410 864 vellemus
1427 832 1568 864 docendo
1588 833 1751 874 prodesse,

970 895 1043 917 cum
1062 895 1121 917 nos
1140 886 1234 926 pauci
1248 886 1350 917 simus
1374 887 1521 926 respectu
1548 886 1689 918 illorum.
1714 886 1751 918 In

969 939 1047 970 locis
1072 940 1170 971 etiam
1189 940 1388 972 silvestribus
1403 939 1453 971 vel
1473 940 1621 979 desertis,
1648 941 1674 971 si
1697 941 1753 982 qui

969 995 1046 1024 sunt
1065 993 1258 1032 habitantes,
1274 993 1318 1025 ita
1333 995 1408 1025 sunt
1419 993 1565 1034 dispersi,
1590 994 1677 1035 quod
1693 994 1753 1026 vix

970 1049 1097 1088 possent
1123 1047 1163 1079 ad
1189 1047 1298 1078 locum
1326 1056 1511 1087 congruum
1536 1047 1755 1087 praedicationi

970 1102 1149 1134 convocari.
1169 1101 1231 1133 Sed
1256 1110 1314 1132 nec
1332 1101 1371 1132 ad
1394 1101 1522 1141 singula
1547 1101 1615 1133 loca
1640 1111 1755 1133 eorum

970 1165 1136 1196 possemus
1159 1156 1285 1194 venire,
1303 1158 1339 1187 01
1362 1156 1407 1187 015
1426 1156 1674 1196 praedicaremus
1694 1156 1753 1187 ibi-

969 1210 1053 1242 dem.
1072 1210 1155 1242 Raro
1170 1210 1268 1241 etiam
1287 1212 1401 1241 vacant
1417 1210 1456 1241 ab
1472 1210 1752 1250 occupationibus,

969 1264 1030 1295 nisi
1046 1265 1079 1295 in
1094 1265 1184 1302 sesto,
1202 1266 1239 1295 ut
1253 1264 1471 1304 praedicationi
1486 1264 1650 1295 intendere
1666 1264 1754 1296 vale-

969 1320 1057 1357 rent,
1080 1321 1111 1349 et
1128 1321 1257 1359 propter
1277 1319 1363 1350 diem
1384 1328 1488 1350 unum
1515 1319 1667 1350 festivum
1687 1328 1753 1350 non

969 1382 1135 1412 possemus
1152 1375 1219 1404 tota
1239 1372 1441 1404 hebdomada
1465 1373 1499 1403 in
1519 1373 1595 1404 villa
1618 1373 1751 1404 morari.

970 1425 1040 1457 Non
1053 1426 1139 1457 enim
1155 1426 1388 1466 permittuntur
1403 1426 1515 1457 fratres
1524 1426 1649 1457 tamdiu
1661 1427 1754 1457 extra

969 1481 1102 1512 domuin
1117 1490 1209 1512 suam
1225 1481 1356 1519 morari,
1373 1480 1458 1520 quod
1473 1480 1517 1510 sic
1532 1489 1644 1511 omnes
1659 1480 1754 1511 villas

969 1535 1174 1574 singulariter
1185 1535 1307 1575 possint
1321 1535 1465 1572 visitare,
1480 1543 1539 1565 nec
1549 1534 1705 1565 haberent
1720 1534 1754 1565 in

969 1590 1115 1630 pluribus
1140 1589 1236 1627 10015,
1263 1589 1348 1620 unde
1365 1590 1431 1620 toto
1459 1590 1587 1628 possent
1612 1590 1754 1629 tempore

970 1653 1114 1683 congrue
1143 1643 1326 1674 sustentari.
1359 1643 1398 1674 Et
1426 1643 1452 1673 si
1475 1642 1648 1682 aliquando
1673 1643 1754 1674 forte

969 1707 1054 1729 unus
1074 1697 1173 1728 frater
1193 1697 1288 1728 vellet
1309 1699 1340 1728 et
1363 1699 1467 1738 posset
1483 1696 1671 1737 aliquandiu
1688 1697 1754 1736 pati

969 1751 1149 1792 penuriam,
1167 1751 1270 1782 socius
1290 1752 1360 1791 ejus
1376 1751 1508 1781 forsitan
1523 1751 1584 1782 1100
1599 1759 1664 1781 non
1679 1760 1753 1791 pos-

970 1806 1027 1835 set.
1047 1804 1125 1835 Etsi
1140 1805 1238 1845 aliqui
1258 1805 1387 1835 aliunde
1405 1804 1523 1835 vellent
1543 1804 1581 1835 ad
1599 1804 1754 1844 praedica-

969 1859 1072 1889 tiones
1096 1860 1219 1889 nostras
1234 1858 1381 1889 accedere
1392 1883 1400 1897 ,
1424 1867 1490 1889 non
1509 1858 1693 1890 invenirent
1710 1858 1755 1889 ibi

970 1912 1121 1943 victualia
1146 1913 1185 1943 ad
1209 1913 1393 1943 emendum.
1420 1912 1456 1943 In
1485 1912 1611 1952 oppidis
1632 1914 1753 1951 autern,

970 1976 1026 1997 seu
1048 1966 1151 2004 villis,
1178 1967 1234 1997 ubi
1261 1967 1425 1998 abundant
1448 1966 1621 2005 victualia,
1647 1966 1756 2006 plures

969 2023 1101 2060 possunt
1123 2020 1284 2051 confluere
1305 2022 1336 2051 et
1362 2020 1477 2052 melius
1504 2020 1695 2058 sustentari,
1724 2022 1756 2051 et

970 2075 1053 2106 inter
1064 2074 1170 2114 plures
1182 2076 1285 2115 maj0r
1296 2075 1420 2106 fructus
1435 2077 1592 2115 speratur,
1612 2076 1643 2105 et
1655 2084 1674 2105 a
1688 2074 1757 2114 qui-

969 2128 1030 2158 bus
1046 2128 1269 2160 ministrantur
1284 2129 1377 2160 nobis
1398 2129 1491 2169 plura
1516 2128 1709 2168 temporalia
1722 2128 1756 2159 in

971 2182 1200 2222 eleemosynis,
1232 2183 1303 2222 plus
1332 2183 1428 2213 etiam
1457 2182 1626 2223 requirunt
1649 2184 1684 2213 ut
1710 2182 1756 2212 eis

971 2236 1147 2276 spiritualia
1174 2237 1399 2277 rependamus.
1423 2236 1494 2268 Non
1513 2236 1599 2277 quod
1622 2235 1755 2267 0111111110

971 2290 1145 2321 debeamus
1166 2291 1245 2322 alios
1274 2291 1307 2321 in
1332 2291 1409 2322 10015
1436 2290 1567 2322 desertis
1593 2290 1752 2327 deserere;

971 2344 1024 2375 sed
1038 2347 1132 2384 prout
1143 2354 1174 2375 se
1187 2345 1409 2385 opportunitas
1420 2345 1582 2383 obtulerit,
1600 2344 1755 2374 dehemus

971 2398 1067 2429 etiam
1085 2398 1130 2429 eis
1145 2399 1324 2429 doctrinam
1338 2399 1451 2430 salutis
1465 2398 1592 2429 offerre.
1620 2397 1692 2428 Illos
1707 2400 1756 2427 ta-

972 2462 1047 2483 men
1070 2453 1291 2492 praedicatores
1313 2456 1344 2484 ct
1364 2453 1556 2484 confessores
1575 2460 1641 2482 non
1661 2460 1756 2482 excu-

971 2509 1019 2537 sat
1035 2507 1078 2546 (a)
1094 2516 1113 2537 a
1127 2509 1253 2546 peccato
1269 2507 1489 2547 negligentiae,
1511 2506 1569 2546 qui
1581 2505 1686 2544 magis
1698 2514 1756 2545 pro

972 2561 1141 2591 commodo
1156 2561 1296 2601 corporis
1311 2561 1515 2600 frequentant
1529 2560 1598 2590 loca
1613 2559 1677 2597 illa,
1699 2559 1755 2590 ubi

972 2617 1045 2646 sunt
1059 2615 1143 2645 bona
1157 2615 1304 2655 hospitia,
1322 2617 1352 2645 et
1368 2614 1482 2645 nolunt
1493 2623 1552 2654 pro
1567 2613 1668 2644 salute
1689 2614 1764 2644 fra-·

971 2671 1062 2700 terna
1079 2669 1235 2700 divertere
1253 2670 1292 2700 ad
1306 2669 1396 2701 villas
1420 2667 1644 2710 pauperculaS,
1663 2670 1693 2699 et
1707 2668 1753 2699 ibi

1002 2733 1034 2765 (a)
1052 2733 1109 2764 Loy.
1125 2740 1288 2757 excusamus.
