2029 3052
757 161 1026 196 COLLATIONES
1049 162 1162 197 OCTO.

346 277 623 314 COLLATIO
659 277 734 312 III.

428 351 466 380 De
485 351 651 379 obediencia.

185 420 218 448 Ut
231 420 320 457 igitur
335 421 506 450 obedientia
519 420 652 457 religiosi
667 421 726 450 Deo
742 420 779 449 sit
796 421 929 457 accepta—

148 466 232 503 bilis,
248 467 318 497 ideo
339 468 430 498 debet
450 476 512 498 esse
531 470 667 505 prompta
685 467 749 496 sine
770 467 928 504 dilatione,

150 513 259 543 devota
272 515 335 544 sine
348 515 558 552 dedignatione
569 537 577 551 ‚
593 515 763 544 voluntaria
781 514 843 543 sine
859 523 930 543 con-

149 562 341 600 tradictione,
357 564 484 602 simplex
499 564 562 593 sine
577 563 776 599 discussione,
794 571 930 600 perseve-

149 617 218 638 rans
232 610 294 639 sine
312 611 493 648 cessatione,
510 611 647 641 ordinata
663 611 725 640 sine
745 611 929 646 deviatione,

146 655 281 692 jucunda
300 657 363 686 sine
382 658 566 692 turbatione,
586 660 705 687 strenua
728 658 790 686 sine
810 658 931 695 pusilla-

148 703 292 740 nimitate,
304 707 332 734 et
343 706 519 735 universalis
530 706 594 735 sine
604 705 788 742 exceptione.
801 705 931 740 Qualiter

147 758 203 780 nos
216 751 355 780 audimus
372 754 490 782 nostros
505 752 689 790 superiores,
705 752 800 781 taliter
814 753 930 781 nostras

148 798 269 826 exaudit
283 799 358 828 Deus
373 799 533 828 orationes.
549 801 614 828 llaec
628 800 818 836 Augustinus
834 801 866 828 Ut
880 807 930 828 au-

147 847 207 874 tem
220 846 326 874 melius
339 847 441 876 valeas
455 855 518 876 esse
532 847 688 882 obedIens,
701 847 800 882 cogita
813 854 930 883 semper

146 893 270 929 quando
284 902 344 922 vox
358 895 554 931 praecipientis
569 895 655 923 sonat
669 895 700 922 in
719 894 842 923 auribus
859 893 929 929 tuis,

147 941 231 976 quod
254 949 358 970 vocem
382 941 469 970 istam
493 950 554 970 non
580 944 724 978 tanquam
748 941 787 970 ab
809 941 930 970 homine

146 987 261 1023 audias,
277 988 331 1017 sed
344 990 488 1025 tanquam
503 989 542 1017 ab
556 989 622 1026 ipso
638 990 707 1017 Deo.
723 990 796 1018 item
809 996 873 1017 non
887 990 930 1017 est

146 1035 302 1070 obediens,
317 1036 371 1065 sed
386 1036 555 1073 negligens,
572 1036 624 1073 qui
638 1036 805 1065 secundum
820 1043 928 1072 expec-

146 1084 187 1111 tat
204 1083 391 1113 mandatum.
411 1085 482 1112 Item
503 1084 670 1113 Bernardus
686 1084 694 1101 ¹
712 1093 719 1112 ε
738 1094 752 1111 «
768 1085 803 1112 At
821 1091 929 1120 parum

145 1131 189 1158 est
208 1138 270 1159 esse
289 1131 458 1168 subJ‘ectum
473 1132 546 1167 Deo,
563 1131 620 1159 nisi
635 1131 674 1159 sis
690 1131 773 1159 omni
788 1132 929 1159 creaturae

143 1177 282 1206 humanae
295 1180 417 1215 propter
432 1180 525 1207 Deum
541 1188 548 1207 ε
565 1178 627 1207 sive
646 1178 766 1214 Abbati,
783 1180 928 1215 tanquam

144 1225 340 1262 praecellenti,
369 1226 431 1254 sive
458 1226 627 1261 Prioribus,
654 1227 799 1263 tanquam
826 1225 865 1254 ab
893 1233 928 1254 eo

145 1273 318 1302 constitutis.
347 1275 409 1309 Ego
432 1273 500 1309 plus
527 1273 611 1309 dico,
635 1273 759 1310 paribus
782 1273 927 1308 subdere,

144 1320 273 1348 subdere
293 1322 321 1349 et
336 1320 514 1349 minoribus.
531 1322 564 1349 Et
583 1321 607 1348 si
623 1321 668 1348 vis
686 1320 718 1348 in
733 1320 845 1356 justitia
865 1328 928 1348 esse

143 1366 301 1402 perfectus,
315 1368 393 1396 vade
407 1368 447 1396 ad
461 1367 619 1400 minorem,
637 1367 767 1395 subdere
782 1367 927 1401 inferiori,

141 1413 254 1448 Juniori
272 1416 300 1442 te
318 1414 470 1443 incIInato.
486 1425 500 1441 »
523 1416 607 1443 Nota.
629 1414 797 1443 Climachus
811 1415 822 1431 ²
839 1423 846 1442 z
866 1425 879 1439 «
900 1414 928 1442 Si

144 1461 211 1497 quis
232 1469 303 1497 erga
322 1462 414 1498 patris
433 1462 648 1498 subjectionem
669 1470 755 1490 suam
777 1461 928 1490 conscien-

143 1508 216 1536 tiam
230 1509 270 1537 ad
283 1517 435 1537 summum
448 1509 581 1546 possedit
594 1509 741 1537 mundam
758 1507 805 1545 (a),
821 1509 874 1537 iste
890 1508 928 1536 de

144 1557 248 1584 caetero
271 1564 326 1593 per
350 1557 484 1592 singulos
507 1557 571 1585 dies
595 1558 720 1585 mortem
740 1555 825 1592 quasi
849 1563 927 1583 som-

143 1610 227 1639 num,
243 1603 339 1639 magis
353 1612 426 1632 vero
440 1604 533 1632 vitam
548 1605 717 1640 expectans,
733 1611 795 1631 non
809 1604 927 1631 contur-

143 1650 241 1686 batur,
263 1658 448 1686 cognoscens
467 1651 498 1679 in
517 1651 613 1679 solido
634 1651 682 1687 (b),
698 1650 769 1687 quia
783 1658 845 1678 non
864 1650 927 1686 ipse

142 1697 174 1725 in
188 1700 322 1734 tempore
337 1698 532 1735 separationis
547 1697 593 1735 (c),
604 1698 657 1726 sed
671 1698 722 1734 qui
736 1698 852 1734 praeest,
862 1697 927 1725 red-

143 1744 193 1773 det
206 1745 362 1774 rationem.
377 1756 390 1772 »
413 1745 496 1774 Idem
511 1745 586 1774 infra
603 1754 609 1773 :
630 1755 643 1771 «
661 1744 787 1779 Quando
805 1745 927 1773 absente

143 1799 178 1820 eo
193 1792 245 1828 qui
258 1794 374 1828 praeest,
388 1793 505 1821 vultum
516 1792 609 1828 ipsius
622 1792 834 1828 imaginamur,
846 1791 926 1819 hunc

143 1839 231 1867 nobis
242 1841 338 1868 astare
350 1841 498 1876 putantes,
510 1841 538 1867 et
548 1847 670 1868 omnem
683 1838 925 1874 collocutionem,

144 1886 193 1914 vel
207 1894 392 1922 sermonem,
411 1887 461 1915 vel
475 1887 592 1921 cibum,
607 1886 656 1914 vel
672 1886 755 1914 aliud
770 1885 926 1922 quippiam

144 1941 213 1961 eum
227 1934 414 1970 suspicamur
428 1934 512 1962 odire
530 1934 562 1961 in
580 1933 683 1968 nobis,
701 1933 861 1961 avertimus
878 1932 926 1968 (d),

144 1982 213 2008 tunc
223 1989 415 2017 cognoscam,
425 1981 497 2018 quia
507 1980 541 2018 (e)
549 1980 713 2017 legitimam
724 1980 925 2009 obedientiam

142 2036 211 2057 vere
227 2028 413 2065 exequimur.
428 2039 440 2056 »

342 2122 619 2157 COLLATIO
656 2122 725 2158 IV.

418 2196 457 2223 De
477 2195 650 2223 verecundia.

177 2265 188 2283 ³
205 2274 220 2292 «
238 2264 358 2300 Nescio,
373 2272 412 2294 an
431 2264 601 2301 quidquam
616 2264 728 2301 gratius
746 2264 928 2293 verecundia

141 2312 181 2341 ad
203 2314 342 2341 ornatum
358 2313 390 2341 in
409 2312 546 2342 moribus
564 2312 723 2341 hominum
743 2320 806 2340 esse
825 2314 924 2348 queat.

141 2360 236 2394 Quam
249 2359 376 2396 pulchra
390 2360 464 2396 haec,
480 2362 509 2389 et
524 2368 617 2397 quam
631 2359 791 2397 splendida
807 2367 926 2396 gemma

140 2407 171 2435 in
187 2407 245 2436 vita
259 2409 286 2436 et
299 2407 385 2436 vultu
397 2407 607 2437 adolescentis!
626 2416 718 2445 quam
733 2416 815 2444 vera,
829 2409 856 2436 et
868 2407 925 2436 mi-

171 2470 179 2485 1
196 2469 284 2500 Rern,
295 2469 322 2493 z'n
338 2469 425 2500 Cant„
439 2476 518 2495 serm.
529 2475 596 2500 X1.11,
612 2476 637 2494 n.
655 2470 717 2494 9.—
732 2470 826 2494 ⁵J0an.
841 2469 925 2501 Olim„

141 2504 210 2529 Scal.
232 2504 336 2536 Parad„
354 2505 426 2537 grad.
445 2511 479 2537 ιν,
502 2513 528 2530 n.
551 2507 590 2530 57.
606 2519 637 2524 —
661 2505 671 2522 ³
691 2506 779 2537 Bern.‚
797 2507 824 2529 iu
840 2506 925 2535 Cant„

140 2548 221 2565 serm.
236 2544 428 2573 LXXXV1,n.1.
441 2555 471 2560 —
485 2542 493 2556 ⁴
509 2541 584 2573 lbid.,
599 2549 627 2565 n.
640 2544 664 2566 2.
678 2556 708 2560 —
722 2542 732 2559 ⁵
744 2543 821 2566 Joan.
838 2542 924 2573 Clim.,

139 2577 183 2601 ubi
197 2584 265 2610 sup.‚
283 2578 354 2610 grad.
371 2584 408 2610 X1,
423 2585 450 2603 n.
466 2580 491 2603 3.
505 2592 536 2597 —
550 2579 560 2595 ⁶
579 2578 655 2609 lbid.,
675 2585 702 2603 n.
725 2580 749 2603 4.
765 2592 795 2597 —
810 2579 820 2596 '1
836 2580 925 2609 Bern.,

141 2613 167 2637 in
189 2614 275 2639 Nativ.
296 2615 326 2639 Β.
344 2616 421 2646 Maru,
443 2614 473 2638 (Ie
487 2614 655 2647 Aquoecluctu,
679 2621 707 2640 n.
725 2616 763 2640 14.
779 2628 810 2633 —
825 2616 833 2629 ⁸
851 2615 924 2646 lbid.,

141 2653 168 2671 n.
185 2651 223 2672 15.
237 2663 268 2668 -
281 2651 292 2668 ⁹
306 2651 394 2681 Rern„
410 2650 444 2675 acl
458 2651 558 2682 Suqer„
575 2651 649 2681 epist.
666 2657 780 2682 LXXVIII,
794 2658 820 2675 n.
838 2652 861 2675 4.

1707 169 1768 200 643

984 231 1064 260 nime
1079 231 1173 261 dubia
1187 231 1275 261 honae
1289 231 1394 262 nuntia
1407 232 1482 269 spei,
1499 232 1587 262 bonae
1600 232 1711 263 indolis
1726 235 1769 264 est

983 278 1090 307 index!
1113 279 1201 315 Virga
1221 279 1383 317 disciplinae
1402 281 1445 308 est
1464 279 1526 316 illi,
1547 280 1599 317 qui
1617 280 1768 318 pudendis

984 326 1139 355 affectibus
1154 326 1329 363 imminens,
1343 327 1466 356 luhricoe
1479 327 1571 356 aetatis
1585 330 1700 364 motus,
1717 337 1767 358 ac-

985 375 1091 411 tusque
1103 374 1184 403 leves
1198 376 1344 410 coerceat,
1357 374 1501 412 reprimat
1510 374 1680 404 insolentes.
1692 376 1769 411 Quid

984 420 1025 449 ita
1047 421 1240 458 turpiloquii,
1259 424 1287 450 ct
1303 421 1400 450 omnis
1420 421 1562 459 deinceps
1579 422 1769 459 turpitudinis

984 466 1136 503 fugitans?
1159 469 1248 498 Soror
1269 469 1456 498 continentiae
1477 471 1534 505 cst,
1556 469 1701 498 indicium
1720 478 1770 498 co-

985 514 1130 544 lumbinae
1152 516 1361 553 simplicitatis,
1378 517 1457 546 testis
1479 516 1673 552 innocentiae,
1695 516 1769 546 lam-

985 569 1039 598 pas
1051 562 1170 599 pudicae
1185 563 1301 599 mentis,
1313 563 1423 600 jugiter
1433 563 1548 599 lucens,
1559 566 1587 592 et
1601 563 1676 592 nihil
1690 563 1720 592 in
1734 572 1769 592 ea

987 611 1071 646 turpe
1094 610 1143 638 vel
1163 610 1339 639 indecorum
1364 611 1495 640 residere
1521 613 1658 647 attentat,
1683 611 1767 649 quod

985 664 1048 685 non
1062 656 1143 685 illico
1154 657 1272 693 prodat.
1287 657 1339 686 llla
1352 658 1550 694 expugnatrix
1564 658 1725 694 malorum,
1741 661 1769 687 et

985 704 1203 740 propugnatrix
1222 705 1359 741 puritatis
1376 705 1494 741 innatae,
1518 705 1653 742 specialis
1672 705 1768 742 gloria

986 751 1173 780 eonscientiae
1189 753 1241 787 est,
1256 751 1342 780 samae
1357 754 1466 788 custos,
1480 752 1546 781 vitae
1562 753 1663 788 decus,
1680 753 1769 782 virtu-

985 797 1021 826 tis
1045 798 1146 833 sedes,
1170 799 1311 827 virtutum
1329 799 1482 836 primitiae,
1504 802 1617 829 naturae
1640 800 1720 835 laus,
1741 802 1770 828 et

985 845 1102 882 insigne
1117 846 1205 874 totius
1219 846 1390 875 honestatis.
1403 856 1417 874 »
1437 848 1470 875 Et
1483 847 1560 875 infra
1574 847 1600 875 ⁶:
1617 847 1694 881 Quid
1709 849 1769 876 tam

987 892 1120 921 amicum
1129 893 1300 922 verecundo
1313 893 1427 930 animo,
1439 902 1531 930 quam
1541 895 1704 922 secretum?
1715 894 1770 922 Sed

986 939 1061 976 quid
1073 941 1136 969 tam
1149 941 1306 978 proprium
1317 941 1517 976 verecundiae,
1531 949 1622 978 quam
1633 941 1771 978 proprias

985 988 1078 1017 vitare
1097 988 1216 1024 laudes,
1236 989 1330 1018 vitare
1344 989 1536 1025 jactantiam?
1555 989 1632 1024 Quid
1646 991 1706 1018 tam
1724 990 1769 1018 in-

986 1035 1141 1071 decorum,
1153 1036 1284 1066 maxime
1299 1037 1492 1073 adolescenti,
1508 1045 1599 1074 quarn
1614 1037 1770 1066 ostentatio

985 1083 1145 1113 sanctitatis
1154 1085 1167 1112 ἰ)
1183 1094 1197 1111 )>

1195 1179 1474 1214 COLLATIO
1514 1181 1556 1215 V.

1248 1253 1285 1281 De
1305 1254 1509 1281 taciturnitate.

1022 1322 1031 1338 ⁵
1050 1331 1063 1346 «
1084 1321 1195 1349 Silentii
1215 1321 1328 1350 amicus
1347 1322 1571 1359 appropinquat
1590 1324 1665 1358 Dco,
1683 1325 1710 1352 et
1729 1323 1771 1352 la-

985 1370 1079 1397 tenter
1099 1368 1291 1405 colloquens,
1312 1377 1330 1398 a
1350 1371 1409 1398 Deo
1429 1369 1623 1398 illuminatur.
1640 1380 1654 1396 »
1676 1372 1708 1399 Et
1726 1371 1772 1398 in-

983 1415 1029 1444 fra
1043 1416 1052 1432 ⁶
1069 1425 1076 1444 :
1095 1425 1108 1442 «
1128 1416 1277 1444 Sollicitus
1292 1416 1329 1444 de
1351 1416 1431 1445 exitu
1452 1417 1636 1445 circumcidit
1656 1426 1770 1446 sermo-

985 1471 1072 1498 nem,
1101 1465 1129 1491 et
1156 1464 1207 1500 qui
1236 1463 1350 1492 luctum
1378 1464 1484 1492 animae
1510 1464 1660 1501 possidet,
1685 1466 1769 1501 quasi

984 1510 1085 1546 ignem
1108 1511 1213 1539 avertit
1235 1511 1267 1546 (f)
1288 1511 1523 1547 multiloquium,
1544 1523 1556 1537 υ
1581 1513 1645 1540 Haec
1663 1512 1770 1541 Clima-

985 1557 1066 1585 chus.
1090 1557 1257 1586 Bernardus
1279 1559 1289 1575 ⁷
1306 1566 1312 1585 ε
1339 1567 1352 1584 «
1370 1560 1486 1586 Bonum
1508 1558 1655 1587 silentium
1676 1568 1693 1587 a
1709 1559 1771 1595 jac-

984 1605 1086 1638 tantia,
1097 1605 1214 1633 bonum
1225 1613 1242 1634 a
1252 1605 1451 1642 blasphemia,
1462 1606 1579 1634 bonum
1590 1615 1607 1635 a
1616 1615 1770 1635 murmure

984 1654 1012 1680 et
1033 1651 1224 1680 detractione.
1242 1662 1255 1678 n
1277 1654 1310 1680 Et
1330 1653 1408 1681 infra
1425 1662 1431 1681 z
1451 1663 1465 1680 α
1485 1653 1573 1682 Sileat
1592 1662 1609 1682 a
1627 1654 1664 1690 (9)
1682 1654 1770 1682 nobis

983 1700 1087 1735 lingua
1100 1700 1258 1736 maledica,
1270 1700 1376 1736 lingua
1390 1701 1578 1738 blasphema,
1590 1701 1694 1738 lingua
1708 1710 1770 1730 ma-

984 1747 1143 1784 gniloqua,
1166 1747 1311 1784 quoniam
1332 1748 1449 1776 bonum
1470 1750 1512 1776 est
1531 1748 1563 1776 in
1585 1748 1643 1777 hoc
1662 1749 1767 1785 triplici

983 1794 1100 1823 silentio
1115 1795 1243 1823 salutare
1264 1795 1380 1823 Domini
1397 1795 1571 1832 praestolari.
1588 1794 1598 1811 Β
1612 1797 1651 1824 lta
1670 1798 1767 1824 tamen

983 1841 1021 1870 ab
1039 1842 1085 1869 his
1099 1843 1207 1877 taceas,
1224 1850 1262 1870 ne
1277 1842 1401 1870 omnino
1421 1845 1529 1877 taceas,
1545 1851 1582 1871 ne
1598 1843 1716 1871 dederis
1730 1844 1767 1871 si-

982 1888 1106 1917 lentium
1127 1891 1196 1917 Deo.
1214 1890 1348 1925 Loquere
1367 1889 1411 1917 illi
1430 1892 1533 1918 contra
1550 1891 1723 1926 jactantiam
1738 1891 1768 1919 in

983 1936 1185 1971 confessione,
1208 1938 1238 1964 ut
1257 1936 1393 1964 obtineas
1410 1937 1531 1965 veniam
1551 1937 1588 1965 de
1608 1938 1766 1974 praeterito.

983 1985 1116 2020 Loquere
1129 1983 1161 2011 in
1177 1983 1339 2019 gratiarum
1354 1984 1469 2012 actione
1482 1985 1586 2013 contra
1600 1993 1768 2014 murmura-

982 2031 1105 2066 tionem,
1121 2032 1154 2058 ut
1168 2030 1347 2067 ampliorem
1362 2031 1498 2060 invenias
1510 2032 1636 2067 gratiam
1647 2032 1678 2060 in
1689 2041 1767 2069 pree-

981 2078 1065 2106 senti.
1081 2079 1214 2114 Loquere
1229 2077 1260 2105 in
1279 2078 1413 2107 oratione
1432 2080 1536 2108 contra
1551 2079 1767 2115 diffidentiam,

981 2127 1014 2153 ut
1028 2124 1221 2161 consequaris
1236 2124 1365 2160 gloriam
1379 2125 1410 2153 in
1423 2125 1534 2154 futuro.
1552 2126 1709 2161 Confitere,
1722 2126 1767 2154 in-

982 2181 1090 2209 quam,
1114 2172 1261 2208 praeterita
1282 2174 1422 2208 peccata,
1446 2174 1474 2201 et
1496 2181 1551 2209 pro
1572 2173 1768 2210 praesentibus

982 2220 1091 2256 gratias
1106 2227 1181 2255 age,
1197 2221 1225 2248 et
1243 2219 1384 2256 deinceps
1399 2227 1453 2248 ora
1470 2219 1631 2249 studiosius
1650 2229 1705 2257 pro
1725 2221 1768 2249 fu-

981 2267 1066 2301 turis,
1079 2268 1113 2295 ut
1126 2275 1164 2294 ne
1178 2266 1242 2303 ipse
1258 2266 1383 2303 quidem
1396 2267 1481 2296 sileat
1494 2276 1512 2296 a
1526 2268 1710 2304 remissione,
1727 2269 1765 2296 ab

981 2314 1176 2349 immissione,
1192 2322 1210 2342 a
1224 2313 1435 2350 promissione.
1450 2325 1464 2341 »
1482 2316 1553 2343 Item
1563 2315 1573 2332 ⁹
1591 2324 1597 2343 :
1614 2325 1627 2341 α
1642 2317 1714 2351 Juge
1730 2316 1766 2343 si-

981 2361 1123 2396 lentium,
1145 2363 1173 2390 et
1192 2361 1230 2389 ab
1254 2361 1337 2389 omni
1356 2362 1479 2398 strepitu
1497 2362 1681 2390 saecularium
1699 2371 1767 2399 per-

981 2411 1072 2445 petua
1086 2408 1171 2445 quies
1186 2409 1265 2446 cogit
1280 2409 1411 2439 coelestia
1424 2409 1571 2439 meditari.
1592 2411 1683 2438 Porro
1699 2418 1767 2439 con-

1016 2509 1049 2538 (α)
1069 2506 1112 2532 Al.
1137 2506 1185 2536 Qui
1217 2507 1332 2538 seipsum
1354 2507 1454 2532 sincera
1477 2509 1502 2531 et
1524 2514 1588 2538 pura
1612 2506 1768 2532 conscientia

983 2543 1169 2575 perfectissime
1188 2543 1301 2574 religiosi
1324 2542 1402 2574 patris
1425 2543 1580 2567 obedientias
1603 2542 1720 2574 subjecit.
1737 2556 1767 2560 —

983 2579 1016 2611 (b)
1038 2579 1082 2603 Al.
1106 2581 1200 2604 certus.
1218 2592 1247 2596 —
1265 2579 1296 2610 (c)
1317 2579 1358 2603 Al.
1376 2579 1402 2602 in
1417 2586 1525 2603 excessu
1540 2578 1609 2603 vitae.
1625 2592 1655 2596 —-
1671 2578 1710 2610 (cl)
1725 2579 1766 2603 At.

984 2622 1092 2646 peccare
1115 2614 1270 2639 caverimus.
1286 2628 1316 2633 —
1335 2614 1367 2646 (e)
1392 2615 1453 2638 Caee.
1475 2614 1533 2640 edit.
1556 2622 1615 2646 qua.
1634 2628 1664 2632 —
1680 2614 1713 2645 (f)
1727 2614 1767 2639 Al.

987 2650 1088 2682 refugit.
1104 2664 1133 2668 —
1148 2651 1184 2682 (y)
1202 2650 1301 2674 Malu'll.
1317 2650 1353 2675 in.
1781 2659 1784 2661 Δ
