2029 3052
633 279 672 311 IN
696 277 887 311 REGULAM
907 275 1099 309 FRATRUM
1122 276 1320 309 MlNORUM.

172 349 280 390 aliqua
295 348 357 381 alia
377 348 541 389 Religionc
555 347 662 388 rigida
677 356 711 379 se
725 347 849 380 salvare
865 347 950 387 pote-

171 404 258 441 runt,
274 402 300 434 si
315 404 432 442 tamen,
452 403 611 443 quantum
630 401 664 432 in
675 410 708 432 se
722 402 779 440 est,
797 401 950 432 maneant

171 456 204 487 in
228 455 382 488 desiderio
404 455 443 487 ad
465 457 584 487 statum
601 464 698 487 suum
712 454 884 496 pristinum
901 463 950 485 re-

170 509 326 542 vertendi.
353 509 442 547 Quod
466 509 492 540 si
514 509 553 541 de
579 509 705 540 licentia
729 508 899 550 apostolica
915 517 949 540 se

171 563 352 604 glorientur
365 563 464 604 aliqui
481 563 571 595 aliter
584 563 744 602 facientes,
761 572 820 604 pro
835 562 948 594 certis-

172 616 253 648 simo
275 616 377 648 sciant
391 619 501 649 eontra
515 618 598 649 hanc
614 617 737 649 Domini
759 617 950 649 sententiam

172 669 290 711 Papam
313 670 393 702 nihil
407 671 528 702 facere¹
542 682 548 703 :
562 672 659 704 Nemo
674 672 805 704 mittens
819 680 951 704 manum

171 723 216 757 ad
230 727 386 763 aratrum,
413 726 471 756 etc.
495 725 584 762 Quod
599 726 642 764 si,
660 726 833 757 mendaciis
847 726 950 757 inter-

171 778 392 818 venientibus,
418 779 537 820 aliquid
562 780 728 820 contingat
753 789 810 820 per
834 779 912 811 tales
932 789 952 810 a

171 832 252 864 Sede
263 831 443 873 Apostolica
458 832 634 872 impetrari,
651 842 717 864 non
734 835 781 864 est
796 833 841 864 eis
856 842 951 865 excu-

171 885 263 925 satio,
280 885 335 917 sed
349 886 562 917 accusationis
577 887 760 927 duplicatio,
772 887 850 918 dum
863 896 952 918 men-

177 940 266 972 dacio
280 942 405 972 tantum
426 940 552 972 Patrem
569 942 866 980 circumvenientes,
883 950 951 973 suae

171 997 323 1036 quaerunt
337 995 502 1036 apostasiae
513 996 656 1036 pallium,
669 996 725 1037 qui
740 996 774 1027 in
787 996 870 1027 votis
885 1005 951 1027 non

172 1049 351 1089 dispensat,
367 1049 427 1080 nisi
443 1049 499 1080 ubi
514 1050 666 1090 suggerit
680 1050 790 1091 pietaS,
808 1051 839 1081 et
853 1050 952 1081 ratio-

172 1103 286 1134 nabilis
306 1103 440 1144 aequitas
458 1105 689 1145 recompensat.
721 1104 756 1135 Et
780 1104 855 1144 quia
876 1104 950 1135 obli-

171 1157 239 1196 gati
261 1157 300 1188 ad
321 1158 471 1190 eumdem
499 1159 646 1190 ordinem
673 1160 759 1198 voto,
788 1159 840 1190 vel
862 1160 952 1199 jura-

176 1212 305 1251 mento,
331 1213 482 1243 tenentur
512 1212 646 1244 Domino
672 1213 799 1252 integre
826 1213 951 1244 solvere

172 1265 259 1306 quod
274 1268 434 1298 voverunt
450 1277 456 1297 :
474 1276 538 1307 qua
552 1267 675 1298 ratione
689 1277 754 1299 non
763 1267 952 1299 licetfratri-

172 1319 233 1350 bus
247 1319 285 1350 de
299 1320 361 1350 hac
374 1319 541 1360 Religione
558 1321 657 1360 exire,
673 1321 749 1361 quia
769 1322 830 1352 hoc
845 1324 892 1353 est
907 1331 953 1352 re-

172 1375 223 1405 tro
248 1374 404 1415 aspicere;
430 1384 496 1406 non
517 1375 590 1406 licet
612 1375 764 1415 obligatis
787 1376 827 1407 ad
857 1376 951 1407 istam

173 1427 387 1468 Religionem,
396 1438 633 1470 quamcumque
641 1430 735 1460 aliam
745 1430 875 1469 intrare,
883 1439 953 1471 pro-

173 1482 267 1521 fiteri,
285 1482 336 1513 vel
354 1483 480 1522 ingredi
503 1483 543 1514 ad
563 1484 761 1515 manendum
778 1495 784 1514 :
802 1485 869 1515 imo
884 1494 953 1524 pec-

173 1537 246 1567 cant
260 1537 437 1568 mortaliter
451 1537 529 1568 tales
542 1537 575 1568 in
589 1537 806 1577 Religionibus
821 1539 891 1570 aliis
906 1549 952 1570 re-

173 1593 357 1629 inanentes;
374 1594 504 1632 peccant
519 1591 614 1623 etiam
630 1600 683 1623 eos
701 1592 899 1632 recipientes,
922 1595 953 1624 et

172 1645 417 1684 consentientes,
440 1645 522 1677 sicut
545 1646 711 1686 apostasiae
730 1646 853 1677 facinus
877 1656 952 1687 pro-

172 1702 349 1730 moventes.
372 1699 433 1730 Sed
458 1699 535 1740 quid
560 1700 731 1731 dicendum
757 1702 804 1731 est
824 1701 862 1732 de
876 1701 950 1739 illis,

172 1752 229 1793 qui
243 1753 282 1784 ad
298 1754 474 1794 episcopale
496 1754 638 1785 officium
663 1764 703 1786 ex
725 1755 777 1786 his
800 1755 952 1786 fratribus

172 1809 405 1838 assumuntur?
427 1808 613 1848 Respondeo
632 1820 637 1840 :
656 1809 705 1848 Si,
725 1810 825 1840 003011
842 1810 882 1840 ab
897 1810 952 1841 Ec-

173 1860 277 1899 clesia,
289 1860 477 1900 hujusmodi
492 1861 671 1893 inevitabili
685 1863 870 1894 necessitate
879 1872 949 1894 sus-

173 1915 290 1955 cipiant
304 1915 452 1954 regimen
473 1916 669 1954 animarum,
687 1925 753 1947 non
769 1919 845 1947 sunt
859 1927 953 1957 repu-

172 1969 260 2000 tandi
275 1969 314 1999 ab
329 1969 439 2000 ordine
455 1970 587 2009 egressi,
606 1970 642 2007 si,
659 1972 816 2010 quantum
830 1971 862 2002 in
875 1972 952 2011 ipsis

173 2025 236 2061 est,
254 2032 378 2063 semper
396 2025 545 2063 appetant
564 2023 596 2054 in
611 2024 683 2055 sinu
698 2024 818 2055 ordinis
842 2025 950 2056 confo-

173 2077 253 2109 veri.
283 2077 374 2115 Quod
400 2078 426 2107 si
453 2087 518 2108 non
542 2078 647 2109 vocati
672 2078 711 2109 ad
740 2079 950 2119 episcopalem

174 2132 331 2171 gradum,
356 2141 415 2163 nec
436 2133 546 2170 coacti,
570 2133 609 2163 ad
625 2133 773 2163 eumdem
796 2133 949 2173 aspirant,

173 2187 210 2217 ut
233 2186 361 2225 fugiant
379 2194 542 2216 aerumnas
568 2195 748 2226 pauperum
772 2188 802 2217 et
830 2188 951 2218 ordinis

172 2240 325 2279 rigorem,
350 2240 444 2271 credo
464 2249 517 2271 eos
535 2240 568 2270 111
590 2240 677 2271 1111115
699 2243 821 2280 partem
847 2250 951 2272 cessu-

171 2303 236 2332 ros,
249 2294 304 2334 qui
320 2294 399 2325 dixit
412 2295 438 2324 ²:
461 2293 574 2326 Sedabo
586 2294 622 2326 in
638 2297 739 2326 monte
755 2296 948 2334 testamenti,

173 2348 209 2379 in
229 2347 383 2379 lateribus
407 2348 581 2387 aquitonis.
606 2347 667 2378 Sed
690 2349 847 2388 numquid
869 2349 949 2380 obli-

174 2402 240 2441 gati
256 2401 296 2432 ad
310 2401 393 2432 hanc
417 2401 627 2440 Religionem,
647 2402 898 2440 excusabuntur,
924 2403 950 2433 si

172 2457 379 2487 assumantur
394 2455 433 2486 ad
448 2464 558 2486 curam
575 2455 778 2495 pastoralem,
791 2456 843 2487 vel
852 2457 947 2488 aliam

172 2509 416 2540 ecclesiasticam
432 2509 644 2548 dignitatem?
662 2510 791 2541 Certum
807 2511 950 2551 estquod

172 2573 248 2602 non,
264 2566 299 2595 ut
312 2566 407 2604 patet,
427 2564 543 2602 Eoetra,
562 2563 600 2595 de
617 2564 704 2596 Voto.
721 2573 748 2594 c.
761 2565 824 2596 Per
837 2568 912 2597 treas
926 2566 948 2605 ³,

172 2617 230 2648 ubi
255 2617 339 2658 Papa
361 2617 486 2648 cuidam
506 2618 545 2648 ad
570 2617 771 2657 Religionem
793 2619 947 2659 obligato,

204 2717 212 2732 ¹
228 2716 295 2743 Luc„
311 2722 347 2746 ix,
363 2718 402 2741 62.
415 2730 445 2734 —
460 2718 469 2732 2
484 2718 542 2747 Ira„
560 2723 611 2748 xw,
628 2719 666 2742 13.
679 2731 710 2736 -—
726 2719 734 2732 ³
749 2719 844 2743 Decret.
863 2719 949 2751 Greq„

173 2752 217 2776 lib.
242 2752 291 2781 111,
312 2752 349 2776 tit.
373 2759 462 2784 xxxiv,
485 2760 507 2777 c.
533 2755 570 2778 10.
592 2767 621 2771 -—
646 2754 655 2769 4
676 2755 777 2783 Mutat,
805 2762 834 2786 x,
863 2757 897 2779 10.
920 2770 950 2774 -

173 2789 183 2805 ⁵
197 2788 286 2818 Mara,
302 2794 357 2819 vni,
372 2790 395 2813 9.

1725 277 1783 308 567

1003 346 1035 377 et
1052 347 1125 377 ante
1139 345 1358 386 impletionem
1370 344 1437 378 voti
1451 345 1491 376 ad
1505 344 1653 384 regimen
1664 343 1784 376 anima-

1003 408 1078 431 rum
1092 401 1267 440 assumpto,
1283 398 1448 440 respondit
1461 398 1496 430 in
1508 398 1579 430 haec
1592 397 1692 430 verba
1705 408 1713 429 :
1729 397 1784 429 «Si

1003 454 1092 484 tuam
1115 453 1274 485 desideras
1298 461 1411 484 sanare
1433 451 1673 491 conscientiam,
1690 451 1784 492 regi-

1005 517 1078 538 men
1092 508 1240 548 resignes
1256 509 1442 539 memoratae
1456 506 1609 544 ecclesiae,
1621 515 1658 537 ac
1670 505 1784 537 reddas

1006 561 1136 593 Domino
1151 563 1264 593 votum
1279 561 1365 602 quod
1379 560 1506 593 vovisti.
1524 571 1538 589 »

1045 616 1086 647 Et
1100 615 1153 648 illi
1166 616 1224 656 qui
1234 615 1315 656 jam,
1339 617 1398 646 etc.
1424 614 1483 646 Hic
1499 613 1646 654 tangitur
1671 615 1787 654 quarta

1006 679 1078 711 pars
1091 670 1188 710 hujus
1202 670 1354 708 rubricae,
1371 670 1403 700 111
1415 678 1480 710 qua
1495 668 1606 708 agitur
1625 668 1664 700 de
1681 668 1786 700 victus

1005 726 1037 756 et
1060 725 1193 757 vestitus
1213 724 1421 762 districtione,
1438 724 1543 764 primo
1564 723 1724 763 quantum
1747 722 1788 754 ad

1005 779 1172 817 vestitum3
1203 778 1344 810 secundo
1359 803 1366 817 ‚
1393 778 1553 819 quantum
1584 777 1622 808 ad
1652 777 1785 816 victum,

1006 833 1072 864 ibi:
1092 833 1173 869 Quos
1187 840 1306 865 moneo.
1326 832 1361 863 ln
1376 831 1480 873 prima
1495 832 1584 872 parte
1602 831 1708 870 tangit
1728 840 1786 862 ve-

1004 887 1098 918 stitus
1117 887 1303 927 qualitatem
1315 911 1322 925 ,
1340 888 1371 917 et
1390 885 1620 927 quantitatem3
1649 884 1788 916 secundo

1006 941 1173 980 vilitatem,
1190 941 1235 972 ibi
1252 952 1258 973 :
1276 942 1316 974 Et
1334 941 1464 980 fratres.
1489 940 1528 971 Et
1545 939 1719 980 interponit
1733 949 1787 980 pe-

1006 995 1084 1026 dum
1099 995 1288 1033 nuditatem,
1304 997 1340 1026 ut
1357 997 1455 1036 patet.
1471 994 1551 1026 Dicit
1563 1003 1642 1034 ergo
1657 993 1703 1024 sic
1720 1002 1727 1023 :
1745 993 1787 1026 Et

1007 1049 1069 1087 illi,
1083 1050 1140 1090 qui
1150 1049 1223 1089 jam
1238 1050 1456 1090 promiserunt
1470 1048 1695 1087 obedientiam,
1712 1056 1788 1088 pro-

1006 1103 1079 1134 fessi
1093 1103 1221 1141 scilicet,
1237 1103 1372 1136 habeant
1382 1111 1481 1135 unam
1495 1102 1640 1135 tunicam
1654 1109 1727 1134 cum
1739 1109 1789 1133 ca-

1004 1158 1108 1197 putio.
1125 1158 1162 1188 ln
1177 1167 1242 1198 qua
1256 1157 1385 1188 habitus
1400 1156 1603 1196 intelligItur.
1621 1156 1663 1188 Et
1688 1155 1789 1188 aliam

1007 1213 1076 1244 stne
1101 1213 1244 1252 capucio,
1268 1213 1326 1252 qui
1348 1211 1507 1244 voluerint
1528 1210 1652 1242 habere.
1674 1209 1710 1240 In
1727 1210 1789 1241 alia

1008 1266 1117 1297 tunica
1136 1267 1205 1297 sine
1220 1266 1366 1307 caputio,
1384 1265 1591 1305 intelligitur,
1611 1264 1789 1295 secundum

1008 1322 1126 1351 statuta
1141 1321 1273 1359 ordinis,
1289 1320 1385 1351 unica
1401 1319 1538 1359 simplex
1553 1319 1602 1351 vel
1620 1319 1787 1359 repetiata,

1008 1384 1066 1405 nec
1087 1375 1201 1405 debent
1223 1374 1331 1414 plures
1352 1374 1464 1405 haberi
1478 1373 1621 1412 inferius,
1638 1383 1658 1404 a
1671 1373 1790 1414 profes-

1007 1429 1050 1460 sis
1074 1429 1253 1469 praecipue,
1276 1428 1337 1458 nisi
1353 1428 1391 1459 de
1407 1428 1619 1468 Superiorum
1643 1427 1787 1465 arbitrio,

1008 1483 1126 1523 quibus
1149 1483 1263 1522 regula
1285 1482 1454 1513 committit
1473 1481 1587 1512 talium
1602 1482 1790 1513 sollicitudi-

1008 1547 1100 1575 nem,
1122 1537 1298 1578 secundum
1314 1537 1382 1567 loca
1396 1538 1426 1567 et
1440 1539 1601 1576 tempora,
1625 1538 1684 1568 etc.
1710 1536 1790 1568 Dicit

1008 1593 1115 1623 autem
1131 1591 1311 1631 signanter:
1322 1590 1389 1630 Qui
1402 1590 1560 1622 voluerint
1576 1590 1700 1629 habere,
1713 1591 1790 1630 quia

1007 1645 1098 1677 varia
1111 1648 1186 1676 sunt
1199 1654 1371 1685 corporum
1387 1644 1511 1683 robora,
1529 1646 1559 1675 et
1573 1643 1712 1675 multum
1729 1643 1788 1675 dif-

1007 1700 1144 1731 ferentes
1160 1700 1362 1731 diversarum
1376 1698 1582 1738 intemperies
1601 1697 1787 1737 regionum.

1008 1754 1070 1785 Sed
1086 1763 1143 1793 pro
1160 1753 1379 1784 calceamentis
1395 1752 1482 1783 addit
1497 1763 1503 1784 :
1520 1753 1562 1785 Et
1578 1754 1635 1792 qui
1650 1753 1790 1784 necessi-

1008 1810 1070 1840 tate
1086 1809 1253 1847 coquntur,
1270 1809 1404 1847 possunt
1417 1809 1544 1846 portare
1561 1807 1787 1839 calceamenta.

1011 1862 1067 1893 Ubi
1088 1861 1338 1900 advertendum,
1356 1861 1441 1901 quod
1463 1870 1537 1892 cum
1554 1860 1664 1901 regula
1683 1861 1789 1892 solum

1010 1924 1066 1955 pro
1076 1916 1263 1946 necessitate
1275 1917 1411 1954 cogente
1422 1914 1566 1946 concedit
1575 1915 1790 1946 calceamenta

1009 1971 1134 2009 portare
1146 1979 1153 2008 ;
1171 1969 1227 2000 ubi
1241 1978 1319 2009 ergo
1330 1977 1394 2000 11011
1410 1968 1499 2008 cogit
1511 1968 1693 2007 necessitas,
1706 1968 1789 1999 sicut

1008 2024 1041 2054 in
1057 2033 1189 2064 corpore
1204 2023 1344 2062 robusti,
1361 2023 1417 2054 ubi
1437 2024 1545 2054 autem
1563 2022 1602 2063 (α)
1620 2023 1789 2054 necessitas

1008 2087 1072 2109 non
1087 2078 1183 2117 cogit,
1200 2078 1282 2108 sicut
1297 2079 1328 2108 et
1342 2077 1375 2107 111
1389 2076 1529 2116 negotiis
1540 2076 1701 2116 gerendis,
1714 2086 1788 2117 quae

1008 2133 1065 2163 etsi
1082 2142 1138 2172 per
1153 2132 1235 2163 solos
1251 2132 1368 2162 debiles
1384 2131 1525 2171 expediri
1542 2131 1649 2162 valent
1661 2155 1669 2170 ,
1686 2133 1789 2171 potest

1008 2189 1115 2217 tamen
1131 2187 1199 2217 sine
1214 2186 1356 2226 periculo
1373 2185 1493 2216 differri
1506 2185 1649 2225 ipsarum
1661 2185 1788 2225 expedi-

1007 2242 1062 2279 tio,
1079 2250 1143 2271 non
1161 2241 1243 2271 licet.
1266 2240 1559 2270 Calceamentorum
1575 2247 1655 2278 ergo
1674 2239 1786 2278 depor-

1008 2295 1159 2326 tationem
1174 2294 1243 2334 ipsa
1259 2293 1372 2332 regula
1394 2293 1546 2323 indirecte
1562 2292 1733 2323 intercidit.
1749 2291 1788 2322 Et

1007 2349 1084 2389 quia
1113 2348 1250 2379 verbum
1271 2347 1350 2378 illud
1371 2347 1509 2378 sumitur
1533 2346 1571 2377 de
1598 2345 1785 2384 Evangelio,

1008 2403 1061 2433 ubi
1080 2402 1194 2433 dicitur
1209 2402 1242 2432 in
1257 2400 1370 2441 regula
1384 2400 1611 2441 Apostolorum
1628 2399 1638 2415 '⁹
1652 2410 1658 2430 ι
1677 2399 1787 2439 Neque

1006 2459 1242 2496 calceamenta,
1268 2459 1352 2497 patet
1372 2457 1423 2487 hic
1445 2465 1541 2487 usum
1566 2455 1786 2486 sandaliorum

1007 2512 1139 2542 minime
1154 2511 1328 2551 prohiberi,
1346 2510 1509 2550 quoniam,
1527 2509 1608 2540 sicut
1622 2509 1740 2540 dicitur
1752 2510 1787 2540 in

1008 2565 1156 2596 Matthaeo
1172 2566 1182 2581 ¹²
1197 2576 1203 2596 z
1218 2565 1323 2605 Neque
1345 2564 1576 2601 calceamenta,
1599 2562 1786 2602 evangelico

1008 2629 1095 2651 more
1116 2620 1200 2651 hanc
1215 2620 1352 2659 complet
1373 2619 1562 2649 sententiam
1581 2620 1612 2648 ⁵:
1633 2618 1787 2658 Proecepz't
1812 2610 1815 2613 ’

1006 2674 1062 2711 ew,
1089 2681 1127 2705 ne
1144 2673 1223 2714 quid
1239 2674 1400 2711 tollerent,
1424 2671 1478 2703 sed
1493 2671 1645 2704 calceatos
1663 2671 1784 2703 sanda-

1007 2728 1073 2765 lits,
1093 2729 1151 2758 etc.
1177 2728 1309 2767 Propter
1331 2726 1417 2766 quod
1435 2725 1576 2766 antiquae
1598 2726 1782 2766 sculpturae,

1043 2790 1075 2821 (a)
1092 2791 1148 2821 Leq.
1166 2790 1251 2814 etiam.
