2029 3052
236 184 297 215 616
749 177 1052 212 DETERMINATIO
1073 177 1345 218 QUAESTIONUM

475 306 679 349 QUAESTIO
701 305 778 341 XX.

275 393 366 428 Quare
383 394 456 421 inter
473 393 624 428 Religiosos
641 390 791 428 aliquando
809 390 988 419 dissensiones

597 438 664 465 sint.

282 523 364 555 Item
377 530 489 564 quaero
503 530 513 553 ε
529 521 610 554 Cum
625 520 707 552 nibil
717 520 859 553 debeatis
871 521 1022 562 appetere

240 578 418 615 terrenum,
434 584 495 607 nec
511 574 664 614 honores,
680 583 741 607 nec
758 583 810 606 res
829 583 888 615 pro
902 573 1022 616 quibus

241 630 344 662 solent
361 629 510 662 homines
529 629 615 661 inter
631 637 666 660 se
687 627 894 668 contendere,
913 629 946 660 et
960 627 1022 659 sibi

241 686 356 717 mutuo
368 683 525 723 invidere,
539 692 614 725 quae
631 692 730 715 causa
748 686 807 721 est,
827 682 914 723 quod
937 690 1023 722 saepe

241 738 390 770 videmus
412 737 496 770 inter
519 737 696 778 Religiosos
716 746 786 769 esse
811 736 1024 768 dissensiones

242 794 274 825 et
297 792 452 832 invidias,
476 793 560 824 sicut
579 793 662 824 inter
683 792 870 830 saeculares‚
891 790 943 823 vel
963 790 1021 822 ali-

242 848 372 890 quando
386 848 525 880 acriores
533 848 548 878 ἱ)

283 902 377 944 Resp.
405 901 449 934 De
470 902 522 934 his
544 910 617 943 quae
640 899 901 933 irrationabiliter
924 899 1022 938 fiunt,

243 957 333 990 reddi
351 965 417 989 non
432 958 536 998 potest
549 956 632 988 ratio
644 964 801 995 congrua.
818 954 906 986 Unde
921 954 948 985 si
965 953 1022 985 ali-

244 1011 299 1053 qui
327 1011 388 1043 sub
415 1010 529 1042 habitu
556 1009 733 1050 Religionis
755 1007 834 1040 tales
854 1007 1025 1048 aliquando

245 1066 408 1103 videntur,
423 1073 489 1096 non
504 1065 553 1096 est
568 1063 630 1094 alia
648 1062 743 1100 ratio,
762 1061 825 1093 nisi
839 1069 952 1092 eorum
967 1060 1026 1092 im-

245 1119 406 1162 perfectio,
423 1120 453 1150 et
468 1118 546 1159 quia
562 1116 690 1148 habitus
707 1115 824 1147 mentis
844 1124 909 1147 non
930 1115 1026 1146 habet

245 1174 391 1212 interius,
408 1172 494 1214 quod
509 1170 647 1203 ostendit
667 1169 794 1201 habitus
818 1169 917 1200 vestis
936 1170 1026 1200 exte-

246 1228 326 1266 rius,
342 1229 374 1259 ct
387 1228 530 1258 tonsurae
551 1224 674 1266 capitis.
696 1223 775 1255 Boni
789 1225 910 1261 autem,
927 1223 953 1253 si
968 1223 1028 1254 ali-

247 1281 376 1323 quando
386 1279 553 1312 dissentire
564 1278 727 1317 videntur,
736 1278 797 1309 hoc
807 1277 858 1308 his
871 1276 910 1308 de
922 1276 1028 1308 causis

247 1337 317 1368 fieri
332 1334 509 1368 consuevit.
527 1333 608 1366 Nam
623 1342 697 1365 cum
711 1341 777 1364 non
796 1341 909 1363 omnes
922 1340 1028 1372 agno-

248 1393 338 1424 scant
350 1390 516 1431 aequaliter
535 1389 703 1421 veritatem
719 1388 750 1418 in
770 1387 933 1425 omnibus,
951 1395 1026 1417 con-

248 1445 359 1486 tingit,
376 1445 461 1486 quod
483 1444 599 1485 aliquis
622 1441 771 1481 intelligit
787 1440 864 1471 illud
889 1449 947 1480 pro
967 1439 1030 1470 alia

249 1502 340 1541 parte
363 1508 429 1531 non
451 1500 519 1530 tore
542 1497 725 1538 expediens,
747 1495 797 1526 vel
819 1495 905 1526 aliud
923 1494 1031 1533 magis

249 1555 316 1586 tore
331 1553 503 1594 expediens
518 1561 616 1593 quam
632 1551 710 1583 illud
724 1562 731 1582 :
754 1552 784 1582 et
798 1550 876 1582 dum
895 1552 1030 1590 uterque

250 1609 322 1647 hoc,
338 1607 423 1648 quod
438 1608 504 1648 ipse
523 1606 639 1638 melius
659 1605 790 1646 judicat,
807 1604 878 1635 vult
900 1612 1029 1644 promo-

252 1671 339 1700 vere,
355 1664 386 1693 ct
400 1661 485 1702 quod
499 1660 651 1692 nocivum
662 1659 772 1696 credit,
784 1658 854 1689 vult
865 1657 1030 1698 impedire,

251 1717 297 1748 sic
318 1716 472 1747 dissensio
498 1716 534 1746 fit
565 1715 648 1745 inter
673 1722 746 1751 eos,
770 1713 800 1743 id
832 1715 878 1743 est
900 1712 1033 1745 diversa

253 1771 371 1809 sensio,
387 1778 451 1802 non
465 1777 627 1810 perversa,
643 1777 717 1799 cum
732 1769 868 1807 uterque
884 1767 965 1798 bene
980 1767 1032 1797 in-

253 1825 355 1856 tendit
367 1833 375 1855 :
387 1824 468 1855 sicut
480 1824 564 1854 inter
575 1822 710 1854 Paulum
722 1824 753 1852 et
766 1821 944 1852 Bai—naham
955 1822 963 1838 ¹
977 1830 1034 1860 pro

252 1878 375 1911 Joanne
387 1877 555 1918 discipulo,
572 1886 669 1918 quem
685 1876 788 1908 voluit
808 1875 968 1906 Barnabas
982 1885 1033 1906 as-

254 1943 382 1965 sumere
409 1933 442 1964 in
466 1932 589 1964 socium
611 1930 847 1971 praedicationis
868 1939 953 1967 suan
981 1930 1034 1961 sed

258 1988 376 2021 Paulus
399 1986 573 2028 prohibuit,
600 1985 717 2016 timens
735 1993 776 2015 ne
800 1993 864 2015 non
887 1993 1036 2024 perseve-

257 2044 343 2075 raret
356 2042 388 2073 in
400 2040 641 2072 continuatione
655 2038 783 2076 laboriS,
795 2038 880 2069 etsie
895 2047 950 2078 per
961 2047 1036 2069 eum

258 2095 478 2137 impediretur,
494 2096 524 2126 et
539 2094 583 2124 sie
601 2092 830 2124 dissentiebant
845 2102 851 2122 t
869 2093 900 2122 et
916 2091 1035 2122 Barna-

257 2151 315 2181 bas
337 2149 493 2181 loannem
514 2156 622 2179 secum
642 2146 796 2186 sumpsit,
820 2145 874 2176 ubi
898 2145 1038 2176 minores

258 2204 389 2235 haberet
405 2203 543 2239 labores;
562 2200 680 2232 Paulus
695 2208 770 2231 vero
788 2198 886 2230 Silani
902 2199 1038 2239 sumpsit

259 2267 317 2299 pro
339 2257 523 2289 fortioribus
543 2255 705 2287 laboribus
725 2254 827 2293 magis
851 2255 977 2293 aptum,
1003 2255 1039 2284 ut

259 2312 393 2345 diversis
420 2311 566 2352 partibus
596 2309 709 2347 divisi,
745 2307 893 2348 pluribus
922 2306 1036 2347 pra‘di-

259 2367 359 2399 cando
373 2365 568 2406 prodessent.
586 2363 637 2395 Sic
653 2364 685 2393 iu
701 2362 897 2402 expositione
913 2361 947 2391 B.
961 2361 1036 2391 (li-e-

260 2422 357 2462 goriii
370 2422 392 2460 ²,
407 2422 518 2452 orante
534 2418 659 2450 Daniele
677 2417 846 2448 Doniinuin
860 2425 917 2456 pro
930 2416 1037 2456 populi

259 2475 446 2508 liberatione
464 2474 502 2505 de
521 2472 701 2513 captivitate
718 2471 920 2510 Babylonica,
937 2479 1039 2509 ange-

259 2531 310 2562 lus
335 2530 435 2568 dixit,
466 2528 552 2569 quod
580 2528 651 2567 ejiis
677 2525 777 2557 oratio
806 2527 887 2555 esset
915 2524 1035 2555 dudum

260 2584 421 2622 exaudita,
440 2582 493 2614 sed
508 2582 655 2623 princeps
672 2579 853 2617 Persarum,
873 2578 902 2609 id
918 2580 963 2609 cst
980 2587 1038 2609 an-

293 2668 299 2683 ¹
315 2667 381 2695 Act„
399 2671 441 2695 xv,
456 2666 483 2689 :37
501 2667 524 2688 et
538 2671 632 2695 seq.—
651 2664 658 2677 ²
675 2664 762 2693 (irem,
778 2661 879 2689 Moral„
895 2661 938 2685 lib.
958 2661 1039 2691 ΧΥΗ,

261 2711 282 2726 v.
301 2708 359 2730 wll,
376 2702 408 2725 nl.
425 2707 516 2732 λ]1,ιι.
537 2701 571 2724 Π.
589 2713 618 2718 —
632 2700 642 2716 ⁸
658 2699 761 2729 Phthla,
780 2704 802 2728 1,
820 2700 857 2721 23.
876 2710 905 2714 —
925 2698 933 2714 ⁸
949 2697 1038 2726 Num..

1073 246 1169 288 gelus
1183 246 1272 280 illius
1295 247 1403 288 gentis
1423 247 1576 281 eustodiae
1597 248 1781 291 deputatus,
1795 259 1851 284 re-

1073 301 1158 333 sistit
1170 301 1232 334 sihi
1245 301 1365 343 viginti
1375 311 1443 334 uno
1456 302 1580 342 dicbus,
1595 312 1638 336 ne
1651 305 1760 337 statim
1773 305 1852 338 libe-

1073 357 1234 396 rarentur,
1249 356 1306 388 sed
1326 355 1450 388 diutius
1466 356 1578 389 afflicti
1596 358 1723 400 plenius
1742 367 1763 391 a
1777 367 1850 400 pec-

1074 412 1144 442 cato
1157 411 1387 451 purgarentur.
1403 410 1486 449 Quid
1499 420 1581 452 ergo
1593 412 1727 453 mirum,
1737 412 1766 445 si
1774 412 1853 446 boni

1075 463 1268 505 quandoque
1281 472 1340 505 pro
1351 464 1437 496 bono
1451 464 1618 498 dissentire
1631 465 1784 499 videntur
1794 475 1853 498 ra—

1076 517 1162 549 tione
1177 517 1380 550 diversarum
1399 518 1706 560 considerationum,
1728 520 1756 552 si
1775 529 1853 562 apo·

1076 570 1148 602 stoli
1163 572 1196 603 et
1214 571 1322 612 angeli
1341 571 1453 604 eadem
1472 572 1596 606 ratione
1613 573 1781 607 dissentire
1799 575 1855 607 in-

1077 625 1166 658 venti
1177 625 1276 657 sunt?
1291 624 1372 658 Nam
1384 627 1481 668 juxta
1497 626 1587 659 hunc
1602 636 1734 660 sensum
1751 630 1855 662 saneti

1077 679 1273 720 quandoque
1286 679 1516 712 rationabiliter
1528 690 1549 713 a
1568 680 1632 714 Deo
1649 681 1854 723 dissentiunt,

1077 735 1115 766 ut
1126 742 1203 765 cum
1216 732 1301 766 Deus
1313 733 1385 766 vult
1397 734 1540 776 aliquem
1557 735 1652 775 mori,
1671 744 1770 777 quem
1794 736 1855 778 ipsi

1078 787 1199 820 diutius
1215 787 1397 820 desiderant
1413 789 1525 821 vivere
1543 798 1602 831 pro
1623 789 1763 822 aliorum
1779 799 1855 832 pro-

1078 841 1174 881 fectu,
1191 841 1242 874 vel
1257 850 1331 874 cum
1345 841 1406 883 ipsi
1420 844 1534 883 putant
1551 843 1646 876 citius
1663 844 1758 883 mori,
1775 853 1857 885 quos

1079 895 1163 927 Deus
1177 895 1250 927 vult
1259 904 1318 936 pro
1331 903 1445 928 eorum
1457 895 1561 928 salute
1571 896 1678 928 adhuc
1690 897 1812 930 diutius
1822 897 1858 929 in

1079 957 1212 990 corpore
1234 949 1390 981 laborare.
1409 948 1500 981 Unde
1520 949 1693 991 Apostolus
1713 951 1790 983 dicit
1814 951 1826 969 ⁸
1847 960 1856 984 :

1081 1002 1283 1036 Desiderium
1295 1002 1415 1036 habens
1429 1003 1574 1044 dissolvi,
1599 1006 1658 1036 etc.
1676 1004 1747 1036 Alia
1761 1013 1859 1038 causa

1080 1059 1138 1096 est,
1155 1057 1285 1098 quando
1299 1066 1386 1089 unus
1400 1066 1467 1089 non
1481 1057 1568 1090 videt
1580 1058 1790 1090 intentionem
1807 1057 1859 1091 al-

1080 1112 1193 1150 terius,
1209 1120 1283 1152 quae
1297 1111 1382 1144 bona
1399 1114 1457 1151 est,
1478 1114 1569 1153 putat
1582 1121 1659 1144 eum
1672 1112 1735 1144 alia
1749 1112 1859 1144 inten-

1081 1166 1167 1197 tione
1181 1165 1304 1206 aliquid
1319 1166 1432 1205 facere,
1448 1168 1480 1198 et
1498 1166 1644 1207 displicet
1660 1166 1732 1205 sibi,
1747 1169 1779 1198 et
1793 1167 1861 1199 dis-

1082 1219 1177 1251 sentit
1196 1220 1237 1251 ab
1256 1228 1305 1258 eo,
1327 1220 1384 1261 qui
1407 1220 1433 1251 si
1457 1220 1569 1259 sciret,
1594 1229 1660 1252 non
1680 1220 1861 1262 displiceret

1082 1274 1154 1312 sibi,
1171 1273 1257 1315 quod
1271 1274 1354 1313 facit,
1371 1276 1402 1305 et
1414 1276 1496 1305 esset
1511 1276 1642 1315 pacatus
1655 1283 1730 1307 cum
1744 1284 1794 1307 eo.
1810 1275 1862 1307 Sic

1085 1328 1208 1370 Moyses
1222 1328 1323 1360 iratus
1337 1330 1385 1360 est
1397 1328 1407 1345 ⁸
1430 1328 1505 1359 filiis
1527 1328 1650 1368 Ruben,
1667 1332 1699 1361 et
1717 1329 1862 1363 dimidiae

1085 1383 1183 1414 tribui
1199 1382 1352 1421 Manasse,
1368 1391 1442 1414 cum
1461 1385 1603 1423 peterent
1619 1384 1738 1415 terram
1761 1383 1863 1416 Basan

1085 1439 1116 1468 et
1131 1436 1275 1468 Ilesebon
1292 1437 1324 1467 in
1340 1437 1584 1477 possessionem.
1600 1439 1638 1468 Et
1651 1437 1747 1470 Josue
1761 1438 1864 1470 iratus

1085 1493 1133 1523 est
1147 1491 1265 1522 eisdem
1280 1491 1290 1507 ⁸
1312 1500 1371 1531 pro
1388 1491 1623 1523 constructione
1643 1491 1752 1523 altaris
1766 1501 1864 1533 super

1087 1545 1190 1586 ripam
1203 1544 1359 1583 Jordauis‚
1375 1547 1548 1585 antequam
1565 1547 1794 1585 agnosceretur
1814 1546 1863 1577 in-

1088 1599 1261 1631 tentionem
1290 1599 1459 1639 utrobique
1489 1598 1586 1630 ruisse
1618 1598 1747 1630 bonam.
1780 1598 1866 1630 Talis

1088 1657 1196 1685 autem
1209 1653 1393 1694 ignorantia
1409 1662 1474 1685 non
1486 1654 1534 1684 est
1546 1661 1672 1693 semper
1686 1652 1862 1693 culpabilis,

1088 1708 1166 1739 dum
1191 1709 1299 1738 tamen
1322 1716 1388 1738 non
1417 1706 1457 1737 sit
1478 1706 1639 1746 judicium
1661 1706 1759 1738 nimis
1781 1715 1864 1747 prae-

1089 1771 1174 1802 σερε,
1189 1763 1248 1793 etc.

1321 1869 1524 1910 QUAESTIO
1548 1869 1638 1903 XXI.
1757 1886 1768 1902 ι

1173 1953 1304 1987 Rcl1‘91‘osi
1322 1960 1381 1987 quae
1399 1952 1476 1985 sacta
1495 1959 1544 1979 sua
1563 1952 1647 1979 celare
1666 1951 1788 1980 debeant.

1136 2034 1214 2065 ltein
1230 2041 1341 2073 quaero
1358 2043 1364 2062 :
1384 2032 1462 2064 Cum
1483 2031 1634 2071 Religiosi
1650 2034 1714 2064 tam
1731 2032 1872 2064 studiose

1094 2088 1195 2119 solent
1211 2086 1402 2118 abscondere
1423 2086 1502 2117 sacta
1521 2095 1595 2125 sua,
1619 2088 1802 2127 suspectum
1824 2088 1871 2118 est

1095 2142 1179 2183 apud
1195 2150 1248 2173 eos
1267 2150 1334 2172 esse
1357 2140 1464 2181 aliqua
1486 2140 1664 2172 indecentia
1685 2151 1692 2172 :
1709 2149 1766 2171 cur
1783 2140 1869 2171 enim

1094 2197 1139 2227 sic
1154 2196 1307 2234 celantur,
1328 2204 1401 2226 cum
1426 2195 1509 2226 bona
1526 2203 1591 2226 non
1611 2195 1653 2226 sit
1669 2203 1797 2226 necesse
1818 2203 1868 2225 ce-

1095 2250 1176 2281 lari?

1136 2305 1229 2345 Resp.
1247 2303 1321 2335 Tria
1333 2302 1435 2334 solent
1454 2301 1560 2340 celari,
1578 2303 1609 2332 et
1623 2300 1784 2333 abscondi.
1801 2300 1871 2332 Pri-

1096 2369 1186 2392 mum
1206 2362 1265 2395 est,
1285 2357 1463 2397 singularia
1477 2357 1572 2394 bona,
1597 2365 1637 2387 ne
1656 2355 1696 2387 de
1710 2355 1868 2395 singulari

1096 2414 1201 2454 gloria
1234 2412 1419 2444 excellentia
1449 2410 1632 2451 proveniat,
1660 2411 1691 2441 et
1719 2409 1869 2441 meritum

1094 2470 1253 2508 depereat.
1270 2466 1358 2497 Unde
1374 2465 1538 2496 Salvator⁶
1557 2475 1563 2495 z
1577 2463 1738 2496 Attendite
1747 2471 1786 2495 ne
1795 2462 1869 2502 ,1ης-

1095 2523 1204 2556 tilz‘am
1229 2524 1365 2553 vestram
1392 2519 1526 2559 faciatis
1546 2525 1653 2550 coram
1675 2516 1867 2555 hominibus,

1095 2579 1154 2609 etc.
1172 2576 1250 2607 Item
1269 2575 1348 2606 vitia
1369 2575 1400 2605 et
1422 2574 1559 2613 peccata,
1583 2581 1624 2603 ne
1647 2569 1869 2611 percipientes,

1095 2664 1183 2689 xxxii,
1208 2660 1244 2682 ¹0.
1267 2669 1297 2674 —
1317 2656 1327 2673 ὓ
1342 2656 1403 2686 los„
1426 2660 1496 2685 xxn,
1522 2656 1550 2679 ¹2
1573 2655 1598 2678 et
1621 2659 1675 2685 seq.
1692 2665 1723 2671 -
1743 2652 1752 2667 ὃ
1769 2651 1870 2682 unuln,

1096 2701 1131 2724 vi,
1149 2695 1169 2718 ί.
