2029 3052
113 541 203 564 Privile-

94 573 157 602 gium
167 575 187 596 5.

111 1151 200 1173 privile·

92 1182 154 1209 giam
164 1184 185 1205 6.

109 2235 196 2256 Privilc·

89 2266 150 2293 gium
161 2267 181 2286 7.

218 245 280 275 250

217 308 409 348 privilegium
433 307 574 336 creaturae
601 311 774 334 concessum
799 304 853 332 est.
877 303 916 332 De
939 301 998 331 hoc

217 356 305 385 etiam
319 353 478 393 privilegio
497 353 602 382 beatus
623 350 792 380 Bernardus
805 350 865 379 ait¹
882 359 890 378 :
908 349 998 386 «Ipsa

217 405 261 432 est
273 405 382 431 nostrie
393 399 518 437 Virginis
535 398 632 435 gloria
653 397 832 434 singularis,
854 398 883 426 et
903 396 998 426 excel-

216 450 281 479 lens
311 447 508 486 praerogativa
535 445 649 480 marite,
656 444 758 496 qnod
780 444 888 473 Filium
908 452 997 473 suum

217 496 357 526 eumdem
376 503 444 524 cum
463 495 522 522 Deo
545 493 627 522 Patre
655 481 764 520 meruit
782 491 894 520 habere
915 499 997 520 com-

217 551 348 573 munem.
359 553 371 569 n
382 542 523 577 Quintum
535 539 632 569 Marioe
645 538 836 576 privilegium
851 539 903 574 est,
912 538 996 575 quod

215 591 281 628 ipsa
303 597 394 626 super
413 595 535 617 omnem
558 587 725 616 creaturam
754 587 812 614 Deo
831 584 996 622 corporali-

215 639 258 666 ter
282 634 513 665 familiarissima
535 633 599 662 t'uit.
624 635 709 669 Nam,
719 633 803 670 quod
827 640 995 669 numquam

214 685 354 713 creaturae
364 689 539 711 concessum
549 682 601 716 est,
613 688 669 710 nec
681 680 862 709 concedetur
870 679 902 708 in
913 681 996 708 neter-

213 739 298 766 num,
307 730 373 767 ipsa
383 731 474 758 Deum
485 735 594 756 novem
605 727 758 756 mensibus
766 727 796 755 in
806 728 889 755 utero
898 728 997 763 porta-

213 778 266 812 vit,
274 777 339 815 ipsa
350 778 442 806 Deum
452 775 545 804 ubere
555 775 593 803 de
605 774 680 803 coelo
689 774 780 811 pleno
791 774 922 808 lactavit,
932 773 996 810 ipsa

214 826 307 853 Deum
321 823 423 853 multis
434 822 520 852 annis
531 821 656 850 dulciter
667 821 815 857 educavit,
828 821 893 858 ipsa
902 821 995 848 Deum

213 871 270 901 sibi
283 870 436 900 subditum
452 869 567 905 habuit,
579 869 645 906 ipsa
658 870 750 897 Deum
765 876 875 905 purum
889 868 920 896 in
935 876 996 896 am-

213 918 351 956 plexibus
365 918 393 946 et
410 916 520 946 osculis
540 915 769 945 familiarissime
785 915 994 950 contrectavit,

213 965 288 994 sicut
315 964 495 1001 Augustinus
526 963 679 992 evidenter
704 962 821 996 asserit,
845 961 992 990 dicens’:

215 1022 229 1039 «
240 1014 297 1041 Nec
311 1011 438 1046 mirum,
455 1010 561 1046 Maria,
587 1012 619 1038 ut
644 1009 783 1046 dignetur
798 1009 850 1038 tibi
865 1017 995 1045 congau-

214 1059 284 1088 dere
306 1060 381 1087 Deus
404 1065 533 1094 regnans
547 1057 577 1085 in
596 1056 697 1092 coelis,
722 1064 812 1093 quem
835 1055 995 1092 parvulum

214 1113 250 1134 ex
266 1107 292 1133 te
305 1104 459 1134 hominem
475 1106 587 1138 natum,
604 1103 689 1132 toties
704 1102 836 1131 osculatu
851 1109 882 1129 es
895 1101 926 1138 tn
941 1103 995 1129 ter-

215 1152 263 1181 ris.
274 1164 287 1178 »
298 1153 417 1181 Sextum
432 1151 527 1180 Mariae
548 1149 738 1186 privilegium
754 1151 813 1182 est,
829 1147 912 1185 quod
930 1148 995 1184 ipsa

213 1208 302 1236 super
323 1207 446 1228 omnem
466 1201 633 1226 creaturam
649 1196 731 1233 apud
747 1198 838 1224 Deum
853 1196 994 1232 potentis-

212 1247 287 1275 sima
303 1249 354 1275 est.
371 1245 452 1274 Unde
465 1245 644 1280 Augustinus
657 1244 668 1260 ¹
682 1253 688 1271 :
703 1245 767 1280 ipsa
780 1243 909 1272 meruisti
922 1244 995 1271 exis-

213 1295 272 1322 tere
304 1295 398 1322 mater
434 1292 567 1328 ejusdem
595 1291 809 1328 nedeinptoris.
824 1303 837 1316 »
863 1291 944 1319 idem
959 1292 969 1308 ’
986 1301 992 1319 :

216 1345 364 1379 «impetra
383 1341 466 1378 quod
490 1349 652 1376 rogamus,
677 1348 784 1368 excusa
804 1340 887 1376 quod
909 1340 994 1377 time·-

212 1398 288 1425 mus,
309 1389 381 1426 quia
399 1396 453 1416 nec
476 1388 673 1425 potentiorem
695 1388 806 1415 meritis
826 1387 994 1416 invenimus

212 1445 304 1474 quam
320 1439 359 1470 te,
383 1444 449 1473 quae
468 1435 599 1463 meruisti
615 1435 736 1463 existere
751 1438 845 1463 mater
860 1435 994 1471 ejusdem

212 1483 417 1520 Redemptoris
442 1485 469 1510 et
491 1482 611 1511 Judicis.
625 1492 637 1508 >1
663 1482 779 1510 Grande
804 1482 993 1518 privilegium

211 1532 264 1565 est,
279 1530 362 1567 quod
378 1529 441 1566 ipsa
456 1537 516 1565 pra·
530 1528 670 1557 omnihus
685 1528 792 1556 sanctis
805 1528 887 1565 apud
903 1530 994 1557 Deum

212 1579 271 1605 tam
301 1576 503 1613 potentissima
527 1578 584 1610 est;
602 1575 676 1603 sicut
704 1575 776 1603 illud
794 1576 994 1610 Augustinus³

211 1624 343 1652 declarat
363 1623 486 1651 dicens:
507 1633 520 1648 (ι
533 1624 630 1659 Neque
651 1623 731 1650 enim
757 1622 880 1650 dubium
894 1644 901 1657 ,
928 1631 994 1658 quir

211 1670 318 1698 meruit
332 1678 386 1706 pro
402 1669 565 1697 liberandis
582 1669 713 1706 proferre
736 1669 863 1705 pretium
875 1691 882 1704 ,
907 1678 994 1705 posse

211 1717 278 1754 plus
286 1716 426 1745 omnibus
437 1717 544 1744 sanctis
556 1716 697 1744 libertatis
708 1716 879 1752 impendere
891 1717 994 1744 sutl'ra-

211 1764 319 1800 gium.»
334 1763 389 1792 Sed
402 1763 475 1799 quid
491 1766 571 1791 tanta
586 1763 680 1791 Mariae
696 1764 826 1799 potentia
841 1763 995 1799 prodesset

211 1811 308 1846 nobis,
318 1811 341 1838 si
351 1810 414 1847 ipsa
422 1810 496 1838 nihil
505 1812 620 1838 curaret
630 1811 666 1838 de.
676 1810 783 1838 nobis?
796 1812 916 1847 Propter
925 1811 992 1845 hoc,

211 1857 384 1891 charissimi,
395 1857 521 1885 sciamus
531 1857 742 1891 indubitanter,
754 1860 781 1885 et
792 1866 846 1893 pro
862 1858 917 1885 hoc
928 1866 994 1893 gra-

211 1905 264 1932 tias
279 1912 403 1940 agamus
419 1905 614 1936 incessanter,
638 1912 709 1940 quia
729 1904 803 1932 sicut
826 1905 890 1941 ipsa
912 1905 993 1940 apud

212 1953 302 1979 Deum
324 1951 464 1979 omnibus
487 1951 593 1979 sanctis
613 1953 655 1979 est
678 1951 792 1988 potior,
815 1952 855 1979 ita
873 1960 992 1988 quoque

211 2006 264 2034 pro
280 1997 366 2026 nobis
381 1997 461 2033 apud
475 1999 564 2025 lieuin
579 1998 719 2026 oninibus
734 1999 840 2026 sanetis
855 2001 895 2025 est
910 1998 993 2025 solli-

211 2044 312 2078 citior,
338 2045 459 2071 testante
479 2044 586 2072 eodeni
616 2046 736 2072 boetem
759 2045 920 2079 Augustino
942 2045 992 2080 qui

210 2091 250 2118 sic
266 2091 305 2118 ait
323 2100 328 2117 ;
345 2101 358 2115 «
369 2092 405 2118 'se
422 2091 535 2125 solam,
559 2099 577 2118 o
593 2091 698 2126 Maria,
713 2100 767 2127 pro
781 2094 881 2119 sancta
898 2092 993 2119 Eccle-

210 2138 253 2166 sia
268 2138 423 2166 sollicitam
439 2147 498 2174 pra}
513 2139 654 2166 omnibns
668 2139 775 2166 sanctis
790 2139 914 2173 scimus,
928 2148 993 2174 quse

210 2184 349 2220 impetras
363 2185 497 2213 inducias
520 2186 806 2220 transgressoribus,
831 2189 860 2214 ut
886 2194 994 2214 renun-

212 2231 280 2259 tient
298 2232 357 2259 suis
372 2232 532 2259 erroribus.
550 2243 562 2257 n
573 2233 735 2268 Septimum
759 2233 852 2260 Maria}
875 2233 993 2268 privile-

210 2278 293 2314 gium
318 2280 377 2313 est,
405 2278 487 2314 quod
510 2279 573 2315 ipsa
598 2288 687 2315 super
706 2283 823 2307 sanctos
845 2280 874 2307 in
898 2280 993 2315 gloria

211 2324 457 2353 excellentissima
472 2328 525 2353 cst.
541 2326 620 2353 Unde
638 2326 834 2362 Hieronymus
849 2328 858 2341 ⁵
877 2336 882 2353 :
904 2338 917 2351 α
930 2327 993 2354 t'bi-

211 2380 268 2408 que
283 2371 466 2400 confidenter
481 2375 580 2399 saneta
598 2373 643 2400 nei
661 2373 739 2401 canit
755 2374 893 2407 Ecclesia,
910 2373 993 2409 quod

211 2419 248 2447 de
266 2418 348 2446 nullo
364 2418 423 2447 alio
437 2422 607 2446 sanctorum
622 2419 664 2446 sas
685 2423 725 2447 est
742 2420 861 2447 eredere
876 2441 883 2453 ,
900 2422 929 2447 nt
946 2420 991 2447 ul-

212 2468 255 2493 tra
270 2466 445 2501 angelorum
457 2465 503 2493 vel
515 2466 764 2501 archangelorum
780 2467 883 2494 merita
899 2469 992 2494 trans-

212 2512 352 2540 ccuderit.
384 2514 442 2541 lloc
467 2512 578 2549 quippe
607 2513 799 2549 privilegium
824 2514 908 2549 quasi
932 2521 993 2541 non

212 2561 337 2593 naturae,
358 2560 408 2587 sed
430 2559 545 2595 gratiae,
569 2562 609 2587 est
633 2559 758 2595 Virginis
773 2561 876 2588 Mariae.
890 2571 903 2586 n
921 2563 992 2588 Ecce

245 2636 250 2650 ¹
271 2636 356 2664 Bern.‚
371 2636 403 2657 de
422 2637 532 2659 Ληιιυιιί.
550 2636 630 2664 bom„
647 2642 722 2658 serui.
735 2642 762 2665 11,
782 2644 807 2659 n.
821 2640 843 2660 :-
855 2638 900 2655 -’-
918 2639 992 2668 Aug„

212 2670 242 2692 dr·
262 2670 357 2701 Sam-L,
377 2678 454 2694 sernr
472 2677 549 2700 xxxv,
563 2671 595 2694 nl.
607 2677 696 2701 ccviii,
709 2678 734 2695 n.
751 2674 787 2701 tl,
800 2672 822 2695 in
838 2673 952 2703 Append.
963 2687 992 2690 —

215 2705 222 2717 ’“
245 2706 317 2736 ibid„
342 2714 366 2730 u.
387 2709 421 2730 12.
439 2720 466 2724 —
494 2707 634 2737 ⁸llieron.‚
656 2707 685 2730 ele
707 2708 844 2738 Asswnpt„
863 2709 892 2732 B.
917 2709 990 2737 Maza,

653 233 863 268 SPECULUM
882 233 1029 267 BEATAE
1049 232 1191 266 MARIAE
1212 231 1400 266 VlRGlNlS.

1051 320 1145 350 qaam
1176 312 1345 350 gloriosum
1373 311 1475 349 gloriae
1501 310 1598 340 Mai-im
1625 310 1834 354 privilegium,

1051 359 1136 397 quod
1149 360 1214 397 ipsa
1224 360 1256 388 in
1265 358 1361 396 gloria
1373 357 1587 395 gloriosissima
1597 358 1642 386 est
1650 358 1718 395 post
1730 358 1834 388 Deum.

1050 406 1219 436 Gloriosum
1233 406 1335 443 gloriae
1349 405 1444 434 Μαι-ἰαὶ
1462 404 1654 442 privilegium
1671 405 1734 439 est,
1751 403 1836 442 quod

1051 453 1202 490 quidquid
1214 454 1284 490 post
1298 454 1390 481 Deum
1403 450 1555 489 pulchrius
1564 473 1572 483 ,
1597 450 1747 488 quidquid
1767 449 1836 479 dul-

1051 499 1124 535 cius,
1142 499 1292 537 quidquid
1303 497 1466 536 jucundius
1479 497 1511 526 in
1525 497 1622 534 gloria
1633 499 1693 534 est,
1707 497 1766 526 hoe
1778 499 1836 527 Ma-

1050 547 1095 576 ria
1104 568 1113 582 ‚
1127 547 1229 576 hocin
1243 546 1347 582 Maria,
1362 546 1421 574 hoc
1435 553 1489 582 per
1502 545 1621 575 Mariam
1640 547 1692 574 est.
1722 544 1836 574 Glorio-

1050 601 1118 622 sum
1151 593 1274 622 omnino
1305 592 1408 630 gloriae
1430 592 1526 621 Mariae
1553 591 1747 629 privilegium
1773 593 1835 625 est,

1051 639 1135 677 quod
1156 642 1224 677 post
1244 641 1337 668 Deum
1359 639 1457 676 major
1478 638 1575 675 gloria
1595 640 1708 673 nostra,
1733 638 1830 674 majus

1050 688 1186 716 nostrum
1212 686 1358 723 gaudium
1380 685 1418 715 de
1444 686 1533 715 Maria
1547 687 1600 714 est.
1616 684 1698 714 Unde
1711 686 1836 714 Bernar-

1051 733 1109 762 dus
1123 742 1130 762 :
1148 743 1162 760 «
1172 735 1295 763 Summa
1309 733 1406 770 gloria
1418 735 1477 768 est,
1493 740 1512 761 ο
1526 732 1616 761 Maria
1625 753 1634 767 ‚
1654 734 1722 768 post
1735 731 1836 760 Domi·

1050 789 1124 810 num
1137 782 1165 809 te
1179 780 1292 815 videre,
1309 779 1362 808 tibi
1377 779 1547 815 adhoerere,
1560 779 1591 807 in
1606 781 1663 807 tuae
1678 777 1836 815 protectio-

1050 828 1096 856 nis
1106 827 1270 856 munimine
1281 826 1458 855 demoraan
1472 827 1535 854 llaec
1549 825 1638 862 igitur
1647 827 1715 853 sunt
1721 827 1835 862 septem

1049 874 1264 911 gloriosissima
1278 873 1436 910 privilegia
1458 873 1571 908 Mariae,
1597 879 1727 909 quorum
1741 871 1836 907 gratia

1050 921 1218 950 obtinemus
1232 920 1323 949 vitam
1338 920 1450 956 gratiae.
1467 921 1499 948 Et
1513 919 1581 948 ideo
1594 919 1752 947 obsecrare
1767 925 1837 955 pos-

1049 977 1152 997 sumus
1167 967 1287 997 Mariam
1299 988 1307 1002 ‚
1332 967 1408 995 sicut
1425 966 1576 995 Abraham
1600 964 1769 994 obsecravit
1786 965 1835 993 Sa-

1049 1023 1112 1044 ram
1126 1015 1228 1043 dicens
1241 1015 1252 1031 ⁶
1267 1023 1273 1042 ε
1291 1014 1357 1048 Dic,
1377 1014 1494 1045 obsecro,
1510 1013 1583 1049 quod
1603 1020 1678 1041 soror
1699 1019 1759 1040 mea
1776 1013 1836 1046 sis,

1050 1065 1080 1090 ut
1097 1063 1161 1090 bene
1176 1062 1248 1089 mihi
1262 1062 1300 1089 sit
1314 1064 1426 1096 propter
1441 1063 1477 1095 te,
1493 1062 1517 1087 et
1533 1061 1606 1087 vivet
1621 1060 1715 1087 citima
1730 1066 1789 1086 mea
1803 1058 1836 1086 ob

1049 1111 1168 1145 qratiam
1181 1109 1233 1136 tui.
1245 1109 1267 1137 Ο
1276 1115 1348 1143 ergo
1357 1107 1456 1141 Maria,
1467 1114 1486 1135 0
1494 1107 1565 1135 Sara
1575 1107 1685 1140 nostra,
1694 1105 1742 1133 dic
1751 1105 1836 1142 quod

1049 1156 1089 1183 sis
1103 1163 1189 1184 soror
1205 1157 1305 1183 nostra
1316 1175 1324 1188 ,
1346 1156 1378 1182 ut
1392 1156 1514 1191 propter
1530 1155 1556 1181 te
1572 1152 1648 1181 bene
1663 1152 1751 1180 nobis
1766 1152 1802 1180 sit
1817 1159 1836 1180 a

1051 1205 1120 1237 Deo,
1135 1205 1163 1231 et
1175 1202 1215 1231 ob
1232 1202 1357 1238 gratiam
1371 1201 1428 1235 tui,
1445 1201 1547 1228 vivant
1562 1199 1668 1228 animte
1683 1201 1790 1228 nosti-m
1804 1199 1835 1227 in

1051 1251 1119 1278 Deo.
1137 1250 1196 1284 Dic,
1212 1250 1347 1285 inquam,
1363 1247 1536 1276 charissima
1544 1247 1616 1275 Sara
1627 1248 1739 1280 nostra,
1752 1245 1836 1282 quod

1049 1297 1088 1324 sis
1103 1305 1188 1325 soror
1203 1299 1319 1329 nostra,
1342 1297 1373 1322 ut
1394 1296 1514 1331 propter
1530 1293 1618 1322 talem
1633 1300 1765 1320 sororem
1790 1294 1836 1320 ΛΕ-

1049 1344 1160 1381 gyptii,
1177 1343 1207 1371 id
1231 1345 1290 1377 est,
1316 1342 1468 1370 daemones
1488 1349 1544 1369 nos
1567 1343 1778 1376 revereantur,
1804 1342 1837 1368 ut

1049 1391 1136 1419 etiam
1155 1392 1277 1426 propter
1302 1389 1391 1417 talem
1412 1395 1546 1416 sororem
1571 1387 1669 1423 angeli
1691 1386 1780 1416 nobis
1804 1386 1835 1414 in

1050 1438 1111 1466 acie
1125 1437 1357 1471 conjungantur,
1374 1437 1405 1462 ut
1421 1435 1541 1471 insuper
1557 1436 1679 1471 propter
1690 1433 1778 1462 talem
1789 1441 1836 1462 so-

1049 1492 1162 1518 rorem,
1180 1485 1278 1517 pater,
1296 1486 1323 1510 ct
1338 1482 1441 1517 FiliuS,
1454 1484 1481 1509 et
1496 1481 1619 1518 Spiritus
1634 1483 1750 1510 sanctus
1765 1487 1835 1508 nos-

1050 1531 1084 1559 tri
1101 1531 1304 1559 misereantur.

1085 1580 1162 1612 Quat
1166 1579 1195 1605 to
1211 1576 1411 1610 considerate,
1427 1574 1603 1610 charissimi,
1620 1574 1649 1601 in
1664 1574 1752 1602 Maria
1767 1582 1876 1611 gra-13
1887 1585 1957 1606 Mum

1050 1626 1119 1653 tiam
1136 1624 1350 1661 maenum-:um
1369 1622 1406 1649 dc
1423 1630 1483 1658 qua
1508 1624 1606 1650 tamen
1627 1629 1681 1657 pio
1703 1623 1785 1658 parte
1804 1621 1834 1649 in
1863 1615 1940 1638 ¹²⁸¹³¹¹'¹

1048 1672 1173 1708 septimo
1199 1671 1293 1699 marim
1320 1669 1476 1705 privilegio
1498 1668 1560 1704 jam
1585 1670 1695 1695 tactum
1721 1670 1772 1696 est.
1796 1669 1833 1696 De
1849 1649 1951 1705 ,ξῖηζῗὲι

1049 1719 1103 1747 hac
1119 1718 1211 1753 gratia
1226 1719 1323 1753 potest
1338 1715 1447 1752 accipi,
1465 1714 1547 1751 quod
1564 1714 1669 1742 dicitur
1691 1715 1720 1742 in
1746 1715 1834 1742 Ec-cle
1850 1716 1907 1732 “¹¹¹²-

1049 1767 1159 1794 siastt'co
1172 1766 1181 1781 ‘¹
1199 1775 1205 1790 .·
1224 1765 1319 1791 (lrutt'u
1344 1771 1424 1798 super
1445 1763 1563 1797 qratiam
1585 1763 1683 1789 mulier
1696 1761 1835 1797 pudorata

1049 1817 1072 1841 cl
1088 1816 1190 1840 sanctu.
1219 1810 1319 1839 Mulier
1338 1817 1426 1846 super
1449 1816 1552 1837 omnes
1576 1807 1716 1836 mulieres
1736 1808 1834 1845 pudo-

1048 1862 1130 1893 rata,
1153 1866 1242 1894 supcr
1258 1864 1362 1884 omncs
1377 1857 1479 1883 sancta
1495 1857 1537 1883 est
1553 1854 1659 1889 Maria,
1672 1854 1702 1882 in
1717 1863 1778 1891 qua
1793 1857 1835 1883 est

1050 1906 1144 1943 gratia
1159 1913 1248 1941 super
1264 1903 1388 1940 gratiam
1402 1924 1409 1937 ‚
1427 1902 1519 1937 gratia
1539 1901 1641 1937 gloriae
1654 1909 1744 1938 super
1767 1909 1834 1937 gra-

1049 1954 1120 1981 tiam
1145 1953 1212 1985 via‘,
1240 1950 1332 1986 gratia
1353 1949 1546 1985 praemiorum
1573 1949 1602 1976 in
1625 1948 1718 1982 cerlo,
1743 1956 1834 1984 super

1049 2000 1174 2036 gratiam
1190 1998 1362 2026 meritorum
1384 1996 1412 2023 in
1432 1995 1555 2023 inundo.
1574 1997 1636 2023 llaec
1651 1997 1750 2023 autem
1765 2003 1874 2031 gra-13
1885 2006 1955 2027 Mam

1050 2048 1088 2075 tia
1101 2047 1137 2074 bi
1132 2044 1292 2073 atitudinis
1308 2043 1386 2072 Mari
1387 2051 1402 2069 e
1418 2042 1549 2070 consistit
1570 2042 1599 2069 in
1624 2043 1704 2077 sept(
1708 2050 1736 2069 m
1757 2041 1832 2069 doti·
1847 2037 1955 2090 {mmm-

1049 2095 1104 2121 l=us
1120 2091 1253 2127 corpmis
1273 2093 1298 2117 [t
1315 2089 1405 2117 aniin
1406 2098 1429 2115 e.
1455 2088 1615 2122 Quodlibet
1629 2088 1707 2115 enim
1723 2096 1831 2124 corpus
1856 2074 1953 2122 esurum

1048 2140 1246 2176 glorificatum
1262 2136 1351 2164 babet
1367 2138 1495 2171 quatuor
1510 2135 1594 2162 dotes
1610 2135 1773 2171 gloriosas,
1789 2135 1832 2162 vi·
1863 2137 1940 2159 ⁶⁰‘90

1049 2187 1156 2215 delicet
1171 2185 1271 2213 dotem
1286 2184 1366 2211 inii-ze
1380 2182 1537 2216 tharitatiS,
1555 2182 1654 2210 dotem
1667 2183 1748 2209 mirae
1762 2182 1840 2210 sub·
1871 2169 1927 2184 rum.

1049 2234 1172 2264 tilitatis,
1193 2231 1293 2259 dotem
1317 2230 1397 2257 illisit!
1420 2228 1573 2263 agilitatis,
1590 2230 1618 2256 et
1633 2228 1733 2256 dotem
1749 2229 1830 2256 mira:

1048 2277 1304 2316 impassil>i1itatis;
1330 2279 1357 2303 ct
1375 2276 1397 2303 si
1424 2275 1560 2303 omnium
1586 2275 1742 2303 beatorum
1766 2283 1829 2304 cor-

1049 2335 1122 2365 pora
1145 2327 1189 2354 his
1218 2326 1346 2360 quatuor
1378 2322 1498 2350 dotibus
1531 2323 1603 2349 Deus
1635 2321 1811 2357 glorificavit
1822 2345 1828 2356 ,

1049 2376 1158 2411 quanto
1174 2371 1268 2407 magis
1284 2378 1392 2405 corpus
1413 2369 1505 2402 istud,
1526 2368 1607 2404 quod
1630 2369 1725 2404 ipsum
1742 2369 1830 2404 glori-

1048 2422 1197 2449 ficatorem
1215 2418 1350 2446 oninium
1365 2423 1524 2452 corporum
1541 2415 1662 2450 genuit?
1681 2415 1756 2448 Quid
1772 2415 1828 2442 mi-

1048 2476 1131 2500 rum,
1155 2467 1177 2493 si
1201 2465 1268 2493 dote
1291 2463 1429 2491 claritatis
1451 2461 1615 2489 clarissima
1629 2461 1663 2488 sit
1686 2462 1715 2488 in
1737 2461 1827 2496 cosso,

1049 2523 1114 2551 qum
1139 2513 1219 2541 dono
1246 2509 1406 2539 sanctitatis
1437 2512 1495 2536 tam
1525 2507 1686 2535 clarissima
1713 2507 1766 2535 suit
1799 2508 1829 2536 in

1049 2561 1181 2589 mundo
1173 2562 1185 2577 ⁹
1198 2561 1233 2587 De
1248 2559 1277 2594 ip
1281 2567 1311 2585 εἰ
1323 2564 1452 2592 namque
1466 2555 1568 2583 beatus
1579 2554 1744 2582 Bernardus
1755 2555 1793 2582 ait
1803 2556 1826 2582 ⁸:

1050 2644 1125 2660 sein]
1131 2637 1289 2667 ilenituni
1306 2633 1380 2663 epist
1392 2637 1416 2662 x,
1433 2629 1566 2655 antemna.
1577 2642 1606 2646 —
1616 2630 1710 2656 ⁸,Gen
1727 2636 1774 2659 xii,
1791 2631 1826 2655 153

1048 2674 1097 2690 —7
1118 2672 1206 2701 Emit„
1225 2676 1294 2694 xxv*
1313 2669 1349 2692 t9.
1367 2681 1396 2685 —
1412 2665 1829 2698 ⁸ve1Ecbert.‚se112.11.‚01109

1048 2716 1073 2733 u
1094 2711 1114 2731 1.
