2029 3052
95 1143 128 1165 Ad
137 1145 175 1166 Vl.

673 198 828 233 CONTRA
849 201 1085 236 MAGISTRUM
1107 204 1352 240 GUILELMUM.

206 269 262 311 qui
277 270 359 301 fame
374 267 491 309 periret
497 278 505 306 ;
523 266 576 298 sed
589 266 664 307 quia
677 266 738 299 hoc
756 277 822 300 non
839 271 897 309 est,
919 279 984 302 non

206 324 247 355 sit
261 323 359 355 homo
373 321 517 363 cupidus.
532 331 546 350 n
566 320 631 352 1100
647 323 717 361 post
728 324 866 355 mortem
881 323 985 364 Moysi

206 377 287 409 dixit
301 376 411 415 Josue;
439 375 500 407 hoc
523 374 619 406 etiam
642 374 717 406 dicit
732 376 821 407 omui
842 378 984 418 speranti

205 431 239 462 in
254 440 298 470 se,
315 431 397 462 sicut
416 429 511 462 Josue
529 439 536 460 :
554 428 624 460 haec
638 428 724 460 enim
739 430 832 461 nobis
849 431 984 471 promit-

206 483 254 523 tit,
271 483 355 515 utin
375 482 428 514 illo
443 491 532 523 spem
553 483 696 513 nostram
721 491 890 523 ponamus.
913 484 984 516 Non

205 537 380 575 tenacibus,
400 545 465 568 nou
486 535 619 576 cupidis,
645 536 700 568 sed
727 539 927 578 sperantibus
950 539 984 570 in

205 601 280 623 eum
303 592 338 623 fit
358 591 418 622 ista
434 590 614 631 promissio.
637 590 752 630 Etiam,
770 592 846 633 quia
861 594 984 633 poterat

204 645 266 676 inis
275 645 388 683 videri,
397 644 483 685 quod
498 644 568 675 haec
584 645 751 684 promissio
762 645 802 677 ad
812 645 906 677 Josue
919 650 985 678 tan-

204 700 274 730 tum
286 698 474 739 pertineret3
492 697 531 729 ad
544 697 604 729 hoc
617 697 788 738 Apostolus
800 700 982 739 respondet,

204 753 312 784 dicens
333 752 419 793 quod
439 760 498 783 nos
516 751 656 791 juvabit,
675 751 756 783 sicut
767 752 853 792 juvit
867 753 960 784 illum
972 777 982 792 ,

204 805 296 846 quasi
307 805 391 836 dicat
407 815 414 836 ε
429 804 499 836 Non
513 806 560 836 est
573 804 785 836 dubitandum
798 805 836 837 de
851 807 985 846 promis-

205 860 305 899 sione,
321 860 397 900 quia
411 859 502 891 Jesus
522 858 665 890 Christus
681 859 737 899 qui
751 861 759 876 ¹
776 860 858 897 heri,
876 859 907 891 id
924 862 981 899 est,

205 914 240 945 in
253 914 415 955 praeterito
430 913 555 954 adJuvit
570 912 678 951 Josue,
703 914 733 944 et
747 913 814 954 ipse
828 913 935 953 hodie,
952 915 984 946 id

203 969 263 1006 est,
278 968 312 998 in
325 967 475 1008 praesenti
489 967 620 1007 adjuvat
637 975 706 1006 nos,
723 968 754 998 et
769 966 847 998 alios
862 967 982 1007 fideles,

204 1022 236 1052 et
255 1020 422 1062 adjuvabit
445 1021 478 1051 in
502 1020 622 1058 futuro,
652 1020 689 1052 in
710 1020 837 1059 soecuta,
865 1020 896 1052 id
916 1023 981 1060 est,

205 1074 273 1106 sine
287 1075 363 1106 fine.

243 1127 293 1159 Ad
312 1127 390 1159 illud
410 1127 495 1168 quod
510 1128 671 1168 objicitur,
688 1128 772 1168 quod
788 1129 891 1160 virtus
908 1138 982 1160 con-

203 1181 287 1212 sistit
301 1181 385 1213 circa
395 1181 550 1220 medium,
567 1181 738 1212 dicendum
750 1182 837 1222 quod
847 1182 924 1213 illud
937 1183 984 1213 est

204 1245 320 1268 verum
335 1238 494 1276 quantum
507 1236 547 1266 ad
561 1245 609 1274 ea,
626 1245 699 1276 quae
713 1237 789 1267 sunt
809 1236 982 1267 necessita-

202 1289 253 1329 tis,
275 1289 356 1320 sicut
379 1291 425 1320 est
446 1288 594 1329 largitas;
619 1289 672 1320 sed
693 1289 770 1320 fallit
788 1289 822 1319 in
843 1289 894 1320 his
909 1298 983 1330 quae

202 1344 275 1374 sunt
298 1342 613 1383 supererogationis,
638 1342 719 1373 sicut
744 1343 790 1373 est
815 1342 982 1373 consilium

201 1397 395 1437 paupertatis
415 1399 446 1427 et
468 1396 629 1428 castitatis.
652 1396 778 1427 Talium
798 1396 885 1426 enim
907 1405 982 1436 per-

201 1450 294 1481 fectio
310 1450 414 1490 potius
429 1450 602 1481 attenditur
616 1449 795 1481 secundum
810 1449 982 1489 perfectam

201 1503 487 1534 considerationem
502 1503 541 1534 ad
564 1503 736 1540 Christum,
755 1504 786 1534 et
800 1503 917 1534 divinae
933 1503 980 1533 di-

200 1557 344 1588 lectionis
358 1556 502 1595 modum,
519 1557 577 1597 qui
592 1558 650 1595 est,
667 1558 704 1587 ut
717 1556 798 1588 Deus
809 1566 904 1596 super
915 1566 982 1588 om-

200 1610 254 1641 nia
275 1609 440 1650 diligatur,
463 1619 562 1650 quam
585 1609 762 1641 secundum
782 1610 982 1650 superfluum

200 1665 232 1694 et
253 1663 449 1694 diminutum
474 1672 558 1694 elrca
581 1663 724 1694 exterius
748 1664 920 1704 objectum.
944 1664 983 1696 Et

201 1717 286 1757 quod
296 1716 375 1748 illud
388 1717 428 1748 sit
441 1726 568 1755 verum,
594 1718 679 1757 patet
700 1726 756 1756 per
773 1717 982 1748 Ambrosium

203 1770 236 1800 in
260 1770 343 1801 libro
369 1770 408 1802 de
428 1771 565 1810 Officiis,
587 1771 642 1801 ubi
668 1771 787 1802 dicit²2
809 1771 982 1803 «Officium

200 1833 308 1863 omne,
331 1827 386 1855 aut
401 1826 448 1855 est
466 1825 625 1863 medium,
647 1827 702 1855 aut
724 1825 900 1865 perfectum
922 1828 980 1864 est,

201 1877 287 1918 quod
303 1876 543 1917 Scripturarum
557 1879 745 1909 auctoritate
761 1879 895 1918 probare
910 1888 983 1920 pos-

200 1940 325 1962 sumus.
350 1930 513 1962 Habemus
538 1931 623 1962 enim
647 1932 682 1962 in
706 1931 923 1972 Evangelio³z
946 1934 983 1965 Sz‘

200 1985 252 2016 vis
271 1984 316 2016 ad
334 1985 436 2016 vitam
451 1983 590 2024 inm-edi,
607 1992 701 2016 serva
721 1985 886 2017 mandata.
910 1986 982 2018 Non

201 2037 413 2070 homicidium
429 2038 540 2077 facies,
560 2040 620 2069 etc.
639 2037 715 2069 Haec
730 2040 805 2069 sunt
819 2039 925 2070 media
937 2040 982 2071 of-

201 2092 285 2129 ficia,
299 2091 417 2131 quibus
432 2091 552 2131 aliquid
567 2091 664 2122 deest.
681 2091 692 2108 '⁴
706 2092 748 2124 Sz'
762 2093 813 2124 vis
827 2093 982 2132 perfectus

203 2152 279 2184 esse,
304 2145 397 2183 vade,
424 2148 454 2178 et
474 2145 573 2177 vende
593 2146 703 2177 omnia
727 2153 797 2185 quoe
821 2146 928 2185 habes,
953 2150 983 2180 ec

206 2199 250 2231 da
261 2199 456 2239 pauperibus
470 2209 482 2230 .·
498 2200 555 2230 ubi
570 2200 749 2239 diligendos
770 2200 927 2241 inimicos,
952 2205 983 2234 et

206 2252 365 2283 orandum
386 2253 461 2283 dicit
481 2262 540 2293 pro
558 2253 838 2293 calumniantibus,
864 2257 896 2286 et
909 2265 982 2296 per—

207 2306 414 2346 sequentibus
432 2314 500 2344 nOS,
526 2306 553 2336 si
577 2306 729 2338 volumus
750 2308 879 2348 perfecti
901 2318 979 2341 esse.

206 2359 272 2390 Hoc
286 2360 333 2390 est
346 2359 447 2398 igitur
461 2359 635 2399 perfectum
654 2360 806 2400 officium,
830 2363 915 2402 quod
930 2373 981 2394 ca-

204 2413 367 2444 torthoma
380 2412 389 2429 5
410 2412 562 2443 dixerunt
583 2412 694 2452 Graeci,
720 2423 784 2454 quo
811 2416 982 2456 corrigan-

238 2511 246 2527 ¹
264 2511 350 2541 Hebr„
370 2516 434 2540 xm,
452 2511 475 2535 8.
494 2524 525 2528 —
544 2511 553 2524 ²
573 2511 703 2542 Ambros„
723 2512 752 2536 de
774 2513 842 2545 Offic.
859 2516 981 2546 Mz'nz'st1·.,

208 2546 251 2570 lib.
271 2548 294 2577 1,
314 2553 336 2571 c.
355 2553 397 2576 xx,
417 2553 443 2570 11.
463 2547 503 2577 36,
518 2548 556 2570 37.
571 2560 602 2564 -
622 2547 630 2560 ³
647 2548 750 2578 Mami„
770 2555 830 2580 xix,
850 2552 934 2576 17-18.
950 2565 983 2571 ·—

209 2582 216 2595 ⁴
238 2582 310 2613 ibid„
331 2583 369 2607 21.
391 2597 418 2601 —
438 2583 448 2599 ὅ
463 2584 625 2615 Κατορθωμα-
644 2596 674 2600 -
690 2585 698 2598 ⁶
713 2585 842 2615 Anibros„
857 2586 886 2609 cle
902 2588 983 2620 Offic„

209 2617 252 2642 lib.
277 2617 312 2648 ll,
333 2625 355 2642 c.
375 2624 434 2648 xvs,
453 2625 478 2642 n.
501 2620 540 2642 76.
562 2632 592 2636 —
613 2618 621 2634 ⁷
646 2619 717 2649 ibid„
736 2627 761 2644 n.
778 2622 817 2645 78.
835 2635 866 2639 —
884 2622 894 2639 Β
909 2624 983 2655 ibid„

210 2659 236 2678 n.
252 2654 290 2678 79.
305 2666 337 2671 —
351 2654 359 2668 ‘³
375 2654 395 2677 ll
416 2654 485 2683 Cor„
504 2660 564 2684 viu,
581 2655 619 2678 13.
635 2668 665 2673 —
679 2656 698 2672 1⁰
712 2656 841 2687 Ambros.‚
856 2657 888 2682 de
904 2659 984 2691 Offie..

212 2688 254 2715 lib.
274 2689 293 2721 l,
313 2696 335 2713 c.
352 2695 413 2720 xxx,
433 2692 530 2714 11.152.
553 2704 581 2707 -
597 2691 615 2707 ¹1
633 2691 695 2716 lbid.

1759 215 1817 246 373

1041 273 1093 304 tur
1110 273 1150 313 (a)
1166 275 1284 315 omnia,
1302 284 1376 316 quae
1390 276 1429 308 ad
1447 276 1484 317 (b)
1502 277 1625 318 aliquos
1644 280 1817 319 potuerunt

1040 325 1148 367 lapsus
1162 328 1290 360 habere.
1309 341 1324 359 n
1341 330 1488 371 Largitas
1502 331 1614 371 igitur,
1631 343 1705 374 quoe
1719 337 1818 367 atten-

1039 379 1127 411 ditur
1148 383 1325 415 secundum
1345 385 1487 416 officium
1511 385 1671 426 medium,
1694 387 1727 419 in
1750 389 1817 420 lar-

1041 433 1159 473 giendo
1173 438 1278 467 servat
1300 438 1443 470 modum.
1462 438 1637 479 Paupertas
1657 449 1735 473 vero
1751 443 1816 482 spi-

1039 487 1131 527 ritus,
1142 498 1214 529 quae
1229 491 1402 522 attenditur
1412 493 1587 524 secundum
1595 494 1737 526 officium
1751 505 1821 536 per-

1039 540 1169 581 fectum,
1194 543 1305 575 tribuit
1323 546 1438 577 totum.
1458 546 1556 586 Unde,
1581 547 1692 579 eodem
1714 548 1816 587 libro,

1040 593 1074 625 in
1097 596 1232 628 tractatu
1260 597 1299 628 de
1312 597 1501 631 liberalitate
1526 600 1600 632 dicit
1615 601 1650 632 ⁰:
1673 612 1687 631 α
1704 601 1819 643 Liquet

1039 645 1154 678 dehere
1167 656 1234 679 esse
1248 649 1380 680 modum
1395 649 1603 691 liberalitatis,
1619 661 1661 684 ne
1675 653 1731 684 fiat
1745 654 1819 685 inu-

1039 699 1103 730 tilis
1116 700 1260 740 largitas,
1281 704 1374 742 cujus
1395 704 1550 735 sobrietas
1569 707 1615 736 est
1635 707 1782 738 tenenda.
1799 719 1813 737 n

1039 750 1082 782 De
1096 760 1160 792 quo
1176 753 1270 784 modo
1284 754 1456 794 subjungit
1469 755 1480 771 ⁷
1500 767 1506 786 :
1527 767 1541 785 α
1555 756 1667 788 Modus
1680 758 1820 790 liberali-

1038 805 1112 836 tatis
1123 807 1280 838 tenendus
1293 809 1351 847 est,
1363 810 1398 840 ut
1408 809 1493 849 quod
1504 810 1586 842 bene
1599 811 1688 849 facis,
1704 811 1736 843 id
1747 822 1819 844 con-

1038 858 1127 889 tinue
1142 859 1244 891 facere
1262 861 1373 901 possiS,
1389 871 1429 893 ne
1442 863 1612 895 subtrahas
1626 865 1818 904 necessitati,

1039 912 1125 952 quod
1144 912 1315 945 indulseris
1330 915 1489 948 effusioni.
1516 919 1526 936 ⁸
1542 916 1647 949 Potuit
1661 919 1748 949 enim
1762 919 1820 951 do-

1039 974 1116 996 nare
1138 965 1255 1006 Joseph
1280 969 1361 999 totas
1383 968 1516 1010 AEgypti
1540 979 1626 1011 opes,
1655 971 1819 1004 effundere

1039 1018 1206 1050 thesauros
1219 1021 1343 1060 reglos,
1360 1022 1464 1053 noluit
1479 1025 1588 1055 tamen
1602 1025 1641 1056 de
1655 1025 1757 1057 alieno
1773 1027 1819 1058 ef-

1038 1072 1130 1103 fusus
1140 1073 1253 1104 videri.
1268 1074 1377 1106 Maluit
1387 1075 1549 1108 frumenta
1561 1078 1709 1117 vendere,
1720 1089 1818 1120 quam

1038 1126 1156 1157 donare
1171 1127 1399 1167 esu1·ientibuS‚
1413 1130 1489 1170 quia
1503 1131 1528 1161 si
1540 1132 1650 1171 paucis
1660 1132 1816 1173 donasset,

1038 1179 1188 1219 pluribus
1202 1181 1360 1212 defuisset.
1377 1194 1392 1211 1)
1412 1182 1473 1214 Sed
1486 1183 1546 1215 hoc
1561 1187 1679 1225 spectat
1693 1187 1732 1217 ad
1747 1188 1816 1218 offi-

1037 1233 1123 1264 cium
1138 1234 1292 1273 medium,
1308 1236 1484 1268 secundum
1500 1239 1583 1278 quod
1600 1239 1667 1279 ipse
1679 1240 1755 1271 alibi
1768 1241 1816 1272 di-

1038 1287 1090 1326 cit,
1108 1289 1247 1319 tractans
1262 1289 1295 1319 in
1314 1291 1426 1321 eodem
1442 1291 1526 1323 libro
1541 1292 1620 1324 illud
1640 1294 1783 1334 Apostoli
1793 1296 1815 1335 ⁹,

1038 1340 1110 1372 Νοη
1128 1343 1164 1373 ut
1187 1341 1265 1373 aliis
1280 1343 1409 1381 refectio
1428 1344 1475 1384 (c),
1488 1345 1576 1377 vobis
1598 1349 1705 1379 autem
1715 1356 1818 1389 anqu-

1037 1394 1105 1426 Stia
1121 1394 1162 1434 (d)
1176 1394 1213 1426 ¹⁰:
1236 1406 1249 1424 «
1258 1395 1468 1428 Advertimus
1477 1400 1751 1438 quemadmodum
1767 1403 1820 1434 be-

1037 1449 1229 1488 nevolentia,
1255 1452 1286 1481 et
1308 1450 1493 1490 liberalitas,
1520 1456 1551 1484 et
1573 1454 1706 1486 modum
1728 1465 1820 1487 com-

1037 1502 1217 1542 prehendit,
1242 1505 1273 1534 et
1291 1503 1432 1535 fructum
1453 1507 1548 1546 atque
1564 1516 1727 1547 personas.
1745 1510 1818 1541 ideo

1038 1557 1182 1595 modum,
1206 1557 1282 1597 quia
1306 1558 1498 1598 imperfectis
1519 1561 1613 1592 dabat
1637 1563 1817 1595 consilium.

1036 1610 1106 1641 Non
1121 1611 1208 1642 enim
1224 1611 1375 1651 patimur,
1386 1613 1449 1643 nisi
1459 1614 1589 1653 perfecti
1601 1615 1649 1655 (e).
1663 1627 1677 1645 n
1696 1616 1817 1649 Verum

1036 1664 1111 1703 quia
1135 1664 1318 1704 perfectioni
1347 1674 1411 1696 non
1433 1671 1595 1707 repugnat
1615 1670 1745 1701 modum
1768 1673 1816 1702 te—

1036 1727 1124 1756 nere,
1140 1718 1167 1749 si
1182 1719 1254 1759 quis
1281 1719 1439 1759 dispenset
1461 1721 1546 1753 bona
1568 1722 1724 1763 Ecclesiae,
1745 1725 1816 1758 ideo

1036 1773 1205 1813 subjungit
1220 1774 1239 1790 ¹¹
1258 1784 1264 1804 :
1287 1774 1373 1805 «Sed
1390 1775 1416 1805 si
1434 1777 1505 1816 quis
1518 1777 1628 1808 nolens
1643 1778 1815 1812 Ecclesiam

1037 1836 1186 1866 gravare,
1212 1827 1245 1857 in
1273 1828 1447 1860 sacerdotio
1472 1831 1661 1862 constitutus
1687 1831 1812 1874 aliquo,

1037 1883 1092 1911 aut
1103 1881 1291 1919 ministerio,
1305 1890 1371 1912 non
1386 1883 1472 1922 quod
1481 1886 1583 1915 totum
1592 1885 1697 1924 habet,
1714 1888 1815 1919 confe-

1036 1935 1096 1973 rat,
1108 1934 1162 1965 sed
1168 1936 1316 1974 operetur
1322 1944 1396 1966 Cum
1406 1936 1570 1968 honestate
1578 1947 1651 1978 quae
1661 1941 1695 1979 (s)
1711 1941 1814 1973 officio

1035 1990 1083 2018 sat
1097 1989 1154 2025 est,
1169 1996 1235 2018 non
1252 1988 1332 2018 mihi
1349 1988 1552 2029 imperfectus
1568 1991 1706 2024 videtur.
1724 2005 1738 2022 »
1767 1995 1814 2027 Ex

1035 2042 1125 2072 dictis
1140 2042 1240 2080 igitur
1255 2042 1426 2081 colligitur,
1443 2044 1528 2083 quod
1543 2044 1616 2076 licet
1627 2046 1754 2078 virtutis
1768 2058 1813 2079 se-

1036 2095 1176 2126 cundum
1193 2096 1312 2126 statum
1327 2104 1543 2135 communem,
1558 2101 1588 2129 et
1599 2100 1739 2131 officium
1751 2111 1814 2132 me-

1035 2149 1136 2187 dium,
1152 2149 1192 2179 sit
1205 2152 1313 2179 tenere
1326 2149 1481 2188 medium,
1496 2152 1696 2190 perfectionis
1706 2156 1813 2186 tamen

1036 2203 1232 2242 evangelicae
1246 2205 1291 2233 est
1310 2203 1492 2244 relinquere
1515 2207 1629 2238 totum.
1653 2207 1687 2238 Si
1705 2210 1813 2239 tamen

1035 2256 1069 2286 in
1084 2256 1248 2287 communi
1268 2256 1390 2296 aliquid
1412 2257 1579 2298 habeatur,
1605 2262 1640 2290 ut
1655 2261 1814 2301 dispense-

1037 2314 1100 2349 tur,
1117 2311 1176 2341 hoc
1195 2320 1261 2341 non
1282 2311 1356 2341 facit
1376 2312 1609 2352 imperfectum.
1633 2315 1695 2346 Nec
1709 2318 1814 2348 totum

1036 2364 1259 2396 universaliter
1269 2364 1451 2405 relinquere
1464 2366 1537 2397 dicit
1548 2377 1723 2408 excessum,
1737 2371 1814 2410 quia

1036 2419 1096 2449 hoc
1110 2419 1229 2458 spectat
1243 2417 1282 2448 ad
1297 2418 1473 2457 perfectum
1495 2421 1646 2460 officium,
1670 2424 1705 2453 ut
1728 2425 1814 2463 patet

1036 2481 1076 2503 ex
1090 2471 1139 2502 his
1153 2480 1226 2511 quae
1242 2470 1324 2501 dicta
1338 2473 1431 2510 sunt,
1457 2475 1488 2503 et
1504 2482 1543 2504 ex
1558 2474 1618 2505 1100
1632 2476 1717 2515 quod
1732 2477 1812 2507 Am-

1036 2525 1161 2557 brosius
1188 2524 1354 2565 praemittit
1382 2525 1414 2556 in
1442 2528 1630 2566 praecedenti
1656 2530 1811 2570 capitulo,

1069 2587 1104 2619 (α)
1124 2586 1198 2618 Apud
1217 2586 1334 2610 Ambros.
1357 2588 1530 2619 corriguntur.
1550 2603 1580 2608 —
1600 2591 1633 2622 (b)
1655 2592 1710 2616 Del.
1727 2587 1813 2617 adj—

1039 2624 1070 2654 (c)
1088 2623 1162 2654 Vulg.
1179 2623 1303 2645 remissio.
1317 2636 1347 2640 —
1363 2623 1400 2653 (ιΙ)
1416 2623 1489 2655 Vulg.
1508 2625 1650 2651 tribulatio.
1665 2641 1696 2645 —-
1713 2629 1742 2659 (e)
1755 2629 1812 2660 Leq.

1037 2661 1095 2683 Non
1119 2658 1187 2683 enim
1211 2657 1342 2688 patiuntur
1367 2659 1512 2691 angustias,
1537 2661 1585 2686 nisi
1607 2662 1757 2694 imperfecti.
1783 2677 1813 2683 —·

1039 2696 1073 2727 (f)
1092 2695 1146 2725 Leq.
1163 2695 1295 2725 quantum.
