2029 3052
175 214 235 244 414
753 211 966 244 APOLOGIAE
988 211 1208 245 PAUPERUM

172 280 386 320 Jestatemque
399 278 558 311 demiror:
575 278 682 310 minus
693 278 779 310 enim
791 279 871 310 mihi
881 288 954 310 eon-

174 332 302 371 tulerat,
325 333 388 364 nisi
413 342 522 364 meum
546 332 734 373 suscepisset
754 332 917 364 affectum.
934 342 949 361 n

175 386 250 418 Haec
266 386 300 418 S.
321 387 520 418 Ambrosius.
538 386 586 418 Ex
605 386 723 427 quibus
741 390 849 427 aperte
864 386 953 418 colli-

177 441 277 480 gitur,
294 441 378 482 quod
396 442 514 482 praeter
528 440 620 472 illum
642 441 826 481 generalem
842 442 954 473 mortis

175 495 355 533 horrorem,
371 495 427 535 qui
439 494 619 526 communis
631 496 678 526 est
685 494 835 526 omnibus
844 497 909 526 tam
919 495 953 526 in

176 548 322 589 passione
337 548 563 588 gaudentibuS,
586 557 684 588 quam
703 548 798 580 etiam
817 549 952 588 caeteriS,

176 602 317 643 aliquem
332 601 481 634 affectum
505 602 678 643 susceperit
697 602 737 633 ad
761 603 951 634 condescen-

177 656 317 688 dendum
331 680 339 695 ,
371 665 438 688 non
464 657 590 687 tantum
625 664 738 695 carne,
776 656 830 688 sed
857 656 952 687 etiam

176 712 283 741 mente
297 710 446 741 infirmis.
470 709 718 750 chrysostomus
731 709 838 748 etiam,
859 717 954 749 super

176 764 377 797 ΜαῑῑΙῑοΒῑιΊη1
396 775 407 796 .·
425 775 440 794 1(
453 763 560 803 Vides,
578 764 633 803 ait,
648 765 770 804 quanta
779 765 825 794 est
839 763 954 795 Christi

175 818 209 848 in
224 818 485 850 condescentione
507 817 686 858 diligentia,
707 817 788 848 sicut
809 826 883 848 cum
899 826 951 848 co-

176 873 281 904 medat
301 875 332 904 et
354 873 459 910 bibat,
486 881 560 903 cum
584 871 731 903 videatur
756 880 797 902 ex
819 871 954 903 adverso

174 926 289 958 Joanni
303 926 420 958 faciens
436 937 443 957 t
458 928 490 958 et
503 926 573 958 haec
587 926 603 958 J
607 926 774 958 udaeorum
792 926 895 966 gratia
905 935 954 957 sa-

173 980 249 1011 lutis
264 980 348 1019 facit,
366 980 470 1020 magis
486 982 594 1011 autem
609 980 696 1012 orbis
709 982 868 1012 terrarum
884 980 954 1012 uni-

174 1034 295 1066 versi.»
309 1034 389 1072 Quid
398 1034 449 1065 his
459 1034 576 1066 clarius
590 1034 651 1065 dici
662 1036 774 1074 potest,
788 1034 821 1065 in
836 1034 954 1074 quibus

173 1089 294 1127 asserIt,
312 1088 474 1120 Christum
498 1088 758 1119 condescendisse
780 1088 812 1118 in
836 1088 906 1119 cibo
923 1090 954 1119 et

173 1143 251 1183 potu
265 1141 406 1174 Judaeis‘?
427 1141 487 1180 Qui
505 1141 617 1182 utique
632 1141 752 1172 infirmi
769 1143 871 1180 erant,
888 1150 953 1172 non

173 1198 239 1227 tam
253 1206 360 1235 carne,
377 1206 472 1237 quam
489 1198 594 1228 mente
611 1207 617 1226 :
640 1205 715 1227 nam
737 1197 767 1227 et
782 1196 952 1227 infirmita-

173 1252 238 1282 tem
253 1250 357 1281 carnis
372 1250 438 1291 ipse
452 1250 591 1282 Joanncs
605 1250 754 1281 habebat.
767 1249 952 1289 Gregorius,

172 1305 210 1337 in
234 1305 420 1343 Μοναίἱὺαε,
448 1305 529 1336 libro
553 1314 614 1343 xn,
641 1313 736 1344 super
759 1304 860 1334 illud:
888 1303 953 1335 Pu-

174 1360 264 1390 tasne
289 1362 433 1391 mortuus
456 1359 546 1391 homo
567 1366 696 1390 rursum
721 1358 831 1390 vivat?
856 1369 870 1387 (1
895 1357 953 1389 So-

173 1412 250 1451 lent,
267 1423 281 1441 »
301 1412 405 1453 inquit
420 1416 441 1451 2,
463 1424 476 1441 «
488 1412 567 1452 justi
585 1412 618 1442 in
636 1421 683 1451 co,
707 1412 791 1452 quod
807 1412 868 1452 ipsi
884 1421 951 1443 ccr-

176 1469 244 1498 tum
265 1467 416 1505 sentiunt,
440 1466 531 1506 quasi
551 1475 592 1497 ex
616 1466 812 1497 dubitatione
834 1466 953 1506 aliquid

174 1521 327 1561 proferre,
350 1522 387 1551 ut
403 1521 605 1551 infirmorum
626 1520 658 1550 iu
682 1529 715 1551 sc
733 1520 832 1551 verba
853 1522 954 1551 trans-

175 1575 330 1613 forment3
347 1574 401 1606 sed
416 1583 546 1605 rursum
564 1583 618 1614 per
635 1574 747 1604 fortem
763 1574 953 1605 sententiam

177 1627 329 1660 dubietati
345 1628 384 1668 (a)
399 1627 630 1665 contradicunt,
647 1629 805 1668 quatenus
820 1637 877 1668 per
892 1628 953 1659 hoc

176 1683 262 1723 quod
278 1683 373 1714 dubie
389 1682 530 1722 proferre
542 1684 728 1721 cernuntur,
746 1682 882 1713 infirmis
895 1683 954 1714 ali-

175 1738 336 1776 quatenus
357 1736 626 1774 condescendant,
649 1738 679 1766 et
705 1745 761 1776 per
784 1737 843 1767 hoc
867 1738 953 1777 quod

176 1792 294 1821 certam
322 1789 512 1821 sententiam
537 1789 718 1829 proferunt,
748 1790 952 1821 infirmorum

175 1843 295 1873 mentes
310 1841 346 1881 (b)
359 1841 397 1872 ad
408 1840 598 1872 soliditatem
614 1840 751 1872 trahant.
768 1840 858 1879 Quod
874 1843 952 1873 dum

174 1896 303 1934 faciunt,
320 1895 504 1936 exemplum
520 1895 618 1925 nostri
634 1895 744 1935 capitis
760 1898 951 1935 sequuntur,

173 1951 227 1991 qui
246 1950 385 1990 passioni
410 1949 638 1990 propinquans,
662 1949 896 1980 infirmantium
920 1950 953 1980 in

174 2013 206 2035 se
222 2004 359 2045 sumpsit
373 2012 496 2041 vocem,
513 2003 620 2033 dicens
634 2005 664 2033 ³:
683 2003 787 2038 Pater,
805 2005 835 2035 si
850 2005 952 2043 possi·

175 2059 234 2091 bile
250 2062 306 2097 esc,
325 2059 464 2097 transfer
478 2057 606 2089 calicem
621 2057 733 2089 hzmca
744 2066 807 2097 mc;
819 2058 873 2088 sed
884 2058 950 2089 vim

174 2113 366 2145 fortitudinis
390 2112 569 2150 ostendens,
594 2111 663 2142 ait:
690 2112 764 2145 Non
785 2113 870 2144 sicut
897 2121 951 2153 090

174 2167 258 2204 volo,
286 2167 341 2199 sed
355 2167 439 2199 sicut
455 2169 500 2198 ῖιι.
518 2178 532 2194 ))
553 2165 726 2205 Hucusque
743 2166 917 2206 «ξι-03011115
944 2178 950 2198 z

174 2231 230 2262 per
249 2231 323 2262 quse
343 2223 485 2261 patenter
500 2220 636 2251 ostendit
654 2220 952 2252 condescensionem

174 2276 213 2307 ad
230 2276 358 2306 infirma
372 2278 402 2306 et
417 2275 600 2315 imperfecta
615 2275 811 2313 mortalium,
829 2285 893 2306 non
907 2285 954 2306 so-

174 2331 243 2362 lum
260 2330 299 2361 ad
317 2329 461 2360 membra
477 2329 591 2359 Christi
608 2328 700 2359 fortia
715 2329 884 2368 pertinere,
899 2329 953 2359 sed

176 2385 272 2415 etiam
294 2383 331 2414 ad
348 2384 453 2422 caput.
470 2381 610 2412 Tandem
628 2382 781 2422 magister
797 2382 903 2422 llugo,
921 2383 953 2413 in

176 2437 373 2478 expositione
392 2436 477 2467 illius
492 2435 608 2466 Psalmi
624 2437 632 2452 ²
652 2446 659 2467 ε
686 2437 809 2468 Bonum
823 2440 868 2469 esc
883 2445 952 2469 con-

176 2493 260 2531 ftlcrt
277 2491 422 2529 Domino,
446 2489 490 2520 sic
504 2489 579 2519 dicit
597 2492 606 2507 ὕ
630 2498 637 2519 :
660 2501 674 2518 <1
700 2489 841 2521 ilabebat
863 2490 954 2521 ι105115,

174 2546 305 2583 loculos,
329 2547 359 2576 et
381 2554 434 2582 ea,
457 2552 530 2583 quae
548 2542 715 2581 dabantur,
741 2544 951 2584 suscipiebat,

206 2647 213 2662 ¹
230 2645 372 2677 chrysost,
395 2645 419 2667 in
440 2643 540 2675 Mami„
552 2643 622 2667 hom.
640 2649 738 2667 xxxvii.
757 2656 787 2661 -
805 2644 812 2658 ²
827 2645 881 2674 λοῦ,
900 2650 953 2675 xiv,

175 2684 213 2706 14.
230 2695 255 2699 -—
273 2682 281 2695 ³
294 2680 393 2708 11101111,
410 2686 484 2709 xxvi,
503 2681 540 2704 30.
557 2693 586 2697 —
600 2680 609 2695 ⁸
627 2679 694 2703 Psal.
712 2685 762 2709 xci,
778 2682 800 2703 2.
818 2693 847 2697 -
862 2680 952 2711 ⁶11ug.

175 2719 205 2742 de
223 2720 249 2743 s.
266 2717 341 2745 Vict.,
359 2716 384 2739 in
399 2716 468 2740 hunc
486 2716 546 2746 loe,
562 2723 584 2739 c.
602 2721 673 2739 inv.

1008 280 1210 312 conformans
1235 289 1269 311 se
1298 278 1500 320 imperfectis.
1530 278 1649 311 Paulus
1677 281 1784 314 autem

1008 333 1138 365 nolebat
1151 334 1299 374 sumptus
1313 333 1454 373 accipere
1467 331 1507 364 de
1525 331 1715 372 Evangelio,
1730 335 1786 367 sed

1009 387 1109 426 gratis
1123 388 1224 419 faetus
1238 389 1285 418 est
1295 386 1440 418 minister
1452 386 1559 425 verbi;
1579 388 1610 418 et
1622 387 1786 419 invenitur
1799 410 1808 418 .

1009 440 1129 472 Paulus
1140 441 1260 481 aliquid
1270 442 1376 482 majus
1384 441 1507 480 fecisse,
1519 450 1619 482 quam
1631 441 1784 474 Christus.

1008 494 1150 526 Christus
1172 496 1280 526 autem
1308 494 1343 525 in
1366 503 1503 526 numero
1526 495 1787 536 imperfectorum

1007 548 1148 580 inveniri
1167 548 1289 586 voluit,
1308 557 1350 580 ne
1369 551 1600 589 praesumerent
1619 558 1685 581 non
1704 549 1787 581 acci-

1007 601 1148 642 pientes,
1174 603 1205 633 et
1229 602 1502 634 confunderentur
1524 602 1730 643 accipientes,
1756 604 1788 634 et

1008 656 1222 688 aestimaretur
1246 665 1313 688 non
1335 666 1403 688 esse
1427 656 1641 696 christianus,
1665 657 1784 689 faciens

1008 711 1095 751 quod
1109 710 1212 742 noluit
1225 711 1328 742 facere
1346 710 1501 743 Christus.
1520 721 1535 740 ›)
1551 710 1618 742 Hoc
1641 711 1788 743 catholici

1008 763 1149 796 Doctoris
1172 765 1354 796 testimonio
1381 764 1512 805 quinto,
1544 765 1661 796 directe
1687 765 1788 797 hostis

1009 819 1282 851 condescensionis
1297 818 1413 850 Christi
1427 818 1461 849 in
1480 818 1582 850 fronte
1596 819 1785 859 percutitur,

1007 882 1072 914 quo
1103 882 1168 905 non
1195 873 1301 904 solum
1324 872 1496 912 astruitur,
1521 872 1608 913 quod
1633 873 1788 912 magister

1008 927 1209 968 perfectionis
1232 936 1273 958 ex
1295 926 1558 958 condescensione
1583 926 1705 958 loculos
1727 926 1785 958 ha-

1008 981 1127 1020 buerit,
1141 990 1255 1013 verum
1270 981 1366 1012 etiam
1383 979 1469 1020 quod
1480 979 1664 1021 oppositum
1686 979 1786 1020 hujus

1009 1044 1074 1066 non
1089 1034 1194 1066 solum
1208 1033 1421 1072 laudabiliter,
1444 1033 1498 1065 sed
1520 1033 1713 1065 laudabilius
1726 1033 1784 1065 ha-

1009 1088 1062 1120 bet
1076 1088 1158 1126 fieri,
1174 1097 1273 1129 quam
1288 1088 1403 1119 omitti.

1051 1142 1090 1174 Ut
1103 1145 1213 1175 autem
1227 1143 1288 1174 hoc
1305 1142 1423 1173 clarius
1445 1141 1616 1180 elucescat,
1643 1141 1785 1174 conside-

1009 1197 1132 1228 ratione
1146 1197 1295 1238 pervigili
1317 1195 1547 1228 attendendum
1565 1197 1623 1235 est,
1643 1197 1728 1237 quod
1743 1197 1786 1227 si-

1009 1253 1063 1283 cut
1087 1251 1250 1292 tripliciter
1270 1250 1391 1282 bonum
1410 1250 1539 1288 dicitur,
1561 1252 1592 1281 et
1605 1250 1703 1281 etiam
1719 1260 1788 1282 ma-

1009 1307 1088 1346 lum,
1104 1307 1148 1338 sic
1163 1309 1193 1338 et
1208 1306 1382 1347 perfectum
1398 1308 1428 1337 et
1449 1306 1682 1346 imperfectum,
1700 1307 1787 1338 vide-

1009 1361 1082 1393 licet
1096 1361 1129 1392 in
1146 1370 1277 1401 genere,
1292 1370 1333 1392 ex
1351 1360 1600 1399 circumstantia,
1620 1363 1651 1392 et
1672 1370 1787 1392 secun-

1010 1416 1086 1447 dum
1102 1425 1146 1447 se.
1161 1415 1287 1446 Bonum
1301 1415 1485 1455 namquein
1499 1423 1629 1454 genere,
1640 1417 1687 1446 est
1699 1417 1787 1446 actus

1010 1469 1166 1500 transiens
1182 1478 1279 1510 super
1292 1469 1458 1500 materiam
1473 1468 1624 1506 debitam,
1642 1470 1677 1500 ut
1688 1468 1733 1500 ire
1746 1469 1786 1500 ad
1824 1466 1830 1469 ”

1009 1523 1191 1560 eeclesiam,
1219 1523 1294 1554 dare
1321 1523 1567 1563 eleemosynam.
1593 1522 1719 1554 Bonum
1747 1532 1788 1554 ex

1010 1577 1258 1615 circumstantia,
1272 1579 1319 1608 est
1329 1579 1417 1608 actus
1431 1575 1645 1607 laudabilibus
1655 1576 1788 1607 circum-

1010 1631 1133 1662 stantiis
1148 1631 1350 1668 informatus,
1369 1631 1449 1661 sicut
1463 1630 1538 1661 dare
1553 1630 1786 1670 eleemosynam

1010 1686 1144 1716 servatis
1159 1685 1270 1716 debitis
1285 1683 1531 1715 circumstantiis
1547 1684 1630 1715 circa
1643 1684 1784 1721 dantem,

1010 1739 1121 1770 datum
1147 1741 1178 1770 ct
1201 1738 1423 1778 accipientem,
1453 1739 1611 1778 quantum
1637 1737 1676 1768 ad
1700 1737 1785 1776 loca,

1010 1794 1154 1832 tempora
1168 1794 1199 1823 et
1213 1800 1373 1832 personas.
1396 1791 1434 1822 Et
1456 1791 1527 1822 haec
1547 1791 1612 1822 (1110
1633 1790 1717 1821 bona
1731 1790 1785 1822 de-

1010 1847 1137 1887 pravari
1154 1848 1286 1886 possunt
1307 1853 1363 1885 per
1381 1844 1517 1883 alicujus
1538 1844 1786 1875 circumstantiae

1009 1901 1185 1938 desectum,
1212 1901 1243 1930 et
1264 1899 1404 1930 maxime
1426 1900 1554 1938 propter
1578 1898 1789 1929 inordinatio-

1010 1964 1083 1985 nem
1112 1953 1313 1991 intentionis,
1337 1954 1446 1993 utpote
1474 1952 1500 1983 si
1528 1952 1602 1992 quis
1631 1952 1664 1982 in
1686 1952 1789 1983 dando

1010 2009 1256 2048 eleemosynam,
1274 2007 1325 2038 vel
1343 2006 1532 2046 jejunando,
1557 2006 1609 2037 vel
1630 2006 1734 2037 eundo
1750 2005 1789 2036 ad

1009 2062 1185 2099 ecclesiam,
1202 2062 1262 2092 1100
1277 2061 1380 2099 faciat,
1399 2063 1435 2092 ut
1448 2060 1585 2100 gloriam
1608 2060 1712 2100 capiat
1726 2059 1788 2090 hu-

1011 2125 1152 2147 manam.
1168 2115 1312 2146 Tertium
1332 2116 1440 2146 autem
1462 2117 1509 2145 est
1532 2114 1653 2145 bonnm
1676 2122 1789 2144 secun-

1010 2171 1088 2202 dum
1103 2179 1149 2208 se,
1166 2169 1252 2210 quod
1264 2169 1351 2200 nullo
1361 2168 1456 2200 modo
1465 2170 1644 2209 potestesse
1656 2168 1788 2206 malum,

1013 2227 1069 2256 aut
1084 2225 1166 2255 male
1179 2224 1259 2262 fieri,
1271 2223 1353 2254 sicut
1368 2225 1415 2254 est
1429 2232 1509 2263 opus
1524 2223 1653 2254 virtutis
1665 2231 1704 2254 ex
1717 2222 1791 2253 cha-

1013 2279 1115 2310 ritatis
1125 2277 1229 2308 radice
1244 2277 1427 2317 procedens
1445 2276 1504 2307 Per
1518 2276 1604 2307 1111110
1617 2276 1714 2307 etiam
1725 2285 1791 2307 mo·

1011 2333 1100 2370 dum,
1118 2331 1283 2371 tripliciter
1303 2330 1417 2361 dicitur
1437 2330 1569 2361 malum.
1592 2330 1722 2369 Malum,
1739 2329 1789 2360 in-

1013 2395 1130 2426 quam,
1161 2386 1192 2415 in
1224 2394 1353 2425 genere,
1379 2385 1494 2416 dicitur
1521 2386 1609 2415 actus
1630 2383 1787 2415 transiens

1011 2449 1106 2480 super
1131 2439 1297 2471 materiam
1321 2439 1512 2477 indebitam,
1538 2438 1619 2470 sicut
1649 2437 1788 2468 occidere

1011 2494 1187 2525 hominem.
1210 2493 1329 2524 Malum
1344 2502 1384 2524 ex
1398 2491 1645 2529 circumstantia,
1669 2490 1785 2521 dicitur

1011 2550 1100 2578 actus
1118 2547 1307 2578 informatus
1327 2546 1509 2577 deordinata
1534 2543 1786 2580 circumstantia,

1011 2603 1048 2632 ut
1062 2600 1227 2632 comedere
1249 2602 1339 2631 extra
1362 2599 1487 2630 horam.
1509 2597 1590 2629 Mala
1611 2596 1788 2627 secundum

1013 2716 1029 2740 d
1045 2680 1081 2740 (ha)
1093 2680 1167 2713 Apud
1177 2681 1252 2712 Greq.
1269 2678 1406 2704 infirmanti
1417 2677 1554 2703 dubietate.
1564 2690 1595 2696 —
1608 2677 1641 2708 (b)
1654 2675 1715 2701 lbid.
1728 2675 1787 2701 add.

1032 2724 1047 2740 u
1067 2723 1112 2741 ias.
