2029 3052
622 201 738 235 CIRCA
756 200 947 234 REGULAM
968 201 1000 233 S.
1025 201 1242 236 FRANCISGI.
1681 207 1741 238 609

128 275 186 307 lita
200 272 430 306 consuetudine
444 279 620 313 possemus,
637 271 668 302 et
682 279 739 311 por
752 270 831 302 tales
845 269 908 301 dis-

129 328 308 361 solveretur
322 326 447 360 Ordinis
460 324 638 366 disciplina,
652 325 684 356 et
698 324 908 364 impediretur

128 382 287 424 profectus
301 381 449 419 aliorum,
466 380 497 411 et
510 388 576 411 non
591 378 773 410 sufficerent
787 386 841 409 eos
854 377 908 409 alii

129 445 270 478 pascere,
297 445 356 468 nec
378 435 424 467 eis
447 434 576 467 servire.
601 432 665 465 Nec
685 432 909 466 invenirentur

129 491 276 531 tandem,
295 491 351 531 qui
365 490 494 531 possent
510 488 555 520 eis
575 496 730 529 praeesse,
747 490 778 519 et
796 495 909 518 omnes

129 545 226 577 simul
249 545 283 576 in
310 553 442 585 corpore
465 544 498 575 et
518 541 644 583 spiritu,
667 541 758 582 quasi
778 541 910 573 confusa

131 598 315 638 multitudo,
326 598 478 639 perirent,
495 605 569 638 quae
583 605 640 627 nec
654 595 727 635 regi
738 595 835 633 valet,
851 604 910 626 nec

130 662 274 693 congrue
296 651 477 684 sustentari.
506 650 653 682 Ecclesiae
675 649 821 682 similiter
845 658 909 681 non

131 707 270 748 expedit,
282 707 361 748 quia
374 715 448 738 cum
465 705 506 737 sit
520 705 602 737 Ordo
617 704 657 736 ad
667 704 910 736 aedificationem

132 760 280 792 Ecclesiae
303 760 504 797 constitutus,
525 757 696 789 multitudo
711 759 912 798 receptorum

133 814 240 854 magis
259 813 479 845 confusionem
502 812 679 850 induceret,
703 820 762 842 nec
781 811 820 842 de
840 820 913 843 con-

133 868 281 900 versione
294 866 473 898 multorum
489 865 677 906 exemplum
695 865 914 896 aedificationis

134 921 301 962 acciperet,
317 921 371 953 sed
387 920 573 952 scandalum
584 945 592 959 ,
611 919 667 951 ubi
682 919 911 960 religiositatis,

135 977 268 1016 excepto
282 975 349 1007 solo
366 974 490 1014 habitu,
514 974 596 1005 nihil
621 973 792 1005 inveniret.
809 973 915 1005 Minus

136 1029 222 1061 enim
237 1029 360 1061 malum
376 1031 433 1068 est,
449 1038 515 1060 non
527 1037 595 1060 esse
605 1028 785 1068 religiosos,
797 1027 849 1060 vel
860 1036 916 1059 no-

136 1083 236 1123 mine,
257 1083 308 1116 vel
323 1083 449 1121 habitu,
472 1083 527 1114 ubi
542 1091 609 1114 non
623 1081 740 1115 vivunt
756 1081 839 1113 sicut
858 1081 916 1113 Re-

137 1136 266 1177 ligionis
277 1146 389 1168 eorum
405 1137 509 1168 forma
522 1135 667 1176 requirit,
683 1145 783 1176 quam
793 1136 831 1166 ut
839 1135 914 1174 sint,

137 1192 169 1222 et
182 1199 239 1231 per
257 1190 357 1223 vitam
372 1199 485 1222 eorum
495 1198 681 1230 perversam
693 1189 772 1220 alios
787 1189 918 1220 scanda-

137 1244 243 1277 lizent.
266 1244 357 1276 Sicut
377 1244 492 1276 melius
513 1246 561 1276 est
584 1244 749 1276 lucernam
768 1253 834 1275 non
848 1252 918 1275 esse

138 1298 173 1330 in
187 1298 294 1337 domo,
314 1308 412 1339 quam
431 1307 500 1330 esse
516 1298 561 1329 ibi
575 1300 702 1329 tantum
713 1298 868 1336 foetidam,
888 1299 920 1328 et

139 1362 205 1384 non
219 1353 391 1384 lucentem.
413 1352 516 1384 Nimis
534 1352 631 1384 etiam
651 1352 732 1383 foret
745 1360 919 1383 onerosum

139 1407 300 1446 fidelibus,
327 1409 374 1439 tot
400 1407 561 1439 mendicos
585 1407 683 1438 unius
709 1407 835 1438 Ordinis
861 1415 919 1446 pa-

141 1470 240 1501 scere,
252 1471 272 1492 a
285 1461 403 1502 quibus
414 1461 553 1499 nullum,
567 1461 616 1493 vel
627 1461 787 1492 modicum
800 1461 922 1492 habue-

141 1515 207 1547 rint
220 1515 440 1547 aedificatIOnis
455 1514 655 1556 praesidium.
672 1514 733 1546 Sed
748 1516 806 1553 tot,
821 1516 853 1546 et
873 1517 922 1546 ta-

141 1570 187 1602 les
202 1570 308 1602 solum
320 1570 419 1610 recipi
432 1569 570 1610 expedit,
592 1570 647 1610 qui
663 1569 731 1600 sine
749 1578 846 1600 onere
862 1568 921 1600 Ec-

142 1624 246 1656 clesiae
263 1624 349 1665 pasci
364 1624 496 1665 possint,
513 1626 544 1655 et
558 1623 614 1664 qui
631 1624 757 1655 valeant
775 1623 923 1654 Ecclesia}

143 1678 178 1709 in
192 1677 413 1719 spiritualibus
424 1677 616 1718 respondere
630 1677 680 1716 iis,
697 1686 770 1718 quae
785 1677 825 1708 ab
838 1686 875 1708 ea
890 1676 923 1707 in

143 1732 326 1764 carnalibus
345 1732 506 1773 recipiunt
524 1741 583 1773 pro
604 1740 777 1773 corporum
797 1732 924 1763 susten-

144 1786 277 1824 tatione,
292 1787 351 1817 etc.

391 1898 595 1939 QUAESTIO
619 1899 678 1932 XI.

202 1982 256 2010 Cur
274 1983 378 2016 fratres
397 1983 518 2011 Minores
536 1990 589 2010 non
609 1982 728 2010 laborent
746 1982 872 2010 manibus

458 2035 509 2063 pro
529 2029 613 2055 victu.

189 2109 269 2140 Item
284 2116 397 2149 quaero
413 2118 420 2139 ι
442 2107 505 2139 Cur
517 2117 598 2148 ergo
612 2116 677 2139 non
688 2107 839 2139 laboratis
855 2117 927 2139 ma-

149 2162 245 2194 nibus
259 2171 317 2203 pro
332 2162 431 2202 victu,
451 2164 488 2194 ut
509 2171 575 2194 non
594 2162 664 2193 sitis
685 2161 832 2194 Ecclesiae
855 2172 929 2194 one-

149 2217 215 2249 rosi
229 2218 264 2248 in
278 2218 489 2258 eleemosynis
503 2217 668 2258 petendis?

191 2271 375 2312 Respondeo
398 2282 404 2302 :
424 2271 459 2302 Si
481 2271 519 2303 de
540 2281 623 2312 puro
641 2271 751 2303 labore
770 2280 929 2304 manuum

150 2325 341 2357 deberemus
357 2325 478 2365 vivere,
495 2327 620 2357 tantum
634 2327 767 2365 urgeret
781 2335 840 2357 nos
853 2335 928 2366 ope-

150 2378 195 2410 ris
210 2379 373 2419 instantia,
399 2379 485 2420 quod
499 2379 636 2411 aliorum
655 2379 752 2410 lucris
766 2379 930 2411 intendere

151 2441 218 2464 non
232 2441 408 2474 possemus,
424 2442 483 2465 nec
496 2433 605 2465 divina
619 2433 724 2464 officia
738 2433 837 2465 libere
852 2434 931 2465 cele-

152 2488 257 2526 brare,
273 2496 333 2518 nec
347 2487 484 2518 orationi
495 2487 595 2518 libere
609 2496 734 2519 vacare.
752 2488 831 2519 Cum
845 2488 931 2519 enim

154 2540 194 2572 ad
206 2541 447 2580 confessionem,
463 2540 516 2573 vel
533 2541 573 2572 ad
587 2541 847 2581 praedicationem
865 2542 930 2573 fra-

154 2595 203 2626 ter
215 2597 394 2635 vocaretur,
418 2595 611 2636 respondere
629 2598 800 2635 cogeretur
816 2607 823 2627 ;
846 2596 932 2637 Opus

155 2657 277 2688 meum,
294 2658 357 2689 quo
376 2648 478 2681 victui
497 2658 569 2680 meo
588 2649 683 2681 hodie
702 2650 862 2682 deservire
876 2651 931 2682 de-

155 2702 226 2741 beo,
257 2703 400 2734 nondum
429 2703 566 2743 explevi,
597 2705 628 2734 et
656 2704 719 2742 ille,
749 2705 801 2736 cui
823 2704 932 2736 laboro

299 2766 374 2788 rom,
397 2766 467 2789 xiv.

965 270 1156 312 priusquam
1170 270 1362 310 deserviam,
1382 279 1448 303 non
1462 270 1549 304 dabit
1563 272 1644 304 mihi
1657 281 1743 305 mer-

965 325 1074 357 cedem
1095 326 1253 365 debitam,
1275 326 1346 358 ideo
1369 335 1435 358 non
1458 336 1591 368 possum
1619 329 1741 362 venire.

965 379 1051 411 Alias
1073 382 1182 412 autem
1202 389 1316 412 omnes
1338 382 1455 422 praeter
1481 382 1627 414 infirmos
1653 383 1744 415 labo-

965 436 1039 465 rant
1055 445 1062 465 :
1079 434 1133 465 alii
1147 435 1181 465 in
1195 435 1313 474 studio,
1330 437 1367 467 ut
1381 435 1489 467 fideles
1503 436 1650 468 erudiant
1658 446 1669 478 3
1690 437 1745 469 alii

966 488 1000 519 in
1016 488 1126 521 divino
1140 489 1245 521 officio
1259 491 1291 521 et
1305 489 1454 522 laudibus
1467 490 1537 530 Dei;
1553 491 1608 522 alii
1629 491 1663 523 in
1679 492 1744 524 col-

965 542 1104 582 ligendis
1119 543 1330 584 eleemosynis
1345 553 1402 585 pro
1416 545 1645 578 sustentatione
1659 555 1746 577 com-

967 597 1078 635 muni;
1094 597 1147 628 alii
1162 597 1195 628 in
1211 597 1324 629 officiis
1339 598 1530 638 domesticis,
1547 601 1578 631 et
1596 599 1746 639 infirmis,

968 651 999 681 et
1013 650 1109 688 sanis,
1128 659 1169 681 ex
1191 650 1336 691 injuncta
1354 652 1534 684 obedientia
1560 653 1746 685 ministran-

968 705 1032 743 tes;
1065 704 1207 745 quidam,
1224 706 1281 746 qui
1307 705 1412 737 sciunt
1429 708 1513 737 artes
1536 707 1747 747 mechanicas,

968 768 1028 799 pro
1041 759 1195 791 fratribus
1210 762 1240 791 et
1263 761 1424 792 extraneis
1444 763 1642 801 exercentes,
1669 762 1751 794 sicut

971 815 1085 845 mutuo
1099 816 1310 854 cooperantur
1325 814 1407 846 inter
1417 824 1450 846 se
1460 815 1601 847 formicae
1616 818 1648 847 et
1658 825 1748 857 apes;

970 867 1102 908 quidam
1117 876 1174 908 per
1194 868 1408 900 obedientiam
1424 869 1512 900 missi
1531 869 1675 902 diversas
1689 872 1752 901 ter-

971 930 1023 952 ras
1038 921 1271 962 perambulant,
1289 931 1365 954 cum
1379 923 1511 954 nuntios
1527 923 1606 955 alios
1619 924 1752 956 idoneos

971 984 1036 1006 non
1059 975 1237 1007 habeamus
1258 985 1266 1007 :
1282 978 1314 1007 et
1332 976 1376 1007 sic
1398 976 1506 1008 nullus
1525 977 1658 1018 impune
1677 987 1750 1019 per-

973 1028 1112 1060 mittitur
1126 1029 1259 1061 otlosus.

1213 1146 1415 1187 QUAESTIO
1439 1148 1514 1182 XII.

1007 1230 1051 1257 An
1071 1230 1103 1258 de
1122 1231 1242 1265 qualibet
1260 1231 1401 1266 Reliqz'one
1418 1233 1506 1267 possit
1525 1234 1586 1268 quis
1606 1235 1724 1262 transire

1148 1276 1184 1303 ad
1204 1276 1367 1311 Reliqz'onem
1385 1277 1413 1304 S.
1435 1278 1581 1306 Francisci.

1017 1356 1096 1387 Item
1111 1365 1224 1397 quaero
1240 1366 1248 1388 :
1264 1356 1297 1388 Si
1311 1357 1350 1388 de
1367 1357 1510 1398 quolibet
1525 1358 1640 1390 Ordine
1655 1361 1686 1391 et
1701 1359 1758 1392 Re-

977 1409 1099 1449 ligione
1123 1410 1224 1450 possit
1247 1411 1319 1450 quis
1342 1411 1478 1442 transire
1503 1412 1543 1443 ad
1559 1412 1710 1452 regulam
1725 1415 1757 1445 et

977 1463 1122 1494 ordinem
1142 1464 1176 1495 S.
1201 1464 1374 1504 Francisci,
1398 1465 1516 1497 scilicet
1537 1466 1674 1498 fratrum
1698 1466 1756 1498 Mi-

978 1518 1121 1549 norum?

1018 1571 1067 1603 Ad
1077 1572 1148 1610 hoc,
1157 1572 1226 1603 sine
1233 1572 1419 1613 praejudicio
1425 1572 1567 1605 melioris
1577 1574 1756 1614 sententiae,

979 1626 1154 1666 respondeo
1169 1626 1253 1667 quod
1269 1626 1325 1667 sic,
1341 1627 1398 1658 ubi
1419 1628 1488 1658 sine
1509 1628 1657 1660 scandalo
1679 1629 1757 1660 alio-

979 1688 1054 1710 rum
1070 1681 1172 1719 potest
1186 1680 1266 1711 fieri.
1284 1680 1418 1721 Propter
1432 1681 1518 1722 quod
1533 1682 1675 1713 maxime
1689 1691 1761 1723 pro-

979 1732 1109 1764 hibetur
1123 1733 1216 1765 nobis
1244 1733 1283 1765 de
1301 1735 1494 1775 quibusdam
1515 1735 1674 1776 religiosis
1695 1745 1760 1768 non

980 1786 1182 1827 recipiendis,
1203 1796 1278 1819 cum
1304 1789 1489 1820 scandalum
1508 1789 1572 1821 tale
1595 1790 1636 1821 sit
1655 1791 1761 1830 majus

981 1840 1115 1879 malum,
1139 1850 1239 1881 quam
1264 1841 1402 1873 aliorum
1417 1843 1556 1883 receptio
1570 1843 1610 1874 sit
1623 1843 1758 1875 bonum.

981 1894 1061 1926 Cum
1076 1894 1163 1925 enim
1184 1895 1245 1926 tria
1260 1894 1314 1926 illa
1337 1895 1526 1936 principalia
1549 1897 1654 1928 omnis
1675 1897 1760 1929 Reli-

981 1948 1099 1988 gionis,
1122 1947 1240 1979 scilicet
1258 1948 1448 1987 obedientia,
1471 1950 1618 1989 castitas,
1640 1952 1673 1982 et
1686 1960 1763 1992 pau-

981 2003 1100 2042 pertas,
1127 2002 1162 2033 in
1183 2002 1299 2042 regula
1323 2003 1384 2034 ista
1409 2003 1473 2034 sint
1491 2004 1582 2044 quasi
1603 2004 1716 2036 altiora
1731 2007 1764 2037 et

982 2056 1150 2095 strictiora,
1169 2065 1269 2096 quam
1281 2056 1315 2087 in
1329 2057 1399 2088 aliis
1411 2057 1576 2089 ordinibus
1588 2060 1619 2090 et
1633 2058 1765 2099 religio-

982 2110 1090 2148 nibus,
1102 2110 1183 2141 sicut
1192 2111 1278 2150 patet
1286 2110 1320 2141 in
1328 2110 1444 2150 regula
1451 2111 1522 2150 ista,
1534 2114 1658 2144 constat
1665 2113 1763 2153 quod,

983 2164 1161 2196 secundum
1176 2163 1248 2203 hoc,
1266 2163 1392 2203 Religio
1407 2164 1468 2196 ista
1482 2165 1575 2197 altior
1590 2166 1631 2197 sit
1645 2168 1676 2197 et
1696 2167 1765 2198 stri-

984 2218 1064 2249 ctior
1078 2218 1148 2249 aliis
1163 2218 1346 2250 OrdinibuS.
1360 2217 1400 2249 Et
1414 2218 1486 2250 ideo
1500 2219 1540 2250 de
1549 2220 1692 2260 qualibet
1707 2220 1765 2252 Re-

984 2271 1106 2311 ligione
1135 2273 1270 2312 possunt
1298 2280 1410 2303 secure
1437 2273 1477 2304 ad
1503 2273 1598 2305 istam
1624 2274 1763 2313 intrare,

985 2325 1161 2357 dummodo
1186 2334 1252 2357 non
1276 2334 1316 2357 ex
1330 2325 1470 2364 levitate,
1497 2327 1553 2358 sed
1576 2336 1617 2358 ex
1645 2327 1766 2368 Spiritu

985 2379 1039 2411 Dei
1054 2380 1152 2411 ducti.
1173 2379 1255 2411 Nam
1282 2381 1314 2411 et
1336 2380 1363 2411 si
1386 2380 1495 2421 aliqua
1516 2380 1556 2412 sit
1570 2380 1765 2421 quibusdam

986 2433 1204 2474 corporalibus
1234 2434 1516 2465 exercitationibus
1546 2434 1703 2475 strictior,
1730 2437 1767 2467 ut

987 2488 1177 2520 abstinentia
1202 2489 1360 2527 carnium,
1381 2490 1412 2519 et
1433 2488 1575 2527 silentio,
1607 2490 1638 2520 et
1660 2489 1767 2521 officlo

987 2542 1207 2582 ecclesiastico,
1235 2544 1266 2573 et
1293 2541 1462 2580 similibus,
1488 2551 1563 2582 quae
1587 2544 1697 2574 tamen
1726 2552 1767 2574 ex

987 2596 1225 2635 sublimiorum,
1234 2595 1433 2635 obedientiae,
1443 2596 1652 2636 paupertatiS,
1663 2598 1695 2628 et
1704 2606 1768 2628 cas-

988 2650 1086 2681 titatis
1106 2650 1237 2687 virtute,
1262 2649 1353 2681 facile
1375 2652 1671 2690 recompensantur,
1687 2650 1768 2682 sicut

990 2704 1150 2734 modicum
1164 2703 1288 2743 pondus
1300 2704 1368 2734 auri
1383 2704 1415 2734 in
1432 2705 1533 2744 pretio
1543 2704 1697 2745 praevalet
1705 2713 1769 2735 ma-

1589 2760 1627 2790 39
