2029 3052
199 217 259 248 642
804 211 1075 246 COLLATIONES
1097 211 1209 246 OGTO.

197 283 335 312 nedictus
346 284 422 312 Deus
436 282 540 312 omnia
552 281 622 311 fecit
634 289 671 326 ex
684 282 768 319 parte
782 289 848 318 sua,
860 283 895 311 ut
908 289 978 310 eum

195 328 363 360 habeamus
379 339 388 359 ς
403 329 438 359 fit
449 329 560 366 homo,
580 329 614 359 ut
627 328 655 358 ei
669 329 811 359 attineam
829 338 837 358 :
858 328 892 358 fit
907 337 979 366 par-

195 386 268 415 vuS,
290 379 323 408 ut
345 386 415 408 eum
435 377 581 416 accipiam
603 387 611 407 ι
631 376 666 410 fit
687 376 832 413 visibilis,
853 377 888 406 ut
909 384 979 406 eum

196 431 358 461 agnoscam
373 433 381 453 :
395 424 428 453 fit
441 423 574 458 humilis,
588 423 621 452 ut
635 429 705 451 eum
718 422 873 459 attingam.

231 471 339 507 Quinto
352 471 496 501 fortitudo
510 470 630 500 admisit
641 470 854 505 infirmitatem,
863 469 980 506 sapien-

194 519 235 548 tia
249 519 478 556 simplicitatem.
494 520 555 554 Ego
567 526 636 547 sum
655 526 734 553 reus,
753 518 782 546 et
795 524 898 546 coram
915 516 980 552 ejus

194 567 341 604 sapientia
357 566 460 595 venire
479 566 632 595 erubesco.
649 566 712 601 Ego
729 564 933 599 adversarius,
951 566 980 593 et

194 613 265 642 ideo
285 614 324 642 ab
346 614 410 650 ejus
430 613 563 651 potentia
584 612 790 642 contremisco.
814 611 980 641 Commissa

195 669 275 697 mea,
289 661 397 698 inquit,
413 668 554 698 pavesco,
569 662 599 689 et
611 662 679 689 ante
694 662 722 689 tc
737 659 892 689 erubesco.
907 659 978 688 ldeo

193 709 272 737 mira
290 709 340 737 Dei
358 708 544 745 benignitas,
559 716 627 746 quae
645 715 762 744 semper
778 706 980 744 magnificavit

193 755 370 785 benefacere
390 756 496 792 nobis,
517 763 603 784 suam
623 754 782 784 abscondit
801 754 979 791 sapientiam

193 803 226 832 in
240 803 444 840 simplicitate,
459 811 497 832 ne
513 803 689 832 erubescam
711 810 901 840 comparere3
916 801 978 830 for-

194 851 352 880 titudinem
365 851 397 880 in
414 851 600 887 infirmitate,
615 858 654 880 ne
668 851 876 888 pertimescam
895 857 979 878 acce-

195 899 278 928 dere.
293 900 357 936 lpse
371 899 451 928 enim
466 900 521 934 est,
538 899 591 936 qui
601 901 610 916 ¹
623 901 719 935 portat
731 900 823 927 omnia
831 898 912 926 verbo
920 899 980 926 vir-

195 949 264 976 tutis
271 955 335 975 suae.
345 948 455 984 Ipsum,
463 946 600 984 inquam,
615 946 673 975 tale
679 945 809 975 Verbum
817 944 929 974 factum
937 947 980 974 est

195 1001 266 1023 caro
282 1003 289 1023 :
305 996 333 1023 et
352 1002 414 1023 non
428 993 528 1023 solum
542 994 635 1023 homo
649 993 809 1030 passibilis,
824 993 879 1022 sed
889 993 979 1021 etiam

194 1043 225 1071 in
246 1043 423 1080 parvulitate
443 1042 516 1071 mihi
533 1042 656 1078 similis,
676 1045 704 1071 et
725 1049 814 1071 carne
833 1041 978 1070 mortalis.

231 1091 334 1125 Sexto,
347 1091 459 1127 justitia
475 1091 566 1119 subiit
580 1092 712 1126 reatum,
729 1091 801 1127 quia
818 1098 855 1118 ne
871 1089 954 1117 dicas
970 1097 977 1116 ε

194 1139 273 1174 Quid
293 1139 428 1176 proderit
447 1138 606 1174 accedere,
626 1146 681 1167 nec
703 1137 857 1174 negotium
878 1145 979 1165 meum

195 1186 346 1223 contingat
359 1186 533 1223 complere?
547 1186 609 1215 haec
623 1187 723 1215 autem
737 1187 778 1214 est
794 1193 862 1214 mea
878 1192 979 1213 neces-

193 1234 274 1269 sitas,
290 1233 363 1271 quia
377 1236 538 1270 conceptus
552 1242 620 1262 sum
632 1234 663 1262 in
678 1233 762 1262 omni
774 1233 867 1268 malo,
879 1235 906 1261 et
920 1232 980 1269 pri-

193 1284 279 1310 vatus
294 1281 375 1310 omni
391 1282 474 1310 bono
490 1283 614 1318 propter
628 1281 752 1318 culpam
768 1289 868 1310 meam
883 1283 911 1309 et
929 1280 979 1308 dc-

193 1329 287 1358 bitam
302 1337 434 1366 poenam,
447 1331 476 1358 et
487 1329 609 1365 indigeo
623 1337 642 1358 a
656 1329 737 1358 malo
752 1329 890 1363 relevari,
906 1331 935 1357 et
949 1328 979 1356 in

195 1377 278 1405 omni
295 1377 378 1406 bono
393 1377 504 1406 restitui
525 1387 530 1405 :
548 1379 575 1405 et
592 1377 662 1405 ideo
683 1376 832 1413 stupendo
854 1376 979 1405 consilio

191 1425 303 1460 justitia
322 1425 413 1453 subiit.
428 1427 562 1459 reatum,
584 1427 616 1452 ut
632 1425 828 1459 Justiticemur
842 1432 860 1453 a
880 1424 977 1459 malo;

195 1473 349 1509 opulentia
367 1472 534 1508 defectum,
556 1474 588 1500 ut
607 1472 824 1508 locupletemur
839 1472 870 1499 in
884 1471 977 1499 bono.

195 1521 265 1548 Eum
280 1520 360 1548 enim
370 1521 380 1537 ²
393 1522 441 1556 qui
456 1529 509 1548 non
522 1523 633 1548 noverat
645 1521 754 1548 omnino
764 1522 913 1555 peccatum,
926 1519 981 1547 sci-

195 1567 263 1596 licet
277 1568 466 1596 Innocentem
479 1569 588 1602 iesum,
603 1569 652 1603 qui
661 1568 671 1584 ³
683 1570 821 1603 peccatum
835 1575 887 1594 non
901 1568 980 1601 secie,

194 1624 241 1643 uec
255 1617 380 1643 inventus
394 1618 432 1643 cst
446 1616 524 1643 dolus
540 1617 569 1642 ιἰι
584 1624 629 1643 ore
644 1615 712 1650 ejus,
728 1614 739 1629 ¹
753 1615 814 1649 [ecit
833 1617 901 1642 Deus
918 1623 980 1649 pec-

195 1666 284 1691 catum
295 1671 345 1699 pro
359 1663 447 1698 nobis,
462 1663 493 1691 id
509 1666 550 1691 est
562 1663 673 1699 peceati
689 1663 780 1691 nostri
796 1664 910 1690 reatum
923 1662 979 1690 sibi

195 1711 346 1747 imposuit.
366 1714 375 1728 '¹
388 1712 520 1739 Dominus
539 1714 631 1746 posui!
651 1713 679 1738 ιἰι
698 1719 727 1738 eo
745 1712 906 1745 ine'qui‘tulcs
927 1718 980 1738 om-

194 1760 271 1786 nium
302 1762 423 1786 nostrum
432 1780 441 1794 ‚
465 1758 475 1773 ²
498 1761 528 1786 ut
553 1760 719 1794 efficeremur
743 1760 857 1792 Justi'ti'a
881 1758 929 1785 Dei
952 1760 979 1784 ιἰι

194 1807 252 1834 illo.
273 1808 294 1835 O
315 1814 383 1834 vere
402 1805 519 1834 felicem
538 1806 756 1841 necessitatem,
773 1805 844 1841 quia
860 1814 896 1833 ex
918 1813 980 1841 quo

196 1854 272 1881 Deus
294 1853 386 1881 homo
409 1855 492 1881 ,iesus
520 1856 654 1882 nostrum
683 1856 798 1881 reatum
823 1852 981 1888 assumpsit

195 1900 390 1935 solvendum,
413 1901 461 1928 vel
480 1909 599 1928 necesse
618 1900 672 1928 suit
695 1902 785 1928 Dcum
802 1900 886 1928 odire
903 1900 980 1936 seip-

197 1956 274 1982 sum,
290 1947 373 1984 quod
389 1950 431 1976 cst
445 1947 642 1984 impossibile,
660 1947 706 1975 vel
721 1947 906 1976 reconciliari
923 1948 979 1976 ho-

196 1995 308 2023 minem
321 2003 416 2030 reum,
429 1995 513 2031 quod
527 1995 650 2031 quidem
661 1997 704 2023 est
716 1997 774 2023 Deo
788 1995 979 2031 acceptabile,

197 2045 223 2071 et
238 2043 277 2071 ab
293 2043 358 2079 ipso
372 2042 527 2070 intentum.

232 2090 362 2126 Septimo
382 2089 472 2118 subiit
489 2089 642 2126 opulentia
660 2092 830 2125 egestatem,
849 2093 878 2118 ut
898 2090 980 2118 locu-

195 2137 342 2174 pletemur
357 2137 387 2165 in
401 2145 504 2174 regno.
516 2137 527 2153 ⁵
538 2137 620 2165 Scitis
633 2139 751 2172 qratiam
768 2139 878 2165 Domini
894 2140 981 2166 nostri

194 2185 258 2213 ,lesit
274 2185 390 2219 Christi,
406 2187 534 2220 quoniam
549 2193 606 2212 cum
625 2188 692 2213 essct
708 2186 794 2220 diues,
807 2189 920 2222 propter
934 2195 980 2214 nos

196 2240 292 2267 egenus
307 2234 398 2266 factus
414 2235 464 2268 cst,
480 2236 511 2260 ue
529 2233 607 2260 illius
628 2235 724 2268 inopia
743 2233 841 2261 <livitus
856 2241 978 2262 essemus.

197 2281 219 2308 Ο
235 2281 380 2316 quantum
396 2280 575 2308 deberemus
590 2288 652 2309 esse
672 2280 855 2317 locupletati,
871 2282 981 2318 quibus

197 2328 271 2355 Deus
290 2328 405 2355 tantum
425 2327 525 2362 dedit,
542 2328 626 2363 quod
641 2328 741 2356 nudus
758 2331 785 2357 et
803 2337 919 2365 pauper
936 2338 981 2358 re-

196 2375 319 2403 mansit!
338 2374 408 2404 Vide
417 2374 533 2404 felicem
547 2376 762 2411 necessitatem,
772 2376 802 2404 iu
813 2385 873 2413 qua
888 2385 918 2405 se
929 2385 981 2413 po-

229 2486 233 2500 ¹
251 2485 337 2512 neor..
361 2491 382 2515 ι,
403 2488 425 2509 3.
445 2498 468 2501 -
494 2485 503 2500 “-’
524 2486 541 2508 ll
563 2485 633 2515 Corn,
656 2491 680 2516 v,
704 2487 743 2509 21.
759 2499 788 2503 —
808 2487 815 2499 ³
834 2487 840 2510 Ι
858 2487 936 2518 Pena,
951 2494 979 2518 11,

197 2522 236 2544 22.
250 2531 283 2537 -
298 2521 308 2537 ¹¹
322 2521 382 2551 Isa..
403 2524 551 2551 L111,ti.—
570 2522 580 2538 ⁸
596 2521 615 2545 ll
638 2521 707 2550 Cora,
725 2528 787 2552 viii,
803 2526 826 2547 υ.
842 2537 871 2540 -
887 2524 896 2537 s·
910 2523 979 2547 Psnl.

197 2563 296 2586 xum,
315 2559 337 2580 3.
354 2570 384 2575 -
405 2558 412 2571 ⁷
435 2558 522 2588 Rern„
547 2558 571 2581 ιιι
587 2558 683 2589 Evanq.
704 2558 774 2582 Doni.
795 2560 979 2590 t,110<v!octm·.

197 2593 301 2624 Empti„
317 2600 394 2617 serm.
420 2600 441 2624 i,
464 2602 488 2617 ιι.
512 2596 534 2617 4.
550 2607 579 2611 —
600 2594 669 2624 ³111„
686 2595 711 2618 ιἰι
728 2595 840 2618 Annum.
857 2595 885 2619 B.
902 2596 980 2626 Maru,

197 2636 275 2653 scrin.
300 2635 328 2659 11,
351 2637 376 2653 n.
393 2632 416 2655 3.
435 2643 465 2648 -
487 2630 497 2646 ⁹
514 2630 560 2661 td„
581 2630 610 2654 de
633 2630 680 2654 rol.
704 2632 781 2656 nostr.
813 2632 906 2656 [vlunt.
933 2633 980 2656 Dei

197 2665 298 2696 κώμῃ,
316 2666 345 2689 dc
360 2667 462 2692 :iim-s„
479 2674 557 2691 scrin.
576 2673 652 2693 xxvi,
672 2675 697 2690 ιι.
717 2669 738 2692 4.
753 2681 783 2685 -
803 2669 821 2684 ¹·
839 2669 920 2695 Pron..
938 2676 976 2699 iii,

1033 280 1092 310 suit
1109 288 1168 319 pro
1185 279 1286 318 nobis,
1301 287 1405 310 amore
1421 280 1525 310 nostro
1543 279 1656 318 ebrius,
1669 279 1815 311 benedic-

1032 329 1080 357 tus
1093 329 1176 358 Jesus
1183 350 1194 366 ,
1209 328 1282 366 quia
1295 335 1416 358 necesse
1429 329 1474 358 est
1489 328 1646 359 hominem
1658 329 1772 359 restitui
1784 329 1816 359 in

1033 383 1178 413 regnum,
1200 375 1372 415 vel-‚iesum
1392 383 1498 414 regem
1519 385 1539 406 a
1557 384 1653 414 regno
1675 377 1816 414 exulare,

1033 426 1197 462 postquam
1209 424 1277 463 ipse
1287 420 1420 457 mitani
1433 420 1593 463 assumpsit
1604 425 1750 464 inopiam,
1764 427 1794 456 et
1806 427 1818 445 ⁸

1033 473 1117 501 simul
1133 475 1165 501 in
1185 481 1271 501 uniam
1289 473 1471 503 conveniunt
1491 474 1567 503 dives
1586 477 1614 503 et
1633 482 1752 511 pauper.
1771 474 1818 504 Sic

1034 527 1123 556 ergo,
1142 520 1245 549 anima
1263 529 1349 556 mea,
1367 523 1436 550 tuus
1455 522 1555 557 Iesus,
1577 523 1654 551 Deus
1673 523 1818 558 aeternus,

1034 568 1193 604 assumpsit
1209 568 1390 605 novitatem,
1405 570 1439 598 ut
1453 569 1481 598 ei
1500 569 1640 606 attineas;
1655 569 1819 598 immensus

1031 614 1222 651 brevitatem,
1242 617 1275 644 ut
1291 623 1362 645 eum
1378 615 1523 653 accipias;
1543 616 1736 654 pulchritudo
1754 616 1813 646 ob-

1032 662 1213 696 scuritatem,
1225 665 1259 691 ut
1269 671 1339 692 eum
1352 663 1480 700 attingas
1485 673 1494 700 3
1505 663 1739 701 sapientissimus
1747 663 1817 692 sim-

1033 709 1210 746 plicitatem,
1226 718 1264 739 ne
1279 711 1454 748 erubescas3
1468 710 1646 740 fortissimus
1664 710 1819 740 infirmita-

1034 759 1110 793 tem,
1130 765 1170 795 ne
1189 758 1414 795 contremiscas;
1434 758 1614 795 justissimus
1631 751 1819 794 reatum,'ut

1031 804 1200 841 justificeris
1223 814 1242 834 a
1262 806 1342 835 malo
1353 815 1363 842 3
1385 805 1628 844 opulentissimus
1651 805 1818 842 defectum,

1034 854 1067 881 ut
1079 852 1269 890 locupleteris
1281 853 1312 882 in
1327 853 1421 883 bono.
1437 855 1503 883 flaeo
1517 853 1682 883 Ubertinus.

1241 951 1520 986 COLLATm
1556 926 1628 986 11.-

1283 1025 1322 1052 De
1337 1025 1434 1052 timore
1448 1025 1570 1053 Domini.

1073 1097 1158 1131 Aqua
1171 1094 1322 1132 sapientiae
1335 1094 1474 1124 salutaris
1487 1095 1554 1125 sons
1567 1095 1646 1131 vitae,
1660 1098 1694 1136 et·
1702 1095 1819 1125 initium

1035 1142 1186 1179 sapientiae
1209 1142 1299 1172 timor
1321 1143 1438 1172 Domini
1457 1146 1509 1172 est.
1531 1143 1577 1172 Ait
1600 1143 1766 1172 Bernardus
1782 1144 1818 1172 ⁷:

1037 1200 1051 1216 α
1065 1190 1179 1227 Optime
1194 1189 1372 1227 refrigerans
1386 1190 1518 1220 animam
1533 1191 1568 1227 (a)
1585 1191 1683 1220 noxiis
1700 1190 1818 1220 deside-

1034 1238 1085 1265 riis
1108 1239 1298 1274 aestuantem,
1321 1237 1423 1274 jacula
1450 1237 1562 1267 inimici
1589 1241 1697 1276 potens
1723 1238 1818 1267 extin-

1036 1293 1136 1321 guere.
1150 1297 1164 1311 »
1187 1286 1199 1303 ⁸
1221 1296 1235 1312 «
1257 1287 1289 1314 ln
1306 1286 1463 1321 omnibus,
1482 1287 1512 1315 et
1525 1294 1580 1323 per
1597 1286 1699 1315 omnia
1720 1286 1819 1323 pietati

1035 1333 1243 1369 proximorum
1262 1333 1351 1362 timor
1372 1334 1489 1363 Domini
1508 1333 1710 1371 praet'erendus
1728 1336 1781 1364 est.
1802 1345 1817 1362 n

1036 1382 1046 1398 ⁹
1062 1392 1073 1405 «
1088 1380 1142 1415 Qui
1156 1381 1294 1410 timorem
1309 1381 1424 1410 Domini
1438 1389 1558 1418 semper
1570 1381 1661 1411 habet
1674 1389 1736 1418 prae
1749 1389 1820 1411 ocu-

1036 1427 1083 1463 lis,
1100 1429 1120 1445 ¹⁰
1132 1430 1182 1456 riae
1195 1429 1253 1460 eius
1265 1430 1396 1465 pulchroe,
1412 1432 1438 1458 et
1452 1437 1540 1458 omnes
1554 1431 1658 1458 semilae
1671 1430 1727 1465 ejus
1739 1431 1818 1466 paci-

1035 1477 1101 1510 ficoe.
1118 1485 1131 1502 »
1154 1476 1173 1494 ¹¹
1193 1486 1207 1502 ιι
1231 1477 1291 1505 Stat
1311 1476 1498 1514 propositum
1519 1477 1584 1512 Dei,
1604 1479 1660 1506 stat
1675 1476 1818 1506 sententia

1036 1523 1118 1559 pacis
1132 1531 1222 1560 super
1237 1524 1370 1553 timentes
1385 1533 1464 1559 eum,
1478 1524 1613 1561 ipsorum
1627 1524 1818 1554 dissimulans

1036 1570 1129 1606 mala,
1147 1573 1176 1599 et
1190 1579 1386 1600 remunerans
1401 1572 1483 1601 bona
1499 1581 1506 1600 ε
1523 1574 1555 1600 ut
1573 1572 1650 1601 miro
1668 1571 1761 1601 modo
1776 1572 1818 1600 eis

1037 1618 1074 1654 (b)
1087 1619 1178 1655 bona,
1189 1620 1223 1657 (c)
1239 1622 1267 1648 et
1278 1620 1357 1649 mala
1371 1622 1569 1657 cooperentur
1579 1620 1609 1648 in
1622 1620 1748 1649 bonum.
1762 1630 1776 1648 n
1788 1621 1819 1649 ln

1037 1667 1158 1695 veritate
1169 1667 1270 1702 didici,
1282 1667 1324 1696 nil
1334 1670 1393 1697 tam
1400 1669 1506 1697 efficax
1514 1668 1553 1696 ad
1565 1668 1691 1704 gratiam
1702 1675 1821 1705 prome-

1037 1714 1179 1750 rendam,
1195 1715 1400 1750 retinendam,
1416 1718 1445 1744 et.
1458 1715 1714 1752 recuperandam,
1730 1723 1820 1752 quam

1037 1761 1061 1789 si
1077 1762 1158 1790 omni
1175 1765 1309 1799 tempore
1325 1771 1426 1791 coram
1445 1765 1504 1791 Deo
1519 1763 1681 1792 inveniaris
1695 1771 1758 1792 non
1773 1762 1819 1792 al-

1038 1811 1100 1837 tum
1115 1817 1236 1846 sapere,
1252 1811 1306 1838 sed
1321 1810 1435 1839 timere.
1452 1813 1554 1839 Beatus
1567 1819 1616 1845 eS,
1630 1811 1655 1839 si
1670 1818 1722 1839 cor
1736 1814 1820 1839 tuum

1039 1855 1145 1892 triplici
1159 1856 1264 1885 timore
1280 1857 1450 1894 repleveris,
1465 1859 1497 1886 ut
1511 1858 1613 1886 timeas
1628 1858 1752 1895 quidem
1766 1866 1822 1895 pro

1039 1906 1161 1940 accepta
1173 1904 1278 1940 gratia,
1289 1905 1379 1942 longe
1392 1905 1522 1942 amplius
1534 1913 1589 1942 pro
1603 1905 1722 1940 amissa,
1732 1905 1822 1941 longe

1038 1951 1105 1987 plus
1127 1959 1182 1987 pro
1205 1954 1390 1989 recuperata.
1410 1953 1490 1981 Time
1513 1960 1584 1989 ergo
1604 1961 1674 1981 cum
1695 1952 1822 1981 arriserit

1038 2000 1149 2035 gratia,
1164 2000 1234 2028 time
1250 2008 1320 2029 cum
1335 2001 1458 2036 abierit,
1474 2001 1544 2029 time
1563 2008 1632 2029 cum
1650 2000 1751 2029 denuo
1771 2008 1820 2028 re-

1039 2047 1171 2076 vertitur.
1192 2049 1266 2076 Cum
1285 2048 1378 2082 adest,
1393 2048 1473 2084 time,
1496 2056 1532 2076 ne
1552 2047 1672 2084 indigne
1691 2047 1823 2084 opereris

1039 2102 1074 2122 cx
1091 2103 1137 2123 ca.
1155 2095 1175 2112 ¹²
1189 2095 1217 2124 Si
1232 2096 1396 2129 recesserit.
1413 2095 1509 2124 multo
1524 2095 1621 2132 magis
1637 2095 1820 2130 timendum,

1039 2143 1111 2179 quia
1132 2143 1184 2171 ubi
1209 2143 1262 2171 tibi
1284 2143 1383 2171 deficit
1404 2143 1513 2180 gratia,
1538 2143 1580 2171 ibi
1601 2142 1704 2172 deficis
1727 2145 1756 2172 et
1777 2144 1819 2171 tu.

1038 2190 1117 2218 Time
1133 2198 1206 2227 ergo
1224 2191 1374 2220 subtracta
1393 2193 1502 2228 gratia,
1522 2195 1666 2229 tanquam
1683 2201 1756 2222 mox
1770 2200 1820 2222 ca·

1038 2246 1135 2266 surus.
1150 2239 1241 2271 Time,
1251 2239 1323 2276 quia
1335 2239 1457 2276 reliquit
1470 2242 1496 2268 te
1512 2240 1647 2270 custodia
1660 2243 1720 2270 tua.
1735 2242 1754 2259 ¹³
1764 2242 1820 2270 Pro

1039 2286 1276 2323 omnitempore
1297 2287 1367 2315 time
1389 2288 1498 2323 Deum,
1521 2289 1549 2316 et
1571 2296 1607 2317 ex
1628 2289 1711 2317 omni
1729 2288 1819 2318 corde

1039 2335 1099 2362 tuo.
1117 2335 1195 2363 Tune
1212 2334 1334 2362 demum
1347 2335 1371 2362 si
1384 2335 1484 2372 plene,
1499 2335 1522 2364 si
1535 2335 1663 2373 perfecte
1678 2337 1820 2372 timueris,

1039 2380 1123 2410 dabit
1138 2382 1190 2410 tibi
1206 2390 1345 2418 saporem
1361 2382 1508 2412 charitatis
1524 2383 1571 2420 (d).
1589 2394 1603 2411 »

1039 2476 1076 2499 Π.
1100 2489 1126 2492 -
1151 2476 1167 2491 ¹·
1193 2476 1284 2507 Ber-n„
1311 2476 1335 2499 in
1358 2476 1443 2505 Cant„
1472 2483 1548 2501 serm.
1569 2482 1650 2508 xxiii,
1673 2484 1700 2503 n.
1726 2479 1765 2503 ¹5.
1788 2491 1818 2497 —

1043 2512 1061 2527 ¹²
1077 2511 1152 2542 ibid„
1170 2518 1247 2536 serni.
1265 2517 1318 2543 niv,
1332 2519 1359 2537 n.
1376 2514 1399 2537 9.
1410 2526 1440 2531 -
1453 2513 1473 2530 ¹³
1486 2513 1561 2545 ibid„
1574 2520 1602 2538 n.
1617 2515 1655 2539 10.
1668 2527 1696 2532 —
1709 2513 1818 2546 1*Ιὶ>ἰᾱ.,

1039 2555 1064 2572 ιι.
1083 2549 1119 2572 ¹2.

1069 2601 1099 2629 (a)
1127 2601 1165 2624 lta
1193 2600 1305 2631 Mabiu„
1327 2603 1382 2626 coet.
1411 2601 1474 2626 edit.
1499 2602 1560 2626 add.
1586 2603 1612 2627 in
1638 2602 1767 2628 omnibus.
1787 2616 1818 2621 —

1039 2636 1072 2667 (b)
1089 2636 1177 2668 Suppl.
1193 2643 1246 2661 non
1261 2637 1350 2662 modo.
1364 2650 1396 2655 —
1406 2638 1437 2669 (c)
1450 2638 1539 2670 Suppl.
1556 2639 1609 2664 sed.
1620 2651 1651 2657 —
1668 2638 1706 2669 (d)
1718 2639 1817 2664 Mabu'u.

1037 2672 1106 2696 dabit
1127 2673 1219 2697 vni-itas
1239 2681 1358 2705 saporem
1372 2674 1446 2706 equis
1462 2676 1521 2700 tuis.

2012 2490 2029 2789 ,wa—bh.
2024 2423 2029 2480 Q..
