2060 3052
617 227 668 260 DE
690 227 746 260 SS.
770 226 1000 260 APOSTOLIS.
1025 226 1158 259 SERMO
1181 227 1220 259 ll.
1708 228 1727 257 5

107 297 233 326 cessario
257 297 297 326 ad
320 297 426 325 infima
447 295 560 324 transit.
584 295 684 324 Omnis
706 295 786 324 enim
801 303 887 323 casus

107 345 150 372 est
164 343 203 372 ab
218 344 277 373 alto
290 344 324 373 in
337 344 441 372 imum.
458 344 568 378 Quare,
583 343 637 371 ubi
656 342 759 370 nullus
780 343 823 370 est
843 342 888 370 lo-

107 399 158 419 cus
186 391 279 426 altus,
304 390 404 419 nullus
432 391 529 426 potest
553 398 615 418 esse
646 389 764 426 penitus
791 396 885 417 casus.

107 439 221 472 Quanto
236 438 307 466 situs
321 440 364 466 est
377 437 480 472 altior,
496 438 577 466 tanto
593 444 678 465 casus
694 438 736 464 est
755 436 886 472 gravior.

107 487 180 514 Cum
195 493 266 521 ergo
279 484 400 512 humilis
414 484 444 512 in
456 484 518 513 imo
533 492 564 512 se
574 483 669 521 ponit,
682 483 765 520 quod
780 483 887 511 cadere

106 539 168 560 non
181 531 283 569 possit,
300 533 395 559 certus
410 531 516 560 existit.

143 578 297 613 Secundo,
317 578 406 607 stellae
431 580 499 607 sunt
528 578 617 606 valde
640 577 782 614 pulchrae.
811 576 888 611 Quid

106 627 186 655 enim
199 626 352 663 pulchrius
366 626 452 654 luce‘?
462 626 490 654 Si
505 625 585 653 enim
600 625 716 662 absque
732 625 798 653 luce
813 624 888 652 nihil

106 676 149 703 est
160 673 335 711 pulchrum,
350 673 422 709 quia
436 680 526 701 omne
539 672 623 709 quod
642 674 685 700 est
705 672 886 707 obscurum,

105 721 195 749 nullis
209 720 347 748 humanis
362 719 456 748 oculis
474 721 516 747 est
537 719 693 756 pervium,
708 719 765 747 nisi
785 727 802 747 a
821 718 888 746 luce

104 768 192 796 fuerit
205 767 402 802 illustratum3
417 768 507 795 restat
519 766 617 795 lucem
633 766 722 794 talem
736 774 798 794 esse
818 765 887 802 pul-

105 815 300 849 cherrimam,
324 822 390 851 quae
411 814 516 842 ‚existit
539 813 636 842 omnis
658 812 888 850 pulchritudinis

105 870 195 891 causa
219 870 226 890 z
251 861 323 898 quia
347 870 361 888 «
386 863 508 898 Propter
532 861 617 897 quod
646 860 887 897 unumquodque

105 909 177 944 tale,
200 910 228 937 et
245 909 322 937 illud
343 908 455 944 magis,
467 918 480 934 »
497 910 530 936 ut
551 908 748 944 Philosophus
764 909 772 925 ²
793 907 863 935 dicit
879 918 886 936 ι

105 956 158 985 sed
173 956 249 984 nihil
263 956 344 984 aliud
365 958 407 984 est
421 955 523 991 stella,
540 963 631 992 quam
646 954 698 982 lux
713 955 743 982 in
764 963 819 983 suo
842 963 889 982 or-

105 1003 174 1032 dine
195 1005 357 1040 aggregata
373 1012 379 1031 :
402 1011 474 1038 ergo
494 1003 579 1031 stella
599 1002 637 1030 de
656 1002 701 1030 sui
720 1003 826 1030 natura
846 1004 888 1030 est

104 1050 314 1087 pulcherrima.
329 1050 373 1079 Sic
390 1051 418 1078 et
432 1050 525 1078 sancti
536 1049 669 1086 Apostoli
684 1049 804 1077 fuerunt
822 1049 888 1085 pul-

105 1097 167 1125 chri
181 1106 234 1134 per
248 1097 315 1126 vitas
329 1097 535 1125 honestatem:
561 1096 680 1124 fuerunt
702 1097 782 1124 enim
807 1096 887 1124 simi-

104 1145 147 1173 les
162 1144 253 1173 stellae
268 1144 322 1179 illi,
338 1153 405 1180 quae
420 1144 527 1172 dicitur
539 1144 688 1178 Matutina,
703 1152 779 1180 quae,
792 1143 888 1172 stella-

104 1200 172 1220 rum
185 1191 406 1228 pulcherrima,
422 1191 482 1219 diei
497 1193 540 1219 est
554 1191 668 1219 nuntia.
685 1191 765 1219 Unde
787 1194 815 1219 et
834 1193 888 1218 Ve-

104 1247 161 1267 nus
175 1238 361 1275 appellatur,
379 1240 407 1266 et
421 1238 505 1266 stella
526 1238 633 1273 Diana;
658 1246 693 1266 eo
713 1238 798 1275 quod
813 1238 889 1266 Solis

105 1285 280 1322 praenuntia,
291 1286 352 1313 tota
367 1286 410 1313 est
421 1285 551 1313 radiosa.
561 1285 642 1313 Unde
658 1285 783 1321 quilibet
797 1287 888 1321 Apos-

104 1333 182 1361 tolus
198 1332 296 1361 dicere
310 1334 426 1369 poterat
442 1332 518 1360 illud
533 1333 543 1349 2
561 1341 567 1359 :
588 1342 601 1358 (ι
617 1334 677 1367 Ego
691 1332 776 1360 stella
790 1331 888 1368 splen-

105 1380 187 1415 dida,
204 1388 259 1415 ego
275 1379 359 1408 stella
373 1379 527 1407 matutina.
545 1390 559 1406 »
577 1381 610 1407 Et
629 1380 666 1407 de
686 1379 744 1414 eis,
766 1380 888 1415 propter

104 1427 263 1455 honestatis
277 1427 379 1462 vitam,
392 1427 558 1454 secundum
571 1426 759 1462 Fulgentium
774 1427 783 1443 ³
799 1434 888 1462 expo-

104 1474 183 1502 nitur
205 1473 281 1501 illud
303 1474 487 1501 Ecclesiastici
502 1473 538 1509 (a)
555 1474 564 1490 Ι·
593 1482 599 1500 :
627 1483 638 1499 a
661 1473 778 1509 Species
802 1473 887 1508 coeli,

105 1520 201 1556 gloria
222 1520 375 1548 stellarum
398 1529 404 1548 :
422 1531 435 1546 »
463 1520 552 1556 quia,
576 1520 651 1548 sicut
673 1519 763 1548 stellae
782 1522 889 1548 ornant

105 1567 253 1595 coelestem
267 1569 416 1600 naturam,
432 1567 472 1594 sic
487 1566 621 1602 Apostoli
636 1568 818 1595 ornaverunt
833 1569 889 1594 sta-

106 1616 167 1642 tum
181 1613 325 1642 Ecclesiae.
345 1613 427 1641 Unde
454 1613 607 1641 assimilati
630 1616 698 1641 sunt
721 1621 738 1641 a
762 1614 887 1642 Domino

105 1661 165 1689 luci
179 1661 210 1688 ⁵:
230 1671 244 1687 α
259 1662 333 1695 Vos,
350 1671 363 1687 ι)
382 1660 496 1697 inquit,
520 1670 535 1686 «
555 1660 622 1688 estis
645 1661 697 1689 lux
722 1661 829 1689 mundi
848 1670 854 1688 :
872 1671 885 1686 »

105 1708 190 1744 quia,
205 1707 279 1736 sicut
297 1708 348 1735 lux
368 1710 410 1735 est
429 1709 490 1736 tota
509 1707 650 1744 pulchra,
676 1708 888 1744 pulchrificans

104 1763 158 1783 sua
179 1754 335 1791 praesentia
358 1755 477 1790 omnia,
502 1763 568 1790 nec,
590 1755 735 1783 transiens
758 1763 812 1791 per
826 1763 889 1783 sor-

105 1802 192 1837 dida,
215 1801 250 1829 fit
273 1802 450 1836 immunda,
475 1802 517 1829 sic
541 1802 634 1830 sancti
657 1802 789 1838 Apostoli
821 1805 889 1830 sunt

104 1849 219 1877 lumina
245 1849 386 1883 radiosa,
415 1848 506 1877 totius
538 1849 700 1877 honestatis
734 1849 887 1885 exempla-

105 1896 164 1930 ria,
185 1896 216 1923 in
240 1896 324 1923 nullo
347 1895 465 1931 penitus
495 1896 634 1931 sordida,
660 1896 707 1923 vel
732 1898 887 1932 corrupta,

105 1942 158 1970 sed
182 1950 200 1971 a
221 1943 360 1971 sordibus
387 1943 462 1971 alios
486 1943 642 1971 trahentia.
669 1943 726 1970 Sed
750 1943 816 1979 quis
834 1943 888 1970 ho-

105 1991 247 2017 nestatem
276 1990 390 2018 habet?
413 1990 503 2018 Debet
526 1998 656 2026 namque
680 1990 819 2018 honestas
842 1998 888 2018 ra-

106 2036 198 2064 dicari
217 2036 247 2064 in
264 2037 369 2072 corde,
387 2038 417 2065 et
435 2037 619 2065 manifestari
643 2037 673 2065 in
699 2045 749 2065 ore
771 2039 799 2065 et
818 2045 889 2073 ope-

106 2092 152 2119 re,
177 2085 209 2111 ut
230 2085 374 2120 appareat
401 2084 432 2111 in
460 2084 598 2112 exteriori
626 2084 747 2116 habitu,
772 2086 799 2112 et
822 2084 889 2120 pul-

107 2130 239 2158 chrescat
261 2131 292 2158 in
315 2130 390 2158 visu.
414 2132 506 2159 Nemo
533 2131 692 2159 honestum
715 2139 746 2159 se
771 2131 887 2166 credat,

107 2177 131 2204 si
152 2177 308 2205 inhonesta
330 2178 520 2213 vestimenta,
541 2178 589 2205 vel
608 2177 667 2206 alia
689 2178 821 2214 corporis
846 2179 888 2206 in-

108 2224 250 2252 dumenta
275 2224 402 2259 deferat,
422 2224 446 2252 si
470 2224 624 2252 inhoneste
646 2224 779 2260 incedat,
801 2226 825 2252 si
845 2226 886 2252 in-

106 2271 231 2298 honesta
255 2270 366 2306 audiat,
381 2272 409 2299 et
423 2271 447 2298 si
463 2272 619 2300 inhonesta
632 2271 758 2300 libenter
775 2272 885 2300 videat.

106 2320 194 2353 Nam,
229 2318 305 2346 sicut
331 2319 509 2354 Augustinus
534 2320 544 2336 θ
569 2320 655 2354 dicit,
685 2330 697 2346 «
717 2321 888 2357 impudicus

107 2365 211 2393 oculus
228 2365 373 2401 impudici
393 2365 491 2394 cordis
507 2368 549 2394 est
570 2367 699 2395 nuntius.
715 2379 727 2393 »
747 2370 778 2396 Et
792 2368 833 2396 sic
847 2370 889 2396 cst

107 2412 144 2440 de
155 2412 298 2440 omnibus
307 2412 443 2440 sensibus
453 2413 537 2440 cordi
550 2414 769 2442 obedientibus.
780 2426 792 2440 «
804 2415 859 2450 Sic,
872 2426 884 2441 n

108 2459 179 2487 dicit
195 2459 337 2487 Dominus
351 2460 372 2495 ⁷,
391 2470 404 2486 «
419 2460 517 2487 luceat
530 2460 579 2488 lux
597 2464 695 2490 vestra
710 2470 811 2490 coram
832 2462 888 2490 ho-

139 2521 147 2536 ¹
169 2520 257 2551 Arist.,
280 2521 376 2544 Poster.
398 2520 483 2548 Anah,
502 2520 546 2544 lib.
566 2521 587 2551 Ι,
608 2523 670 2546 text.
690 2524 712 2545 5.
729 2536 758 2540 —
774 2523 782 2537 ²
800 2524 886 2554 Aper„

109 2561 179 2586 xxii,
203 2558 242 2579 16.
263 2569 293 2573 —
314 2556 323 2572 ³
350 2556 465 2587 Futgent.
487 2570 518 2574 —
543 2557 552 2572 ⁴
581 2557 665 2587 Ecca„
692 2565 769 2589 xmu,
799 2561 835 2582 10.
857 2573 888 2576 —

108 2591 117 2607 ⁵
131 2591 233 2621 Malth„
255 2598 278 2621 v,
297 2593 321 2614 ti
348 2605 379 2609 —-
398 2592 406 2605 ‘¹
422 2593 497 2623 Aug„
518 2592 601 2623 Iteyul.
617 2593 652 2615 all
665 2601 728 2617 serv.
746 2594 806 2624 vet,
821 2602 847 2617 n.
863 2597 886 2618 fi.

110 2640 135 2642 —
162 2627 171 2643 ⁷
195 2627 299 2656 Mansa,
321 2633 345 2657 v,
370 2628 407 2651 16.
431 2640 456 2644 —-
479 2630 487 2641 ὅ
502 2628 638 2658 sotularis,
662 2629 701 2653 vel
722 2630 832 2659 sotular,
851 2633 889 2654 cst

111 2662 190 2686 calcei
210 2669 291 2693 genus
313 2670 328 2686 a
347 2663 417 2687 solea
437 2663 549 2694 dictum,
569 2666 596 2688 ut
614 2664 705 2695 legitur
722 2666 747 2688 in
767 2665 888 2690 dictiona-

112 2698 165 2723 riis,
189 2699 241 2722 Hac
260 2699 423 2730 voce,jux1a
446 2700 562 2731 quaedam
584 2701 752 2732 exemplaria,
769 2709 829 2725 usus
852 2704 889 2726 est

944 294 1092 330 minibus,
1109 297 1141 323 ut
1153 295 1274 323 videant
1286 303 1379 331 opera
1394 296 1492 323 vestra
1505 295 1602 329 bona,
1622 295 1651 323 et
1663 293 1728 331 glo-

943 342 1058 370 rificent
1081 343 1194 370 Patrem
1218 343 1366 376 vestrum,
1390 341 1442 378 qui
1463 341 1494 369 in
1509 341 1592 370 coelis
1606 343 1658 369 est.
1672 351 1686 368 n
1704 342 1726 370 Ο

945 390 1057 425 quanta
1076 389 1156 417 mala
1177 388 1288 417 faciunt
1307 388 1388 417 mala
1407 388 1561 425 exempla,
1585 389 1614 416 et
1636 388 1729 417 verba

943 435 1117 464 inhonesta!
1135 435 1179 465 Sic
1195 438 1297 464 contra
1313 436 1352 464 ad
1366 436 1482 464 bonum
1507 435 1630 464 incitant
1646 436 1728 464 bona

944 483 1092 519 exempla,
1109 485 1137 510 et
1148 483 1282 511 animant
1296 483 1378 511 bona
1393 483 1495 511 verba.
1512 484 1586 511 Nam
1597 485 1624 511 et
1638 483 1727 519 cygni

945 529 1083 558 dicuntur
1098 529 1185 558 nidos
1199 530 1386 566 relinquere,
1406 531 1434 558 et
1453 530 1492 558 ad
1506 530 1574 558 loca
1588 530 1728 567 proxima

945 576 1098 612 devolare,
1112 578 1144 604 ut
1158 576 1282 605 audiant
1295 577 1433 605 homines
1450 579 1580 613 cantare,
1597 579 1625 605 et
1638 577 1727 605 labo-

944 632 1024 657 rare,
1042 625 1070 651 et
1084 623 1205 652 easdem
1222 632 1291 651 cum
1309 624 1482 652 hominibus
1502 624 1650 652 melodias
1669 623 1728 652 for-

944 679 1037 698 mare.
1053 672 1126 699 Nam
1141 671 1226 698 multi
1239 673 1306 698 sunt
1321 671 1431 699 similes
1446 671 1538 700 simiae
1548 693 1556 706 ,
1576 679 1644 708 quae
1666 673 1728 699 ten-

944 719 985 746 tat
998 717 1099 746 omnia
1113 717 1221 753 facere,
1239 726 1305 754 quae
1315 718 1397 746 videt
1412 718 1540 754 operari.
1557 718 1638 746 Unde
1654 720 1682 746 et
1696 727 1727 747 se

945 765 1126 793 sotularibus
1136 766 1146 782 ⁸
1163 765 1282 799 calceat,
1296 767 1324 793 et
1338 765 1440 801 gladio
1455 765 1544 794 ducto
1560 774 1614 801 per
1628 768 1728 801 guttur

945 821 975 841 se
985 813 1113 849 jugulat,
1124 813 1148 841 si
1163 813 1300 841 homines
1315 813 1378 841 haec
1392 813 1489 841 facere
1504 813 1639 842 advertat
1645 824 1654 850 3
1672 822 1727 842 nec

944 860 1091 888 humanas
1106 860 1190 888 novit
1205 859 1327 888 insidias
1345 870 1351 888 z
1367 860 1429 888 haec
1445 861 1525 888 enim
1539 861 1676 889 homines
1696 861 1728 889 in

944 915 975 935 se
989 907 1085 935 facere
1101 907 1304 942 dissimulant,
1320 909 1352 935 ut
1367 915 1433 936 eam
1446 908 1606 944 decipiant.
1623 910 1727 936 Nonne

945 955 1015 991 equi
1029 963 1059 982 se
1075 955 1204 982 exaltant
1219 954 1249 982 in
1268 954 1394 990 praeliis,
1420 955 1493 983 dum
1516 963 1624 983 vocem
1647 956 1726 983 tubas

945 1002 1109 1037 clangentis
1124 1001 1314 1037 intelligunt?
1328 1003 1431 1029 Nonne
1452 1002 1570 1038 pugiles
1591 1003 1728 1031 animan-

944 1051 1003 1085 tur,
1015 1050 1088 1078 dum
1099 1050 1281 1078 clamoribus
1292 1049 1422 1086 partium
1432 1049 1615 1078 excitantur?
1623 1052 1726 1078 Nonne

944 1097 1019 1124 flunt
1044 1098 1083 1125 ad
1107 1105 1242 1133 pugnam
1269 1097 1371 1124 milites
1393 1096 1547 1131 fortiores,
1571 1099 1599 1125 et
1623 1096 1728 1125 fortius

944 1144 1057 1179 agitant
1076 1144 1212 1179 lanceas,
1235 1143 1440 1180 stringuntque
1460 1152 1636 1179 mucrones,
1653 1144 1727 1172 dum

944 1199 1016 1219 voce
1031 1191 1202 1227 pariterque
1216 1191 1354 1226 exemplo
1369 1191 1414 1218 sui
1433 1190 1575 1226 principis
1595 1191 1727 1219 excitan-

944 1240 1014 1266 tur‘?
1030 1240 1069 1266 Ex
1084 1238 1130 1266 his
1145 1239 1285 1266 omnibus
1299 1238 1488 1266 manifestum
1504 1240 1555 1273 est,
1571 1239 1655 1275 quod
1665 1241 1726 1267 tam

945 1286 984 1314 ad
999 1286 1131 1321 bonum,
1148 1294 1238 1322 quam
1261 1285 1300 1313 ad
1320 1285 1451 1320 malum,
1472 1285 1604 1321 plurima
1627 1285 1727 1314 valent

945 1332 1084 1369 exempla
1098 1335 1125 1360 et
1138 1333 1241 1360 verba.
1260 1334 1305 1360 Est
1319 1340 1390 1368 ergo
1410 1335 1566 1369 peccatum
1588 1333 1727 1368 gravissi-

944 1389 1043 1414 mum,
1056 1380 1150 1408 verbo
1165 1380 1214 1407 vel
1229 1388 1319 1416 opere
1335 1387 1527 1415 corrumpere
1542 1379 1727 1415 proximum,

944 1430 971 1455 et
984 1435 1105 1455 omnem
1120 1427 1186 1455 vitae
1201 1427 1387 1455 honestatem
1402 1428 1515 1455 vertere
1530 1427 1560 1454 in
1570 1429 1728 1464 peccatum

944 1476 971 1502 et
985 1474 1116 1510 proximi
1132 1474 1365 1510 corruptionem.

979 1521 1085 1555 Tertio,
1107 1521 1273 1549 secundum
1291 1522 1516 1557 apparentiam,
1541 1522 1631 1550 stellae
1657 1524 1729 1550 sunt

944 1568 1000 1596 sibi
1013 1568 1167 1603 proximae,
1180 1569 1255 1596 sicut
1266 1571 1346 1605 patet
1362 1569 1393 1596 in
1408 1569 1556 1597 sideribus
1569 1569 1693 1604 galaxiae
1705 1570 1727 1603 ⁹,

944 1623 1020 1651 quce,
1037 1615 1218 1651 Philosopho
1226 1617 1314 1650 teste,
1332 1617 1400 1643 sunt
1415 1616 1543 1643 multum
1557 1616 1726 1651 luminosae,

944 1664 972 1690 et
986 1662 1163 1698 propinquas
1175 1663 1204 1690 ¹⁰.
1222 1664 1270 1690 Est
1284 1663 1363 1690 enim
1372 1663 1517 1698 notabile,
1528 1663 1612 1699 quod
1627 1663 1726 1698 stellae,

944 1711 1056 1745 quanto
1072 1710 1129 1737 sibi
1140 1711 1208 1737 sunt
1220 1710 1389 1745 viciniores,
1404 1711 1485 1738 tanto
1499 1712 1567 1737 sunt
1578 1710 1730 1746 pulchrio-

943 1764 999 1791 reS,
1019 1758 1047 1784 et
1061 1757 1184 1792 majoris
1206 1757 1329 1784 luminis
1351 1757 1536 1793 expressivas.
1555 1759 1638 1791 Nam,
1662 1757 1730 1785 licet

943 1803 1044 1838 stellae,
1057 1812 1110 1839 per
1119 1812 1149 1831 se
1165 1804 1366 1838 consideratae,
1380 1804 1505 1839 singulae
1518 1804 1576 1832 sint
1585 1804 1727 1840 pulchrae,

943 1852 1043 1878 tamen
1058 1859 1094 1878 ex
1113 1859 1167 1878 sua
1180 1851 1348 1885 vicinitate,
1370 1851 1443 1878 dum
1461 1851 1518 1878 sibi
1538 1853 1606 1878 sunt
1625 1851 1728 1887 proxi-

943 1906 1009 1932 mae,
1025 1906 1085 1925 non
1102 1898 1201 1926 solum
1217 1901 1284 1926 sunt
1306 1898 1452 1934 pulchrae,
1468 1898 1520 1926 sed
1536 1898 1625 1926 etiam
1639 1898 1727 1926 valde

943 1945 1087 1982 pulchrae,
1101 1945 1172 1981 quia
1186 1945 1285 1981 fulgor
1300 1946 1387 1973 unius
1401 1945 1640 1973 insufficientiam
1655 1954 1727 1982 sup-

943 1993 1005 2028 plet
1020 1992 1139 2020 alterius
1146 2002 1154 2027 3
1173 1993 1270 2020 unitas
1285 1995 1384 2021 autem
1395 2014 1402 2027 ‚
1419 1995 1446 2020 et
1467 1993 1657 2028 proximitas,
1675 2001 1727 2021 au-

943 2042 990 2075 get
1005 2040 1035 2067 in
1051 2040 1091 2067 eis
1108 2039 1268 2067 claritatem
1283 2042 1310 2067 et
1328 2039 1476 2067 virtutem.
1493 2040 1581 2075 Cujus
1595 2040 1670 2068 ratio
1684 2048 1727 2068 as-

942 2087 1075 2122 signatur
1094 2086 1194 2114 multis
1218 2086 1254 2114 de
1276 2087 1381 2114 causis
1406 2087 1479 2120 Quia
1501 2087 1598 2114 omnis
1618 2087 1725 2121 virtus,

943 2136 1056 2170 quanto
1075 2134 1170 2169 magis
1194 2134 1281 2161 fuerit
1302 2133 1395 2168 unita,
1420 2136 1501 2161 tanto
1522 2134 1670 2170 potentior
1685 2137 1727 2162 est

942 2181 973 2208 in
989 2189 1074 2217 opus.
1096 2181 1176 2208 Unde
1200 2181 1292 2208 virtus
1315 2181 1446 2208 duorum
1465 2181 1621 2208 hominum
1637 2181 1728 2209 simul

944 2228 1026 2256 unita
1046 2228 1126 2255 levat
1145 2227 1288 2264 lapidem,
1313 2235 1403 2263 quem
1428 2227 1523 2256 divisa
1545 2235 1607 2255 non
1630 2229 1727 2264 potest

943 2283 1075 2302 movere.
1098 2277 1219 2310 Propter
1238 2274 1321 2310 quod
1337 2276 1364 2302 et
1384 2274 1580 2310 Philosophus
1601 2275 1672 2302 dicit
1687 2275 1725 2309 ¹¹,

943 2322 1028 2357 quod
1042 2321 1183 2349 animalia
1198 2321 1283 2357 parvi
1299 2321 1398 2349 cordis
1411 2322 1479 2348 sunt
1494 2321 1585 2349 animi
1598 2321 1726 2349 fortioris

943 2370 1065 2404 propter
1086 2369 1233 2403 majorem
1255 2369 1402 2396 virtutem.
1422 2368 1466 2396 Sic
1489 2370 1516 2396 et
1537 2368 1629 2396 sancti
1647 2371 1725 2404 Apo-

943 2415 1009 2443 stoli
1028 2423 1082 2451 per
1101 2415 1194 2443 fidem
1208 2416 1327 2443 fuerunt
1350 2415 1405 2443 sibi
1422 2415 1563 2451 proximi,
1588 2415 1656 2442 ideo
1672 2423 1725 2451 per

946 2481 973 2504 B.
989 2480 1069 2510 Hier.,
1085 2480 1129 2503 lib.
1145 2481 1162 2511 1,
1178 2483 1268 2504 contra
1280 2481 1349 2511 Jov.‚
1363 2480 1389 2504 in
1405 2479 1458 2511 fin.;
1471 2486 1539 2503 nuuc
1554 2486 1616 2503 vero
1632 2479 1725 2511 legitur

943 2522 1042 2539 soceris.
1059 2517 1123 2539 Sunt
1143 2516 1185 2546 qni
1200 2516 1280 2539 velint
1291 2516 1383 2539 lectum
1399 2523 1455 2539 esse
1477 2515 1536 2538 olim
1551 2515 1689 2540 soccularis
1709 2523 1724 2539 a

944 2558 1064 2575 socco.-
1086 2553 1095 2565 Ξ·
1117 2551 1225 2574 Galaria
1250 2554 1286 2575 est
1309 2551 1419 2575 circulus
1438 2551 1524 2579 albus,
1545 2558 1621 2582 quem
1643 2552 1724 2575 Graeci

946 2586 1096 2617 Grannum,
1113 2587 1194 2610 Latini
1209 2595 1270 2610 vero
1286 2587 1408 2611 c'z'rculam
1425 2589 1537 2611 vocant:
1554 2588 1615 2617 γάλα
1629 2587 1723 2618 quippe

944 2622 983 2645 lar:
999 2622 1131 2653 fignificat.
1148 2637 1179 2641 -
1203 2624 1219 2637 ¹⁰
1236 2623 1321 2653 Arist„
1340 2623 1453 2651 Meleon,
1468 2622 1512 2646 lib.
1531 2623 1552 2653 l,
1569 2631 1590 2646 u.
1609 2629 1622 2645 v
1643 2625 1667 2647 et
1690 2629 1721 2650 vl,

946 2660 1060 2682 Summa.
1072 2671 1100 2675 —-
1118 2659 1133 2674 ¹¹
1151 2659 1196 2689 Ιι1.,
1212 2658 1241 2682 de
1253 2659 1348 2689 pat-tlh.
1365 2658 1489 2689 Animal„
1503 2658 1547 2682 lib.
1566 2659 1607 2682 111.

979 2702 1012 2732 (a)
1031 2702 1090 2726 Caet.
1108 2702 1168 2726 edit.
1187 2701 1355 2726 Ecclesiaste&

1771 489 1852 509 Exem-

1743 520 1812 546 plum.
