2029 3052
256 274 315 304 148
627 268 678 302 DE
699 266 877 308 QUlNQUE
898 264 1229 299 FESTIVITATIBUS
1251 264 1371 299 PUERl
1392 264 1499 299 JESU.

255 341 287 372 et
300 338 482 371 defensores
502 340 534 370 et
554 338 774 378 cooperatores
795 335 871 374 mei,
887 344 946 367 vos
960 335 1041 367 hac-

255 395 350 426 tenus
363 392 556 435 quaesivistis
568 393 607 423 ut
616 399 740 431 regem,
751 390 809 432 qui
823 399 880 422 vos
894 399 954 422 sua
964 398 1037 430 gra-

254 447 299 479 tia
313 448 495 484 coronaret3
512 447 549 477 ut
562 444 736 482 doctorem,
752 443 810 485 qui
832 452 889 475 vos
905 452 964 474 sua
984 451 1037 474 sa-

255 501 375 542 pientia
389 500 578 536 illustraret;
594 499 631 529 ut
644 497 890 536 consolatorem,
906 496 963 538 qui
976 505 1037 527 sua

255 554 426 587 clementia
449 562 508 586 vos
528 552 684 584 reticeret.
704 550 797 583 Nunc
815 552 973 592 superest,
999 551 1037 580 ut

255 618 317 649 ego
332 616 477 649 quaeram
486 607 591 638 filium
601 615 697 648 quem
712 605 853 647 perdidi;
869 604 1036 643 dilectum,

255 671 352 703 quem
367 661 478 700 amisi;
501 659 762 693 amantissimum
777 659 887 691 Jesum
913 667 1034 697 meum,

253 724 362 756 quem,
379 715 463 748 heul
480 714 591 747 infelix
611 716 643 746 et
659 713 786 752 misera,
805 713 840 744 in
854 712 973 754 templo
987 711 1036 744 di-

253 770 338 810 misi,
363 771 532 812 postquam
554 769 661 801 denuo
681 767 721 800 ad
742 777 825 799 vana
846 769 877 798 et
902 766 981 798 falsa
1006 770 1038 798 et

252 823 363 855 inania
381 832 434 855 me
454 822 609 855 converti.
625 822 711 854 Heul
738 831 790 853 me
807 821 992 853 derelictam
1007 822 1039 852 et

253 878 439 917 desolatam,
455 880 487 909 et
507 877 594 909 omni
617 875 800 916 ignominia
814 875 942 916 plenam
963 875 1038 906 reli-

253 932 334 973 quit.
363 932 469 971 Quare
498 931 566 963 suis
594 931 735 962 consiliis
763 939 828 961 non
857 929 1001 971 acquievi
1022 930 1037 960 ?

254 986 360 1025 Quare
375 987 406 1019 in
419 987 485 1018 suis
499 986 628 1018 monitis
639 994 704 1017 non
715 984 900 1026 permansi?
916 983 1035 1022 Quam-

253 1041 308 1073 diu
323 1051 414 1073 suam
431 1040 635 1082 praesentiam
651 1048 707 1080 per
722 1047 832 1070 veram
848 1038 1036 1070 solationem

253 1097 352 1134 sensi,
367 1096 460 1128 affuit
484 1095 564 1127 mihi
589 1094 696 1127 omnis
716 1093 791 1125 boni
816 1093 1034 1124 abundantia:

253 1150 410 1192 quamdiu
426 1150 533 1191 ipsum
545 1148 656 1187 habui,
667 1147 819 1180 omnibus
833 1146 925 1178 bonis
935 1146 1037 1178 abun-

253 1204 339 1236 davi.
357 1203 431 1243 Sed,
446 1203 526 1235 heu!
544 1211 643 1244 quam
654 1201 765 1233 infelix
781 1203 812 1232 et
826 1210 924 1242 quam
941 1201 1038 1232 mise-

253 1257 381 1290 rabilis!
399 1259 529 1299 propter
545 1257 766 1297 paupertatem
781 1254 874 1286 amisi
892 1254 1034 1292 divitias;

254 1315 382 1353 propter
396 1311 602 1352 asperitatem
615 1309 778 1350 postposui
793 1308 932 1346 delicias,
944 1318 1037 1349 prop-

254 1368 302 1398 ter
310 1375 421 1397 curam
433 1367 463 1396 et
472 1363 718 1396 sollicitudinem
730 1362 883 1403 dereliqui
895 1363 1036 1403 quictem

254 1429 420 1460 magnam,
450 1421 482 1450 et
505 1418 636 1459 spiritns
657 1417 877 1454 dulcedincm;
909 1419 1038 1457 propter

254 1474 396 1505 alienum
407 1472 537 1514 neglexi
549 1472 721 1512 meipsum,
735 1473 864 1512 propter
872 1470 1037 1501 hominem

255 1528 434 1568 regendum
458 1526 577 1567 perdidi
600 1526 699 1557 Deum
728 1535 854 1563 meum,
886 1525 1037 1556 dilectum

256 1591 378 1619 mcum,
409 1581 638 1613 consolatorem
670 1590 790 1617 mcum,
815 1579 1037 1610 dulcissimum

254 1636 375 1674 Jesum,
403 1636 506 1666 tilium
532 1644 653 1665 meum.
679 1634 760 1671 Quid
783 1643 865 1673 ergo
897 1634 1009 1664 t'nciam
1023 1634 1038 1663 Ἰ

255 1700 319 1731 quo
334 1690 475 1722 vadam?
491 1689 546 1721 ubi
567 1697 724 1729 quzrram,
748 1691 783 1718 nt
804 1688 916 1719 iterato
933 1688 1037 1728 ipsum

257 1745 445 1776 inveniam?
470 1743 647 1783 Aliquoties
669 1745 798 1783 propter
824 1742 973 1782 prmdicta
989 1742 1038 1782 ip—

257 1808 329 1830 sum
350 1798 440 1829 aniisi
458 1807 465 1836 ;
491 1797 545 1829 sed
571 1797 677 1828 denuo
703 1796 879 1837 adjiivante
900 1798 928 1826 vt
946 1805 1036 1827 rove-

258 1853 342 1884 lante
364 1851 611 1883 clementissimo
636 1850 727 1882 Patre
747 1850 1038 1881 misericordiarum

260 1907 332 1945 Deo,
342 1907 374 1937 in
390 1908 482 1946 cujiis
491 1905 586 1937 vinca
598 1905 719 1941 laboro,
731 1906 824 1944 cnjus
835 1903 989 1935 voluntati
1001 1903 1039 1934 dc

258 1961 390 1992 consilio
402 1961 561 2000 majorum
574 1959 732 1998 deservio,
749 1959 786 1989 ad
800 1959 893 1997 cujus
901 1958 1039 1997 gloriam

259 2014 475 2055 ampliandam
485 2023 536 2045 me
549 2013 649 2044 dulcis
662 2013 738 2044 ,lt-su
750 2013 869 2043 solatiis
884 2022 940 2053 per
951 2022 1042 2042 orru-

259 2069 418 2108 pationcm
432 2068 536 2099 cordis
549 2068 667 2108 smptus
684 2067 786 2107 privo,
805 2069 934 2106 proptor
949 2067 1041 2106 cnjus

258 2123 413 2154 honorem
430 2122 687 2153 conservandum
708 2121 806 2152 variis
822 2121 1040 2151 trilmlationi—

259 2177 318 2206 bus
331 2186 381 2206 mo
402 2186 539 2217 expono,
567 2177 634 2216 ipso
649 2185 689 2206 cx
711 2176 801 2207 solita
818 2175 932 2215 pictate
948 2175 1039 2205 anxi-

261 2230 355 2261 liante
369 2241 374 2260 :
395 2230 553 2270 porditum
566 2240 639 2260 cuni
653 2229 777 2269 ingenti
792 2229 896 2260 cordis
909 2228 1040 2268 gaudio,

262 2286 332 2323 post
348 2284 453 2315 varios
464 2283 628 2323 singultus
641 2285 671 2314 et
684 2283 835 2322 gemitus,
853 2283 948 2313 otiam
960 2283 1043 2313 inu-1·

262 2337 552 2369 abundantissinms
576 2338 733 2377 lacrymas
758 2337 905 2377 reperiet
923 2337 1041 2367 inveni.

264 2394 286 2419 t)
300 2392 423 2423 utinam
441 2391 547 2431 ipsun]
564 2391 668 2421 adlinc
686 2391 782 2422 semol
803 2391 904 2421 taliter
923 2390 1045 2421 inveni-

264 2447 346 2477 rem!
371 2448 448 2486 pnto
469 2445 554 2486 quod
580 2444 718 2484 amplius
743 2453 808 2474 non
831 2444 1042 2482 dimitterem,

264 2501 318 2531 sed
335 2501 408 2531 totis
423 2499 548 2531 viribus
565 2498 747 2529 retinerem.

306 2554 386 2592 Quid
402 2564 480 2593 ergo
502 2554 613 2585 faciam
625 2554 639 2583 ζ)
660 2554 665 2569 ¹
696 2554 831 2593 Sumam
855 2556 883 2584 cl
905 2561 1046 2593 qncrram

265 2617 357 2649 quem
373 2608 485 2649 ‹litiyz't
501 2609 614 2640 αηίηια
630 2616 720 2639 mea:
736 2610 903 2647 postqumn
916 2616 1047 2647 occupa-

265 2663 367 2693 tiones
376 2662 641 2692 &sollicitudines
654 2661 824 2693 dimittam,
836 2660 873 2690 ad
888 2660 1045 2691 orandum

267 2725 318 2747 me
333 2717 505 2747 conteram.
524 2716 560 2746 let
575 2716 600 2746 si
614 2716 682 2746 haec
698 2724 762 2745 non
776 2715 951 2751 sufiiciunt,
965 2714 1048 2745 inter

301 2780 307 2795 ¹
324 2778 408 2809 Cant„
425 2785 465 2809 tlt,
478 2781 500 2803 2.
517 2792 545 2797 ——
562 2780 660 2804 Ἶ11,ιι1,,
678 2781 700 2803 53.

1092 336 1248 374 cognatos
1257 336 1289 366 et
1303 336 1407 372 notos,
1423 333 1455 366 id
1469 335 1518 366 est
1526 331 1711 374 spirituales
1723 333 1756 365 et
1774 333 1873 366 devo-

1092 390 1153 426 tos,
1169 388 1276 429 ipsum
1289 397 1447 430 quaeram.
1460 387 1523 429 Ipsi
1536 389 1625 426 sunt,
1641 386 1676 418 in
1690 385 1808 427 quibus
1820 385 1876 419 ha-

1092 441 1191 480 bitat;
1207 442 1267 483 ipsi
1280 444 1368 481 sunt,
1384 451 1459 474 cum
1469 441 1589 484 quibus
1606 442 1764 478 moratur,
1777 448 1879 481 qnan-

1092 495 1133 527 do
1147 495 1188 526 ab
1208 495 1280 527 aliis
1304 496 1474 528 amittitur.
1498 495 1539 527 Ei
1560 497 1647 534 sunt,
1668 503 1743 526 cum
1757 493 1878 535 quibus

1074 551 1247 590 'tanquam
1269 549 1302 580 in
1329 548 1502 582 solitudine
1521 548 1646 588 latitat,
1674 547 1804 589 quando
1825 546 1876 588 ip-

1092 611 1166 634 sum
1179 612 1197 634 a
1217 611 1269 634 me
1281 603 1378 634 miser
1390 602 1543 644 strepitus
1557 602 1792 643 cogitationum
1801 601 1879 633 fluc-

1092 657 1255 688 tuantium
1279 657 1383 697 fugat.
1407 656 1494 688 Heu!
1524 655 1654 697 quando
1677 654 1740 687 illis
1766 654 1879 686 similis

1093 711 1151 750 t'ui,
1169 713 1246 742 tunc
1259 711 1372 750 habui,
1391 713 1468 743 tunc
1482 710 1583 750 tenui,
1604 712 1681 742 tune
1695 708 1880 751 amplexata

1093 767 1124 796 et
1139 765 1280 797 osculata
1296 765 1342 797 fui
1365 765 1489 805 Jesum,
1508 774 1606 807 quem
1629 774 1716 797 nunc
1731 764 1818 796 curis
1829 763 1879 796 di-

1093 821 1222 858 stracta,
1239 819 1508 852 sollicitudinibus
1523 821 1677 861 occupata
1691 821 1723 851 et
1744 818 1876 858 afflicta,

1093 874 1342 906 lamentabiliter
1356 874 1461 906 amisi.
1480 874 1578 906 Dicite
1588 883 1679 914 ergo,
1696 882 1716 905 ο
1731 882 1788 906 vos
1803 873 1877 906 reli·

1093 928 1190 969 giosi,
1205 938 1263 961 vos
1277 929 1436 968 abstracti,
1456 937 1511 961 vos
1523 928 1598 960 solis
1613 928 1733 960 divinis
1749 927 1879 960 medita-

1093 983 1234 1014 tionibus
1253 983 1372 1022 dediti,
1389 984 1401 1000 ²
1421 991 1499 1015 num
1521 978 1615 1023 qu'em
1637 981 1753 1022 diliqic
1766 982 1880 1014 anima

1093 1045 1175 1075 mea,
1191 1036 1326 1070 vidistis
1337 1037 1354 1068 Ρ
1368 1037 1457 1068 Certe
1472 1036 1538 1068 scio
1554 1035 1641 1076 quod
1658 1035 1795 1073 habetis,
1813 1034 1879 1066 scio

1094 1090 1180 1131 quod
1207 1091 1288 1122 bene
1309 1091 1405 1128 scitis,
1428 1090 1505 1131 quia
1528 1089 1654 1122 sentitis
1671 1090 1703 1121 et
1716 1088 1877 1129 gaudetis.

1096 1143 1226 1176 Reddite
1241 1154 1321 1184 ergo
1343 1145 1376 1175 in
1391 1144 1559 1183 charitate,
1575 1142 1662 1184 quod
1677 1151 1741 1174 non
1758 1142 1878 1174 amitti-

1094 1198 1151 1236 tis;
1168 1198 1418 1235 communicate,
1430 1197 1516 1239 quod
1535 1207 1600 1229 non
1611 1197 1781 1229 dimittitis.
1799 1196 1837 1228 Et
1852 1196 1880 1228 si

1095 1252 1126 1283 in
1141 1262 1191 1283 me
1203 1255 1332 1293 propter
1343 1252 1581 1283 distractionem
1596 1251 1634 1282 ad
1648 1251 1762 1282 horam
1773 1251 1881 1283 servor

1093 1306 1269 1337 dilectionis
1285 1306 1407 1347 tepuit,
1422 1306 1552 1337 habitus
1565 1308 1673 1337 tamen
1689 1305 1877 1345 dilectionis,

1095 1363 1132 1392 ut
1145 1370 1250 1401 spero,
1278 1369 1342 1392 non
1370 1360 1517 1391 cessavit.
1532 1359 1570 1391 Et
1585 1359 1623 1399 si,
1641 1361 1771 1400 propter
1784 1368 1880 1392 occu-

1094 1416 1277 1456 pationem,
1304 1414 1493 1446 familiarem
1515 1414 1629 1446 dilecto
1653 1413 1879 1446 allocutionem

1095 1470 1264 1508 intermisi,
1285 1480 1305 1501 a
1320 1470 1474 1501 charitate
1494 1472 1602 1501 tamen
1629 1469 1731 1510 ipsius
1747 1478 1813 1501 non
1827 1478 1878 1501 re-

1095 1525 1185 1555 cessi.
1204 1524 1240 1556 Et
1263 1524 1300 1563 si,
1325 1527 1454 1564 propter
1474 1523 1699 1564 proximorum
1714 1523 1764 1555 vel
1782 1523 1880 1555 modi-

1095 1588 1165 1610 cam
1182 1578 1437 1616 testificationem,
1466 1578 1525 1618 ipsi
1546 1580 1611 1608 tota
1632 1577 1749 1609 mentis
1772 1577 1879 1609 inten-

1096 1633 1181 1664 tione
1197 1642 1259 1663 non
1277 1632 1409 1670 adhaesi,
1426 1631 1621 1663 desiderium
1641 1634 1748 1662 tamen
1766 1640 1878 1663 rever-

1097 1686 1182 1717 tendi
1202 1687 1234 1717 in
1253 1689 1358 1717 mente
1375 1685 1485 1716 habui.
1503 1685 1540 1716 Et
1562 1694 1686 1724 revera,
1702 1687 1738 1717 ut
1761 1694 1877 1717 verum

1096 1741 1205 1777 fatear,
1223 1750 1286 1771 non
1302 1740 1341 1771 ad
1365 1740 1503 1780 gloriam
1527 1740 1609 1776 dico,
1626 1739 1680 1771 scd
1699 1742 1823 1771 tantum
1839 1739 1877 1771 ad

1097 1794 1314 1825 revocandum
1337 1794 1376 1825 ad
1401 1803 1450 1825 me
1478 1795 1516 1833 (a)
1543 1792 1695 1825 dilectum
1718 1793 1878 1834 perditum

1098 1848 1264 1880 humiliter
1291 1849 1418 1888 allogo2
1452 1857 1514 1878 non
1545 1850 1674 1888 propter
1696 1857 1806 1879 meum
1836 1847 1882 1879 lu-

1097 1912 1206 1941 crum,
1234 1903 1287 1933 sed
1317 1905 1446 1943 propter
1476 1911 1572 1933 suum
1602 1902 1791 1940 consilium;
1816 1911 1880 1934 non

1097 1959 1227 1997 propter
1238 1966 1341 1988 meam
1354 1956 1574 1995 ambitionem,
1586 1956 1639 1987 sed
1651 1959 1780 1997 propter
1788 1965 1881 1988 suam

1098 2014 1253 2043 aeternam
1280 2011 1317 2049 tbi
1336 2011 1472 2051 gloriam
1484 2010 1679 2042 ethonorem
1691 2022 1697 2048 ;
1711 2020 1775 2042 non
1787 2020 1882 2051 prop-

1099 2069 1146 2097 ter
1162 2065 1357 2106 pra‘lationis
1371 2065 1510 2103 laudem,
1527 2065 1581 2096 sed
1597 2065 1820 2105 proximorum
1835 2074 1883 2096 sa-

1098 2120 1210 2157 lutem,
1225 2119 1309 2150 curis
1324 2122 1354 2150 et
1369 2118 1638 2150 sollicitudinibus
1649 2118 1764 2150 dedita:
1783 2127 1883 2160 quare

1100 2183 1178 2213 ergo
1194 2177 1323 2213 propter
1338 2173 1410 2210 hoc,
1425 2172 1510 2212 quod
1522 2172 1575 2212 pia
1588 2172 1774 2214 intentione,
1787 2172 1883 2203 etiam

1100 2229 1192 2269 quasi
1209 2230 1239 2259 et
1263 2236 1398 2267 gemens
1418 2227 1566 2265 facerem,
1587 2226 1691 2257 dilecti
1716 2226 1884 2267 praesentia

1101 2282 1211 2313 saltem
1233 2281 1414 2321 aliquando,
1441 2280 1500 2311 etsi
1528 2289 1612 2319 raro,
1639 2280 1797 2312 consolari
1819 2289 1884 2312 non

1101 2336 1270 2367 deberem?
1299 2334 1366 2365 Non
1395 2337 1476 2365 osset
1505 2343 1637 2375 aequum
1650 2358 1658 2371 ,
1681 2334 1753 2373 sed,
1784 2334 1809 2364 si
1839 2334 1884 2364 sas

1102 2393 1183 2421 essct
1211 2389 1335 2426 dicere,
1366 2389 1523 2428 injustum
1548 2391 1577 2419 ct
1602 2387 1761 2428 impium,
1798 2387 1883 2427 quod

1103 2441 1265 2480 piissimus
1297 2439 1388 2470 Jesus
1420 2448 1484 2471 uon
1508 2438 1636 2476 statuit,
1666 2437 1752 2477 quod
1773 2437 1885 2468 divina

1104 2495 1154 2525 lox
1166 2503 1327 2534 nusquam
1351 2493 1553 2534 approbavit.
1570 2492 1663 2532 Saepe
1687 2491 1772 2522 enim
1788 2500 1884 2532 prop-

1105 2552 1151 2580 ter
1179 2549 1271 2579 amici
1308 2548 1518 2586 voluntatem,
1552 2546 1654 2578 dulcis
1682 2545 1776 2577 amici
1802 2554 1887 2586 prae-

1105 2604 1206 2635 sentia
1243 2603 1461 2634 intermittitur
1475 2626 1482 2637 ,
1512 2603 1547 2632 ut
1580 2600 1783 2641 postmodum
1812 2609 1886 2631 cum

1105 2657 1252 2698 ampliori
1277 2658 1447 2688 amborum
1471 2654 1671 2695 jucunditate
1694 2656 1883 2694 rcparetur3

1140 2742 1170 2770 (ιι)
1198 2742 1257 2763 (uri.
1283 2739 1345 2763 edit.
1376 2738 1441 2761 dem!
1472 2745 1522 2761 une.
1553 2750 1581 2755 —-
1609 2739 1642 2767 (b)
1672 2737 1731 2760 [tn-m
1755 2735 1886 2760 alternita-

1109 2780 1167 2800 ‘it-111.
