<?xml version="1.0" encoding="UTF-8"?>
<!DOCTYPE html PUBLIC "-//W3C//DTD XHTML 1.0 Transitional//EN"
    "http://www.w3.org/TR/xhtml1/DTD/xhtml1-transitional.dtd">
<html xmlns="http://www.w3.org/1999/xhtml" xml:lang="en" lang="en">
 <head>
  <title>
</title>
<meta http-equiv="Content-Type" content="text/html;charset=utf-8" />
  <meta name='ocr-system' content='tesseract 3.04.00' />
  <meta name='ocr-capabilities' content='ocr_page ocr_carea ocr_par ocr_line ocrx_word'/>
</head>
<body>
  <div class='ocr_page' id='page_1' title='image "./operaomniasixtiv14bonauoft_0200.png"; bbox 0 0 2029 3052; ppageno 0'>
   <div class='ocr_carea' id='block_1_1' title="bbox 739 357 1316 429">
    <p class='ocr_par' dir='ltr' id='par_1_1' title="bbox 739 357 1316 429">
     <span class='ocr_line' id='line_1_1' title="bbox 739 357 1316 429; baseline 0.005 -3"><span class='ocrx_word' id='word_1_1' title='bbox 739 369 1222 427; x_wconf 86' lang='lat' dir='ltr'>PHILOMELA</span> <span class='ocrx_word' id='word_1_2' title='bbox 1247 357 1316 429; x_wconf 66' lang='lat' dir='ltr'><strong>‹a›¹</strong></span> 
     </span>
    </p>
   </div>
   <div class='ocr_carea' id='block_1_2' title="bbox 889 656 1160 696">
    <p class='ocr_par' dir='ltr' id='par_1_2' title="bbox 889 656 1160 696">
     <span class='ocr_line' id='line_1_2' title="bbox 889 656 1160 696; baseline -0.004 0"><span class='ocrx_word' id='word_1_3' title='bbox 889 656 1160 696; x_wconf 74' lang='lat' dir='ltr'><strong>ARfiUMENTUM</strong></span> 
     </span>
    </p>
   </div>
   <div class='ocr_carea' id='block_1_3' title="bbox 733 738 1274 778">
    <p class='ocr_par' dir='ltr' id='par_1_3' title="bbox 733 738 1274 778">
     <span class='ocr_line' id='line_1_3' title="bbox 733 738 1274 778; baseline -0.004 -9"><span class='ocrx_word' id='word_1_4' title='bbox 733 741 788 778; x_wconf 76' lang='lat' dir='ltr'><strong>(13ae</strong></span> <span class='ocrx_word' id='word_1_5' title='bbox 805 741 924 769; x_wconf 75' lang='lat' dir='ltr'><em>editione</em></span> <span class='ocrx_word' id='word_1_6' title='bbox 952 741 1088 768; x_wconf 76' lang='lat' dir='ltr'><strong>Vaticana</strong></span> <span class='ocrx_word' id='word_1_7' title='bbox 1108 746 1156 768; x_wconf 85' lang='lat' dir='ltr'><strong>an.</strong></span> <span class='ocrx_word' id='word_1_8' title='bbox 1181 738 1274 775; x_wconf 78' lang='lat'><strong>1596.)</strong></span> 
     </span>
    </p>
   </div>
   <div class='ocr_carea' id='block_1_4' title="bbox 214 818 1831 1044">
    <p class='ocr_par' dir='ltr' id='par_1_4' title="bbox 214 818 1831 1044">
     <span class='ocr_line' id='line_1_4' title="bbox 258 818 1828 871; baseline -0.005 -10"><span class='ocrx_word' id='word_1_9' title='bbox 258 826 446 860; x_wconf 83' lang='lat' dir='ltr'><strong>Philomela</strong></span> <span class='ocrx_word' id='word_1_10' title='bbox 459 827 631 871; x_wconf 87' lang='lat' dir='ltr'><strong>propterea</strong></span> <span class='ocrx_word' id='word_1_11' title='bbox 646 822 853 868; x_wconf 91' lang='lat' dir='ltr'><strong>Opusculum</strong></span> <span class='ocrx_word' id='word_1_12' title='bbox 869 821 931 856; x_wconf 89' lang='lat' dir='ltr'><strong>hoc</strong></span> <span class='ocrx_word' id='word_1_13' title='bbox 945 821 1153 864; x_wconf 80' lang='lat' dir='ltr'><strong>inscribitur,</strong></span> <span class='ocrx_word' id='word_1_14' title='bbox 1169 820 1250 866; x_wconf 88' lang='lat' dir='ltr'><strong>quia</strong></span> <span class='ocrx_word' id='word_1_15' title='bbox 1266 820 1374 854; x_wconf 86' lang='lat' dir='ltr'><strong>multa</strong></span> <span class='ocrx_word' id='word_1_16' title='bbox 1391 823 1470 854; x_wconf 86' lang='lat' dir='ltr'><strong>sunt</strong></span> <span class='ocrx_word' id='word_1_17' title='bbox 1484 819 1588 865; x_wconf 89' lang='lat' dir='ltr'><strong>hujus</strong></span> <span class='ocrx_word' id='word_1_18' title='bbox 1600 819 1672 854; x_wconf 88' lang='lat' dir='ltr'><strong>avis</strong></span> <span class='ocrx_word' id='word_1_19' title='bbox 1683 818 1828 866; x_wconf 85' lang='lat' dir='ltr'><strong>propria,</strong></span> 
     </span>
     <span class='ocr_line' id='line_1_5' title="bbox 214 877 1831 931; baseline -0.006 -11"><span class='ocrx_word' id='word_1_20' title='bbox 214 896 292 931; x_wconf 85' lang='lat' dir='ltr'><strong>quae</strong></span> <span class='ocrx_word' id='word_1_21' title='bbox 303 888 437 919; x_wconf 87' lang='lat' dir='ltr'><strong>sanctus</strong></span> <span class='ocrx_word' id='word_1_22' title='bbox 450 883 685 918; x_wconf 86' lang='lat' dir='ltr'><strong>Bonaventura</strong></span> <span class='ocrx_word' id='word_1_23' title='bbox 700 880 839 915; x_wconf 86' lang='lat' dir='ltr'><strong>mirifice</strong></span> <span class='ocrx_word' id='word_1_24' title='bbox 853 880 1008 914; x_wconf 73' lang='lat' dir='ltr'><strong>transfert</strong></span> <span class='ocrx_word' id='word_1_25' title='bbox 1027 880 1068 914; x_wconf 88' lang='lat' dir='ltr'><strong>ad</strong></span> <span class='ocrx_word' id='word_1_26' title='bbox 1090 879 1243 914; x_wconf 87' lang='lat' dir='ltr'><strong>devotam</strong></span> <span class='ocrx_word' id='word_1_27' title='bbox 1265 879 1427 922; x_wconf 88' lang='lat' dir='ltr'><strong>animam,</strong></span> <span class='ocrx_word' id='word_1_28' title='bbox 1444 889 1521 924; x_wconf 84' lang='lat' dir='ltr'><strong>quae</strong></span> <span class='ocrx_word' id='word_1_29' title='bbox 1535 877 1749 913; x_wconf 78' lang='lat' dir='ltr'><strong>sanctissimis</strong></span> <span class='ocrx_word' id='word_1_30' title='bbox 1761 888 1831 912; x_wconf 85' lang='lat' dir='ltr'><strong>me·-</strong></span> 
     </span>
     <span class='ocr_line' id='line_1_6' title="bbox 214 935 1828 982; baseline -0.005 -4"><span class='ocrx_word' id='word_1_31' title='bbox 214 943 433 978; x_wconf 77' lang='lat' dir='ltr'><strong>ditationibus</strong></span> <span class='ocrx_word' id='word_1_32' title='bbox 459 941 564 977; x_wconf 86' lang='lat' dir='ltr'><strong>veluti</strong></span> <span class='ocrx_word' id='word_1_33' title='bbox 591 940 791 975; x_wconf 87' lang='lat' dir='ltr'><strong>dulcissimis</strong></span> <span class='ocrx_word' id='word_1_34' title='bbox 818 939 1016 974; x_wconf 86' lang='lat' dir='ltr'><strong>Philomelae</strong></span> <span class='ocrx_word' id='word_1_35' title='bbox 1031 938 1185 973; x_wconf 87' lang='lat' dir='ltr'><strong>cantibus</strong></span> <span class='ocrx_word' id='word_1_36' title='bbox 1211 949 1382 982; x_wconf 79' lang='lat' dir='ltr'><strong>resonanS,</strong></span> <span class='ocrx_word' id='word_1_37' title='bbox 1413 936 1595 972; x_wconf 86' lang='lat' dir='ltr'><strong>Salvatoris</strong></span> <span class='ocrx_word' id='word_1_38' title='bbox 1620 936 1725 971; x_wconf 81' lang='lat' dir='ltr'><strong>nostri</strong></span> <span class='ocrx_word' id='word_1_39' title='bbox 1749 935 1828 970; x_wconf 85' lang='lat' dir='ltr'><strong>Jesu</strong></span> 
     </span>
     <span class='ocr_line' id='line_1_7' title="bbox 215 996 1691 1044; baseline -0.005 -8"><span class='ocrx_word' id='word_1_40' title='bbox 215 1002 337 1036; x_wconf 84' lang='lat' dir='ltr'><strong>Christi</strong></span> <span class='ocrx_word' id='word_1_41' title='bbox 356 1002 473 1044; x_wconf 87' lang='lat' dir='ltr'><strong>vitam,</strong></span> <span class='ocrx_word' id='word_1_42' title='bbox 491 1005 523 1035; x_wconf 90' lang='lat' dir='ltr'><strong>et</strong></span> <span class='ocrx_word' id='word_1_43' title='bbox 536 1001 578 1034; x_wconf 92' lang='lat' dir='ltr'><strong>ab</strong></span> <span class='ocrx_word' id='word_1_44' title='bbox 593 1011 632 1034; x_wconf 85' lang='lat' dir='ltr'><strong>eo</strong></span> <span class='ocrx_word' id='word_1_45' title='bbox 650 1000 683 1033; x_wconf 92' lang='lat' dir='ltr'><strong>in</strong></span> <span class='ocrx_word' id='word_1_46' title='bbox 700 1010 760 1033; x_wconf 90' lang='lat' dir='ltr'><strong>nos</strong></span> <span class='ocrx_word' id='word_1_47' title='bbox 772 998 957 1043; x_wconf 81' lang='lat' dir='ltr'><strong>singularia</strong></span> <span class='ocrx_word' id='word_1_48' title='bbox 970 997 1129 1033; x_wconf 86' lang='lat' dir='ltr'><strong>beneficia</strong></span> <span class='ocrx_word' id='word_1_49' title='bbox 1142 997 1274 1041; x_wconf 87' lang='lat' dir='ltr'><strong>collata,</strong></span> <span class='ocrx_word' id='word_1_50' title='bbox 1296 996 1423 1042; x_wconf 86' lang='lat' dir='ltr'><strong>jugiter</strong></span> <span class='ocrx_word' id='word_1_51' title='bbox 1436 996 1691 1042; x_wconf 83' lang='lat' dir='ltr'><strong>contemplatur.</strong></span> 
     </span>
    </p>
   </div>
   <div class='ocr_carea' id='block_1_5' title="bbox 937 1112 1103 1122">
    <p class='ocr_par' dir='ltr' id='par_1_5' title="bbox 937 1112 1103 1122">
     <span class='ocr_line' id='line_1_8' title="bbox 937 1112 1103 1122; baseline 0 0"><span class='ocrx_word' id='word_1_52' title='bbox 937 1112 1103 1122; x_wconf 95' lang='lat' dir='ltr'><strong> </strong></span> 
     </span>
    </p>
   </div>
   <div class='ocr_carea' id='block_1_6' title="bbox 206 1236 956 2550">
    <p class='ocr_par' dir='ltr' id='par_1_6' title="bbox 206 1236 956 2550">
     <span class='ocr_line' id='line_1_9' title="bbox 247 1236 830 1275; baseline -0.009 -7"><span class='ocrx_word' id='word_1_53' title='bbox 247 1238 410 1268; x_wconf 83' lang='lat' dir='ltr'><strong>Philomela</strong></span> <span class='ocrx_word' id='word_1_54' title='bbox 421 1237 534 1275; x_wconf 84' lang='lat' dir='ltr'><strong>proevia</strong></span> <span class='ocrx_word' id='word_1_55' title='bbox 547 1236 690 1273; x_wconf 83' lang='lat' dir='ltr'><strong>temporis</strong></span> <span class='ocrx_word' id='word_1_56' title='bbox 704 1236 830 1270; x_wconf 84' lang='lat' dir='ltr'><strong>amoeni,</strong></span> 
     </span>
     <span class='ocr_line' id='line_1_10' title="bbox 211 1283 900 1321; baseline -0.007 -6"><span class='ocrx_word' id='word_1_57' title='bbox 211 1288 281 1321; x_wconf 79' lang='lat' dir='ltr'><strong>Quae</strong></span> <span class='ocrx_word' id='word_1_58' title='bbox 294 1293 443 1315; x_wconf 82' lang='lat' dir='ltr'><strong>recessum</strong></span> <span class='ocrx_word' id='word_1_59' title='bbox 459 1284 577 1313; x_wconf 86' lang='lat' dir='ltr'><strong>nuntias</strong></span> <span class='ocrx_word' id='word_1_60' title='bbox 592 1283 696 1312; x_wconf 88' lang='lat' dir='ltr'><strong>imbris</strong></span> <span class='ocrx_word' id='word_1_61' title='bbox 711 1285 799 1319; x_wconf 84' lang='lat' dir='ltr'><strong>atque</strong></span> <span class='ocrx_word' id='word_1_62' title='bbox 812 1283 900 1317; x_wconf 82' lang='lat' dir='ltr'><strong>coeni,</strong></span> 
     </span>
     <span class='ocr_line' id='line_1_11' title="bbox 211 1330 841 1365; baseline -0.008 -2"><span class='ocrx_word' id='word_1_63' title='bbox 211 1336 285 1362; x_wconf 91' lang='lat' dir='ltr'><strong>Dum</strong></span> <span class='ocrx_word' id='word_1_64' title='bbox 299 1333 455 1362; x_wconf 88' lang='lat' dir='ltr'><strong>muleescis</strong></span> <span class='ocrx_word' id='word_1_65' title='bbox 470 1333 587 1361; x_wconf 82' lang='lat' dir='ltr'><strong>animos</strong></span> <span class='ocrx_word' id='word_1_66' title='bbox 601 1334 652 1360; x_wconf 87' lang='lat' dir='ltr'><strong>tuo</strong></span> <span class='ocrx_word' id='word_1_67' title='bbox 664 1333 751 1359; x_wconf 89' lang='lat' dir='ltr'><strong>cantu</strong></span> <span class='ocrx_word' id='word_1_68' title='bbox 765 1330 841 1365; x_wconf 89' lang='lat' dir='ltr'><strong>leni,</strong></span> 
     </span>
     <span class='ocr_line' id='line_1_12' title="bbox 210 1377 883 1418; baseline -0.007 -8"><span class='ocrx_word' id='word_1_69' title='bbox 210 1385 269 1410; x_wconf 78' lang='lat' dir='ltr'><strong>Ave</strong></span> <span class='ocrx_word' id='word_1_70' title='bbox 283 1380 527 1418; x_wconf 87' lang='lat' dir='ltr'><strong>prudentissima,</strong></span> <span class='ocrx_word' id='word_1_71' title='bbox 544 1379 583 1407; x_wconf 89' lang='lat' dir='ltr'><strong>ad</strong></span> <span class='ocrx_word' id='word_1_72' title='bbox 597 1387 661 1413; x_wconf 89' lang='lat' dir='ltr'><strong>me,</strong></span> <span class='ocrx_word' id='word_1_73' title='bbox 676 1386 786 1415; x_wconf 63' lang='lat' dir='ltr'><strong>quaeso,</strong></span> <span class='ocrx_word' id='word_1_74' title='bbox 803 1377 883 1406; x_wconf 79' lang='lat' dir='ltr'><strong>veni.</strong></span> 
     </span>
     <span class='ocr_line' id='line_1_13' title="bbox 247 1424 956 1464; baseline -0.004 -9"><span class='ocrx_word' id='word_1_75' title='bbox 247 1429 329 1464; x_wconf 91' lang='lat' dir='ltr'><strong>Veni,</strong></span> <span class='ocrx_word' id='word_1_76' title='bbox 345 1428 423 1463; x_wconf 88' lang='lat' dir='ltr'><strong>veni,</strong></span> <span class='ocrx_word' id='word_1_77' title='bbox 442 1427 555 1456; x_wconf 85' lang='lat' dir='ltr'><strong>mittam</strong></span> <span class='ocrx_word' id='word_1_78' title='bbox 571 1429 598 1454; x_wconf 87' lang='lat' dir='ltr'><strong>te</strong></span> <span class='ocrx_word' id='word_1_79' title='bbox 614 1434 675 1462; x_wconf 86' lang='lat' dir='ltr'><strong>quo</strong></span> <span class='ocrx_word' id='word_1_80' title='bbox 691 1433 750 1453; x_wconf 85' lang='lat' dir='ltr'><strong>non</strong></span> <span class='ocrx_word' id='word_1_81' title='bbox 767 1432 890 1462; x_wconf 89' lang='lat' dir='ltr'><strong>possum</strong></span> <span class='ocrx_word' id='word_1_82' title='bbox 904 1424 956 1458; x_wconf 89' lang='lat' dir='ltr'><strong>ire,</strong></span> 
     </span>
     <span class='ocr_line' id='line_1_14' title="bbox 211 1473 756 1507; baseline -0.006 -3"><span class='ocrx_word' id='word_1_83' title='bbox 211 1477 244 1504; x_wconf 90' lang='lat' dir='ltr'><strong>Ut</strong></span> <span class='ocrx_word' id='word_1_84' title='bbox 258 1475 388 1504; x_wconf 87' lang='lat' dir='ltr'><strong>amicum</strong></span> <span class='ocrx_word' id='word_1_85' title='bbox 403 1474 504 1503; x_wconf 89' lang='lat' dir='ltr'><strong>valcas</strong></span> <span class='ocrx_word' id='word_1_86' title='bbox 518 1475 606 1502; x_wconf 87' lang='lat' dir='ltr'><strong>cantu</strong></span> <span class='ocrx_word' id='word_1_87' title='bbox 620 1473 756 1507; x_wconf 86' lang='lat' dir='ltr'><strong>delinire,</strong></span> 
     </span>
     <span class='ocr_line' id='line_1_15' title="bbox 209 1519 813 1558; baseline -0.007 -7"><span class='ocrx_word' id='word_1_88' title='bbox 209 1522 326 1551; x_wconf 76' lang='lat' dir='ltr'><strong>&#39;rollens</strong></span> <span class='ocrx_word' id='word_1_89' title='bbox 343 1522 407 1558; x_wconf 89' lang='lat' dir='ltr'><strong>ejus</strong></span> <span class='ocrx_word' id='word_1_90' title='bbox 423 1521 515 1550; x_wconf 87' lang='lat' dir='ltr'><strong>tristia</strong></span> <span class='ocrx_word' id='word_1_91' title='bbox 531 1528 604 1549; x_wconf 85' lang='lat' dir='ltr'><strong>voce</strong></span> <span class='ocrx_word' id='word_1_92' title='bbox 620 1520 716 1548; x_wconf 88' lang='lat' dir='ltr'><strong>dulcis</strong></span> <span class='ocrx_word' id='word_1_93' title='bbox 732 1519 813 1556; x_wconf 74' lang='lat' dir='ltr'><strong>lyme,</strong></span> 
     </span>
     <span class='ocr_line' id='line_1_16' title="bbox 210 1566 924 1605; baseline -0.007 -6"><span class='ocrx_word' id='word_1_94' title='bbox 210 1571 315 1605; x_wconf 83' lang='lat' dir='ltr'><strong>Quem,</strong></span> <span class='ocrx_word' id='word_1_95' title='bbox 331 1570 406 1598; x_wconf 77' lang='lat' dir='ltr'><strong>heu!</strong></span> <span class='ocrx_word' id='word_1_96' title='bbox 421 1568 514 1597; x_wconf 90' lang='lat' dir='ltr'><strong>modo</strong></span> <span class='ocrx_word' id='word_1_97' title='bbox 529 1568 630 1596; x_wconf 84' lang='lat' dir='ltr'><strong>nescio</strong></span> <span class='ocrx_word' id='word_1_98' title='bbox 646 1567 743 1595; x_wconf 78' lang='lat' dir='ltr'><strong>verbis</strong></span> <span class='ocrx_word' id='word_1_99' title='bbox 754 1566 924 1595; x_wconf 85' lang='lat' dir='ltr'><strong>convenire.</strong></span> 
     </span>
     <span class='ocr_line' id='line_1_17' title="bbox 246 1615 884 1653; baseline -0.008 -7"><span class='ocrx_word' id='word_1_100' title='bbox 246 1620 321 1653; x_wconf 81' lang='lat' dir='ltr'><strong>Ergo</strong></span> <span class='ocrx_word' id='word_1_101' title='bbox 336 1617 387 1653; x_wconf 89' lang='lat' dir='ltr'><strong>pia</strong></span> <span class='ocrx_word' id='word_1_102' title='bbox 397 1616 536 1653; x_wconf 84' lang='lat' dir='ltr'><strong>suppleas</strong></span> <span class='ocrx_word' id='word_1_103' title='bbox 550 1623 651 1644; x_wconf 89' lang='lat' dir='ltr'><strong>meum</strong></span> <span class='ocrx_word' id='word_1_104' title='bbox 666 1615 884 1651; x_wconf 77' lang='lat' dir='ltr'><strong>imperfectum,</strong></span> 
     </span>
     <span class='ocr_line' id='line_1_18' title="bbox 209 1662 814 1696; baseline -0.008 -2"><span class='ocrx_word' id='word_1_105' title='bbox 209 1665 372 1694; x_wconf 87' lang='lat' dir='ltr'><strong>Salutando</strong></span> <span class='ocrx_word' id='word_1_106' title='bbox 388 1664 513 1693; x_wconf 90' lang='lat' dir='ltr'><strong>dulciter</strong></span> <span class='ocrx_word' id='word_1_107' title='bbox 525 1665 646 1692; x_wconf 87' lang='lat' dir='ltr'><strong>unicum</strong></span> <span class='ocrx_word' id='word_1_108' title='bbox 662 1662 814 1696; x_wconf 87' lang='lat' dir='ltr'><strong>dilectum,</strong></span> 
     </span>
     <span class='ocr_line' id='line_1_19' title="bbox 210 1711 769 1749; baseline -0.007 -8"><span class='ocrx_word' id='word_1_109' title='bbox 210 1713 301 1749; x_wconf 83' lang='lat' dir='ltr'><strong>Eique</strong></span> <span class='ocrx_word' id='word_1_110' title='bbox 312 1712 478 1745; x_wconf 80' lang='lat' dir='ltr'><strong>denunties,</strong></span> <span class='ocrx_word' id='word_1_111' title='bbox 493 1711 616 1748; x_wconf 86' lang='lat' dir='ltr'><strong>qualiter</strong></span> <span class='ocrx_word' id='word_1_112' title='bbox 631 1711 769 1738; x_wconf 84' lang='lat' dir='ltr'><strong>atl&#39;ectum</strong></span> 
     </span>
     <span class='ocr_line' id='line_1_20' title="bbox 209 1757 862 1794; baseline -0.008 -6"><span class='ocrx_word' id='word_1_113' title='bbox 209 1760 249 1788; x_wconf 89' lang='lat' dir='ltr'><strong>Sit</strong></span> <span class='ocrx_word' id='word_1_114' title='bbox 263 1768 315 1788; x_wconf 90' lang='lat' dir='ltr'><strong>cor</strong></span> <span class='ocrx_word' id='word_1_115' title='bbox 328 1768 429 1788; x_wconf 88' lang='lat' dir='ltr'><strong>meum</strong></span> <span class='ocrx_word' id='word_1_116' title='bbox 442 1759 552 1794; x_wconf 83' lang='lat' dir='ltr'><strong>jugiter</strong></span> <span class='ocrx_word' id='word_1_117' title='bbox 567 1758 630 1793; x_wconf 86' lang='lat' dir='ltr'><strong>ejus</strong></span> <span class='ocrx_word' id='word_1_118' title='bbox 645 1757 683 1785; x_wconf 88' lang='lat' dir='ltr'><strong>ad</strong></span> <span class='ocrx_word' id='word_1_119' title='bbox 700 1759 862 1793; x_wconf 64' lang='lat' dir='ltr'><strong>aspectum.</strong></span> 
     </span>
     <span class='ocr_line' id='line_1_21' title="bbox 245 1803 871 1842; baseline -0.006 -7"><span class='ocrx_word' id='word_1_120' title='bbox 245 1806 331 1841; x_wconf 83' lang='lat' dir='ltr'><strong>Quod</strong></span> <span class='ocrx_word' id='word_1_121' title='bbox 345 1807 368 1834; x_wconf 87' lang='lat' dir='ltr'><strong>si</strong></span> <span class='ocrx_word' id='word_1_122' title='bbox 386 1808 498 1842; x_wconf 61' lang='lat' dir='ltr'><strong>quierat</strong></span> <span class='ocrx_word' id='word_1_123' title='bbox 508 1804 616 1841; x_wconf 89' lang='lat' dir='ltr'><strong>aliquis</strong></span> <span class='ocrx_word' id='word_1_124' title='bbox 627 1812 719 1840; x_wconf 85' lang='lat' dir='ltr'><strong>quare</strong></span> <span class='ocrx_word' id='word_1_125' title='bbox 734 1806 760 1832; x_wconf 93' lang='lat' dir='ltr'><strong>te</strong></span> <span class='ocrx_word' id='word_1_126' title='bbox 775 1803 850 1838; x_wconf 76' lang='lat' dir='ltr'><strong>elegi</strong></span> <span class='ocrx_word' id='word_1_127' title='bbox 862 1824 871 1838; x_wconf 96' lang='lat'><strong>,</strong></span> 
     </span>
     <span class='ocr_line' id='line_1_22' title="bbox 208 1850 791 1887; baseline -0.007 -5"><span class='ocrx_word' id='word_1_128' title='bbox 208 1856 303 1882; x_wconf 83' lang='lat' dir='ltr'><strong>Meum</strong></span> <span class='ocrx_word' id='word_1_129' title='bbox 317 1861 380 1881; x_wconf 87' lang='lat' dir='ltr'><strong>esse</strong></span> <span class='ocrx_word' id='word_1_130' title='bbox 395 1853 532 1881; x_wconf 86' lang='lat' dir='ltr'><strong>nuntium</strong></span> <span class='ocrx_word' id='word_1_131' title='bbox 547 1852 630 1886; x_wconf 88' lang='lat' dir='ltr'><strong>sciat,</strong></span> <span class='ocrx_word' id='word_1_132' title='bbox 646 1851 718 1887; x_wconf 88' lang='lat' dir='ltr'><strong>quia</strong></span> <span class='ocrx_word' id='word_1_133' title='bbox 733 1850 791 1886; x_wconf 82' lang='lat' dir='ltr'><strong>legi</strong></span> 
     </span>
     <span class='ocr_line' id='line_1_23' title="bbox 207 1897 863 1937; baseline -0.009 -7"><span class='ocrx_word' id='word_1_134' title='bbox 207 1903 246 1930; x_wconf 89' lang='lat' dir='ltr'><strong>De</strong></span> <span class='ocrx_word' id='word_1_135' title='bbox 262 1903 287 1929; x_wconf 88' lang='lat' dir='ltr'><strong>te</strong></span> <span class='ocrx_word' id='word_1_136' title='bbox 301 1900 443 1937; x_wconf 81' lang='lat' dir='ltr'><strong>quaedam</strong></span> <span class='ocrx_word' id='word_1_137' title='bbox 458 1899 590 1936; x_wconf 85' lang='lat' dir='ltr'><strong>propria,</strong></span> <span class='ocrx_word' id='word_1_138' title='bbox 607 1906 673 1935; x_wconf 79' lang='lat' dir='ltr'><strong>quae</strong></span> <span class='ocrx_word' id='word_1_139' title='bbox 683 1897 791 1926; x_wconf 79' lang='lat' dir='ltr'><strong>divinae</strong></span> <span class='ocrx_word' id='word_1_140' title='bbox 807 1898 863 1933; x_wconf 81' lang='lat' dir='ltr'><strong>legi</strong></span> 
     </span>
     <span class='ocr_line' id='line_1_24' title="bbox 208 1945 856 1984; baseline -0.006 -8"><span class='ocrx_word' id='word_1_141' title='bbox 208 1950 240 1976; x_wconf 83' lang='lat' dir='ltr'><strong>Et</strong></span> <span class='ocrx_word' id='word_1_142' title='bbox 255 1950 356 1984; x_wconf 90' lang='lat' dir='ltr'><strong>optato</strong></span> <span class='ocrx_word' id='word_1_143' title='bbox 372 1955 495 1975; x_wconf 89' lang='lat' dir='ltr'><strong>munere</strong></span> <span class='ocrx_word' id='word_1_144' title='bbox 509 1946 628 1982; x_wconf 85' lang='lat' dir='ltr'><strong>placent</strong></span> <span class='ocrx_word' id='word_1_145' title='bbox 642 1953 761 1973; x_wconf 86' lang='lat' dir='ltr'><strong>summo</strong></span> <span class='ocrx_word' id='word_1_146' title='bbox 776 1945 856 1979; x_wconf 70' lang='lat' dir='ltr'><strong>Regi.</strong></span> 
     </span>
     <span class='ocr_line' id='line_1_25' title="bbox 244 1993 878 2031; baseline -0.005 -8"><span class='ocrx_word' id='word_1_147' title='bbox 244 1996 343 2031; x_wconf 79' lang='lat' dir='ltr'><strong>Igitur,</strong></span> <span class='ocrx_word' id='word_1_148' title='bbox 360 1994 543 2029; x_wconf 77' lang='lat' dir='ltr'><strong>charissime,</strong></span> <span class='ocrx_word' id='word_1_149' title='bbox 562 1993 631 2021; x_wconf 90' lang='lat' dir='ltr'><strong>audi</strong></span> <span class='ocrx_word' id='word_1_150' title='bbox 647 2001 726 2021; x_wconf 88' lang='lat' dir='ltr'><strong>nunc</strong></span> <span class='ocrx_word' id='word_1_151' title='bbox 747 1994 854 2021; x_wconf 89' lang='lat' dir='ltr'><strong>attente</strong></span> <span class='ocrx_word' id='word_1_152' title='bbox 873 2002 878 2020; x_wconf 74' lang='grc' dir='ltr'><strong><em>ι</em></strong></span> 
     </span>
     <span class='ocr_line' id='line_1_26' title="bbox 208 2041 926 2076; baseline -0.006 -5"><span class='ocrx_word' id='word_1_153' title='bbox 208 2044 279 2071; x_wconf 83' lang='lat' dir='ltr'><strong>Nam</strong></span> <span class='ocrx_word' id='word_1_154' title='bbox 296 2042 318 2069; x_wconf 77' lang='lat' dir='ltr'><strong>si</strong></span> <span class='ocrx_word' id='word_1_155' title='bbox 335 2044 437 2070; x_wconf 85' lang='lat' dir='ltr'><strong>cantus</strong></span> <span class='ocrx_word' id='word_1_156' title='bbox 452 2041 582 2069; x_wconf 80' lang='lat' dir='ltr'><strong>volucris</strong></span> <span class='ocrx_word' id='word_1_157' title='bbox 596 2041 684 2076; x_wconf 88' lang='lat' dir='ltr'><strong>hujus</strong></span> <span class='ocrx_word' id='word_1_158' title='bbox 699 2048 798 2068; x_wconf 71' lang='lat' dir='ltr'><strong>serves</strong></span> <span class='ocrx_word' id='word_1_159' title='bbox 817 2042 926 2073; x_wconf 75' lang='lat' dir='ltr'><strong>mente,</strong></span> 
     </span>
     <span class='ocr_line' id='line_1_27' title="bbox 209 2089 719 2126; baseline -0.008 -8"><span class='ocrx_word' id='word_1_160' title='bbox 209 2091 277 2126; x_wconf 90' lang='lat' dir='ltr'><strong>Ejus</strong></span> <span class='ocrx_word' id='word_1_161' title='bbox 298 2090 437 2123; x_wconf 78' lang='lat' dir='ltr'><strong>imitatio,</strong></span> <span class='ocrx_word' id='word_1_162' title='bbox 453 2089 561 2125; x_wconf 88' lang='lat' dir='ltr'><strong>Spiritu</strong></span> <span class='ocrx_word' id='word_1_163' title='bbox 583 2089 719 2123; x_wconf 81' lang='lat' dir='ltr'><strong>docente,</strong></span> 
     </span>
     <span class='ocr_line' id='line_1_28' title="bbox 208 2136 817 2171; baseline -0.007 -6"><span class='ocrx_word' id='word_1_164' title='bbox 208 2139 244 2165; x_wconf 76' lang='lat' dir='ltr'><strong>Te</strong></span> <span class='ocrx_word' id='word_1_165' title='bbox 260 2137 408 2165; x_wconf 70' lang='lat' dir='ltr'><strong>ctrlestem</strong></span> <span class='ocrx_word' id='word_1_166' title='bbox 423 2136 569 2164; x_wconf 76' lang='lat' dir='ltr'><strong>musicum</strong></span> <span class='ocrx_word' id='word_1_167' title='bbox 586 2136 670 2163; x_wconf 79' lang='lat' dir='ltr'><strong>saciet</strong></span> <span class='ocrx_word' id='word_1_168' title='bbox 688 2137 817 2171; x_wconf 84' lang='lat' dir='ltr'><strong>repente.</strong></span> 
     </span>
     <span class='ocr_line' id='line_1_29' title="bbox 246 2181 952 2219; baseline -0.006 -7"><span class='ocrx_word' id='word_1_169' title='bbox 246 2187 283 2213; x_wconf 73' lang='lat' dir='ltr'><strong>tle</strong></span> <span class='ocrx_word' id='word_1_170' title='bbox 298 2185 353 2212; x_wconf 86' lang='lat' dir='ltr'><strong>hac</strong></span> <span class='ocrx_word' id='word_1_171' title='bbox 369 2193 423 2212; x_wconf 74' lang='lat' dir='ltr'><strong>ave</strong></span> <span class='ocrx_word' id='word_1_172' title='bbox 439 2184 557 2219; x_wconf 81' lang='lat' dir='ltr'><strong>legitur,</strong></span> <span class='ocrx_word' id='word_1_173' title='bbox 573 2183 657 2219; x_wconf 85' lang='lat' dir='ltr'><strong>quod</strong></span> <span class='ocrx_word' id='word_1_174' title='bbox 672 2190 740 2210; x_wconf 91' lang='lat' dir='ltr'><strong>cum</strong></span> <span class='ocrx_word' id='word_1_175' title='bbox 757 2181 952 2218; x_wconf 82' lang='lat' dir='ltr'><strong>deprehendit</strong></span> 
     </span>
     <span class='ocr_line' id='line_1_30' title="bbox 208 2229 901 2270; baseline -0.006 -10"><span class='ocrx_word' id='word_1_176' title='bbox 208 2234 329 2261; x_wconf 81' lang='lat' dir='ltr'><strong>Mortem</strong></span> <span class='ocrx_word' id='word_1_177' title='bbox 346 2232 401 2259; x_wconf 86' lang='lat' dir='ltr'><strong>sibi</strong></span> <span class='ocrx_word' id='word_1_178' title='bbox 418 2232 566 2268; x_wconf 75' lang='lat' dir='ltr'><strong>propium,</strong></span> <span class='ocrx_word' id='word_1_179' title='bbox 582 2231 721 2258; x_wconf 83' lang='lat' dir='ltr'><strong>arborem</strong></span> <span class='ocrx_word' id='word_1_180' title='bbox 738 2229 901 2270; x_wconf 50' lang='lat' dir='ltr'><strong>ascendit,—</strong></span> 
     </span>
     <span class='ocr_line' id='line_1_31' title="bbox 208 2276 937 2315; baseline -0.005 -7"><span class='ocrx_word' id='word_1_181' title='bbox 208 2281 391 2315; x_wconf 89' lang='lat' dir='ltr'><strong>Summoque</strong></span> <span class='ocrx_word' id='word_1_182' title='bbox 408 2278 541 2306; x_wconf 90' lang='lat' dir='ltr'><strong>diluculo</strong></span> <span class='ocrx_word' id='word_1_183' title='bbox 556 2280 685 2306; x_wconf 85' lang='lat' dir='ltr'><strong>rostrum</strong></span> <span class='ocrx_word' id='word_1_184' title='bbox 701 2285 817 2305; x_wconf 84' lang='lat' dir='ltr'><strong>sursum</strong></span> <span class='ocrx_word' id='word_1_185' title='bbox 834 2276 937 2309; x_wconf 87' lang='lat' dir='ltr'><strong>tendit,</strong></span> 
     </span>
     <span class='ocr_line' id='line_1_32' title="bbox 208 2324 864 2362; baseline -0.005 -8"><span class='ocrx_word' id='word_1_186' title='bbox 208 2326 390 2362; x_wconf 84' lang='lat' dir='ltr'><strong>Diversisque</strong></span> <span class='ocrx_word' id='word_1_187' title='bbox 406 2325 541 2353; x_wconf 86' lang='lat' dir='ltr'><strong>cantibus</strong></span> <span class='ocrx_word' id='word_1_188' title='bbox 557 2327 647 2353; x_wconf 88' lang='lat' dir='ltr'><strong>totam</strong></span> <span class='ocrx_word' id='word_1_189' title='bbox 663 2334 693 2352; x_wconf 82' lang='lat' dir='ltr'><strong>se</strong></span> <span class='ocrx_word' id='word_1_190' title='bbox 710 2324 864 2360; x_wconf 89' lang='lat' dir='ltr'><strong>impendit.</strong></span> 
     </span>
     <span class='ocr_line' id='line_1_33' title="bbox 242 2372 859 2408; baseline -0.006 -6"><span class='ocrx_word' id='word_1_191' title='bbox 242 2373 401 2402; x_wconf 88' lang='lat' dir='ltr'><strong>Cantilenis</strong></span> <span class='ocrx_word' id='word_1_192' title='bbox 416 2372 554 2401; x_wconf 85' lang='lat' dir='ltr'><strong>dulcibus</strong></span> <span class='ocrx_word' id='word_1_193' title='bbox 567 2372 689 2408; x_wconf 70' lang='lat' dir='ltr'><strong>prwviat</strong></span> <span class='ocrx_word' id='word_1_194' title='bbox 704 2380 859 2405; x_wconf 86' lang='lat' dir='ltr'><strong>aurora1n;</strong></span> 
     </span>
     <span class='ocr_line' id='line_1_34' title="bbox 206 2419 906 2454; baseline -0.004 -5"><span class='ocrx_word' id='word_1_195' title='bbox 206 2421 262 2450; x_wconf 85' lang='lat' dir='ltr'><strong>Sed</strong></span> <span class='ocrx_word' id='word_1_196' title='bbox 278 2429 346 2449; x_wconf 91' lang='lat' dir='ltr'><strong>cum</strong></span> <span class='ocrx_word' id='word_1_197' title='bbox 361 2420 425 2449; x_wconf 89' lang='lat' dir='ltr'><strong>dies</strong></span> <span class='ocrx_word' id='word_1_198' title='bbox 438 2419 537 2448; x_wconf 82' lang='lat' dir='ltr'><strong>rutilat</strong></span> <span class='ocrx_word' id='word_1_199' title='bbox 552 2419 629 2447; x_wconf 82' lang='lat' dir='ltr'><strong>circa</strong></span> <span class='ocrx_word' id='word_1_200' title='bbox 645 2419 773 2454; x_wconf 85' lang='lat' dir='ltr'><strong>primam</strong></span> <span class='ocrx_word' id='word_1_201' title='bbox 789 2419 906 2454; x_wconf 86' lang='lat' dir='ltr'><strong>horam,</strong></span> 
     </span>
     <span class='ocr_line' id='line_1_35' title="bbox 207 2466 818 2504; baseline -0.005 -8"><span class='ocrx_word' id='word_1_202' title='bbox 207 2469 305 2496; x_wconf 73' lang='lat' dir='ltr'><strong>Elevat</strong></span> <span class='ocrx_word' id='word_1_203' title='bbox 320 2467 500 2504; x_wconf 77' lang='lat' dir='ltr'><strong>praedulcius</strong></span> <span class='ocrx_word' id='word_1_204' title='bbox 514 2474 619 2495; x_wconf 88' lang='lat' dir='ltr'><strong>vocem</strong></span> <span class='ocrx_word' id='word_1_205' title='bbox 635 2466 818 2500; x_wconf 83' lang='lat' dir='ltr'><strong>insonoram,</strong></span> 
     </span>
     <span class='ocr_line' id='line_1_36' title="bbox 206 2513 916 2550; baseline -0.006 -6"><span class='ocrx_word' id='word_1_206' title='bbox 206 2517 236 2544; x_wconf 92' lang='lat' dir='ltr'><strong>ln</strong></span> <span class='ocrx_word' id='word_1_207' title='bbox 250 2515 398 2544; x_wconf 88' lang='lat' dir='ltr'><strong>cantando</strong></span> <span class='ocrx_word' id='word_1_208' title='bbox 415 2514 547 2543; x_wconf 89' lang='lat' dir='ltr'><strong>nesciens</strong></span> <span class='ocrx_word' id='word_1_209' title='bbox 561 2521 697 2550; x_wconf 86' lang='lat' dir='ltr'><strong>pausam,</strong></span> <span class='ocrx_word' id='word_1_210' title='bbox 712 2513 773 2541; x_wconf 84' lang='lat' dir='ltr'><strong>sive</strong></span> <span class='ocrx_word' id='word_1_211' title='bbox 789 2521 916 2541; x_wconf 84' lang='lat' dir='ltr'><strong>moram.</strong></span> 
     </span>
    </p>
   </div>
   <div class='ocr_carea' id='block_1_7' title="bbox 205 2599 985 2704">
    <p class='ocr_par' dir='ltr' id='par_1_7' title="bbox 205 2599 985 2704">
     <span class='ocr_line' id='line_1_37' title="bbox 237 2599 985 2632; baseline -0.004 -7"><span class='ocrx_word' id='word_1_212' title='bbox 237 2603 244 2618; x_wconf 93' lang='lat'><strong>¹</strong></span> <span class='ocrx_word' id='word_1_213' title='bbox 259 2601 299 2632; x_wconf 69' lang='lat' dir='ltr'><strong>Cf.</strong></span> <span class='ocrx_word' id='word_1_214' title='bbox 315 2602 379 2625; x_wconf 66' lang='lat' dir='ltr'><strong>lCdit.</strong></span> <span class='ocrx_word' id='word_1_215' title='bbox 399 2601 529 2630; x_wconf 64' lang='lat' dir='ltr'><strong>:ti-gentili.</strong></span> <span class='ocrx_word' id='word_1_216' title='bbox 544 2607 586 2624; x_wconf 85' lang='lat' dir='ltr'><strong>an.</strong></span> <span class='ocrx_word' id='word_1_217' title='bbox 604 2601 673 2630; x_wconf 63' lang='lat'><strong>1405,</strong></span> <span class='ocrx_word' id='word_1_218' title='bbox 692 2602 755 2630; x_wconf 70' lang='lat' dir='ltr'><strong>part.</strong></span> <span class='ocrx_word' id='word_1_219' title='bbox 771 2600 803 2625; x_wconf 74' lang='lat' dir='ltr'><strong>ll:</strong></span> <span class='ocrx_word' id='word_1_220' title='bbox 818 2599 878 2623; x_wconf 61' lang='lat' dir='ltr'><strong>vdit.</strong></span> <span class='ocrx_word' id='word_1_221' title='bbox 893 2599 985 2629; x_wconf 51' lang='lat' dir='ltr'><strong>Vatia,</strong></span> 
     </span>
     <span class='ocr_line' id='line_1_38' title="bbox 205 2636 983 2668; baseline -0.005 -6"><span class='ocrx_word' id='word_1_222' title='bbox 205 2645 247 2662; x_wconf 87' lang='lat' dir='ltr'><strong>an.</strong></span> <span class='ocrx_word' id='word_1_223' title='bbox 266 2639 420 2667; x_wconf 71' lang='lat' dir='ltr'><strong>¹59fi,101n.</strong></span> <span class='ocrx_word' id='word_1_224' title='bbox 441 2638 487 2668; x_wconf 79' lang='lat' dir='ltr'><strong>Vl,</strong></span> <span class='ocrx_word' id='word_1_225' title='bbox 505 2644 564 2668; x_wconf 70' lang='lat' dir='ltr'><strong>pag.</strong></span> <span class='ocrx_word' id='word_1_226' title='bbox 585 2638 644 2667; x_wconf 42' lang='lat' dir='ltr'><strong>445ss</strong></span> <span class='ocrx_word' id='word_1_227' title='bbox 668 2636 729 2660; x_wconf 80' lang='lat' dir='ltr'><strong>edit.</strong></span> <span class='ocrx_word' id='word_1_228' title='bbox 750 2636 814 2659; x_wconf 67' lang='lat' dir='ltr'><strong>ch.</strong></span> <span class='ocrx_word' id='word_1_229' title='bbox 840 2643 881 2659; x_wconf 82' lang='lat' dir='ltr'><strong>an.</strong></span> <span class='ocrx_word' id='word_1_230' title='bbox 908 2638 983 2663; x_wconf 75' lang='lat' dir='ltr'><strong>ltili,</strong></span> 
     </span>
     <span class='ocr_line' id='line_1_39' title="bbox 205 2671 981 2704; baseline -0.004 -6"><span class='ocrx_word' id='word_1_231' title='bbox 205 2677 268 2698; x_wconf 84' lang='lat' dir='ltr'><strong>tom.</strong></span> <span class='ocrx_word' id='word_1_232' title='bbox 285 2675 319 2704; x_wconf 87' lang='lat' dir='ltr'><strong>ll;</strong></span> <span class='ocrx_word' id='word_1_233' title='bbox 335 2674 394 2697; x_wconf 72' lang='lat' dir='ltr'><strong>edit.</strong></span> <span class='ocrx_word' id='word_1_234' title='bbox 412 2673 490 2703; x_wconf 68' lang='lat' dir='ltr'><strong>Lugd.</strong></span> <span class='ocrx_word' id='word_1_235' title='bbox 506 2680 548 2697; x_wconf 84' lang='lat' dir='ltr'><strong>an.</strong></span> <span class='ocrx_word' id='word_1_236' title='bbox 568 2673 639 2703; x_wconf 72' lang='lat'><strong>1047,</strong></span> <span class='ocrx_word' id='word_1_237' title='bbox 655 2674 718 2696; x_wconf 84' lang='lat' dir='ltr'><strong>tom.</strong></span> <span class='ocrx_word' id='word_1_238' title='bbox 737 2672 754 2702; x_wconf 89' lang='lat' dir='ltr'><strong>l,</strong></span> <span class='ocrx_word' id='word_1_239' title='bbox 774 2679 831 2702; x_wconf 65' lang='lat' dir='ltr'><strong>pag.</strong></span> <span class='ocrx_word' id='word_1_240' title='bbox 845 2673 904 2699; x_wconf 66' lang='lat'><strong>447:</strong></span> <span class='ocrx_word' id='word_1_241' title='bbox 922 2671 981 2695; x_wconf 83' lang='lat' dir='ltr'><strong>edit.</strong></span> 
     </span>
    </p>
   </div>
   <div class='ocr_carea' id='block_1_8' title="bbox 205 2710 721 2740">
    <p class='ocr_par' dir='ltr' id='par_1_8' title="bbox 205 2710 721 2740">
     <span class='ocr_line' id='line_1_40' title="bbox 205 2710 721 2740; baseline -0.006 -6"><span class='ocrx_word' id='word_1_242' title='bbox 205 2711 270 2735; x_wconf 63' lang='lat' dir='ltr'><strong>l&#39;eu.</strong></span> <span class='ocrx_word' id='word_1_243' title='bbox 285 2718 325 2734; x_wconf 81' lang='lat' dir='ltr'><strong>au.</strong></span> <span class='ocrx_word' id='word_1_244' title='bbox 343 2711 414 2739; x_wconf 71' lang='lat'><strong>1754,</strong></span> <span class='ocrx_word' id='word_1_245' title='bbox 430 2712 491 2734; x_wconf 77' lang='lat' dir='ltr'><strong>toni.</strong></span> <span class='ocrx_word' id='word_1_246' title='bbox 510 2710 575 2739; x_wconf 78' lang='lat' dir='ltr'><strong>xlll,</strong></span> <span class='ocrx_word' id='word_1_247' title='bbox 593 2716 651 2740; x_wconf 71' lang='lat' dir='ltr'><strong>pag.</strong></span> <span class='ocrx_word' id='word_1_248' title='bbox 667 2710 721 2732; x_wconf 80' lang='lat'><strong>338.</strong></span> 
     </span>
    </p>
   </div>
   <div class='ocr_carea' id='block_1_9' title="bbox 1041 1230 1782 2592">
    <p class='ocr_par' dir='ltr' id='par_1_9' title="bbox 1046 1230 1742 1411">
     <span class='ocr_line' id='line_1_41' title="bbox 1086 1230 1740 1268; baseline -0.003 -6"><span class='ocrx_word' id='word_1_249' title='bbox 1086 1233 1169 1262; x_wconf 88' lang='lat' dir='ltr'><strong>Circa</strong></span> <span class='ocrx_word' id='word_1_250' title='bbox 1184 1240 1256 1261; x_wconf 82' lang='lat' dir='ltr'><strong>vero</strong></span> <span class='ocrx_word' id='word_1_251' title='bbox 1270 1231 1385 1260; x_wconf 87' lang='lat' dir='ltr'><strong>tertiam</strong></span> <span class='ocrx_word' id='word_1_252' title='bbox 1398 1231 1484 1268; x_wconf 81' lang='lat' dir='ltr'><strong>quasi</strong></span> <span class='ocrx_word' id='word_1_253' title='bbox 1499 1230 1625 1260; x_wconf 87' lang='lat' dir='ltr'><strong>modum</strong></span> <span class='ocrx_word' id='word_1_254' title='bbox 1639 1231 1740 1265; x_wconf 83' lang='lat' dir='ltr'><strong>nescit,</strong></span> 
     </span>
     <span class='ocr_line' id='line_1_42' title="bbox 1047 1278 1742 1317; baseline -0.003 -9"><span class='ocrx_word' id='word_1_255' title='bbox 1047 1281 1122 1314; x_wconf 84' lang='lat' dir='ltr'><strong>Quia</strong></span> <span class='ocrx_word' id='word_1_256' title='bbox 1141 1287 1260 1317; x_wconf 84' lang='lat' dir='ltr'><strong>semper</strong></span> <span class='ocrx_word' id='word_1_257' title='bbox 1273 1279 1419 1315; x_wconf 83' lang='lat' dir='ltr'><strong>gaudium</strong></span> <span class='ocrx_word' id='word_1_258' title='bbox 1436 1278 1536 1307; x_wconf 86' lang='lat' dir='ltr'><strong>cordis</strong></span> <span class='ocrx_word' id='word_1_259' title='bbox 1547 1279 1612 1314; x_wconf 84' lang='lat' dir='ltr'><strong>ejus</strong></span> <span class='ocrx_word' id='word_1_260' title='bbox 1623 1279 1728 1307; x_wconf 88' lang='lat' dir='ltr'><strong>crescit</strong></span> <span class='ocrx_word' id='word_1_261' title='bbox 1734 1288 1742 1313; x_wconf 88' lang='lat'>;</span> 
     </span>
     <span class='ocr_line' id='line_1_43' title="bbox 1046 1325 1725 1363; baseline -0.003 -8"><span class='ocrx_word' id='word_1_262' title='bbox 1046 1329 1119 1355; x_wconf 85' lang='lat' dir='ltr'><strong>Vere</strong></span> <span class='ocrx_word' id='word_1_263' title='bbox 1140 1329 1241 1363; x_wconf 82' lang='lat' dir='ltr'><strong>guttur</strong></span> <span class='ocrx_word' id='word_1_264' title='bbox 1255 1326 1415 1362; x_wconf 85' lang='lat' dir='ltr'><strong>rumpitur,</strong></span> <span class='ocrx_word' id='word_1_265' title='bbox 1431 1326 1472 1354; x_wconf 91' lang='lat' dir='ltr'><strong>sic</strong></span> <span class='ocrx_word' id='word_1_266' title='bbox 1485 1333 1545 1354; x_wconf 81' lang='lat' dir='ltr'><strong>vox</strong></span> <span class='ocrx_word' id='word_1_267' title='bbox 1561 1325 1725 1360; x_wconf 83' lang='lat' dir='ltr'><strong>invalescit,</strong></span> 
     </span>
     <span class='ocr_line' id='line_1_44' title="bbox 1047 1372 1684 1411; baseline -0.003 -9"><span class='ocrx_word' id='word_1_268' title='bbox 1047 1376 1079 1402; x_wconf 85' lang='lat' dir='ltr'><strong>Et</strong></span> <span class='ocrx_word' id='word_1_269' title='bbox 1094 1382 1154 1411; x_wconf 91' lang='lat' dir='ltr'><strong>quo</strong></span> <span class='ocrx_word' id='word_1_270' title='bbox 1169 1375 1266 1402; x_wconf 83' lang='lat' dir='ltr'><strong>cantat</strong></span> <span class='ocrx_word' id='word_1_271' title='bbox 1280 1373 1378 1408; x_wconf 81' lang='lat' dir='ltr'><strong>altius,</strong></span> <span class='ocrx_word' id='word_1_272' title='bbox 1393 1372 1461 1409; x_wconf 85' lang='lat' dir='ltr'><strong>plus</strong></span> <span class='ocrx_word' id='word_1_273' title='bbox 1474 1374 1502 1401; x_wconf 85' lang='lat' dir='ltr'><strong>et</strong></span> <span class='ocrx_word' id='word_1_274' title='bbox 1516 1372 1684 1402; x_wconf 84' lang='lat' dir='ltr'><strong>inardescit.</strong></span> 
     </span>
    </p>

    <p class='ocr_par' dir='ltr' id='par_1_10' title="bbox 1045 1420 1715 1552">
     <span class='ocr_line' id='line_1_45' title="bbox 1082 1420 1715 1454; baseline -0.003 -4"><span class='ocrx_word' id='word_1_275' title='bbox 1082 1421 1138 1450; x_wconf 88' lang='lat' dir='ltr'><strong>Sed</strong></span> <span class='ocrx_word' id='word_1_276' title='bbox 1154 1429 1223 1449; x_wconf 89' lang='lat' dir='ltr'><strong>cum</strong></span> <span class='ocrx_word' id='word_1_277' title='bbox 1240 1421 1271 1449; x_wconf 87' lang='lat' dir='ltr'><strong>iu</strong></span> <span class='ocrx_word' id='word_1_278' title='bbox 1285 1420 1408 1449; x_wconf 89' lang='lat' dir='ltr'><strong>meridie</strong></span> <span class='ocrx_word' id='word_1_279' title='bbox 1424 1420 1470 1449; x_wconf 92' lang='lat' dir='ltr'><strong>sol</strong></span> <span class='ocrx_word' id='word_1_280' title='bbox 1484 1422 1528 1449; x_wconf 87' lang='lat' dir='ltr'><strong>est</strong></span> <span class='ocrx_word' id='word_1_281' title='bbox 1541 1420 1572 1448; x_wconf 90' lang='lat' dir='ltr'><strong>in</strong></span> <span class='ocrx_word' id='word_1_282' title='bbox 1587 1420 1715 1454; x_wconf 75' lang='lat' dir='ltr'><strong>fervore,</strong></span> 
     </span>
     <span class='ocr_line' id='line_1_46' title="bbox 1045 1468 1686 1506; baseline -0.002 -9"><span class='ocrx_word' id='word_1_283' title='bbox 1045 1470 1125 1498; x_wconf 90' lang='lat' dir='ltr'><strong>Tunc</strong></span> <span class='ocrx_word' id='word_1_284' title='bbox 1140 1469 1284 1506; x_wconf 88' lang='lat' dir='ltr'><strong>dirumpit</strong></span> <span class='ocrx_word' id='word_1_285' title='bbox 1298 1469 1413 1498; x_wconf 88' lang='lat' dir='ltr'><strong>viscera</strong></span> <span class='ocrx_word' id='word_1_286' title='bbox 1426 1469 1521 1498; x_wconf 90' lang='lat' dir='ltr'><strong>nimio</strong></span> <span class='ocrx_word' id='word_1_287' title='bbox 1536 1468 1686 1504; x_wconf 81' lang='lat' dir='ltr'><strong>clamore;</strong></span> 
     </span>
     <span class='ocr_line' id='line_1_47' title="bbox 1047 1516 1578 1552; baseline -0.002 -7"><span class='ocrx_word' id='word_1_288' title='bbox 1047 1517 1108 1552; x_wconf 87' lang='lat' dir='ltr'><strong>Oci,</strong></span> <span class='ocrx_word' id='word_1_289' title='bbox 1125 1517 1182 1552; x_wconf 88' lang='lat' dir='ltr'><strong>oei,</strong></span> <span class='ocrx_word' id='word_1_290' title='bbox 1199 1516 1330 1545; x_wconf 87' lang='lat' dir='ltr'><strong>clamitat</strong></span> <span class='ocrx_word' id='word_1_291' title='bbox 1344 1516 1397 1544; x_wconf 90' lang='lat' dir='ltr'><strong>illo</strong></span> <span class='ocrx_word' id='word_1_292' title='bbox 1412 1524 1467 1545; x_wconf 89' lang='lat' dir='ltr'><strong>suo</strong></span> <span class='ocrx_word' id='word_1_293' title='bbox 1482 1524 1578 1551; x_wconf 89' lang='lat' dir='ltr'><strong>more,</strong></span> 
     </span>
    </p>

    <p class='ocr_par' dir='ltr' id='par_1_11' title="bbox 1045 1563 1749 1740">
     <span class='ocr_line' id='line_1_48' title="bbox 1045 1563 1694 1601; baseline -0.002 -9"><span class='ocrx_word' id='word_1_294' title='bbox 1045 1564 1151 1600; x_wconf 88' lang='lat' dir='ltr'><strong>Sicque</strong></span> <span class='ocrx_word' id='word_1_295' title='bbox 1166 1572 1255 1592; x_wconf 91' lang='lat' dir='ltr'><strong>sensu</strong></span> <span class='ocrx_word' id='word_1_296' title='bbox 1271 1564 1371 1592; x_wconf 77' lang='lat' dir='ltr'><strong>delicit</strong></span> <span class='ocrx_word' id='word_1_297' title='bbox 1385 1566 1489 1592; x_wconf 85' lang='lat' dir='ltr'><strong>cantus</strong></span> <span class='ocrx_word' id='word_1_298' title='bbox 1504 1572 1566 1601; x_wconf 84' lang='lat' dir='ltr'><strong>prae</strong></span> <span class='ocrx_word' id='word_1_299' title='bbox 1580 1563 1694 1592; x_wconf 88' lang='lat' dir='ltr'><strong>labore.</strong></span> 
     </span>
     <span class='ocr_line' id='line_1_49' title="bbox 1082 1610 1715 1648; baseline -0.002 -9"><span class='ocrx_word' id='word_1_300' title='bbox 1082 1612 1128 1639; x_wconf 86' lang='lat' dir='ltr'><strong>Sic</strong></span> <span class='ocrx_word' id='word_1_301' title='bbox 1144 1614 1285 1648; x_wconf 88' lang='lat' dir='ltr'><strong>quassato</strong></span> <span class='ocrx_word' id='word_1_302' title='bbox 1300 1619 1416 1646; x_wconf 78' lang='lat' dir='ltr'><strong>organo</strong></span> <span class='ocrx_word' id='word_1_303' title='bbox 1429 1611 1518 1647; x_wconf 85' lang='lat' dir='ltr'><strong>hujus</strong></span> <span class='ocrx_word' id='word_1_304' title='bbox 1533 1610 1715 1645; x_wconf 85' lang='lat' dir='ltr'><strong>Philomeloe,</strong></span> 
     </span>
     <span class='ocr_line' id='line_1_50' title="bbox 1047 1657 1740 1695; baseline -0.003 -8"><span class='ocrx_word' id='word_1_305' title='bbox 1047 1660 1150 1687; x_wconf 72' lang='lat' dir='ltr'><strong>nostro</strong></span> <span class='ocrx_word' id='word_1_306' title='bbox 1167 1661 1264 1686; x_wconf 88' lang='lat' dir='ltr'><strong>tamen</strong></span> <span class='ocrx_word' id='word_1_307' title='bbox 1280 1658 1428 1695; x_wconf 83' lang='lat' dir='ltr'><strong>palpitans</strong></span> <span class='ocrx_word' id='word_1_308' title='bbox 1443 1658 1475 1686; x_wconf 84' lang='lat' dir='ltr'><strong>fit</strong></span> <span class='ocrx_word' id='word_1_309' title='bbox 1490 1657 1634 1694; x_wconf 82' lang='lat' dir='ltr'><strong>exanguis</strong></span> <span class='ocrx_word' id='word_1_310' title='bbox 1649 1665 1740 1693; x_wconf 78' lang='lat' dir='ltr'><strong>pene3</strong></span> 
     </span>
     <span class='ocr_line' id='line_1_51' title="bbox 1045 1704 1749 1740; baseline -0.003 -6"><span class='ocrx_word' id='word_1_311' title='bbox 1045 1706 1101 1734; x_wconf 91' lang='lat' dir='ltr'><strong>Sed</strong></span> <span class='ocrx_word' id='word_1_312' title='bbox 1117 1706 1155 1734; x_wconf 89' lang='lat' dir='ltr'><strong>ad</strong></span> <span class='ocrx_word' id='word_1_313' title='bbox 1171 1713 1283 1734; x_wconf 89' lang='lat' dir='ltr'><strong>nonam</strong></span> <span class='ocrx_word' id='word_1_314' title='bbox 1296 1705 1420 1733; x_wconf 80' lang='lat' dir='ltr'><strong>veniens</strong></span> <span class='ocrx_word' id='word_1_315' title='bbox 1435 1705 1560 1733; x_wconf 87' lang='lat' dir='ltr'><strong>moritur</strong></span> <span class='ocrx_word' id='word_1_316' title='bbox 1571 1705 1634 1740; x_wconf 87' lang='lat' dir='ltr'><strong>jam</strong></span> <span class='ocrx_word' id='word_1_317' title='bbox 1650 1704 1749 1740; x_wconf 88' lang='lat' dir='ltr'><strong>plene,</strong></span> 
     </span>
    </p>

    <p class='ocr_par' dir='ltr' id='par_1_12' title="bbox 1045 1751 1711 1788">
     <span class='ocr_line' id='line_1_52' title="bbox 1045 1751 1711 1788; baseline -0.002 -8"><span class='ocrx_word' id='word_1_318' title='bbox 1045 1753 1118 1781; x_wconf 90' lang='lat' dir='ltr'><strong>Cum</strong></span> <span class='ocrx_word' id='word_1_319' title='bbox 1139 1753 1227 1781; x_wconf 88' lang='lat' dir='ltr'><strong>totius</strong></span> <span class='ocrx_word' id='word_1_320' title='bbox 1242 1753 1376 1788; x_wconf 91' lang='lat' dir='ltr'><strong>corporis</strong></span> <span class='ocrx_word' id='word_1_321' title='bbox 1391 1751 1603 1788; x_wconf 87' lang='lat' dir='ltr'><strong>dirumpuntur</strong></span> <span class='ocrx_word' id='word_1_322' title='bbox 1618 1759 1711 1780; x_wconf 83' lang='lat' dir='ltr'><strong>venae.</strong></span> 
     </span>
    </p>

    <p class='ocr_par' dir='ltr' id='par_1_13' title="bbox 1045 1798 1730 1977">
     <span class='ocr_line' id='line_1_53' title="bbox 1082 1798 1650 1835; baseline -0.004 -7"><span class='ocrx_word' id='word_1_323' title='bbox 1082 1802 1165 1835; x_wconf 77' lang='lat' dir='ltr'><strong>Ecce,</strong></span> <span class='ocrx_word' id='word_1_324' title='bbox 1181 1799 1380 1835; x_wconf 87' lang='lat' dir='ltr'><strong>dilectissime,</strong></span> <span class='ocrx_word' id='word_1_325' title='bbox 1396 1799 1526 1828; x_wconf 85' lang='lat' dir='ltr'><strong>breviter</strong></span> <span class='ocrx_word' id='word_1_326' title='bbox 1540 1798 1650 1828; x_wconf 86' lang='lat' dir='ltr'><strong>audisti</strong></span> 
     </span>
     <span class='ocr_line' id='line_1_54' title="bbox 1046 1845 1730 1882; baseline 0 -8"><span class='ocrx_word' id='word_1_327' title='bbox 1046 1848 1164 1875; x_wconf 75' lang='lat' dir='ltr'><strong>Factum</strong></span> <span class='ocrx_word' id='word_1_328' title='bbox 1179 1847 1267 1882; x_wconf 90' lang='lat' dir='ltr'><strong>hujus</strong></span> <span class='ocrx_word' id='word_1_329' title='bbox 1280 1846 1410 1875; x_wconf 80' lang='lat' dir='ltr'><strong>volucris</strong></span> <span class='ocrx_word' id='word_1_330' title='bbox 1428 1856 1434 1874; x_wconf 92' lang='lat'><strong>:</strong></span> <span class='ocrx_word' id='word_1_331' title='bbox 1452 1846 1504 1874; x_wconf 87' lang='lat' dir='ltr'><strong>sed</strong></span> <span class='ocrx_word' id='word_1_332' title='bbox 1520 1846 1543 1874; x_wconf 91' lang='lat' dir='ltr'><strong>si</strong></span> <span class='ocrx_word' id='word_1_333' title='bbox 1558 1845 1730 1881; x_wconf 84' lang='lat' dir='ltr'><strong>meministi,</strong></span> 
     </span>
     <span class='ocr_line' id='line_1_55' title="bbox 1046 1893 1675 1930; baseline -0.002 -8"><span class='ocrx_word' id='word_1_334' title='bbox 1046 1894 1247 1929; x_wconf 73' lang='lat' dir='ltr'><strong>[iiximusjam</strong></span> <span class='ocrx_word' id='word_1_335' title='bbox 1260 1894 1408 1930; x_wconf 86' lang='lat' dir='ltr'><strong>primitus,</strong></span> <span class='ocrx_word' id='word_1_336' title='bbox 1423 1894 1496 1930; x_wconf 90' lang='lat' dir='ltr'><strong>quia</strong></span> <span class='ocrx_word' id='word_1_337' title='bbox 1511 1895 1614 1922; x_wconf 88' lang='lat' dir='ltr'><strong>cantus</strong></span> <span class='ocrx_word' id='word_1_338' title='bbox 1629 1893 1675 1921; x_wconf 90' lang='lat' dir='ltr'><strong>isti</strong></span> 
     </span>
     <span class='ocr_line' id='line_1_56' title="bbox 1045 1940 1648 1977; baseline -0.003 -8"><span class='ocrx_word' id='word_1_339' title='bbox 1045 1941 1161 1977; x_wconf 75' lang='lat' dir='ltr'><strong>Mystice</strong></span> <span class='ocrx_word' id='word_1_340' title='bbox 1177 1941 1357 1970; x_wconf 87' lang='lat' dir='ltr'><strong>conveniunt</strong></span> <span class='ocrx_word' id='word_1_341' title='bbox 1372 1941 1431 1977; x_wconf 83' lang='lat' dir='ltr'><strong>legi</strong></span> <span class='ocrx_word' id='word_1_342' title='bbox 1447 1942 1514 1969; x_wconf 82' lang='lat' dir='ltr'><strong>Jesu</strong></span> <span class='ocrx_word' id='word_1_343' title='bbox 1532 1940 1648 1968; x_wconf 87' lang='lat' dir='ltr'><strong>Christi.</strong></span> 
     </span>
    </p>

    <p class='ocr_par' dir='ltr' id='par_1_14' title="bbox 1044 1986 1684 2071">
     <span class='ocr_line' id='line_1_57' title="bbox 1082 1986 1684 2023; baseline -0.005 -6"><span class='ocrx_word' id='word_1_344' title='bbox 1082 1991 1188 2023; x_wconf 76' lang='lat' dir='ltr'><strong>Restat,</strong></span> <span class='ocrx_word' id='word_1_345' title='bbox 1204 1991 1235 2016; x_wconf 88' lang='lat' dir='ltr'><strong>ut</strong></span> <span class='ocrx_word' id='word_1_346' title='bbox 1250 1988 1394 2023; x_wconf 82' lang='lat' dir='ltr'><strong>intelligo,</strong></span> <span class='ocrx_word' id='word_1_347' title='bbox 1409 1996 1472 2016; x_wconf 85' lang='lat' dir='ltr'><strong>csse</strong></span> <span class='ocrx_word' id='word_1_348' title='bbox 1490 1986 1684 2016; x_wconf 84' lang='lat' dir='ltr'><strong>Philomelam</strong></span> 
     </span>
     <span class='ocr_line' id='line_1_58' title="bbox 1044 2034 1657 2071; baseline -0.002 -8"><span class='ocrx_word' id='word_1_349' title='bbox 1044 2035 1180 2063; x_wconf 76' lang='lat' dir='ltr'><strong>Animam</strong></span> <span class='ocrx_word' id='word_1_350' title='bbox 1196 2035 1353 2063; x_wconf 84' lang='lat' dir='ltr'><strong>virtutibus</strong></span> <span class='ocrx_word' id='word_1_351' title='bbox 1368 2037 1396 2063; x_wconf 89' lang='lat' dir='ltr'><strong>et</strong></span> <span class='ocrx_word' id='word_1_352' title='bbox 1410 2043 1512 2064; x_wconf 89' lang='lat' dir='ltr'><strong>amore</strong></span> <span class='ocrx_word' id='word_1_353' title='bbox 1525 2034 1657 2071; x_wconf 85' lang='lat' dir='ltr'><strong>plenam,</strong></span> 
     </span>
    </p>

    <p class='ocr_par' dir='ltr' id='par_1_15' title="bbox 1044 2082 1782 2158">
     <span class='ocr_line' id='line_1_59' title="bbox 1044 2082 1782 2118; baseline -0.003 -8"><span class='ocrx_word' id='word_1_354' title='bbox 1044 2086 1113 2116; x_wconf 67' lang='lat' dir='ltr'><strong>Qumv</strong></span> <span class='ocrx_word' id='word_1_355' title='bbox 1128 2083 1201 2110; x_wconf 88' lang='lat' dir='ltr'><strong>dum</strong></span> <span class='ocrx_word' id='word_1_356' title='bbox 1216 2085 1312 2110; x_wconf 90' lang='lat' dir='ltr'><strong>mente</strong></span> <span class='ocrx_word' id='word_1_357' title='bbox 1328 2084 1467 2118; x_wconf 80' lang='lat' dir='ltr'><strong>peragrat</strong></span> <span class='ocrx_word' id='word_1_358' title='bbox 1480 2082 1607 2118; x_wconf 84' lang='lat' dir='ltr'><strong>patriam</strong></span> <span class='ocrx_word' id='word_1_359' title='bbox 1620 2087 1782 2115; x_wconf 87' lang='lat' dir='ltr'><strong>amcenam,</strong></span> 
     </span>
     <span class='ocr_line' id='line_1_60' title="bbox 1044 2129 1628 2158; baseline -0.002 -1"><span class='ocrx_word' id='word_1_360' title='bbox 1044 2130 1117 2157; x_wconf 73' lang='lat' dir='ltr'><strong>Satis</strong></span> <span class='ocrx_word' id='word_1_361' title='bbox 1131 2129 1338 2158; x_wconf 83' lang='lat' dir='ltr'><strong>delectabilem</strong></span> <span class='ocrx_word' id='word_1_362' title='bbox 1354 2129 1424 2157; x_wconf 81' lang='lat' dir='ltr'><strong>texit</strong></span> <span class='ocrx_word' id='word_1_363' title='bbox 1439 2129 1628 2157; x_wconf 83' lang='lat' dir='ltr'><strong>cantilenam.</strong></span> 
     </span>
    </p>

    <p class='ocr_par' dir='ltr' id='par_1_16' title="bbox 1043 2175 1743 2354">
     <span class='ocr_line' id='line_1_61' title="bbox 1080 2175 1743 2213; baseline -0.003 -8"><span class='ocrx_word' id='word_1_364' title='bbox 1080 2177 1122 2205; x_wconf 79' lang='lat' dir='ltr'><strong>Ad</strong></span> <span class='ocrx_word' id='word_1_365' title='bbox 1138 2179 1334 2213; x_wconf 81' lang='lat' dir='ltr'><strong>augmentum</strong></span> <span class='ocrx_word' id='word_1_366' title='bbox 1348 2177 1457 2204; x_wconf 84' lang='lat' dir='ltr'><strong>etenim</strong></span> <span class='ocrx_word' id='word_1_367' title='bbox 1472 2184 1531 2204; x_wconf 83' lang='lat' dir='ltr'><strong>suae</strong></span> <span class='ocrx_word' id='word_1_368' title='bbox 1547 2178 1654 2204; x_wconf 86' lang='lat' dir='ltr'><strong>sanctae</strong></span> <span class='ocrx_word' id='word_1_369' title='bbox 1669 2175 1743 2212; x_wconf 89' lang='lat' dir='ltr'><strong>spei,</strong></span> 
     </span>
     <span class='ocr_line' id='line_1_62' title="bbox 1043 2223 1699 2260; baseline -0.002 -8"><span class='ocrx_word' id='word_1_370' title='bbox 1043 2224 1184 2258; x_wconf 76' lang='lat' dir='ltr'><strong>Quaedam</strong></span> <span class='ocrx_word' id='word_1_371' title='bbox 1200 2224 1263 2252; x_wconf 90' lang='lat' dir='ltr'><strong>dies</strong></span> <span class='ocrx_word' id='word_1_372' title='bbox 1276 2224 1401 2260; x_wconf 87' lang='lat' dir='ltr'><strong>mystica</strong></span> <span class='ocrx_word' id='word_1_373' title='bbox 1417 2223 1637 2252; x_wconf 87' lang='lat' dir='ltr'><strong>demonstratur</strong></span> <span class='ocrx_word' id='word_1_374' title='bbox 1652 2223 1678 2251; x_wconf 87' lang='lat' dir='ltr'><strong>ei</strong></span> <span class='ocrx_word' id='word_1_375' title='bbox 1691 2233 1699 2258; x_wconf 89' lang='lat'>;</span> 
     </span>
     <span class='ocr_line' id='line_1_63' title="bbox 1044 2270 1614 2307; baseline -0.004 -7"><span class='ocrx_word' id='word_1_376' title='bbox 1044 2273 1133 2300; x_wconf 81' lang='lat' dir='ltr'><strong>Porro</strong></span> <span class='ocrx_word' id='word_1_377' title='bbox 1149 2271 1305 2305; x_wconf 80' lang='lat' dir='ltr'><strong>beneficia,</strong></span> <span class='ocrx_word' id='word_1_378' title='bbox 1321 2279 1387 2307; x_wconf 62' lang='lat' dir='ltr'><strong>quze</strong></span> <span class='ocrx_word' id='word_1_379' title='bbox 1403 2270 1440 2298; x_wconf 90' lang='lat' dir='ltr'><strong>de</strong></span> <span class='ocrx_word' id='word_1_380' title='bbox 1457 2279 1549 2299; x_wconf 90' lang='lat' dir='ltr'><strong>manu</strong></span> <span class='ocrx_word' id='word_1_381' title='bbox 1565 2270 1614 2298; x_wconf 86' lang='lat' dir='ltr'><strong>Dei</strong></span> 
     </span>
     <span class='ocr_line' id='line_1_64' title="bbox 1044 2317 1658 2354; baseline -0.002 -7"><span class='ocrx_word' id='word_1_382' title='bbox 1044 2320 1138 2347; x_wconf 89' lang='lat' dir='ltr'><strong>llomo</strong></span> <span class='ocrx_word' id='word_1_383' title='bbox 1153 2320 1328 2347; x_wconf 87' lang='lat' dir='ltr'><strong>consecutus</strong></span> <span class='ocrx_word' id='word_1_384' title='bbox 1342 2320 1394 2354; x_wconf 86' lang='lat' dir='ltr'><strong>est,</strong></span> <span class='ocrx_word' id='word_1_385' title='bbox 1411 2320 1478 2346; x_wconf 86' lang='lat' dir='ltr'><strong>sunt</strong></span> <span class='ocrx_word' id='word_1_386' title='bbox 1492 2318 1573 2346; x_wconf 80' lang='lat' dir='ltr'><strong>horae</strong></span> <span class='ocrx_word' id='word_1_387' title='bbox 1588 2317 1658 2346; x_wconf 87' lang='lat' dir='ltr'><strong>diei.</strong></span> 
     </span>
    </p>

    <p class='ocr_par' dir='ltr' id='par_1_17' title="bbox 1041 2365 1736 2545">
     <span class='ocr_line' id='line_1_65' title="bbox 1079 2365 1736 2401; baseline -0.003 -7"><span class='ocrx_word' id='word_1_388' title='bbox 1079 2368 1171 2401; x_wconf 84' lang='lat' dir='ltr'><strong>Mane,</strong></span> <span class='ocrx_word' id='word_1_389' title='bbox 1188 2366 1233 2394; x_wconf 89' lang='lat' dir='ltr'><strong>vel</strong></span> <span class='ocrx_word' id='word_1_390' title='bbox 1250 2365 1428 2401; x_wconf 89' lang='lat' dir='ltr'><strong>diluculum,</strong></span> <span class='ocrx_word' id='word_1_391' title='bbox 1444 2366 1574 2394; x_wconf 83' lang='lat' dir='ltr'><strong>hominis</strong></span> <span class='ocrx_word' id='word_1_392' title='bbox 1589 2367 1631 2394; x_wconf 89' lang='lat' dir='ltr'><strong>est</strong></span> <span class='ocrx_word' id='word_1_393' title='bbox 1644 2366 1736 2393; x_wconf 84' lang='lat' dir='ltr'><strong>status</strong></span> 
     </span>
     <span class='ocr_line' id='line_1_66' title="bbox 1044 2414 1652 2451; baseline -0.002 -9"><span class='ocrx_word' id='word_1_394' title='bbox 1044 2417 1074 2443; x_wconf 90' lang='lat' dir='ltr'><strong>ln</strong></span> <span class='ocrx_word' id='word_1_395' title='bbox 1090 2423 1151 2451; x_wconf 86' lang='lat' dir='ltr'><strong>quo</strong></span> <span class='ocrx_word' id='word_1_396' title='bbox 1166 2414 1341 2442; x_wconf 83' lang='lat' dir='ltr'><strong>mirabiliter</strong></span> <span class='ocrx_word' id='word_1_397' title='bbox 1356 2414 1448 2443; x_wconf 90' lang='lat' dir='ltr'><strong>homo</strong></span> <span class='ocrx_word' id='word_1_398' title='bbox 1465 2416 1508 2442; x_wconf 90' lang='lat' dir='ltr'><strong>est</strong></span> <span class='ocrx_word' id='word_1_399' title='bbox 1522 2415 1638 2442; x_wconf 87' lang='lat' dir='ltr'><strong>creatus</strong></span> <span class='ocrx_word' id='word_1_400' title='bbox 1644 2423 1652 2448; x_wconf 93' lang='lat'>;</span> 
     </span>
     <span class='ocr_line' id='line_1_67' title="bbox 1044 2461 1725 2498; baseline -0.003 -8"><span class='ocrx_word' id='word_1_401' title='bbox 1044 2464 1119 2491; x_wconf 82' lang='lat' dir='ltr'><strong>llora</strong></span> <span class='ocrx_word' id='word_1_402' title='bbox 1134 2462 1241 2498; x_wconf 89' lang='lat' dir='ltr'><strong>prima,</strong></span> <span class='ocrx_word' id='word_1_403' title='bbox 1257 2461 1380 2498; x_wconf 84' lang='lat' dir='ltr'><strong>quando</strong></span> <span class='ocrx_word' id='word_1_404' title='bbox 1396 2464 1438 2489; x_wconf 88' lang='lat' dir='ltr'><strong>est</strong></span> <span class='ocrx_word' id='word_1_405' title='bbox 1451 2462 1525 2489; x_wconf 88' lang='lat' dir='ltr'><strong>Deus</strong></span> <span class='ocrx_word' id='word_1_406' title='bbox 1540 2461 1725 2494; x_wconf 82' lang='lat' dir='ltr'><strong>incarnatus;</strong></span> 
     </span>
     <span class='ocr_line' id='line_1_68' title="bbox 1041 2508 1596 2545; baseline -0.004 -7"><span class='ocrx_word' id='word_1_407' title='bbox 1041 2510 1166 2538; x_wconf 84' lang='lat' dir='ltr'><strong>Tertiam</strong></span> <span class='ocrx_word' id='word_1_408' title='bbox 1179 2509 1227 2537; x_wconf 91' lang='lat' dir='ltr'><strong>dic</strong></span> <span class='ocrx_word' id='word_1_409' title='bbox 1239 2509 1367 2545; x_wconf 71' lang='lat' dir='ltr'><strong>spatium</strong></span> <span class='ocrx_word' id='word_1_410' title='bbox 1382 2509 1427 2536; x_wconf 93' lang='lat' dir='ltr'><strong>sui</strong></span> <span class='ocrx_word' id='word_1_411' title='bbox 1442 2508 1596 2537; x_wconf 80' lang='lat' dir='ltr'><strong>incolatus,</strong></span> 
     </span>
    </p>

    <p class='ocr_par' dir='ltr' id='par_1_18' title="bbox 1077 2555 1680 2592">
     <span class='ocr_line' id='line_1_69' title="bbox 1077 2555 1680 2592; baseline -0.003 -7"><span class='ocrx_word' id='word_1_412' title='bbox 1077 2558 1206 2591; x_wconf 77' lang='lat' dir='ltr'><strong>sextam,</strong></span> <span class='ocrx_word' id='word_1_413' title='bbox 1222 2565 1290 2584; x_wconf 89' lang='lat' dir='ltr'><strong>cum</strong></span> <span class='ocrx_word' id='word_1_414' title='bbox 1305 2564 1322 2585; x_wconf 89' lang='lat' dir='ltr'><strong>a</strong></span> <span class='ocrx_word' id='word_1_415' title='bbox 1336 2556 1458 2592; x_wconf 76' lang='lat' dir='ltr'><strong>perfidis</strong></span> <span class='ocrx_word' id='word_1_416' title='bbox 1474 2555 1568 2584; x_wconf 90' lang='lat' dir='ltr'><strong>voluit</strong></span> <span class='ocrx_word' id='word_1_417' title='bbox 1581 2555 1680 2591; x_wconf 84' lang='lat' dir='ltr'><strong>ligari,</strong></span> 
     </span>
    </p>
   </div>
   <div class='ocr_carea' id='block_1_10' title="bbox 1042 2629 1822 2735">
    <p class='ocr_par' dir='ltr' id='par_1_19' title="bbox 1042 2629 1822 2735">
     <span class='ocr_line' id='line_1_70' title="bbox 1071 2629 1822 2664; baseline -0.003 -9"><span class='ocrx_word' id='word_1_418' title='bbox 1071 2634 1104 2664; x_wconf 79' lang='grc' dir='ltr'><strong>(ιι)</strong></span> <span class='ocrx_word' id='word_1_419' title='bbox 1126 2633 1162 2657; x_wconf 78' lang='lat' dir='ltr'><strong>ltu</strong></span> <span class='ocrx_word' id='word_1_420' title='bbox 1183 2632 1266 2657; x_wconf 71' lang='lat' dir='ltr'><strong>Codex</strong></span> <span class='ocrx_word' id='word_1_421' title='bbox 1284 2638 1330 2655; x_wconf 77' lang='lat' dir='ltr'><strong>ms.</strong></span> <span class='ocrx_word' id='word_1_422' title='bbox 1351 2632 1456 2655; x_wconf 69' lang='lat' dir='ltr'><strong>riiotiast.</strong></span> <span class='ocrx_word' id='word_1_423' title='bbox 1476 2630 1595 2654; x_wconf 64' lang='lat' dir='ltr'><strong>Alnensis</strong></span> <span class='ocrx_word' id='word_1_424' title='bbox 1611 2637 1688 2662; x_wconf 75' lang='lat' dir='ltr'><strong>prope</strong></span> <span class='ocrx_word' id='word_1_425' title='bbox 1707 2629 1822 2654; x_wconf 80' lang='lat' dir='ltr'><strong>Leodiam</strong></span> 
     </span>
     <span class='ocr_line' id='line_1_71' title="bbox 1042 2665 1821 2699; baseline -0.004 -6"><span class='ocrx_word' id='word_1_426' title='bbox 1042 2671 1066 2693; x_wconf 80' lang='lat' dir='ltr'><strong>in</strong></span> <span class='ocrx_word' id='word_1_427' title='bbox 1089 2669 1184 2699; x_wconf 53' lang='lat' dir='ltr'><strong>Bomio,</strong></span> <span class='ocrx_word' id='word_1_428' title='bbox 1199 2670 1222 2692; x_wconf 77' lang='lat' dir='ltr'><strong>et</strong></span> <span class='ocrx_word' id='word_1_429' title='bbox 1239 2669 1305 2692; x_wconf 77' lang='lat' dir='ltr'><strong>ratio</strong></span> <span class='ocrx_word' id='word_1_430' title='bbox 1323 2667 1388 2691; x_wconf 78' lang='lat' dir='ltr'><strong>idem</strong></span> <span class='ocrx_word' id='word_1_431' title='bbox 1402 2666 1531 2698; x_wconf 79' lang='lat' dir='ltr'><strong>postulare</strong></span> <span class='ocrx_word' id='word_1_432' title='bbox 1551 2666 1659 2691; x_wconf 78' lang='lat' dir='ltr'><strong>videtur.</strong></span> <span class='ocrx_word' id='word_1_433' title='bbox 1679 2665 1740 2691; x_wconf 77' lang='lat' dir='ltr'><strong>Coet.</strong></span> <span class='ocrx_word' id='word_1_434' title='bbox 1760 2666 1821 2690; x_wconf 72' lang='lat' dir='ltr'><strong>edit.</strong></span> 
     </span>
     <span class='ocr_line' id='line_1_72' title="bbox 1042 2703 1432 2735; baseline -0.003 -6"><span class='ocrx_word' id='word_1_435' title='bbox 1042 2705 1206 2735; x_wconf 75' lang='lat' dir='ltr'><strong>Philumena,</strong></span> <span class='ocrx_word' id='word_1_436' title='bbox 1222 2707 1246 2728; x_wconf 80' lang='lat' dir='ltr'><strong>el</strong></span> <span class='ocrx_word' id='word_1_437' title='bbox 1260 2705 1295 2727; x_wconf 79' lang='lat' dir='ltr'><strong>sic</strong></span> <span class='ocrx_word' id='word_1_438' title='bbox 1310 2703 1432 2734; x_wconf 76' lang='lat' dir='ltr'><strong>deinceps.</strong></span> 
     </span>
    </p>
   </div>
   <div class='ocr_carea' id='block_1_11' title="bbox 1894 0 2029 2112">
    <p class='ocr_par' dir='ltr' id='par_1_20' title="bbox 1894 0 2029 2112">
     <span class='ocr_line' id='line_1_73' title="bbox 1894 0 2029 2112; baseline 0 0"><span class='ocrx_word' id='word_1_439' title='bbox 1894 0 2029 2112; x_wconf 95' lang='lat' dir='ltr'><strong> </strong></span> 
     </span>
    </p>
   </div>
  </div>
 </body>
</html>
