2029 3052
473 248 523 280 DE
547 247 744 280 PLURIBUS
766 247 824 280 SS.
849 247 1179 282 CONFESSORIBUS.
1203 249 1336 282 SERMO
1361 250 1384 282 1.

117 323 191 344 num
204 316 382 345 febricitanti
400 317 521 352 noceat,
542 316 659 353 ptisana
679 317 684 331 ¹
705 324 776 345 vero
798 315 898 345 conre-

116 365 172 399 rat,
188 363 272 400 quod
285 371 435 392 venenum
449 363 602 392 hominem
618 363 756 400 perimat,
773 364 801 392 et
815 363 899 401 quod

117 410 247 439 theriaca
260 410 271 426 ¹
290 418 441 439 venenum
464 410 605 448 expellat,
625 411 781 448 quomodo
797 410 896 445 scitur,

118 458 174 486 nisi
184 466 238 494 per
253 458 401 493 effectum,
414 458 466 495 qui
481 458 536 486 ista
551 458 761 495 consequitur?
775 460 850 494 Ergo
862 466 899 486 ex

119 504 272 533 effectibus
290 505 554 542 consequentibus,
575 505 678 542 quales
699 505 757 533 sint
778 504 898 539 divitiae,

119 554 350 588 cognoscuntur.
366 552 442 580 Audi
463 553 639 588 Apostolum
650 554 660 571 ³
675 562 681 581 :
697 562 710 579 «
725 553 780 587 Qui
793 551 901 581 volunt

119 599 223 628 divites
240 599 315 635 fieri,
332 600 467 629 incidunt
481 600 513 628 in
532 600 735 635 tentationem,
757 602 785 629 et
803 600 834 628 in
858 601 900 629 la-

118 655 231 683 queum
237 647 362 683 diaboli,
374 649 402 675 et
412 647 659 676 desideriamulta
669 649 696 676 et
706 648 823 683 nociva,
834 656 900 684 quae

118 695 257 730 mergunt
271 694 302 722 in
315 693 466 722 interitum
485 695 513 722 ct
527 694 557 722 in
569 695 780 731 perditionem.
797 705 810 722 v>
823 695 899 729 Quid

117 741 178 769 istis
196 741 302 778 pejus?
318 741 346 770 Si
360 741 398 769 de
416 743 539 778 peccato
555 742 662 778 agitur,
678 742 749 770 audi
764 743 900 770 Ecclesia-

116 789 215 816 sticum
229 788 239 805 ⁴
257 797 263 816 z
284 797 296 814 κ
312 788 340 816 Si
355 787 446 817 fueris
462 788 557 824 diveS,
572 797 634 818 non
654 789 710 817 eris
726 789 868 817 immunis
883 797 901 818 a

116 837 281 871 peccato.»
304 835 481 872 Exemplum
503 835 540 864 de
564 836 644 871 Saul,
668 836 719 872 qui
738 837 900 873 antequam

117 882 231 910 veniret
241 882 280 910 ad
289 890 427 919 regnum,
439 891 502 911 non
513 885 575 911 erat
587 883 633 911 vir
647 883 677 911 in
692 884 779 912 lsrael
791 883 901 911 melior

118 937 169 965 eo;
186 929 238 957 sed
252 929 371 965 ditatus,
382 938 445 958 non
459 932 522 958 erat
530 930 604 958 forte
616 930 701 966 pejor
717 939 763 959 eo.
778 932 900 959 Bernar-

118 975 174 1003 dus
188 976 197 993 ὕ
210 985 217 1004 :
232 986 245 1002 «
259 976 328 1011 Quis
339 977 432 1005 David
447 977 594 1006 sanctior?
605 977 671 1013 quis
684 977 842 1006 Salomone
855 985 901 1005 sa-

118 1023 264 1059 pientior?
289 1025 317 1051 et
341 1025 459 1058 tamen,
481 1024 709 1053 succedentibus
730 1024 899 1061 prosperis,

118 1078 197 1098 unus
213 1078 248 1098 ex
266 1072 326 1099 toto
347 1071 475 1107 desipuit
491 1081 498 1099 :
515 1081 528 1098 ι)
546 1071 628 1108 quia,
648 1071 813 1099 secundum
828 1073 900 1099 Boe-

120 1117 191 1145 tium
204 1118 224 1153 Β,
245 1128 258 1143 «
279 1118 375 1153 magis
395 1118 528 1146 timenda
545 1121 587 1146 est
605 1118 724 1146 fortuna
743 1127 900 1155 prospera,

120 1172 209 1200 quam
222 1165 357 1194 adversa.
375 1176 388 1191 »
405 1167 507 1193 Nonne
523 1166 648 1194 dicitur⁷
665 1175 671 1193 z
688 1175 701 1192 «
716 1167 846 1194 Mortuus
860 1168 902 1193 est

119 1211 213 1246 dives,
229 1214 257 1240 et
269 1213 401 1248 sepultus
417 1215 460 1241 est
475 1213 505 1240 in
521 1212 637 1241 inferno
647 1213 661 1240 ⁴?
676 1223 689 1239 n
705 1213 813 1247 Quales
829 1221 900 1248 ergo

119 1261 186 1286 sunt
203 1259 322 1294 divitiae,
336 1268 428 1296 quam
443 1260 572 1294 inutiles,
588 1262 616 1288 et
630 1268 720 1296 quam
734 1260 858 1293 nocivae,
874 1262 903 1288 et

119 1313 211 1342 quam
224 1306 291 1334 totis
311 1306 466 1335 aflectibus
488 1307 650 1343 fugiendae,
676 1316 744 1336 cum
770 1308 901 1335 animam

118 1352 257 1389 periculis
285 1354 385 1382 multis
407 1356 576 1390 exponant,
603 1355 729 1390 gratiam
751 1354 902 1389 auferant,

118 1401 305 1436 peccatorem
328 1401 522 1436 constituant,
548 1404 575 1429 et
594 1402 701 1429 ultimo
726 1401 765 1429 ad
787 1401 902 1429 inferna

120 1446 269 1475 deducant
282 1449 287 1474 !

156 1494 251 1522 Tertio
275 1494 384 1522 divitiae
407 1497 474 1522 sunt
497 1495 621 1523 infirmae
650 1497 678 1522 et
707 1495 902 1531 impotentes,

120 1541 218 1569 nullos
237 1550 307 1569 suos
325 1542 462 1577 J'uvando
483 1550 669 1578 possessores
693 1542 733 1570 ad
754 1542 831 1570 vires
851 1542 903 1570 ha-

120 1589 245 1616 bendas.
268 1589 356 1624 Cujus
380 1589 541 1617 debilitatis
565 1589 641 1617 ratio
662 1597 699 1617 ex
721 1590 779 1617 hoc
799 1591 900 1626 patet:

121 1635 374 1672 quandocumque
403 1636 483 1664 enim
507 1636 630 1672 aliquod
654 1636 713 1672 agit
738 1636 776 1664 ad
801 1637 903 1672 aliqua

121 1683 284 1719 operanda,
302 1683 400 1719 ipsum
420 1684 536 1719 oportet
551 1683 652 1719 aliqua
668 1683 760 1711 multa
780 1683 902 1718 habere,

121 1738 186 1766 quae
200 1733 321 1766 possent
334 1730 398 1757 fieri
413 1730 452 1758 ab
473 1730 531 1758 alio
547 1739 631 1766 aeque
646 1739 699 1766 per
717 1739 831 1766 pauca3
850 1731 903 1758 illa

121 1777 214 1805 multa
226 1777 282 1814 ipsi
302 1778 400 1813 agenti
419 1778 518 1814 primo
527 1780 596 1806 sunt
609 1787 702 1812 vana;
715 1779 775 1806 imo
786 1786 903 1814 semper

120 1826 226 1852 natura
242 1827 381 1860 operatur
395 1833 448 1861 per
467 1826 620 1861 pauciora,
635 1828 781 1862 quantum
795 1827 902 1861 potest,

121 1873 153 1898 ut
166 1871 338 1907 philosophi
347 1872 463 1900 docent.
475 1874 550 1908 Ergo
564 1881 632 1900 cum
640 1873 808 1907 videamus,
820 1871 903 1908 quod

122 1918 173 1954 qui
197 1918 260 1946 vult
283 1919 478 1954 temporalem
506 1920 710 1947 necessitatem
732 1919 902 1954 excludere,

122 1967 237 2001 oportet
251 1974 319 1994 eum
330 1966 446 1994 divitias
461 1966 695 1994 innumerabiles
706 1975 900 2002 congregare,

121 2021 175 2041 nec
190 2013 340 2042 sufficiunt
356 2022 469 2050 paucae,
486 2015 598 2042 certum
618 2016 660 2042 est
679 2022 729 2042 eas
747 2014 836 2042 valde
853 2014 904 2042 (le-

121 2060 196 2088 biles
211 2069 285 2095 esse,
300 2061 430 2089 maxime
447 2070 516 2089 cum
530 2061 631 2089 multae
651 2069 711 2089 non
727 2062 841 2097 possint
855 2069 904 2089 ne-

123 2107 284 2135 cessitatem
301 2108 468 2136 excludere.
483 2108 569 2142 Quod
585 2111 684 2136 autem
699 2108 857 2136 multitudo
873 2109 903 2136 in

122 2154 212 2182 rebus
225 2155 349 2191 singulis
364 2156 399 2183 sit
409 2156 529 2191 siguum
542 2155 712 2190 debilitatis,
725 2156 824 2183 multis
836 2164 904 2191 pro-

124 2202 212 2230 batur
222 2203 376 2239 exemplis.
394 2203 569 2240 Exemplum
580 2212 650 2239 ergo
661 2204 791 2239 primum
803 2204 903 2240 accipe

123 2249 154 2276 in
169 2251 275 2277 natura
287 2259 293 2277 :
306 2258 377 2277 nam
391 2250 527 2278 videmus
542 2250 636 2278 multa
649 2251 766 2286 reptilia
779 2259 904 2286 corpore

124 2296 241 2331 exigua,
255 2297 442 2332 multipedia,
465 2299 492 2324 et
510 2306 625 2325 vermes
646 2297 762 2332 breves,
786 2300 813 2325 et
832 2298 905 2325 culi-

125 2352 182 2377 ceS,
196 2345 227 2372 in
243 2345 354 2381 quibus
368 2347 525 2381 propterea
539 2346 623 2373 multi
638 2348 705 2374 sunt
719 2346 820 2383 pedeS,
834 2347 906 2383 quia

125 2391 248 2420 omnino
264 2392 353 2420 valde
370 2394 437 2420 sunt
452 2393 576 2421 debiles.
598 2395 703 2428 Quare,
720 2394 743 2421 si
764 2402 831 2421 cum
856 2394 906 2421 de-

125 2439 238 2470 bilitate
258 2440 345 2475 pauci
363 2442 459 2468 essent
476 2440 578 2476 pedeS,
600 2448 727 2476 corpora
744 2443 904 2469 sustentare

125 2493 186 2513 non
201 2489 333 2522 possent,
351 2489 378 2515 et
394 2487 434 2514 sic
450 2495 594 2522 gressum,
611 2489 638 2514 et
652 2495 704 2522 per
720 2496 906 2524 consequens

127 2533 216 2560 vitam
232 2533 399 2569 perderent.
422 2534 543 2570 Sapiens
559 2542 629 2569 ergo
645 2536 759 2569 natura,
777 2535 847 2571 quia
864 2537 905 2563 ta-

160 2618 165 2631 ¹
183 2618 285 2642 Ptisuna
299 2621 338 2643 est
356 2619 446 2643 hordei
463 2627 573 2650 cremor,
587 2620 627 2643 vel
643 2627 742 2650 succus,
760 2620 813 2644 sive
831 2628 905 2652 aqua.

129 2652 203 2683 Ptin„
227 2653 271 2677 lib.
296 2655 391 2685 XVtIt,
416 2662 438 2680 c.
461 2662 514 2686 vu,
537 2658 562 2679 et
585 2655 627 2679 lib.
650 2656 733 2686 Xth,
758 2663 780 2680 c.
801 2662 861 2680 xxv.
876 2671 906 2675 -—

129 2689 137 2702 ²
161 2689 284 2714 Theriaca
308 2698 339 2714 ex
370 2692 486 2722 viperina
509 2699 585 2716 earne
617 2692 652 2715 fit.
680 2692 755 2723 Ptin„
780 2692 823 2716 lib.
854 2695 905 2723 xx,

129 2731 150 2749 c.
172 2731 242 2756 xxm,
262 2729 287 2750 et
308 2726 351 2751 lib.
374 2728 465 2758 xxm,
483 2735 504 2752 c.
526 2733 606 2752 1ν,-
627 2728 634 2739 ''-
656 2728 661 2750 Ι
686 2727 756 2756 Tim,
775 2734 815 2758 νι,
838 2730 859 2753 9.
877 2743 906 2747 —

1700 254 1739 284 79

954 316 1034 345 libus
1054 325 1141 346 crura
1163 317 1434 355 proportionabilia
1454 318 1525 347 dare
1549 326 1612 347 non
1633 320 1738 355 potest,

956 363 1140 393 debilitatem
1155 365 1343 394 multitudine
1357 365 1472 402 pedum
1491 366 1650 403 supplevit.
1666 368 1741 395 Nam

954 411 1102 447 videmus,
1117 413 1170 440 ubi
1183 414 1276 450 pedes
1291 413 1384 442 validi
1400 415 1477 449 sunt,
1494 415 1522 442 et
1535 413 1637 449 fortes,
1657 414 1741 442 inve-

954 459 1077 487 niuntur
1097 460 1253 496 pauciores
1278 469 1351 489 esse.
1379 461 1460 489 Unde
1479 461 1542 489 haec
1570 463 1613 489 est
1634 469 1740 495 causa,

956 514 1049 542 quare
1062 506 1163 542 plures
1178 507 1265 536 culex
1280 517 1372 544 quam
1392 508 1512 545 elephas
1526 508 1618 536 habet
1637 508 1742 545 pedes,

956 561 1025 581 cum
1039 553 1098 581 hoc
1113 553 1149 581 sit
1163 554 1274 582 animal
1289 555 1442 591 exiguum,
1460 556 1518 584 hoc
1529 557 1629 584 autem
1644 555 1741 583 maxi-

956 609 1050 629 mum.
1080 602 1152 629 Item
1185 601 1216 629 in
1239 602 1330 630 rebus
1357 602 1561 631 artificialibus
1585 602 1740 638 videmus,

957 648 1040 684 quod
1055 650 1167 684 quanto
1182 649 1274 684 panni
1291 651 1359 677 sunt
1373 649 1497 678 minoris
1513 650 1628 678 virtutis
1644 650 1683 678 ad
1697 650 1742 678 fo-

956 697 1090 723 mentum
1107 695 1249 724 naturalis
1265 695 1387 731 caloris,
1404 698 1484 725 tanto
1500 705 1621 725 necesse
1643 698 1696 732 est,
1711 699 1743 725 ut

957 750 992 770 ex
1011 742 1052 770 eis
1074 742 1166 770 homo
1193 743 1300 771 induat
1321 743 1431 780 plures.
1456 745 1528 772 ltcm
1551 746 1664 780 quanto
1688 752 1742 772 na-

955 797 1025 816 vem
1046 790 1195 818 trahentes
1220 792 1289 818 sunt
1317 790 1494 827 debilioreS,
1517 793 1599 819 tanto
1622 799 1742 819 necesse

957 838 999 864 est
1017 845 1068 864 eos
1088 845 1150 865 esse
1174 837 1274 873 plures
1299 839 1362 866 rut
1386 838 1470 874 quod
1491 847 1554 866 non
1572 840 1669 875 potest
1691 838 1742 866 de-

956 885 1056 913 bilitas
1074 894 1252 922 paucorum,
1277 886 1438 914 multitudo
1463 886 1609 923 suppleat.
1626 888 1667 914 Ex
1686 886 1743 914 hac

956 932 1036 960 enim
1066 941 1156 961 causa
1187 935 1248 968 est,
1286 933 1370 969 quod
1397 933 1486 969 plura
1517 935 1586 961 sunt
1616 933 1744 961 minera-

956 979 1010 1014 lia,
1032 988 1125 1016 quam
1147 980 1344 1015 vegetabilia,
1374 982 1403 1008 et
1431 981 1520 1016 plura
1543 980 1741 1016 vegetabilia,

957 1035 1050 1062 quam
1081 1027 1235 1055 sensibilia
1250 1037 1258 1062 3
1293 1029 1322 1055 et
1347 1028 1435 1064 plura
1465 1027 1619 1056 sensibilia
1651 1035 1743 1063 quam

956 1075 1114 1103 rationalia
1141 1084 1148 1103 :
1177 1076 1248 1112 quia
1278 1078 1390 1112 quanto
1424 1078 1492 1104 sunt
1525 1076 1632 1112 plura,
1661 1078 1742 1104 tanto

957 1122 1148 1157 ignobiliora,
1164 1125 1192 1151 et
1204 1124 1285 1151 tanto
1301 1123 1460 1158 debiliora,
1477 1125 1504 1151 et
1517 1123 1616 1151 minus
1641 1124 1742 1151 valen-

957 1170 1005 1197 tia.
1023 1170 1117 1203 Quare
1133 1170 1201 1206 plus
1214 1172 1256 1198 est
1272 1170 1308 1198 de
1325 1173 1458 1206 argento,
1476 1179 1568 1207 quam
1591 1170 1628 1198 de
1650 1178 1741 1205 aur03

956 1216 1024 1252 plus
1040 1216 1076 1244 de
1098 1217 1236 1252 plumbo,
1257 1225 1348 1254 quam
1365 1218 1402 1246 de
1425 1220 1565 1253 argento3
1592 1220 1619 1245 et
1641 1217 1744 1254 plures

958 1271 1095 1298 quercuS,
1111 1272 1201 1300 quam
1223 1265 1319 1300 cedri;
1347 1267 1375 1293 et
1395 1265 1496 1301 plures
1519 1265 1592 1292 viles
1615 1265 1741 1300 lapides,

958 1319 1050 1346 quam
1065 1311 1203 1347 pretiosi;
1221 1313 1248 1339 et
1267 1312 1367 1348 plures
1383 1312 1519 1340 homines
1542 1312 1627 1347 viles,
1651 1320 1742 1348 quam

957 1357 1089 1393 nobiles3
1115 1360 1142 1385 et
1162 1358 1262 1394 plures
1285 1360 1353 1386 sunt
1376 1359 1456 1387 stulti
1474 1359 1626 1394 homines,
1651 1367 1743 1395 quam

958 1405 1120 1440 sapientes;
1139 1408 1166 1433 et
1187 1405 1287 1441 plures
1306 1408 1374 1433 sunt
1396 1406 1519 1440 milites,
1542 1414 1633 1442 quam
1651 1406 1742 1434 baro-

957 1459 1024 1487 nes3
1046 1454 1074 1480 et
1092 1452 1221 1480 barones
1236 1453 1348 1489 plures,
1365 1461 1456 1489 quam
1475 1461 1575 1489 reges,
1593 1455 1621 1481 et
1641 1453 1742 1489 plures·

958 1499 1107 1534 simplices
1121 1500 1303 1536 presbyteri,
1321 1508 1412 1536 quam
1431 1500 1578 1536 episcopi;
1600 1502 1628 1528 et
1641 1500 1742 1536 plures

958 1546 1101 1582 episcopi,
1114 1555 1205 1582 quam
1222 1547 1454 1583 archiepiscopi3
1477 1549 1503 1574 et
1518 1555 1653 1574 summus
1669 1549 1743 1575 Pon-

957 1592 1027 1620 tifex
1040 1595 1155 1621 tantum
1172 1602 1260 1629 unus,
1277 1594 1346 1630 quia
1362 1594 1517 1630 plenitudo
1532 1594 1683 1630 potestatis
1700 1597 1742 1622 est

958 1640 988 1667 in
1004 1649 1049 1668 eo.
1068 1642 1108 1668 Ex
1123 1641 1169 1668 his
1184 1641 1329 1677 exemplis
1354 1641 1550 1669 certissimum
1575 1644 1632 1676 est,
1658 1641 1742 1677 quod

959 1687 1067 1715 divitiae
1095 1688 1164 1716 ideo
1188 1691 1360 1725 quaeruntur
1385 1690 1487 1725 plures
1514 1689 1633 1725 (paucis
1662 1689 1742 1716 enim

959 1735 1086 1763 contenti
1102 1743 1164 1763 non
1177 1739 1244 1764 sunt
1257 1736 1417 1770 homines),
1440 1736 1510 1772 quia
1523 1737 1591 1763 sunt
1611 1735 1741 1770 debiles,

959 1782 1042 1818 quod
1070 1782 1247 1818 promittunt
1277 1783 1393 1811 efficere
1417 1791 1478 1811 non
1501 1783 1643 1811 valentes.
1669 1785 1742 1811 Nam

958 1829 1134 1865 promittunt
1156 1838 1244 1857 suum
1263 1838 1466 1866 possessorem
1495 1830 1631 1865 beatum,
1651 1833 1678 1858 et
1698 1830 1742 1858 fa-

958 1876 1039 1904 ciunt
1056 1878 1151 1904 totum
1166 1877 1358 1911 contrarium,
1375 1877 1448 1904 dum
1463 1877 1600 1904 auserunt
1616 1885 1742 1912 regnum

958 1931 1131 1958 supernum,
1149 1926 1175 1951 et
1194 1923 1307 1951 ducunt
1321 1924 1360 1951 ad
1382 1923 1524 1951 infernale
1549 1924 1738 1960 supplicium.

959 1970 1001 1997 Ol)
1017 1970 1093 1998 hanc
1109 1978 1230 1998 causam
1246 1971 1388 1998 Dominus
1404 1970 1474 1998 dicit
1488 1972 1497 1987 ⁸
1511 1980 1516 1998 :
1534 1981 1546 1997 «
1562 1971 1687 1998 Facilius
1700 1973 1742 1998 est

959 2017 1108 2045 camelum
1123 2017 1245 2045 transire
1261 2026 1313 2053 per
1332 2018 1468 2046 foramen
1487 2026 1567 2052 acus,
1584 2027 1675 2054 quam
1698 2018 1741 2046 di-

957 2064 1046 2092 vitem
1063 2065 1094 2092 in
1113 2072 1239 2100 regnum
1255 2065 1398 2092 coelorum
1413 2075 1418 2091 :
1436 2075 1449 2092 »
1468 2065 1539 2101 quia
1554 2065 1628 2093 sicut
1643 2073 1740 2093 eame-

1783 1460 1864 1480 Notan-

1757 1492 1810 1512 dum
1837 1492 1864 1512 de

1766 1529 1852 1543 summo

1757 1555 1863 1575 Pontiu'ce

958 2111 1004 2139 lus
1022 2119 1083 2139 non
1102 2113 1198 2147 potest
1221 2113 1349 2147 portam,
1374 2120 1441 2148 quae
1461 2114 1536 2140 Acus
1552 2112 1668 2145 dicitur,
1693 2105 1863 2163 in-quffjng

960 2160 1045 2193 trare,
1063 2158 1119 2186 nisi
1133 2167 1207 2186 onus
1223 2158 1371 2194 deponat;
1394 2159 1434 2186 sic
1453 2159 1545 2186 homo
1564 2159 1595 2186 in
1612 2168 1736 2195 regnum
1751 2168 1839 2188 amiur.

959 2206 1103 2233 coelorum
1118 2205 1226 2233 intrare
1240 2213 1302 2232 non
1318 2207 1423 2241 potest,
1446 2206 1502 2233 nisi
1518 2206 1632 2234 desinat
1655 2207 1739 2234 dives

959 2261 1031 2281 esse.
1057 2252 1118 2280 Istis
1142 2252 1431 2280 considerationibus
1441 2274 1450 2287 ,
1477 2255 1504 2280 et
1534 2254 1632 2281 multis
1656 2254 1720 2281 aliis
1730 2276 1738 2288 ‚

959 2299 1054 2328 Sancti
1079 2299 1196 2326 divitias
1225 2301 1465 2335 contempserunt
1491 2309 1600 2335 vanas;
1627 2303 1654 2329 et
1683 2301 1740 2328 hoc

959 2351 1081 2383 propter
1097 2348 1199 2381 Deum,
1215 2355 1304 2383 quem
1326 2350 1568 2384 contempserunt
1582 2348 1666 2376 multi
1688 2348 1741 2375 ho-

960 2394 1054 2421 mines
1069 2396 1190 2430 propter
1209 2394 1366 2422 mundum.
1384 2395 1460 2428 Quid
1475 2395 1603 2430 mirum,
1625 2395 1649 2422 si
1672 2403 1741 2423 con-

958 2441 1132 2476 tempserint
1151 2441 1314 2476 Christiani,
1332 2442 1415 2477 quod
1430 2444 1671 2478 contempserunt
1687 2444 1737 2470 Pa-

960 2488 1048 2523 gani‘?
1064 2488 1135 2515 Dicit
1151 2488 1229 2515 enim
1243 2489 1352 2517 Seneca
1364 2489 1384 2522 ⁹,
1397 2489 1480 2525 quod
1499 2500 1510 2513 a
1527 2497 1615 2517 nemo
1631 2489 1740 2525 dignus

961 2537 1018 2563 Deo
1028 2537 1079 2569 est,
1089 2535 1140 2571 qui
1150 2536 1265 2563 divitias
1274 2544 1334 2563 non
1344 2537 1738 2566 contenmit.»13ernardus·0:

960 2623 967 2636 ⁴
984 2621 1073 2651 Eccli„
1089 2627 1130 2651 xt,
1151 2623 1187 2645 10.
1203 2635 1233 2639 —
1253 2623 1262 2639 ’ὁ
1282 2623 1404 2646 Bernnrd.
1420 2636 1449 2640 —
1465 2623 1473 2639 ss
1490 2624 1571 2655 Boet„
1591 2624 1621 2647 (Ie
1641 2624 1738 2648 Consol.

959 2657 1060 2688 philos„
1077 2657 1121 2681 lib.
1137 2658 1166 2687 ΙΙ,
1182 2665 1252 2689 pros
1271 2660 1294 2681 8.
1304 2672 1333 2675 —
1351 2658 1358 2674 ⁷
1371 2659 1419 2682 Luc
1432 2677 1439 2688 ,
1453 2665 1507 2689 xvt,
1523 2661 1561 2684 22.
1575 2674 1604 2678 —
1616 2661 1624 2674 ⁸
1635 2661 1738 2690 Mansa,

961 2700 1015 2723 xlx,
1032 2695 1070 2718 24.
1084 2707 1113 2711 —
1126 2694 1135 2708 ⁹
1151 2696 1253 2725 Senem,
1270 2695 1343 2725 epist.
1359 2701 1433 2720 xviii.
1445 2709 1474 2713 —
1488 2697 1507 2712 ¹⁰
1523 2698 1610 2728 Bern.,
1626 2697 1651 2721 in
1665 2698 1738 2725 temp.

962 2730 1109 2759 ltesurrert„
1125 2738 1201 2754 serui.
1222 2737 1262 2760 111,
1278 2738 1302 2755 u.
1326 2735 1345 2755 1.
