2029 3052
255 307 315 339 132

254 374 405 404 triuntur:
427 372 457 401 et
474 371 523 401 isti
543 367 771 399 manducabunt
789 371 895 402 poenas
917 360 1036 391 inferni.

255 421 338 450 Unde
350 422 379 449 ²:
393 430 407 446 ιι
421 419 476 454 Qui
485 416 691 447 nutriebantur
698 413 730 443 in
740 411 864 446 croceis,
876 408 1038 446 amplexati

255 471 324 500 suut
345 471 486 504 stercora,
507 477 521 494 ι)
549 464 660 494 scilicet
678 460 797 491 inferni.
826 460 893 488 lloec
917 458 961 486 est
986 455 1040 485 illa

254 518 416 548 maledicta
428 515 547 550 mulier,
563 520 632 550 quae
644 510 756 540 multos
770 506 896 537 seducit.
915 507 992 539 llaec,
1007 505 1040 532 ut

255 565 327 595 dicit
338 565 361 600 ¹,
385 573 399 591 ιι
413 563 438 592 si
450 562 614 600 primatum
627 558 749 593 haheat,
763 553 923 585 confundit
935 552 1041 581 virum

255 620 343 641 snum
358 611 396 648 (a)
413 619 420 639 :
435 620 449 636 n
467 605 776 638 ideointerficiuutur.
791 601 888 632 Tertio
905 601 1041 635 infantes,

254 660 313 688 hoc
327 660 371 688 est
385 665 447 686 non
460 656 556 685 fantes
572 655 603 683 in
622 651 810 683 consessione
831 651 860 678 et
880 647 1015 677 oratione
1031 655 1038 673 :

255 708 283 735 et
296 706 328 734 hi
341 705 381 734 ad
394 704 522 733 litteram
537 704 606 731 sunt
621 701 764 737 juvenes,
782 697 835 735 qui
858 695 947 724 etiam
961 692 1042 722 occi-

255 753 368 782 duntur
381 753 392 771 ³
408 761 415 780 :
433 762 446 777 ιι
456 751 527 786 illis,
543 748 678 783 Domine,
694 746 788 784 quiin
802 744 864 772 vita
877 750 931 771 sua
945 741 1042 769 insen-

216 804 222 809 '
255 803 317 830 sate
346 802 374 829 et
397 799 504 836 injuste
530 797 685 830 vixerunt,
710 792 818 822 dedisti
843 796 963 818 summa
983 790 1043 817 tor-

254 850 365 877 menta.
381 858 396 874 »
414 848 447 875 Et
463 844 597 882 sequitur
610 843 621 860 ⁴
641 851 648 870 :
667 851 681 868 ιι
702 838 862 870 lul'antium
879 837 1042 865 insensato-

255 904 324 925 rum
352 901 437 923 more
465 893 618 925 viventes,
647 900 661 915 n
689 887 741 925 qui
771 888 902 915 veterem
929 882 1042 920 pellem

257 941 401 979 AEthiopis
414 948 476 970 non
487 938 616 977 possunt
628 937 744 966 mutare
757 935 788 963 in
802 934 914 962 vestem
928 929 1044 959 novita-

257 990 302 1018 tis.
330 988 412 1018 Unde
433 988 444 1006 ⁵
466 997 473 1016 ε
496 996 510 1013 ιι
529 986 556 1015 Si
581 987 696 1014 mutare
715 983 812 1020 potest
833 978 964 1015 AEthiops
983 976 1045 1013 pel-

258 1037 318 1065 lem
340 1043 432 1064 'suam
457 1037 485 1063 et
513 1032 627 1071 pardus
651 1030 809 1060 varietates
828 1034 912 1061 suas,
944 1026 973 1052 et
990 1031 1044 1052 vos

257 1083 369 1121 poteris
396 1082 592 1116 benefacere,
623 1086 694 1108 cum
724 1073 885 1106 didiceritis
907 1073 998 1100 mala.
1027 1082 1040 1096 »ι

257 1133 383 1160 Versus:

323 1200 397 1231 Quod
413 1205 482 1225 nova
499 1199 564 1223 testa
578 1196 647 1229 capit
656 1214 663 1227 ,
678 1194 822 1219 inveterata
835 1191 911 1222 sapit.

261 1275 293 1302 Et
313 1273 342 1301 hi
363 1272 453 1301 etiam
475 1269 662 1300 occiduntur.
689 1266 798 1300 Quinto
821 1264 907 1297 boves,
923 1261 981 1289 hoc
1004 1260 1048 1287 est

261 1320 395 1349 Ecclesiae
414 1318 560 1356 praelatos.
583 1315 712 1344 isidorus
724 1315 734 1330 ⁸
752 1321 758 1340 :
778 1323 790 1337 ιι
808 1313 862 1339 llos
877 1311 919 1337 est
938 1315 988 1336 rex
1001 1307 1048 1342 J'u-

261 1370 440 1397 mentorum.
459 1377 472 1392 »
491 1366 546 1393 ista
567 1364 703 1400 jumenta
725 1362 787 1396 Jam
808 1356 1051 1393 computrescunt

262 1416 290 1444 in
312 1418 440 1443 stercore
463 1421 517 1441 suo
531 1411 541 1427 ⁷
556 1432 562 1439 .
585 1409 670 1444 Quod
693 1407 803 1436 dissinit
821 1403 980 1440 Gregorius
1002 1401 1048 1428 di-

263 1472 333 1492 cens
348 1465 358 1480 ⁸
381 1472 387 1490 :
407 1475 419 1487 ιι
441 1461 579 1490 lumenta
602 1459 630 1486 in
653 1460 783 1485 stercore
805 1455 984 1490 putrescere,
1008 1451 1051 1477 cst

263 1511 400 1539 homines
437 1507 572 1536 carnales
609 1505 638 1533 iu
669 1504 772 1531 suttore
808 1500 932 1529 luxuria}
960 1497 1051 1525 vitam

264 1558 360 1586 linire.
375 1567 388 1583 »
406 1557 493 1584 Sexto
509 1562 579 1587 ores,
595 1551 696 1589 quoad
713 1549 803 1577 salsos
818 1546 985 1581 religiosos,
999 1543 1050 1580 qui

265 1613 336 1634 oves
350 1605 378 1632 iu
396 1603 511 1636 habitu,
526 1600 589 1637 lupi
605 1601 671 1627 sunt
685 1598 714 1625 in
728 1598 805 1625 actu.
823 1596 860 1622 De
876 1593 987 1630 quibus
999 1592 1052 1618 llo-

267 1653 365 1681 minus
374 1651 402 1679 in
412 1648 573 1684 Evangelio
587 1649 613 1674 ¹³:
627 1656 639 1672 ιι
651 1644 794 1673 Attendite
804 1650 821 1670 a
831 1641 911 1669 salsis
921 1638 1052 1676 proplie-

269 1701 314 1735 tis,
328 1710 341 1726 »
359 1701 413 1727 etc.
425 1696 509 1724 Tales
519 1695 606 1722 ctiani
622 1701 692 1721 oves
707 1691 898 1719 damnantur.
914 1687 934 1704 ¹⁰
951 1697 963 1711 ιι
976 1686 1055 1713 Sicut

269 1755 341 1776 oves
355 1746 385 1773 in
401 1745 516 1773 interno
526 1741 614 1779 positi
625 1741 702 1772 sunt,
715 1746 796 1766 mors
810 1736 950 1772 depascet
965 1741 1026 1760 cos.
1039 1741 1051 1756 ι)

269 1794 410 1831 Septimo,
425 1793 528 1824 asinos,
547 1787 649 1826 quoad
673 1786 768 1814 malos
792 1782 940 1816 subditos,
960 1780 991 1807 id
1014 1781 1056 1806 est

271 1847 463 1871 communem
478 1836 637 1874 populum,
653 1834 705 1871 qui
721 1836 752 1860 ut
769 1830 842 1859 asini
862 1827 962 1857 stolidi
978 1828 1056 1861 sunt,

272 1889 345 1917 nihil
362 1885 539 1923 cognitionis
555 1883 706 1911 habentes.
725 1878 805 1907 L'nde
818 1879 836 1895 ¹¹
856 1899 862 1904 .
880 1873 1058 1911 «Sepultura

273 1937 348 1966 asini
367 1935 526 1972 sepelietur
540 1930 740 1968 putrefactus,
756 1928 783 1955 et
808 1925 956 1962 projectus
975 1923 1059 1950 extra

275 1986 375 2021 portas
383 1980 575 2011 Hierusalem.
589 1989 601 2003 n
611 1976 762 2012 Sequitur:
775 1973 846 2000 Raab
853 1980 926 2005 vero,
939 1971 1059 1998 etumnia

275 2040 335 2067 ‹111oe
347 2031 452 2063 habuit,
472 2029 538 2061 fecit
554 2027 630 2053 Josue
647 2026 746 2055 rii-ere,
762 2024 786 2049 ct
803 2020 939 2046 habitavit
960 2019 988 2044 in
1006 2025 1060 2043 me-

277 2079 321 2106 dio
336 2077 431 2105 lsrael.
448 2077 500 2103 Per
515 2073 607 2106 Raab,
625 2079 691 2107 quw
707 2069 913 2104 interpretatur
929 2063 1059 2098 latitudo,

279 2125 481 2159 intelliguntur
500 2121 541 2155 hi,
557 2119 608 2156 qui
629 2118 739 2145 linirent
759 2113 945 2143 latitudinem
966 2110 1061 2138 chari-

280 2172 355 2205 tatis,
370 2171 431 2198 sine
444 2177 503 2205 qua
523 2167 623 2195 nullus
639 2164 770 2192 salvatur
786 2171 791 2189 :
814 2160 858 2188 vel
876 2159 964 2186 etiam
981 2164 1062 2185 rece-

279 2220 320 2256 pit
337 2218 466 2247 nuntios.
483 2216 513 2243 id
529 2217 570 2243 est
587 2212 798 2250 prirdicatores
813 2207 895 2236 verbi
910 2206 969 2239 liei,
987 2212 1063 2240 quos

280 2268 309 2294 in
324 2264 528 2301 superioribus
544 2260 712 2293 collocavit,
728 2258 757 2285 id
771 2259 813 2284 cst
830 2255 895 2283 altae
911 2251 1062 2281 memoriae

280 2310 512 2342 commendarit.
536 2310 598 2336 lla=c
621 2308 651 2334 iu
673 2306 799 2333 fenestra
824 2302 945 2334 animae,
969 2299 999 2326 id
1021 2301 1065 2325 est

281 2359 426 2393 affectiva,
442 2364 565 2385 coccum
586 2353 699 2389 ligavit,
722 2352 752 2379 id
768 2353 810 2378 est
829 2349 927 2377 rusum
950 2346 1064 2374 funicu-

281 2408 354 2441 lum,
372 2406 444 2434 dnm
461 2403 637 2432 memoriam
662 2398 818 2427 Dominicis
841 2394 987 2433 passionis
1012 2393 1064 2420 ha-

282 2456 340 2490 bet,
359 2457 389 2482 ut
404 2453 474 2480 dicit
497 2450 609 2478 Glossa.
627 2450 657 2475 Et
682 2446 749 2474 ideo
772 2453 839 2472 cum
863 2442 1004 2470 Dominus
1026 2439 1065 2467 ad

280 2501 428 2537 judicium
444 2497 567 2532 venerit,
582 2495 712 2523 salvatur
732 2493 761 2519 in
776 2491 843 2518 liliis
863 2488 961 2523 lsrael,
979 2487 1007 2515 id
1023 2488 1065 2514 est

284 2548 424 2577 omnibus
438 2545 546 2574 sanctis
561 2540 759 2577 conjungitur.
784 2540 850 2566 Post
862 2537 919 2564 hoc
935 2534 1065 2563 mundus

285 2593 557 2625 anathematizatur,
580 2589 611 2617 id
635 2590 676 2616 est
694 2585 850 2618 mundani,
868 2583 919 2620 qui
942 2581 1067 2610 maledi-

319 2682 323 2697 Ι
345 2680 443 2709 Threm,
462 2685 497 2707 iv,
516 2679 539 2701 ῖῐ.
555 2689 585 2694 —
605 2675 613 2689 ²
632 2673 720 2701 Eccln..
742 2673 843 2699 uultu.
861 2683 889 2687 -
906 2670 916 2685 ⁸
931 2669 1001 2698 Sap„
1020 2672 1066 2695 xii,

286 2719 325 2740 2³.
342 2729 366 2732 —-
389 2716 397 2731 δ
419 2715 490 2741 ibid..
508 2715 547 2737 21..
568 2725 596 2728 —
613 2711 622 2726 ὓ
637 2710 738 2736 lenum,
754 2713 818 2736 xiil,
833 2708 871 2729 2³.
890 2719 920 2722 —
938 2708 947 2717 ⁸·
964 2702 1019 2727 isid.
1037 2715 1067 2719 -

288 2754 294 2765 ⁷
309 2753 343 2775 th
355 2752 384 2775 l..
402 2757 420 2781 1,
437 2751 474 2774 Π.
487 2763 516 2767 --
532 2749 542 2763 ⁸
557 2749 644 2777 (ἕως,
663 2745 687 2768 in
704 2742 898 2773 Ev‹111y.‚lioiu.
916 2748 940 2769 x,
957 2747 983 2763 n.
998 2740 1021 2762 ti.
1038 2751 1067 2755 —

286 2788 296 2804 ⁴³
314 2788 413 2816 illutus,
429 2792 478 2816 vn,
497 2786 532 2809 iti.
550 2796 573 2800 ο
595 2783 612 2798 ¹⁰
628 2780 696 2805 I'x-nl.
720 2785 814 2808 xitum,
834 2779 869 2801 iij.
887 2790 913 2794 -
932 2777 947 2791 ¹¹
964 2776 1068 2803 lev-erm,

405 302 457 337 DE
477 300 674 340 DEDIGAT„
697 295 820 331 INTER
841 291 1053 328 SERMONES
1075 291 1127 325 DE
1148 289 1314 324 SANGTlS
1336 289 1377 324 IN
1399 288 1598 331 COMMUNI,
1620 288 1726 323 XLVI.

1094 361 1210 388 cuntur.
1234 358 1318 388 Unde
1339 358 1474 397 sequitur
1489 358 1510 377 ¹¹
1525 367 1535 386 ε
1558 367 1574 386 ι
1599 358 1666 387 Eaec
1688 353 1792 386 civitas
1807 363 1880 387 ana.-

1095 407 1197 436 thema
1206 406 1252 443 sit,
1267 417 1282 433 n
1303 415 1371 444 quae
1386 409 1430 436 est
1442 406 1541 443 major
1561 403 1844 441 excommunicafio,
1861 411 1881 434 a

1096 462 1158 492 qua
1170 461 1327 492 nunquam
1340 453 1545 484 absolventur.
1561 455 1724 491 Rogemus,
1737 453 1794 482 etc.

1386 533 1517 565 SERMO
1538 534 1592 565 111.

1132 595 1322 631 sanctificavit
1331 595 1535 624 tabernaculum
1540 603 1620 624 suum
1629 593 1820 624 altissimum.
1831 593 1885 622 Lo-

1098 642 1198 679 quitur
1210 642 1359 679 Propheta
1375 641 1414 671 de
1431 641 1655 671 consecratione
1669 640 1811 677 ecclesiae,
1825 639 1884 669 sub

1097 689 1275 726 metaphora
1292 689 1335 718 rei
1354 689 1520 718 artificialis
1538 688 1711 718 describens
1729 687 1886 717 ecclesiam

1097 737 1196 774 primo
1216 736 1468 772 consecrandam,
1493 736 1626 765 secundo
1645 736 1710 772 ejus
1730 741 1887 765 consecra-

1098 784 1220 813 tionem.
1238 785 1276 812 De
1297 784 1395 821 primo
1411 783 1482 813 dicit
1503 794 1510 813 :
1529 784 1753 813 Tuber-naculum.
1779 783 1819 811 De
1839 789 1887 811 se-

1099 832 1199 861 cundo
1216 841 1223 860 :
1239 832 1437 868 Sanctincavit.

1135 880 1284 914 Quantum
1297 879 1337 908 ad
1351 879 1493 916 primum,
1505 879 1668 916 allegorice
1681 886 1735 916 per
1749 877 1888 907 taberna-

1100 926 1202 954 culum
1217 926 1346 954 Ecclesia
1360 927 1505 962 signatur,
1521 927 1550 955 et
1563 925 1754 962 singulariter
1769 924 1835 962 ipsa
1845 925 1889 953 est

1101 972 1131 1001 in
1151 973 1292 1001 omnibus
1312 972 1545 1010 particularibus
1568 972 1702 1002 ecclesiis
1723 979 1796 1006 una,
1821 978 1889 1008 quae

1100 1019 1178 1048 bene
1203 1019 1310 1048 dicitur
1340 1019 1579 1049 tabernaculum.
1610 1021 1659 1048 Est
1689 1018 1770 1048 enim
1793 1017 1890 1047 taber-

1101 1066 1241 1095 naculum
1262 1066 1347 1096 locus
1364 1066 1566 1102 militantium,
1581 1064 1846 1103 peregrinantium,
1861 1065 1891 1094 et

1102 1114 1300 1151 vigilantium.
1317 1113 1399 1143 Unde
1419 1113 1450 1142 in
1469 1113 1670 1142 tabernaculis
1689 1112 1825 1142 habitant
1835 1111 1890 1140 mi-

1103 1161 1178 1197 lites,
1192 1163 1220 1190 et
1232 1162 1371 1196 viatores,
1387 1162 1416 1189 et
1424 1163 1569 1198 pastores.
1591 1160 1692 1189 Militat
1711 1158 1840 1189 Ecclesia
1859 1158 1891 1187 in

1104 1209 1192 1237 bonis
1211 1209 1316 1243 laicis,
1337 1210 1366 1237 et
1393 1207 1595 1236 saecularibus.
1625 1207 1830 1243 peregrinatur
1860 1205 1891 1234 in

1103 1256 1192 1285 bonis
1217 1255 1341 1289 clericis,
1363 1258 1391 1284 et
1414 1255 1611 1291 regularibus.
1636 1254 1741 1291 Vigilat
1759 1254 1789 1282 in
1803 1252 1893 1282 bonis

1104 1303 1242 1340 praelatis,
1258 1306 1286 1331 et
1299 1303 1480 1340 pastoribus

1143 1352 1180 1378 Dc
1196 1350 1294 1387 primo
1311 1352 1331 1367 ¹⁸
1345 1359 1351 1378 :
1371 1362 1385 1375 ιι
1406 1350 1495 1386 Nigra
1505 1357 1583 1385 sum,
1599 1349 1652 1377 sed
1666 1348 1808 1384 formosa,
1824 1347 1893 1375 liliae

1106 1397 1299 1432 Hierusalem,
1315 1397 1390 1425 sicut
1401 1395 1595 1425 tabernacula
1604 1395 1709 1425 cedar.
1723 1405 1736 1422 n
1747 1394 1846 1431 Nigra,
1855 1393 1894 1422 si-

1107 1448 1156 1473 cut
1175 1444 1367 1473 tabernacula
1390 1443 1484 1472 Cedar
1507 1452 1514 1471 ε
1540 1443 1683 1478 formosa,
1706 1442 1783 1470 sicut
1801 1440 1896 1478 pelles

1106 1492 1284 1522 Salomonis.
1301 1490 1505 1520 Tabernacula
1519 1490 1624 1526 cedar,
1640 1489 1671 1518 id
1684 1492 1727 1518 est
1744 1492 1895 1525 Agareuo-

1107 1549 1195 1575 rum,
1223 1548 1276 1577 per
1299 1539 1391 1576 pelles
1418 1539 1634 1573 extenduntur,
1657 1540 1685 1566 et
1714 1537 1876 1566 dilatantur
1885 1545 1894 1572 ς

1109 1588 1181 1625 quia
1196 1587 1352 1615 saeculares
1374 1595 1410 1615 ex
1431 1586 1631 1615 sollicitudine
1653 1584 1830 1622 quotidiana
1843 1583 1897 1613 cir-

1110 1643 1145 1663 ca
1172 1637 1212 1663 tot
1240 1634 1396 1662 mundana
1424 1633 1526 1662 fuscati
1555 1635 1624 1661 sunt
1645 1631 1785 1666 interius,
1812 1633 1896 1660 exte-

1110 1683 1171 1710 rius
1187 1684 1286 1709 tamen
1297 1689 1330 1709 ex
1346 1681 1486 1709 charitate
1499 1680 1629 1708 fraterna
1643 1681 1711 1708 suut
1725 1678 1853 1714 dilatati,
1867 1680 1898 1706 et

1110 1728 1227 1765 pulchri
1243 1728 1374 1756 interius
1391 1727 1490 1764 Nigra,
1511 1727 1583 1764 quia
1606 1727 1637 1755 in
1658 1725 1815 1755 laboribus
1829 1724 1898 1762 plu·

1110 1776 1207 1810 rimis;
1224 1776 1366 1809 formosa,
1382 1783 1417 1803 ex
1433 1774 1645 1803 reformatione
1661 1773 1770 1802 divinze
1794 1771 1898 1808 imagi-

1112 1823 1169 1857 nis,
1181 1825 1209 1851 et
1224 1823 1321 1858 gloria
1335 1822 1521 1850 conscientiae
1538 1821 1697 1850 interioris.

1150 1872 1187 1898 De
1203 1869 1335 1898 secundo
1356 1869 1515 1906 Apostolus
1529 1870 1569 1896 ¹³:
1589 1879 1602 1894 ιι
1624 1867 1775 1902 Quamdiu
1797 1874 1899 1895 sumus

1115 1918 1144 1945 in
1164 1917 1220 1945 hoc
1244 1916 1448 1951 tabernaculo,
1476 1915 1699 1952 ingemiscimus
1715 1914 1846 1951 gravati3
1863 1921 1900 1942 eo

1109 1964 1198 2001 ‚quod
1221 1964 1362 1992 nolumus
1387 1963 1546 1999 expoliari,
1571 1961 1624 1990 sed
1646 1960 1847 1998 supervestiri,
1869 1962 1901 1988 ut

1116 2011 1311 2040 absorbeatur
1335 2010 1418 2047 quod
1444 2009 1568 2038 mortale
1589 2012 1632 2037 est
1654 2017 1672 2037 a
1688 2008 1758 2037 vita.
1774 2018 1787 2034 »
1807 2007 1902 2036 Gemit

1116 2059 1291 2096 peregrinus
1313 2067 1349 2086 ex
1371 2056 1572 2085 incommodis
1592 2057 1676 2090 vitre,
1699 2064 1736 2083 ex
1759 2054 1901 2083 dilatione

1116 2107 1229 2143 patrim,
1250 2105 1323 2133 nihil
1339 2105 1436 2132 serens
1451 2112 1563 2138 secum,
1581 2103 1636 2131 nisi
1655 2102 1739 2139 quod
1754 2102 1791 2130 sit
1805 2109 1903 2130 neces-

1118 2154 1229 2182 sarium
1244 2153 1282 2181 ad
1298 2160 1396 2180 usum.
1413 2151 1506 2179 Gemit
1519 2150 1655 2185 clericus,
1669 2150 1754 2185 eujus
1768 2156 1837 2186 pars
1847 2148 1902 2176 hoe-

1118 2200 1249 2229 reditatis
1271 2202 1315 2227 est
1335 2198 1416 2227 solus
1441 2197 1594 2226 [lominus.
1620 2197 1713 2225 Gemit
1734 2195 1901 2232 religiosus,

1119 2248 1169 2284 qui
1186 2250 1371 2275 terrenorum
1387 2244 1496 2280 abJecit
1509 2243 1644 2280 pondus,
1660 2243 1766 2271 videns
1781 2250 1902 2271 causam

1119 2295 1163 2322 sui
1191 2294 1331 2330 gemitus;
1358 2292 1429 2328 quia
1453 2300 1572 2320 sursum
1595 2290 1732 2326 anhelat,
1759 2297 1828 2318 cum
1855 2289 1903 2316 hic

1121 2349 1188 2369 eum
1212 2348 1274 2368 esse
1296 2341 1451 2376 oporteat:
1476 2341 1504 2367 et
1528 2338 1609 2372 ideo,
1629 2346 1697 2365 cum
1717 2344 1786 2366 caro
1809 2335 1904 2364 trahat

1121 2391 1261 2418 deorsum
1277 2397 1312 2417 ex
1334 2389 1536 2425 corruptione,
1551 2390 1579 2416 et
1600 2387 1718 2423 spiritus
1736 2385 1813 2413 levet
1834 2392 1903 2413 eum

1121 2445 1238 2464 sursum
1251 2445 1286 2464 ex
1303 2436 1472 2470 devotione,
1484 2443 1521 2463 ex
1532 2434 1662 2463 motibus
1673 2432 1828 2461 contrariis
1837 2439 1905 2468 pro-

1122 2483 1176 2511 fert
1213 2484 1356 2518 gemitum
1371 2504 1379 2517 ‚
1420 2482 1565 2519 plangens
1605 2488 1692 2508 suum
1728 2478 1902 2507 incolatum.

1122 2532 1142 2547 ¹⁶
1160 2542 1172 2555 «
1188 2532 1247 2558 ileu
1260 2530 1344 2566 mihi,
1364 2530 1436 2566 quia
1451 2528 1597 2558 incolatus
1609 2535 1694 2556 meus
1708 2526 1905 2563 prolongatus

1123 2582 1174 2608 est.
1193 2589 1206 2605 ι)

1124 2663 1193 2685 xxii,
1221 2658 1256 2679 w.
1275 2669 1299 2672 —
1328 2655 1345 2671 ¹¹
1363 2654 1423 2683 Jos.,
1448 2658 1487 2683 vi,
1512 2653 1547 2676 Π.
1570 2664 1600 2668 -
1620 2651 1641 2668 ¹³
1661 2650 1731 2674 Psal.
1754 2656 1813 2681 ην,
1834 2653 1856 2674 5.
1876 2661 1903 2667 —

1124 2693 1143 2709 ¹⁸
1171 2693 1256 2721 sunt„
1285 2698 1306 2721 l,
1337 2692 1358 2714 ⁴.
1381 2703 1412 2708 —
1441 2689 1458 2705 ’ὃ
1485 2688 1503 2712 ΙΙ
1531 2687 1600 2718 Cor..
1627 2693 1656 2717 v,
1684 2689 1707 2711 ⁴.
1735 2699 1764 2704 —
1789 2687 1809 2703 μ’
1837 2684 1903 2710 Psal-

1123 2734 1194 2758 cxix,
1210 2729 1233 2752 ὅ.

1157 2774 1188 2803 (ιι)
1212 2771 1282 2803 ΓιιΙμ,
1301 2770 1428 2795 mnu-aria
1443 2771 1480 2793 est
1497 2769 1550 2793 vir..
1566 2775 1621 2792 suo.
