2029 3052
233 226 292 256 430
813 212 1027 248 APOLOGIAE
1048 211 1268 245 PAUPERUM

232 288 406 326 voluerint,
419 284 653 326 derelinquant.
669 293 685 313 x>
698 282 929 316 Verumtamen
943 290 1011 313 om-

233 344 284 375 nis
305 341 454 384 praeiatus
477 349 518 372 ex
538 339 608 380 ipso
629 337 826 379 praelationis
847 336 951 369 officio
971 338 1014 367 te-

233 400 340 438 netur,
363 406 432 429 non
455 395 560 427 solum
573 393 613 425 ad
637 402 685 432 ea,
711 401 786 433 quae
804 394 880 424 sunt
901 390 1013 422 salutis

233 452 393 493 proprIae‚
415 449 470 481 sed
491 448 587 480 etiam
607 446 708 488 plebis
733 446 794 477 sibi
818 445 1012 478 commissae.

234 506 316 539 Nam
336 506 366 537 ei
383 513 441 546 pro
463 502 606 544 quolibet
629 501 832 532 subditorum
847 510 866 532 a
880 499 1015 531 Domino

235 562 352 594 dicitur
365 560 376 577 ²
393 571 401 592 ι
421 557 554 592 custodi
567 557 675 590 virum
698 557 809 595 istum,
826 556 885 596 qui
899 555 930 587 si
943 554 1014 594 lap-

235 624 290 648 sus
318 614 436 655 fueric,
471 613 535 645 eric
572 611 686 644 anima
719 613 777 643 tua
813 617 872 650 pro
902 609 1016 640 anima

235 670 338 702 illius.
353 668 392 699 Et
407 667 447 699 ad
461 667 522 698 hoc
536 665 709 705 religiosus
719 673 760 696 ex
770 663 839 705 ipso
850 661 1017 702 religionis

237 724 312 754 voto
330 729 536 763 nequaquam
554 719 757 758 astringitur.
783 716 816 748 Si
839 718 948 748 autem
961 715 1018 746 fiat

238 775 432 818 comparatio
463 775 605 805 statuum
629 774 784 812 quantum
801 770 841 802 ad
864 779 921 808 ea,
944 777 1018 810 quae

239 833 314 864 sunt
328 830 366 863 de
379 827 592 870 congruentia
606 829 759 863 statuum,
777 825 821 856 sic
835 823 1019 865 simpliciter

239 885 427 922 dicendum,
452 882 539 922 quod
560 882 662 912 status
681 878 877 921 praelationis
895 879 926 908 et
949 877 1020 917 ejus

240 938 389 981 perfectio
403 939 450 970 est
463 935 666 971 eminentior,
681 932 955 974 quemadmodum
969 931 1018 961 in-

241 994 348 1025 sinuat
371 990 540 1032 Dionysius
561 989 594 1019 in
620 988 701 1018 libro
726 987 769 1019 De
794 985 1021 1018 Ecclesiastico

242 1045 447 1085 Hierarchia,
464 1044 573 1076 dicens
587 1045 599 1062 ²
616 1053 622 1072 :
644 1053 659 1071 «
674 1041 761 1073 Sicut
783 1040 839 1080 qui
859 1039 934 1071 dicit
952 1039 1020 1070 hie-

243 1101 404 1133 rarchiam
420 1124 428 1138 ,
462 1096 648 1130 summatim
688 1095 763 1126 dteit
791 1094 1022 1125 universorum

244 1164 412 1188 sacrorum
457 1153 608 1184 ornatum
629 1161 636 1188 ;
676 1149 719 1180 ita
754 1148 861 1179 dicens
895 1147 1023 1178 hierar-

245 1210 339 1242 cham
355 1233 363 1248 ,
391 1207 549 1239 monstrat
575 1205 607 1235 in
630 1203 693 1234 Deo
713 1204 896 1233 manentem
924 1203 956 1232 et
974 1200 1021 1231 di-

245 1265 360 1296 vinum
391 1262 520 1298 virum,
551 1259 585 1290 in
617 1266 680 1298 quo
711 1256 816 1287 omnis
843 1254 1024 1286 hierarchia

245 1318 420 1361 perficitur.
437 1328 451 1345 n
471 1313 625 1346 Similiter
645 1314 675 1343 et
697 1311 914 1350 Hieronymus
929 1309 973 1339 ait
989 1309 999 1325 ⁵
1014 1317 1022 1339 :

249 1385 264 1403 «
279 1372 380 1404 Tanta
390 1370 483 1401 debet
497 1377 565 1399 esse
579 1365 710 1398 scientia
726 1366 757 1395 et
769 1363 906 1394 eruditio
922 1362 1024 1403 ponti-

245 1426 314 1458 ficis
333 1424 397 1463 Dei,
412 1425 449 1455 ut
467 1430 597 1463 gressus
611 1421 682 1460 ejus
704 1420 735 1449 et
757 1420 876 1455 motus,
900 1419 931 1447 et
951 1416 1024 1447 uni-

249 1489 340 1513 versa
360 1478 485 1510 vocalia
506 1477 579 1507 sint.
596 1474 769 1506 Veritatem
794 1473 900 1502 mente
919 1469 1025 1501 conci-

247 1535 323 1575 piat,
340 1535 371 1564 et
385 1534 452 1563 toto
475 1539 545 1562 eam
562 1528 677 1560 habitu
697 1527 823 1558 resonet
844 1527 875 1556 et
898 1526 1024 1562 ornatu,

246 1591 282 1619 ut
311 1585 469 1628 quidquid
496 1583 581 1623 agit,
612 1580 768 1622 quidquid
792 1579 956 1619 loquitur,
986 1577 1027 1608 sit

247 1641 387 1673 doctrina
423 1637 654 1679 apostolorum.
689 1645 703 1663 ι)
743 1633 805 1664 Nec.
842 1634 950 1663 tamen
985 1640 1026 1662 ex

247 1696 298 1727 his
323 1695 425 1735 potest
440 1690 571 1728 inferri,
597 1688 684 1729 quod
712 1687 750 1718 ad
780 1685 938 1726 pontificis
962 1687 1024 1715 sta-

248 1751 318 1781 tum
340 1747 542 1787 requiratur,
567 1742 653 1783 quod
679 1750 791 1773 omnes
815 1742 915 1771 status
945 1748 1028 1779 prae-

249 1804 341 1836 cellat
355 1803 388 1833 in
408 1800 576 1836 omnibus;
593 1796 735 1836 alioquin
754 1804 820 1826 non
838 1796 943 1835 posset
958 1793 1028 1824 lieri

248 1857 407 1899 pontifex,
441 1854 502 1885 nisi
527 1854 608 1883 essct
634 1851 729 1890 virgo
759 1859 767 1880 :
798 1849 949 1888 congruit
980 1850 1028 1878 ta-

250 1921 346 1949 men,
371 1909 456 1950 quod
478 1908 510 1938 iu
540 1906 590 1937 his
613 1904 773 1946 przecellat
799 1912 872 1944 quae
894 1903 933 1933 ad
957 1911 1029 1942 pas-

249 1965 339 1997 cendi
356 1963 469 2003 gregis
482 1962 625 2001 spectant
640 1958 779 1989 officium
791 1982 800 1996 ,
822 1958 904 1987 sicut
921 1955 1030 1986 scribit

251 2019 465 2058 Hieronymus
491 2014 534 2046 ad
558 2011 738 2045 Oceanum*
757 2022 763 2042 ε
785 2023 799 2039 (ι
815 2010 958 2041 Futurus
972 2018 1027 2049 pa-

250 2075 316 2103 stor
332 2071 477 2103 Eccles'ue
500 2069 570 2099 talis
591 2068 741 2105 eligatur,
758 2066 850 2104 cujus
864 2072 1029 2103 compara-

252 2127 337 2157 tione
359 2125 520 2163 subjectns
542 2120 679 2161 populus
704 2119 817 2150 merito
838 2127 919 2157 grex
943 2117 1028 2147 disa-

252 2182 315 2211 tur.
332 2191 346 2208 n
364 2179 402 2210 Et
413 2176 589 2217 Gregorius
600 2175 632 2205 in
645 2173 804 2206 Pastorall'
816 2175 826 2191 ⁵
841 2183 848 2203 z
866 2171 1030 2202 «Tantum

252 2234 346 2264 debet
360 2232 516 2263 actionem
532 2229 641 2270 populi
655 2228 735 2259 actio
754 2226 932 2268 praecedere
947 2233 1029 2265 prae-

253 2287 343 2324 sulis,
371 2287 528 2326 quantum
552 2283 668 2314 distare
693 2281 771 2313 solet
795 2290 813 2311 a
839 2289 941 2319 grege
966 2279 1032 2309 vita

253 2340 398 2381 pastoriS.
412 2350 426 2367 n
442 2338 638 2377 Quapropter
649 2335 686 2366 ad
702 2334 899 2375 praelationis
914 2334 1033 2363 statum

254 2404 319 2426 non
341 2392 493 2432 congruit
518 2390 664 2421 accedere
687 2389 747 2419 nisi
781 2388 972 2428 perfeetum,
998 2388 1033 2416 ut

255 2448 371 2479 ibidem
387 2446 429 2477 ait
441 2444 618 2484 Gregorius
631 2444 640 2459 ¹³
654 2452 661 2473 :
678 2455 692 2472 «
709 2441 886 2473 Virtutibus
898 2440 1031 2480 pollens,

255 2504 381 2533 coactus
397 2500 436 2531 ad
460 2498 606 2538 regimen
632 2496 754 2534 veniat3
781 2495 955 2526 virtutibus
976 2503 1032 2525 va-

288 2584 294 2600 ¹
314 2584 342 2606 III
361 2583 428 2612 [ξι-φ,
446 2587 488 2610 xx,
503 2581 541 2603 30.
554 2592 584 2596 —
596 2579 604 2592 ²
618 2577 701 2607 Dion„
716 2577 746 2600 ‹Ic
760 2577 826 2600 Eccl.
843 2577 923 2604 Hier..
936 2583 959 2599 c.
977 2582 1035 2599 1.—

257 2620 266 2636 ³
282 2619 397 2647 Hieron„
417 2617 451 2640 ml
472 2615 580 2644 Fabiol„
601 2614 673 2644 epist.
697 2619 809 2642 cxxvni,
826 2612 893 2635 ein-:1
911 2612 965 2641 sur,
984 2611 1034 2635 col.

258 2663 293 2679 m.
311 2657 348 2678 ΟΣ).
365 2667 395 2671 -
416 2653 425 2669 ⁵
445 2652 562 2682 Hieron„
583 2650 616 2673 ud
636 2650 733 2678 Oceou„
754 2648 827 2679 epist.
850 2653 962 2678 Lxxxiii,
985 2647 1033 2671 col.

257 2698 292 2715 ui.
310 2692 364 2714 500.
380 2702 409 2706 —
427 2689 436 2705 ⁵
458 2689 544 2717 Greg„
562 2686 668 2715 Pastor„
687 2687 751 2716 part..
770 2685 799 2713 II,
815 2692 837 2707 c.
854 2690 872 2708 1.
891 2696 917 2699 ψ
933 2683 942 2698 ⁶
960 2683 1034 2713 Ihm„

258 2729 323 2758 part.
347 2726 369 2755 I,
393 2733 414 2748 c.
436 2730 473 2748 ix.
490 2736 518 2741 ·-
542 2723 548 2736 ⁷
570 2723 646 2753 Aug,
668 2722 757 2745 Enarr.
779 2721 803 2743 in
823 2719 890 2743 Psal.
905 2732 935 2736 —
958 2719 1034 2750 slob,

1069 289 1161 319 cuus,
1176 288 1235 312 nec
1249 280 1378 312 coactus
1391 279 1529 312 accedat.
1549 288 1566 308 ι»
1583 278 1692 312 Status
1704 287 1782 312 vero
1795 288 1848 312 re-

1068 334 1201 374 ligionis
1221 335 1402 375 peccatores
1421 335 1454 365 et
1474 333 1675 374 imperfectos
1697 332 1853 373 admittit,-

1069 391 1106 420 ut
1114 389 1218 429 ,iustos
1231 389 1358 427 efficiat,
1383 389 1414 419 et
1435 387 1476 419 ad
1499 386 1726 428 perfectionem
1746 385 1848 418 addu-

1069 444 1131 474 cat.
1147 441 1187 474 Et
1201 441 1272 474 ideo
1286 451 1473 483 quanquam
1493 440 1688 482 praelationis
1701 441 1802 471 status
1815 439 1851 471 in

1071 497 1264 538 perfectione
1278 497 1319 528 sit
1333 496 1437 536 alti0r,
1452 495 1617 536 religionis
1626 497 1736 527 tamen
1748 495 1851 526 status

1072 551 1223 591 securior,
1249 553 1282 582 et
1302 550 1422 582 morbis
1441 550 1559 582 nostris
1581 549 1731 582 curandis
1752 557 1850 590 expe-

1072 605 1225 643 dientior,
1250 614 1309 646 pro
1332 614 1388 644 eo,
1413 604 1500 645 quod
1523 613 1544 635 a
1564 603 1676 635 multis
1701 602 1853 644 periculis

1073 658 1168 698 eruit,
1182 659 1300 700 quibus
1313 660 1414 690 status
1423 657 1618 699 praelationis
1628 657 1771 698 exponit.
1785 655 1853 688 Pri·

1073 722 1166 744 mum
1179 712 1310 754 quidem
1325 712 1449 744 ratione
1462 711 1580 743 annexi
1598 710 1740 750 honoris,
1755 711 1853 751 juxta

1074 766 1154 798 illud
1169 766 1344 806 Augustini
1366 766 1377 783 ⁷
1402 774 1498 806 super
1513 765 1678 798 Psalmos:
1701 763 1853 802 «Quanto

1075 820 1148 861 plus
1161 821 1370 859 honoramur,
1387 821 1475 851 tanto
1494 819 1566 860 plus
1587 817 1816 859 periclitamur.
1834 827 1850 846 ι»

1076 874 1267 915 IIujusmodi
1295 876 1404 906 autem
1436 872 1615 914 periculum
1649 871 1854 903 manifestans

1076 929 1251 970 Gregorius
1267 937 1364 969 super
1373 927 1451 958 illud
1465 927 1520 959 Job
1534 929 1546 946 ⁸
1563 937 1570 958 :
1589 926 1650 962 Oui
1667 925 1751 958 dicit
1771 926 1852 966 regi,

1076 985 1244 1024 Apostata,
1263 982 1307 1013 ait
1318 984 1329 1001 ⁹
1346 992 1354 1012 ι
1375 992 1390 1011 α
1408 979 1635 1021 Unusquisque
1650 981 1753 1011 rector
1772 987 1854 1020 quo-

1077 1037 1138 1068 ties
1152 1035 1325 1074 extollitur,
1341 1034 1426 1075 quod
1439 1035 1570 1065 caeteros
1584 1033 1681 1074 regit,
1696 1032 1788 1064 toties
1798 1041 1856 1073 per

1077 1091 1203 1132 lapsum
1226 1089 1387 1131 superbiae
1411 1098 1430 1120 a
1453 1088 1572 1120 summi
1590 1087 1729 1119 Rectoris
1752 1087 1856 1119 officio

1079 1148 1257 1188 separatur.
1270 1157 1284 1175 ι)
1300 1145 1385 1176 Idem
1400 1144 1497 1175 etiam
1508 1145 1542 1174 in
1553 1143 1691 1183 registro
1702 1141 1746 1174 ¹⁰:
1763 1154 1777 1172 α
1787 1141 1857 1182 Ego

1079 1201 1166 1232 viam
1179 1200 1290 1241 capitis
1304 1199 1367 1230 mei
1378 1207 1526 1239 sequens,
1537 1205 1740 1237 summopere
1753 1196 1857 1227 decre-

1079 1264 1189 1287 veram
1201 1263 1268 1286 esse
1277 1252 1487 1294 opprobrium
1502 1251 1670 1283 hominum
1683 1252 1713 1281 et
1723 1249 1857 1290 ahJectio

1080 1309 1190 1350 plebis,
1207 1311 1244 1340 ut
1259 1311 1346 1340 tanto
1361 1308 1506 1341 veracius
1520 1307 1606 1338 intus
1620 1305 1855 1344 adscenderem,

1080 1365 1201 1403 quanto
1212 1363 1288 1394 foris
1299 1362 1455 1394 humilius
1459 1363 1612 1402 jacerem.
1628 1370 1643 1388 ι)
1655 1359 1786 1400 AdJacet
1799 1358 1858 1398 igi-

1080 1419 1135 1448 tur
1148 1417 1243 1448 statui
1259 1416 1455 1457 praelationis
1470 1414 1648 1456 pericnlum
1662 1413 1786 1444 ratione
1797 1412 1858 1444 ho-

1081 1471 1170 1501 noris
1183 1495 1192 1509 ,
1222 1480 1346 1502 necnon
1374 1472 1405 1501 et
1432 1469 1539 1501 oneris
1568 1470 1600 1500 et
1629 1465 1856 1507 occupationis.

1083 1524 1170 1556 Unde
1185 1525 1269 1555 idem
1283 1524 1468 1564 Gregorius,
1484 1522 1618 1563 septimo
1631 1520 1803 1553 Moralium
1818 1520 1857 1550 ¹¹:

1086 1590 1100 1608 (ι
1127 1578 1238 1610 Omnis
1265 1579 1319 1619 qui
1348 1576 1567 1618 dispensandis
1600 1574 1697 1607 rebus
1726 1573 1860 1605 terrenis

1083 1633 1241 1673 praesidet,
1257 1632 1370 1664 occulti
1394 1631 1494 1663 hostis
1511 1629 1627 1670 jaculis
1651 1628 1746 1659 latius
1762 1628 1858 1668 patet.

1084 1686 1163 1717 Nam
1178 1695 1250 1717 cum
1260 1687 1298 1717 ad
1313 1685 1524 1726 dispensanda
1532 1683 1690 1715 exteriora
1702 1690 1794 1713 mens
1808 1690 1861 1712 ex-

1082 1740 1211 1771 tendere
1226 1750 1258 1771 se
1272 1740 1444 1771 et'tieaciter
1459 1739 1582 1776 nititur,
1606 1746 1625 1768 a
1644 1736 1693 1767 sui
1715 1734 1858 1766 conside-

1083 1795 1206 1826 ratione
1230 1796 1406 1835 separatur.
1431 1804 1445 1822 ι)
1468 1793 1607 1834 Apparet
1631 1791 1747 1831 igitur,
1774 1789 1861 1831 quod

1084 1852 1184 1880 status
1199 1849 1394 1889 praelationis
1409 1848 1505 1879 simul
1517 1849 1563 1879 est
1577 1846 1722 1878 excelsus
1735 1846 1768 1876 et
1781 1843 1861 1885 peri-

1084 1902 1226 1940 culosus3
1250 1904 1281 1933 et
1301 1902 1371 1933 ideo
1394 1902 1500 1942 ipsum
1523 1902 1672 1941 appetere
1693 1898 1789 1930 simul
1815 1900 1862 1929 est

1085 1956 1315 1997 periculosum,
1337 1956 1631 1996 praesumptuosum
1654 1955 1686 1984 et
1711 1951 1858 1983 stultum.

1086 2010 1220 2051 Propter
1229 2010 1314 2050 quod
1323 2009 1366 2040 ait
1378 2009 1590 2049 Augustinus,
1602 2007 1683 2039 libro
1697 2006 1764 2038 xlx
1771 2006 1810 2038 de
1820 2007 1863 2038 εἰ·

1085 2065 1186 2096 vitate
1201 2064 1254 2096 Dei
1264 2064 1284 2080 ¹²
1298 2063 1436 2094 :uLocus
1447 2063 1603 2103 superior,
1612 2062 1680 2092 sine
1691 2069 1755 2101 quo
1766 2068 1863 2100 popu-

1086 2118 1137 2149 lus
1153 2118 1222 2157 regi
1238 2127 1303 2149 non
1319 2119 1431 2158 potest,
1444 2117 1500 2147 etsi
1511 2117 1555 2148 ita
1565 2115 1816 2153 administretur,
1827 2115 1863 2145 ut

1087 2172 1171 2203 decet
1175 2196 1184 2211 ,
1196 2174 1302 2203 tamen
1311 2172 1491 2203 indecenter
1498 2170 1687 2211 appetitur.»
1695 2169 1732 2201 Et
1740 2168 1810 2200 ideo
1821 2168 1865 2199 ait

1087 2226 1275 2265 Gregorius,
1290 2225 1371 2257 libro
1387 2225 1481 2257 XVIII
1508 2224 1681 2257 Moralium
1695 2223 1718 2242 ¹³
1731 2232 1742 2254 :
1762 2234 1776 2253 a
1788 2222 1866 2254 San-

1087 2281 1129 2311 cti
1144 2281 1205 2311 viri
1221 2289 1428 2320 nequaquam
1450 2288 1544 2310 curas
1559 2278 1752 2310 extrinsecas
1765 2284 1861 2316 appe-

1088 2337 1171 2373 tunt,
1188 2335 1241 2365 sed
1261 2334 1385 2365 occulto
1401 2334 1512 2365 ordine
1531 2333 1592 2364 sibi
1608 2330 1866 2372 superimpositas

1089 2390 1238 2428 gemunt.
1256 2387 1293 2419 Et
1312 2387 1462 2428 quamvis
1481 2387 1550 2418 illas
1565 2396 1621 2426 per
1637 2385 1800 2417 meliorem
1814 2383 1864 2414 in-

1088 2443 1263 2473 tentionem
1275 2441 1412 2481 fugiant,
1424 2443 1532 2472 tamen
1545 2449 1601 2481 per
1609 2439 1768 2470 subditam
1780 2445 1867 2467 men·

1089 2498 1153 2527 tem
1180 2497 1319 2536 portant.
1346 2495 1431 2533 Quas
1451 2494 1581 2535 quidem
1599 2499 1813 2531 summopere,
1839 2490 1867 2520 si

1091 2583 1190 2607 xxxin,
1210 2578 1246 2600 18.
1263 2589 1292 2593 -
1314 2579 1322 2590 ²·
1338 2578 1456 2606 orcarum,
1474 2574 1577 2602 Morul„
1593 2573 1635 2597 lib.
1655 2572 1744 2602 xxw,
1765 2579 1788 2595 c.
1807 2576 1867 2599 xxv,

1090 2614 1122 2637 nl.
1145 2619 1197 2641 xtv,
1221 2620 1247 2636 n.
1270 2613 1308 2635 52.
1334 2625 1361 2629 —-
1389 2612 1405 2625 ¹⁰
1430 2611 1476 2639 I=I.,
1500 2610 1580 2640 Epist.
1603 2622 1632 2625 —
1657 2609 1674 2624 ¹¹
1698 2608 1744 2638 Iu„
1768 2606 1867 2636 Mai-al„

1090 2650 1134 2673 lib.
1149 2649 1203 2672 ΥΙΙ.
1218 2661 1249 2666 —
1265 2648 1281 2662 ‘²
1295 2650 1369 2678 Aug„
1384 2647 1414 2671 de
1429 2647 1505 2670 sivit.
1523 2646 1576 2670 Dei,
1589 2645 1634 2668 lib.
1650 2645 1716 2675 XIX,
1732 2650 1754 2668 c.
1771 2649 1827 2667 xix.
1838 2655 1869 2660 —

1091 2686 1109 2702 ¹³
1135 2687 1252 2715 (ii-eaor„
1277 2684 1380 2713 Moral.,
1403 2683 1448 2707 lib.
1472 2682 1563 2712 XVIII,
1587 2688 1609 2705 c.
1634 2686 1715 2710 ani,
1739 2679 1772 2703 al.
1796 2684 1867 2708 xxvi,

1091 2728 1117 2746 n.
1134 2723 1173 2745 70.
