2029 3052
260 224 321 254 294
831 215 1019 250 LEGENDA
1040 215 1074 247 S.
1097 214 1316 248 FRANClSCI.

259 291 313 321 tus
326 289 443 328 officio,
457 288 669 328 incendioque
679 285 846 326 seraphico
855 285 942 316 totus
957 283 1039 324 igni-

258 344 324 383 tus,
340 344 373 375 et
386 344 423 374 ut
436 342 488 375 vir
501 340 720 373 hierarchicus
735 348 834 370 curru
848 338 944 379 igneo
965 346 1037 370 sur-

258 406 331 429 sum
354 398 477 434 vectus,
506 395 588 426 sicut
611 402 652 425 ex
677 392 778 434 ipsius
802 392 878 425 vitae
901 392 1039 424 decursu

258 450 438 483 luculenter
462 449 609 490 apparet,
633 445 865 478 rationabiliter
888 454 1038 486 compro-

259 505 355 536 batur
369 503 494 536 venisse
509 502 543 532 in
551 500 665 542 spiritu
674 501 705 531 et
719 499 839 531 virtute
851 499 938 531 Eliae.
951 498 1040 530 Ideo-

260 568 324 600 que
337 557 470 590 alterius
483 555 577 588 amici
591 554 718 596 Sponsi,
734 552 876 593 Apostoli
889 555 921 584 et
934 552 1040 584 Evan-

262 612 387 653 gelistae
402 609 534 642 Joannis
556 607 782 640 vaticinatione
801 606 953 644 veridica,
979 605 1041 637 sub

260 663 469 697 similitudine
489 662 608 703 Angeli
628 661 827 693 ascendentis
846 660 886 692 ab
900 662 973 692 ortu
989 668 1040 691 so-

260 719 310 758 lis,
325 719 526 759 signumque
548 716 602 748 Dei
618 715 684 748 vivi
709 714 868 753 habentis,
884 713 1042 745 astruitur

260 781 326 804 non
355 771 517 803 immerito
544 769 746 810 designatus.
784 767 851 799 Sub
880 767 1043 808 apertione

261 834 402 866 namque
422 825 503 856 sexti
522 822 619 864 sigilli
637 832 644 854 :
666 821 757 860 Vidi,
783 820 827 851 ait
849 819 986 852 Joannes
1008 819 1042 851 in

261 879 452 920 Apocalypsi
471 879 490 917 ¹,
508 879 646 910 alterum
660 876 809 917 anqelum
823 874 1043 907 ascendentem

262 932 302 965 ab
316 935 388 966 ortu
413 932 502 970 solis,
530 931 698 964 habentem
718 930 850 970 sianum
876 929 935 962 Det
960 929 1041 961 υἰυί.

263 986 356 1017 Hunc
373 985 424 1017 Dei
435 985 585 1016 nuntium
601 983 773 1015 amabilem
787 983 923 1022 Christo,
942 983 1044 1014 imita-

263 1040 360 1072 bilem
372 1039 476 1077 nobis,
491 1041 522 1070 et
530 1038 753 1070 admirabilem
769 1037 900 1076 mundo,
913 1046 1044 1068 servum

264 1095 317 1126 Dei
332 1095 430 1126 fuisse
450 1093 667 1132 Franciscum,
686 1091 886 1123 indubitabili
903 1091 965 1122 fide
980 1090 1046 1121 col-

264 1149 414 1189 ligimus,
438 1148 463 1178 si
479 1147 607 1179 culmen
623 1146 655 1177 in
671 1155 708 1177 eo
723 1146 851 1177 eximiae
872 1144 1046 1175 sanctitatis

265 1202 476 1240 advertimus
501 1210 566 1241 qua
589 1201 629 1240 (α)
655 1200 739 1231 inter
762 1199 911 1230 homines
935 1199 1048 1229 vivens

266 1256 406 1287 imitator
420 1256 480 1287 fuit
501 1255 649 1296 puritatis
663 1253 832 1294 angelicae,
854 1262 918 1293 qua
942 1254 972 1283 et
989 1261 1046 1294 po-

265 1310 346 1341 situs
370 1312 417 1340 est
444 1309 590 1350 perfectis
618 1308 734 1339 Christi
767 1306 978 1338 sectatoribus
1013 1306 1047 1336 in

266 1364 464 1404 exemplum.
490 1363 538 1394 Ad
562 1362 648 1403 quod
673 1361 801 1402 quidem
819 1349 954 1391 fideliter
969 1369 1045 1391 sen-

267 1418 424 1455 tiendum,
442 1419 473 1448 et
488 1417 549 1457 pie,
563 1425 625 1447 non
637 1415 742 1446 solum
759 1414 878 1445 inducit
893 1414 1046 1451 officium,

268 1472 353 1512 quod
368 1470 493 1508 habuit,
506 1469 639 1501 vocandi
651 1469 689 1499 ad
703 1469 814 1499 [letum
829 1470 859 1498 et
871 1467 1048 1508 planctum,

269 1525 450 1563 calvieium,
474 1527 504 1556 et
527 1523 695 1563 cingulum
717 1522 809 1559 sacci,
834 1521 1050 1561 signandique

272 1580 349 1610 thau
369 1588 465 1619 super
484 1579 602 1609 frontes
628 1577 772 1608 virorum
799 1576 1000 1615 gementium
1021 1577 1052 1605 et

271 1633 447 1664 dolentium
459 1656 467 1670 ,
495 1632 589 1671 signo
619 1630 847 1670 puniitentialis
875 1629 993 1666 erneis,
1022 1631 1052 1659 et

273 1687 401 1718 habitus
416 1686 502 1717 cruci
519 1685 710 1722 conformis3
729 1694 841 1714 verum
859 1683 954 1713 etium
971 1683 1052 1713 irre-

274 1740 424 1779 fragabili
438 1739 582 1770 veritatis
594 1738 811 1769 testificatione
826 1738 993 1767 confirmat
1010 1736 1052 1765 si-

274 1794 449 1833 gnaculum
470 1791 686 1823 similitudinis
704 1790 754 1822 llei
772 1790 919 1827 viventis,
937 1790 1051 1820 Christi

274 1848 419 1879 videlicet
441 1846 604 1883 crncifixi,
631 1845 716 1885 quod
742 1845 772 1874 iu
797 1853 928 1884 corpore
954 1844 1054 1883 ipsius

276 1902 336 1932 suit
361 1901 565 1940 impressum,
589 1908 653 1929 nun
679 1907 734 1938 per
754 1900 876 1928 natura}
901 1897 1053 1928 virtutem

276 1955 326 1986 vel
348 1955 514 1993 ingenium
538 1953 629 1989 artis,
660 1952 714 1983 sed
743 1952 846 1991 potins
871 1960 927 1991 per
951 1951 1054 1982 admi-

276 2009 410 2040 randam
429 2007 601 2048 potentiam
618 2006 755 2046 Spiritus
772 2005 823 2035 llei
840 2005 917 2036 vivi.
935 2005 979 2035 Ad
997 2005 1056 2035 hu-

277 2064 330 2103 jus
346 2064 409 2092 tam
429 2060 620 2093 venerabilis
639 2060 699 2091 viri
717 2060 815 2090 vitam
839 2059 928 2089 omni
951 2059 1054 2089 imita-

281 2117 364 2146 tione
377 2115 602 2154 dignissimam
626 2113 864 2144 deseribemlam
886 2113 1057 2152 indignum

280 2172 311 2201 et
327 2169 571 2200 insufficientem
590 2177 639 2198 me
659 2167 810 2205 sentiens,
829 2167 856 2197 id
876 2166 1058 2197 nullatenus

281 2226 497 2261 attentassem,
514 2222 574 2253 nisi
596 2231 647 2252 me
670 2222 804 2252 fratrum
830 2222 956 2251 fervens
980 2221 1056 2250 inei-

282 2280 376 2308 tasset
407 2278 556 2314 affectus,
587 2276 745 2315 generalis
770 2284 899 2315 qnoque
925 2274 1058 2314 Capituli

283 2339 414 2361 concors
430 2330 607 2360 induxisset
625 2329 788 2367 instantia,
801 2332 831 2359 et
846 2339 893 2367 ea,
909 2339 1005 2369 quam
1021 2328 1059 2359 ad

282 2387 427 2416 sanctum
441 2386 562 2423 patrem
575 2383 690 2413 habere
705 2386 824 2421 teneor,
837 2383 964 2413 devotio
976 2392 1060 2413 eom—

284 2439 417 2479 pulisset
433 2448 439 2468 :
458 2439 492 2467 nt
508 2439 590 2477 pote,
607 2437 661 2476 qui
683 2446 737 2476 per
763 2437 861 2476 ipsius
888 2435 1060 2466 invocatio-

284 2502 358 2523 nem
375 2495 405 2522 et
422 2491 534 2522 merita
549 2490 580 2520 in
598 2490 711 2530 puerili
727 2493 830 2528 white,
849 2490 929 2519 sient
943 2489 1060 2519 recenti

286 2545 440 2576 memoria
455 2547 558 2582 teneo,
573 2553 592 2574 a
608 2543 719 2573 mortis
736 2544 880 2573 saucibus
895 2545 1016 2576 mutus,
1035 2542 1061 2572 si

286 2599 445 2639 prieetssmia
461 2598 562 2628 laudis
578 2598 647 2637 ejus
665 2599 802 2633 tacuero,
822 2597 918 2627 timeo
938 2596 1063 2627 sceleris

286 2653 393 2691 argui,
411 2655 446 2682 ut
462 2652 622 2691 ingratus.
646 2650 683 2681 Et
703 2650 771 2681 hcee,
787 2660 882 2690 penes
897 2659 948 2681 inc
969 2659 1062 2681 cansa

319 2716 324 2732 ¹
343 2715 423 2745 silice„
444 2721 493 2739 xii.
510 2716 532 2738 2.

1094 282 1259 323 praecipua
1272 283 1361 315 hunc
1379 281 1567 314 assumendi
1579 281 1734 322 laborem,
1749 283 1788 314 ut
1800 291 1876 324 ego,

1094 336 1152 377 qui
1175 337 1277 369 vitam
1300 336 1442 378 corporis
1466 338 1499 368 et
1525 335 1643 368 animae
1664 343 1684 366 a
1709 335 1774 368 Deo
1795 337 1878 369 mihi

1095 393 1316 423 conservatam
1325 398 1521 430 recognosco
1538 398 1597 430 per
1604 389 1722 430 ipsum,
1732 390 1764 421 et
1772 389 1877 423 virtu-

1095 446 1161 476 tem
1175 445 1246 485 ejus
1259 445 1294 475 in
1311 453 1365 476 me
1386 444 1456 486 ipso
1482 445 1636 485 expertus
1657 444 1778 484 agnovi
1800 444 1877 478 vitae

1096 498 1182 530 illius
1195 498 1342 536 virtutes,
1369 499 1459 529 actus
1481 498 1513 529 et
1537 497 1647 536 verba,
1673 497 1767 538 quasi
1785 498 1879 539 frag-

1097 553 1206 582 menta
1221 550 1371 592 quaedam
1393 551 1511 592 partim
1525 551 1682 591 neglecta,
1697 551 1880 593 partimque

1096 605 1248 646 dispersa,
1264 613 1452 646 quanquam
1474 604 1567 645 plene
1580 613 1647 636 non
1673 613 1812 646 possem,
1827 608 1882 638 ut-

1097 668 1238 700 cumque
1256 658 1454 699 colligerem,
1471 667 1512 690 ne
1530 658 1742 690 morientibus
1756 659 1805 698 iis,
1821 660 1879 701 qui

1098 722 1172 745 cum
1186 712 1307 744 famulo
1324 711 1378 744 Dei
1393 712 1612 752 convixerant,
1630 711 1822 753 deperirent.
1840 712 1884 746 Ut

1098 766 1202 806 igitur
1221 766 1297 799 vitae
1311 765 1412 807 ipsius
1427 765 1545 797 veritas
1560 766 1600 797 ad
1617 768 1760 807 posteros
1775 768 1879 798 trans-

1100 820 1252 852 mittenda
1275 819 1393 851 certius
1415 819 1495 850 mihi
1519 821 1678 851 constaret
1699 822 1730 851 et
1751 820 1880 860 clarius,

1099 873 1209 905 adiens
1235 873 1341 905 locum
1370 871 1523 913 originis,
1555 873 1820 913 conversationis,
1851 876 1884 906 et

1101 929 1252 960 transitus
1266 928 1327 959 viri
1342 927 1458 966 sancti,
1483 936 1558 959 cum
1577 927 1788 960 familiaribus
1811 929 1883 969 eJus

1100 982 1205 1014 adhuc
1229 981 1510 1023 superviventibus
1536 980 1738 1013 collationem
1765 981 1805 1014 de
1832 981 1884 1013 his

1101 1035 1201 1067 habui
1216 1035 1417 1075 diligentem,
1433 1037 1465 1066 et
1485 1034 1626 1066 maxime
1647 1043 1722 1066 cum
1745 1035 1883 1076 quibus-

1101 1090 1186 1128 dam,
1204 1089 1258 1129 qui
1274 1089 1449 1119 sanctitatis
1463 1089 1546 1129 ejus,
1558 1090 1589 1119 et
1604 1088 1724 1119 conscii
1739 1088 1882 1128 fuerunt,

1102 1147 1133 1175 et
1146 1145 1317 1175 sectatores
1332 1143 1485 1184 praecipui
1500 1154 1506 1174 :
1522 1143 1640 1183 quibus
1654 1145 1784 1184 propter
1796 1144 1886 1184 agni·
1901 1149 1906 1152 '

1103 1201 1168 1230 tam
1184 1197 1364 1236 veritatem,
1383 1197 1612 1238 probatamque
1629 1197 1794 1236 virtutem,
1805 1198 1886 1230 fides

1103 1254 1150 1283 est
1166 1250 1384 1282 indubitabilis
1403 1250 1595 1282 adhibenda.
1623 1250 1658 1282 In
1675 1251 1886 1292 descriptione

1104 1308 1212 1336 antem
1231 1314 1355 1342 eorum,
1371 1313 1445 1345 quae
1462 1314 1517 1345 per
1534 1314 1664 1336 servum
1681 1314 1779 1337 suum
1803 1305 1886 1337 Deus

1105 1360 1276 1400 dignanter
1297 1359 1418 1397 effecit,
1444 1359 1608 1390 curiosum
1633 1359 1707 1400 styli
1735 1361 1886 1391 ornatum

1106 1413 1341 1453 negligendum
1356 1422 1424 1443 esse
1446 1412 1568 1453 putavi,
1585 1421 1658 1443 cnm
1679 1412 1815 1452 legentis
1830 1413 1885 1445 de-

1107 1467 1193 1498 votio
1217 1467 1288 1507 plus
1309 1465 1445 1506 simplici
1469 1475 1628 1505 sermone,
1651 1475 1749 1507 quam
1773 1466 1887 1507 phale-

1108 1523 1176 1552 rato
1193 1521 1346 1561 proficiat.
1367 1521 1427 1552 Nec
1443 1529 1568 1561 semper
1584 1520 1751 1551 historiam
1773 1529 1887 1552 secun-

1107 1575 1184 1605 dnm
1201 1574 1345 1605 ordinem
1364 1574 1514 1614 temporis
1531 1574 1620 1604 texui
1637 1576 1766 1614 propter
1778 1575 1889 1606 confu-

1108 1629 1230 1659 sionem
1247 1629 1426 1666 vitandmm
1451 1628 1504 1658 sed
1528 1628 1631 1668 potins
1650 1628 1796 1659 ordinem
1821 1637 1888 1659 ser-

1110 1692 1184 1713 vare
1195 1682 1302 1713 studui
1316 1682 1420 1721 magis
1430 1684 1511 1722 apta‘.
1522 1682 1697 1721 Juncturae,
1710 1682 1888 1713 secundum

1110 1736 1194 1776 quod
1210 1736 1321 1766 eodem
1339 1738 1463 1775 peracta
1478 1739 1620 1776 tempore
1639 1735 1772 1767 diversis
1787 1739 1888 1767 mate-

1110 1790 1176 1827 riis,
1194 1789 1244 1820 vel
1267 1789 1400 1820 diversis
1422 1791 1543 1829 patrata
1566 1789 1764 1829 temporibus
1785 1790 1890 1821 eidem

1113 1844 1254 1874 materiae
1268 1852 1446 1882 congruere
1461 1843 1663 1874 videbantur.
1680 1843 1810 1875 Initium
1829 1853 1888 1875 au-

1113 1898 1176 1926 tem
1193 1895 1267 1926 vitae
1284 1895 1395 1935 ipsius,
1420 1904 1612 1934 progressus
1634 1897 1664 1926 et
1686 1904 1890 1926 consumma-

1112 1949 1168 1987 tio,
1186 1948 1369 1989 qniudccim
1386 1948 1532 1978 distincta
1547 1948 1692 1988 capituliS
1707 1948 1891 1981 describun-

1113 2006 1167 2034 tur
1183 2003 1314 2033 interius
1329 2002 1499 2033 annotatis,

1154 2057 1270 2096 Agitur
1284 2056 1369 2087 enim
1391 2055 1495 2095 primo
1516 2055 1554 2086 de
1577 2055 1817 2087 conversatione
1842 2057 1890 2097 ip-

1113 2112 1179 2143 sius
1192 2112 1224 2142 in
1240 2110 1352 2141 habitu
1370 2109 1513 2140 saeculari
1526 2121 1532 2146 ;

1154 2165 1300 2196 Secundo
1316 2164 1354 2194 de
1371 2164 1505 2204 perfecta
1528 2163 1736 2194 conversione
1758 2164 1829 2205 ejus
1852 2164 1892 2196 ad

1115 2220 1234 2256 Deum,
1267 2221 1298 2249 et
1329 2218 1368 2249 de
1393 2217 1591 2258 reparatione
1618 2217 1717 2248 trium
1745 2218 1893 2249 ecclesia-

1115 2282 1206 2311 rum;

1155 2329 1260 2360 Tertio
1274 2328 1312 2358 de
1327 2327 1525 2357 institutione
1540 2326 1716 2366 religionis,
1731 2328 1762 2358 et
1776 2335 1891 2367 appro-

1116 2382 1242 2413 batione
1255 2381 1392 2421 regulam

1157 2436 1274 2473 Quarto
1289 2435 1327 2465 de
1344 2433 1484 2474 profectu
1499 2433 1621 2464 ordinis
1640 2433 1700 2463 sub
1721 2441 1819 2463 manu
1844 2433 1891 2473 ip-

1117 2491 1198 2527 sius,
1215 2491 1245 2520 et
1265 2487 1506 2519 confirmatione
1526 2486 1648 2527 regula:
1667 2486 1756 2526 prius
1777 2496 1892 2527 appro-

1119 2542 1219 2579 balae3

1159 2595 1275 2632 Quinto
1300 2594 1337 2624 de
1363 2592 1544 2624 austeritate
1567 2591 1651 2629 vitae,
1678 2593 1710 2622 et
1735 2593 1895 2632 quomodo

1119 2651 1272 2679 creaturae
1290 2646 1472 2687 praebebant
1487 2645 1514 2676 ei
1530 2644 1692 2683 solatium3

1153 2711 1188 2741 tu)
1205 2711 1264 2734 (vel.
1281 2709 1340 2733 cdd.
1357 2716 1442 2740 qimm.
