2029 3052
634 202 674 235 lN
696 200 891 234 REGULAM
916 202 1110 236 FRATHUM
1134 202 1334 237 MINORUM.

175 272 250 304 bere
265 271 396 304 loculos.
412 271 500 304 Unde
515 271 720 312 Augustinus
732 271 741 288 ¹
759 282 766 302 :
785 282 799 300 ιι
809 270 953 302 Habebat

175 325 329 358 Dominus
349 325 484 364 loculos,
500 327 531 357 et
545 334 564 356 a
578 324 724 357 fidelibus
747 324 853 356 oblata
876 333 952 356 con-

174 388 318 420 servans,
343 382 374 411 et
395 389 528 412 suorum
551 379 805 418 necessitatibus,
830 380 862 410 et
881 378 952 410 aliis

173 433 394 474 indigentibus
415 434 586 466 tribuebat.
619 433 709 465 Tunc
731 433 874 474 primum
899 441 950 464 ec-

173 486 356 519 clesiasticae
385 488 528 529 pecuniae
556 488 660 520 forma
687 489 733 518 est
760 487 916 518 instituta.
932 497 947 515 n

173 540 249 573 Haec
263 541 478 582 Augustinus.
500 542 536 573 In
551 550 626 574 suos
647 543 756 573 autem
769 550 848 573 usus
862 550 952 572 nun-

173 604 271 636 quam
285 604 434 636 expresse
449 596 567 636 legitur
583 595 756 628 Dominum
772 595 950 626 loculorum

172 649 325 690 pecunias
339 650 549 688 convertisse;
572 650 638 681 imo
658 649 765 689 magis
779 648 951 689 praetendi-

172 704 226 734 tur
241 703 437 735 contrarium
452 713 548 744 super
563 703 642 736 illud
657 703 798 735 Matthaei
809 703 820 720 '²
838 714 844 734 :
863 702 952 735 Solve

172 757 376 797 didrachma,
400 757 457 789 ubi
477 757 596 798 legitur
624 757 795 789 Dominum
821 757 951 789 solvisse

172 811 357 843 didrachma
379 811 578 850 miraculose,
602 811 641 843 de
662 811 797 851 pecunia
812 810 952 842 miracu-

171 863 237 896 lose
251 865 286 896 in
299 874 354 896 ore
372 864 466 905 piscis
481 866 617 905 reperta.
641 864 712 896 albi
726 865 825 903 enim,
843 876 857 894 υ
876 865 951 896 dicit

172 917 389 960 Hieronymus
412 919 447 950 in
464 918 573 950 Glossa
592 918 621 956 θ,
648 917 832 949 «Dominus
855 920 951 949 tantae

172 972 231 1003 fuit
245 973 451 1013 paupertatis,
478 974 514 1004 ut
534 972 620 1003 unde
633 972 723 1003 daret
745 972 865 1003 tributa
885 980 951 1003 non

171 1025 314 1058 haberet.
332 1026 430 1058 Judas
444 1025 576 1066 quidem
593 1025 715 1057 loculos
729 1026 763 1057 in
786 1027 951 1057 communi

172 1079 325 1118 habebat;
343 1080 397 1111 sed
411 1089 463 1111 res
475 1089 654 1120 pauperum
665 1080 698 1110 in
708 1089 786 1111 usus
796 1089 872 1111 suos
880 1089 952 1111 con-

171 1135 297 1166 vertere
309 1135 396 1165 nefas
405 1134 509 1174 duxit,
521 1135 662 1175 idipsum
672 1135 752 1166 dans
766 1134 952 1175 exemplum

172 1187 298 1219 nobis.»
313 1188 389 1220 Haec
399 1188 625 1230 Hieronymus.
639 1189 670 1220 2.
687 1188 768 1220 Item
783 1189 896 1220 habuit
907 1189 952 1220 lo-

173 1241 260 1273 culos
280 1251 339 1282 pro
359 1242 430 1274 aliis
453 1243 603 1281 infirmis,
620 1244 651 1274 et
666 1243 870 1283 imperfectis,
896 1243 952 1283 qui

171 1295 290 1328 habent
305 1296 426 1328 loculos
438 1306 496 1338 pro
515 1296 639 1337 seipsis,
657 1296 713 1337 qui
730 1296 789 1327 etsi
802 1296 866 1327 sint
879 1305 950 1337 per-

171 1349 243 1382 fecti
253 1353 400 1391 respectu
411 1350 601 1382 habentium
616 1351 758 1391 propria,
770 1350 822 1382 vel
838 1351 950 1390 multa,

171 1406 203 1436 et
216 1414 349 1445 magna,
366 1415 442 1437 cum
455 1405 512 1446 ipsi
531 1405 672 1437 habeant
685 1414 797 1446 pauca,
814 1407 889 1436 sunt
904 1406 950 1436 ta-

171 1468 248 1490 men
270 1459 444 1500 imperfecti
465 1459 498 1490 in
522 1459 602 1498 hoc,
628 1460 776 1499 respectu
801 1458 950 1498 illorum,

172 1513 229 1553 qui
253 1513 336 1544 nihil
357 1513 478 1544 habent
501 1513 628 1553 penitus
656 1513 690 1543 in
715 1513 776 1544 hoc
804 1513 949 1544 mundo:

172 1567 248 1607 quia
262 1567 344 1598 nihil
358 1566 512 1598 habentes
528 1567 657 1607 penitus
673 1568 749 1598 sunt
769 1566 802 1597 in
823 1576 952 1598 summo

171 1621 276 1660 gradu
290 1621 323 1652 in
337 1621 398 1652 hac
411 1623 511 1661 parte,
521 1623 558 1652 ut
568 1623 615 1652 est
626 1620 775 1661 possibile
787 1621 881 1652 statui
892 1620 952 1652 hu-

171 1683 278 1714 mano,
289 1684 308 1706 a
315 1675 428 1706 mundi
438 1674 587 1715 periculis
595 1677 626 1706 et
636 1674 793 1706 illecebris
800 1674 950 1706 absoluti.

171 1727 260 1760 Unde
275 1728 370 1768 Hugo
385 1728 460 1760 dicit
475 1729 485 1746 Β
501 1738 509 1759 :
528 1728 696 1760 «Habebat
713 1728 803 1760 Jssus
818 1728 950 1768 loculos,

171 1782 373 1814 conformans
393 1792 427 1814 se
451 1782 656 1823 imperfectis.
674 1781 820 1813 Christus
834 1782 868 1813 in
886 1791 951 1813 nu-

171 1845 261 1867 mero
268 1837 528 1877 imperfectorum
536 1836 675 1868 inveniri
687 1836 800 1875 voluit,
815 1845 855 1867 ne
868 1845 950 1876 prae-

171 1893 335 1922 sumerent
353 1900 419 1922 non
442 1891 643 1931 accipientes,
670 1892 701 1922 et
718 1891 950 1922 confunderen—

171 1947 224 1976 tur
247 1944 446 1985 accipientes.
465 1944 504 1975 Et
523 1953 619 1984 super
634 1944 713 1976 illud
724 1944 901 1976 Psalmistae
916 1945 925 1962 ⁵
942 1956 949 1976 ε

171 1998 352 2031 Producens
369 1999 489 2038 toenum
506 1998 678 2038 jumentis,
697 1998 773 2029 dicit
791 1998 948 2039 Augusti-

171 2062 232 2084 nus
244 2052 254 2069 ⁶
271 2064 278 2084 ;
300 2065 314 2083 α
328 2052 450 2084 Habuit
462 2053 616 2084 Dominus
629 2053 762 2092 loculos,
780 2054 811 2084 et
830 2053 950 2084 dictum

171 2109 217 2138 est
237 2107 276 2138 de
291 2107 487 2148 quibusdam
508 2107 650 2138 foeminis
671 2107 839 2147 religiosis,
863 2107 949 2147 quod

171 2161 396 2193 ministrabant
405 2161 508 2193 eidem
521 2161 559 2192 de
572 2161 750 2192 substantia
765 2170 834 2192 sua.
852 2160 951 2191 Futu-

171 2224 227 2246 rus
242 2218 310 2247 erat
329 2215 450 2248 Paulus
469 2215 552 2247 nihil
570 2216 632 2247 tale
653 2215 825 2255 aliquando
840 2214 948 2255 requi-

171 2279 246 2301 rens
263 2281 269 2301 :
297 2270 351 2301 sed
363 2271 439 2309 quia
457 2270 550 2302 multi
566 2270 687 2301 infirmi
702 2269 763 2301 ista
779 2269 950 2310 quaesituri

171 2326 272 2363 erant,
294 2325 400 2364 magis
419 2325 624 2356 infirmorum
647 2333 818 2364 personam
842 2333 951 2355 susce-

171 2378 217 2418 pit
232 2378 397 2409 Dominus.
421 2378 508 2418 Ergo
529 2377 700 2409 sublimius
724 2377 870 2409 Paulus?
886 2377 948 2409 Ne-

171 2441 352 2473 quaquam,
391 2432 455 2464 imo
484 2432 653 2463 sublimius
680 2431 842 2470 Christus,
874 2433 951 2472 quia

173 2486 422 2518 misericordius.
446 2486 524 2518 Cum
551 2487 638 2518 enim
661 2486 785 2518 videret
811 2486 950 2518 Paulum

171 2541 231 2572 ista
245 2551 311 2573 non
324 2542 549 2582 quaesiturum,
564 2540 705 2581 providit
721 2540 774 2580 (a),
798 2549 839 2571 ne
860 2541 949 2572 dam-

172 2599 262 2627 naret
285 2596 519 2636 quaesiturum,
540 2597 571 2626 et
599 2594 736 2635 praebuit
765 2595 951 2635 exemplum

206 2678 210 2691 ¹
227 2679 302 2709 Aug„
317 2680 343 2703 in
360 2682 440 2710 Joan„
457 2680 529 2704 tract.
546 2684 610 2708 Lxu,
626 2685 652 2702 n.
666 2679 689 2702 5
702 2690 733 2695 --
748 2677 756 2690 ²
768 2676 870 2706 Matth„
886 2683 950 2709 xvn,

173 2714 256 2737 23-26.
277 2727 308 2732 —
324 2714 335 2731 ⁸
347 2715 440 2747 Gloss.‚
455 2722 487 2740 ex
503 2714 608 2741 Hieron.
624 2727 655 2733 —
669 2714 676 2727 ⁴
694 2714 760 2744 flug.
779 2713 809 2737 de
829 2715 855 2738 S·
872 2714 950 2746 Vici„

293 2768 368 2792 Tou.
391 2770 458 2794 xlv.

1729 214 1786 242 577

1007 271 1148 304 infirmo.
1173 284 1188 302 n
1221 273 1296 305 IIaec
1320 275 1534 315 Augustinus.
1561 276 1652 315 Quod
1679 280 1789 310 autem

1007 325 1092 365 dicit,
1109 327 1195 367 quod
1210 328 1358 368 praevidit
1373 329 1510 362 Paulum
1526 340 1591 362 non
1614 332 1675 364 ista
1696 342 1787 373 quae-

1007 380 1157 419 siturum,
1185 381 1430 422 intelligendum
1456 387 1503 416 est
1533 385 1724 426 aliquando,
1757 390 1788 419 et

1006 442 1072 465 non
1086 443 1229 475 semper;
1247 436 1419 476 aliquando
1434 438 1521 470 enim
1536 440 1668 480 accepit,
1685 443 1715 472 et
1728 441 1786 472 ali-

1006 488 1134 527 quando
1150 498 1227 527 uon,
1244 491 1283 521 ut
1297 500 1395 531 supra
1410 494 1506 532 patet.
1525 493 1586 531 Qui
1600 494 1701 533 igitur
1715 497 1786 526 tan-

1006 542 1077 572 tum
1091 551 1149 582 pro
1169 542 1238 574 aliis
1259 543 1378 577 habent
1398 545 1531 586 loculos,
1549 547 1590 578 ad
1604 547 1665 579 hoc
1676 550 1788 580 aucto-

1006 594 1099 626 ritate
1123 595 1270 629 Ecclesiae
1287 599 1456 640 compulsi,
1482 601 1551 640 etsi,
1580 603 1788 642 quantumin

1007 656 1041 678 se
1055 650 1112 687 est,
1131 652 1238 689 optent
1256 660 1313 691 pro
1325 661 1359 683 se
1373 661 1481 684 carere
1495 654 1617 693 loculis,
1634 655 1673 687 ad
1687 665 1720 687 se
1733 665 1789 688 au-

1006 702 1072 732 tem
1087 706 1254 735 servantes
1269 705 1498 738 districtionem
1514 710 1726 749 paupertatis,
1751 713 1788 742 ut

1006 755 1126 796 patitur
1140 756 1322 797 infirmitas,
1338 759 1417 791 dum
1435 761 1542 792 sintin
1558 762 1636 794 alios
1650 763 1786 795 affluen-

1006 812 1053 841 tes
1060 821 1068 848 ;
1085 810 1130 841 sic
1144 820 1210 842 non
1217 812 1379 845 habentur
1389 813 1485 846 loculi
1498 815 1531 845 in
1541 815 1696 848 doctrinae
1706 827 1788 858 prae-

1002 864 1174 905 judicium,
1192 866 1243 897 vel
1266 866 1546 908 impedimentum,
1571 870 1624 901 sed
1650 879 1704 902 eos
1727 872 1788 903 ha-

1007 918 1082 950 bent
1097 919 1164 950 sine
1187 920 1276 951 omni
1297 921 1547 962 imperfectione,
1569 924 1645 964 quia
1667 934 1788 958 conve-

1007 971 1101 1003 niunt
1115 982 1190 1003 cum
1205 973 1327 1005 Christo
1340 975 1375 1006 in
1389 975 1549 1016 habendo,
1561 980 1592 1009 et
1603 978 1638 1009 in
1650 979 1787 1011 habendi

1007 1026 1142 1058 ratione.
1166 1026 1227 1064 Qui
1247 1030 1356 1059 autem
1372 1029 1490 1061 habent
1512 1030 1632 1063 loculos
1650 1042 1708 1073 pro
1723 1034 1787 1065 sei-

1007 1080 1083 1120 psis,
1100 1081 1221 1112 habent
1246 1091 1300 1113 eos
1324 1085 1361 1114 ut
1389 1084 1530 1124 infirmi,
1563 1087 1789 1119 convenientes

1008 1143 1081 1165 cum
1097 1134 1220 1166 Christo
1234 1136 1268 1166 in
1282 1136 1442 1176 habendo,
1454 1139 1508 1170 sed
1518 1148 1585 1171 non
1601 1140 1635 1171 in
1650 1140 1788 1173 habendi

1008 1188 1126 1220 modo:
1156 1189 1233 1229 quia
1267 1190 1334 1230 ipse
1360 1200 1426 1222 non
1449 1192 1562 1225 habuit
1585 1194 1706 1226 loculos
1729 1205 1788 1236 pro

1008 1243 1124 1283 seipso,
1141 1245 1176 1274 ut
1198 1243 1305 1275 visum
1324 1247 1388 1284 est3
1413 1246 1468 1277 sed
1482 1255 1557 1278 cum
1576 1247 1635 1279 hac
1650 1249 1788 1280 infirmi-

1007 1298 1071 1327 tate
1096 1298 1183 1328 tanto
1205 1298 1245 1329 ad
1265 1299 1492 1338 perfectionem
1518 1304 1787 1344 appropinquant,

1008 1353 1128 1391 quanto
1139 1352 1343 1391 paucioribus
1357 1356 1432 1386 sunt
1442 1356 1595 1388 contenti.
1609 1356 1687 1389 Ecce
1702 1359 1790 1398 quod

1009 1404 1151 1437 Christus
1169 1406 1276 1446 legem
1301 1408 1408 1439 datam
1433 1409 1594 1449 Apostolis
1615 1411 1654 1442 de
1677 1410 1790 1443 loculis

1009 1468 1074 1490 non
1098 1459 1253 1491 habendis
1274 1461 1342 1501 ipse
1362 1462 1534 1503 complevit
1561 1464 1790 1497 circumeundo

1008 1522 1065 1554 per
1078 1516 1191 1553 castra,
1209 1515 1243 1545 in
1262 1515 1379 1556 quibus
1398 1526 1464 1548 non
1479 1517 1592 1550 habuit
1615 1519 1671 1550 ubi
1695 1521 1790 1560 caput

1008 1568 1245 1599 sanctissimum
1269 1569 1448 1602 reclinaret.
1476 1570 1514 1602 Et
1534 1571 1609 1603 licet
1632 1573 1790 1612 quodam-

1008 1622 1103 1653 modo
1117 1622 1285 1654 infirmum
1308 1624 1465 1663 videatur,
1487 1625 1666 1657 secundum
1684 1636 1790 1667 genus

1008 1684 1106 1707 suum
1120 1678 1265 1716 respectu
1281 1678 1481 1717 perfectionis
1495 1679 1597 1719 Pauli,
1613 1681 1790 1712 necessaria

1008 1729 1148 1770 recipere
1163 1730 1217 1761 illo
1241 1731 1347 1770 modo,
1368 1741 1432 1772 quo
1447 1732 1530 1764 Deus
1548 1734 1668 1774 recepit
1682 1744 1701 1766 a
1716 1744 1788 1766 mu-

1007 1783 1141 1815 lieribus
1163 1794 1272 1816 secum
1284 1785 1519 1826 itinerantibus,
1545 1790 1577 1818 et
1595 1789 1790 1820 comedendo

1008 1838 1042 1868 in
1056 1839 1175 1870 mensis
1185 1839 1297 1870 allenis
1303 1851 1311 1878 3
1322 1842 1369 1871 est
1380 1842 1487 1872 tamen
1499 1841 1597 1881 longe
1606 1843 1788 1883 sublimius,

1008 1892 1053 1923 sic
1065 1892 1103 1923 de
1119 1893 1238 1924 mensis
1256 1894 1367 1925 alienis
1391 1895 1522 1934 vivere,
1548 1896 1634 1936 quod
1653 1897 1736 1928 nihil
1749 1906 1789 1929 ex

1009 1946 1054 1977 eis
1063 1947 1256 1986 possessorie
1264 1948 1432 1987 habeatur,
1445 1959 1544 1989 quan]
1557 1950 1791 1991 depositumre-

1008 2001 1122 2040 cipere,
1139 2003 1170 2032 et
1185 2002 1354 2042 pecuniam
1368 2012 1442 2034 cum
1458 2004 1582 2035 refertis
1602 2008 1790 2046 promptua-

1008 2055 1064 2085 riis
1079 2055 1249 2095 possidere.
1267 2056 1399 2097 Propter
1421 2058 1507 2098 quod
1530 2058 1696 2099 Dominus,
1722 2061 1788 2092 sin-

1009 2109 1132 2148 gularis
1150 2110 1353 2150 perfectionis
1374 2112 1506 2143 modum
1527 2113 1619 2144 illum
1635 2114 1670 2145 in
1684 2123 1791 2146 exem-

1008 2162 1098 2203 plum
1113 2164 1351 2203 commendans,
1375 2165 1535 2205 Apostolis
1564 2167 1683 2198 habere
1699 2167 1790 2200 locu-

1008 2216 1055 2247 los
1076 2217 1239 2249 interdixit
1259 2228 1267 2257 ;
1295 2218 1362 2259 ipse
1385 2220 1518 2251 modum
1542 2221 1650 2261 ipsum
1674 2223 1789 2262 maiori

1008 2273 1110 2311 parte,
1139 2274 1175 2304 ut
1203 2274 1368 2304 ostensum
1394 2276 1440 2305 est
1456 2298 1464 2313 ,
1492 2275 1674 2308 custodivit.
1702 2275 1790 2307 Unde

1008 2335 1177 2366 nunquam
1198 2327 1231 2357 in
1246 2329 1336 2359 textu
1352 2328 1541 2368 evangelico
1558 2330 1678 2360 mentio
1701 2330 1737 2360 fit
1751 2330 1790 2361 de

1008 2379 1130 2418 loculis,
1148 2380 1210 2412 nisi
1224 2383 1314 2412 sexta
1331 2381 1381 2413 die
1398 2384 1472 2413 ante
1484 2383 1656 2414 articulum
1672 2384 1790 2424 passio-

1008 2435 1070 2473 nis,
1084 2435 1140 2466 ubi
1155 2435 1193 2466 de
1202 2435 1219 2466 J
1223 2435 1285 2466 uda
1297 2435 1424 2475 dicitur,
1440 2437 1525 2476 quod
1539 2437 1591 2468 fur
1606 2440 1684 2476 erat,
1701 2439 1732 2469 et
1742 2438 1789 2469 lo-

1008 2488 1259 2520 culoshabens.»
1276 2489 1315 2521 Et
1325 2490 1408 2521 infra
1426 2502 1431 2521 z
1447 2502 1461 2519 (ι
1477 2490 1614 2528 Quidam
1623 2492 1789 2532 putabant,

1008 2543 1095 2583 quod
1122 2543 1244 2575 loculos
1272 2544 1410 2575 habebat
1439 2544 1551 2584 JudaS,
1578 2546 1664 2586 quod
1691 2546 1790 2577 dixis-

1009 2628 1033 2652 z‘n
1050 2629 1115 2653 Psac.
1132 2635 1183 2658 xm,
1195 2635 1350 2653 c.1..xl»·.—
1362 2630 1370 2643 '³
1384 2629 1449 2654 Psal.
1470 2636 1530 2661 ειη,
1549 2631 1585 2655 14.
1601 2644 1631 2648 -
1648 2631 1658 2647 ⁶
1673 2632 1790 2663 August„

1009 2665 1098 2689 Euarr.
1114 2665 1140 2689 z'n
1156 2665 1223 2689 Psal.
1240 2671 1297 2695 (2111,
1313 2672 1386 2689 conc.
1403 2671 1442 2696 111,
1459 2672 1486 2690 n.
1507 2668 1543 2691 11.

1041 2716 1073 2746 (a)
1091 2716 1128 2740 lta
1144 2715 1213 2746 apud
1227 2716 1290 2746 Amy.
1309 2715 1369 2740 Coet.
1386 2715 1446 2740 edit.
1464 2715 1592 2746 praevidit.

1634 2764 1670 2793 37
