2060 3052
621 292 671 325 DE
693 292 772 326 UNO
794 291 827 324 S.
852 291 1114 327 CONFESSORE.
1139 295 1272 330 SERMO
1295 297 1333 329 11.
1748 305 1787 337 65

172 364 267 392 vetur.
284 364 316 391 Et
330 362 371 392 ob
391 362 468 391 hanc
491 369 611 390 causam
631 360 668 390 de
689 363 788 397 Moyse
804 359 911 388 dicitur
927 359 951 394 ¹,

174 410 257 446 quod
273 411 335 438 erat
352 419 365 436 α
381 409 427 437 vir
441 408 612 437 mitissimus
627 416 715 444 super
730 415 834 436 omnes
849 406 951 435 Orien-

174 456 278 486 tales.»
294 457 401 485 Contra
412 464 502 493 quem
515 464 583 484 cum
594 455 726 492 populus
742 455 951 489 murmuraret,

175 505 202 532 et
216 511 246 532 se
262 511 339 540 saepe
354 503 385 531 in
401 503 578 532 seditionem
600 503 737 539 erigeret,
752 511 769 531 a
784 510 838 530 sua
853 504 953 529 tamen

174 558 247 587 pace
264 558 326 579 non
340 550 500 579 recedebat
513 552 626 587 Moyses
635 560 643 586 ;
660 550 722 586 sed,
744 552 887 586 tanquam
902 557 954 598 pa-

175 599 227 633 ter,
243 605 298 634 pro
314 598 355 626 eis
370 598 486 633 orabat,
501 598 529 626 et
549 597 683 626 divinam
705 597 781 626 iram
802 597 952 633 placabat.

174 646 246 672 Nam
263 646 291 673 et
313 652 409 680 agnus
429 645 505 673 adeo
529 646 572 672 est
591 644 750 680 benignus,
773 643 857 680 quod
875 644 898 671 si
919 644 956 672 sit

174 691 283 719 vellere
298 691 451 728 spoliatus,
476 691 537 719 sive
553 691 670 727 ligatus,
687 694 714 719 et
730 691 769 719 ad
793 691 955 719 macellum

175 738 358 775 deportatus,
372 739 403 766 in
413 738 495 766 nullo
508 739 631 766 omnino
643 740 820 773 commotus,
833 737 953 774 placido

175 785 258 813 vultu
271 785 388 822 respicit
397 794 487 813 sunm
504 786 678 814 occisorem.
697 787 728 814 Et
740 785 809 813 ideo
825 785 955 813 Christus

175 840 236 860 non
251 831 365 868 absque
380 832 467 861 valde
486 832 657 861 rationabili
679 840 768 862 causa
787 832 955 868 appellatus

175 882 218 907 est
231 881 342 915 Agnus

210 927 331 962 Quarto,
350 926 404 955 fuit
423 927 468 955 vir
490 935 544 964 per
560 927 700 956 devotam
725 927 891 955 orationem
917 927 957 954 ad

176 974 278 1001 Deum.
290 975 363 1002 Nam
377 974 454 1002 istud
468 975 608 1010 quartum
623 974 662 1002 ad
677 974 779 1002 omnia
787 973 958 1010 supradicta

176 1022 218 1047 est
233 1021 446 1049 necessarium:
465 1021 546 1057 quia,
563 1030 631 1049 cum
642 1021 715 1049 nihil
730 1021 889 1057 possimus,
900 1021 958 1048 nisi

175 1075 228 1103 per
242 1069 344 1102 Deum,
361 1069 444 1103 cujus
466 1068 497 1096 in
517 1068 658 1096 omnibus
679 1070 722 1096 est
745 1067 889 1096 auxilium
902 1067 957 1095 im-

178 1114 370 1150 plorandum,
391 1115 459 1143 ideo
482 1115 621 1143 continue
642 1117 684 1143 est
700 1115 857 1143 orandum.
876 1115 957 1143 Unde

178 1160 296 1189 dicebat
318 1162 473 1198 Apostolus
492 1163 502 1178 ²
519 1171 525 1190 ε
546 1162 649 1190 «Volo
679 1162 759 1190 viros
783 1163 896 1198 ubique
922 1163 957 1198 (ιι)

177 1216 272 1236 orare.
290 1220 302 1234 »
327 1209 404 1243 Quid
419 1209 498 1238 enim
522 1212 580 1244 est,
600 1209 683 1246 quod
698 1209 790 1237 sancti
806 1210 959 1238 confesso-

176 1263 222 1283 res
237 1256 297 1283 suis
305 1256 489 1285 orationibus
498 1264 561 1284 non
577 1257 789 1285 obtinuerunt?
800 1259 873 1285 Nam
885 1257 958 1284 dum

175 1303 308 1338 tempore
322 1303 456 1339 quodam
470 1311 532 1331 non
554 1303 680 1339 plueret,
699 1305 727 1331 et
749 1304 873 1339 quidam
897 1304 958 1332 cui-

177 1348 246 1377 dam
261 1351 362 1378 sancto
382 1350 457 1378 Patri
474 1350 511 1378 de
533 1350 701 1386 perditione
724 1350 872 1378 fructuum
889 1359 960 1378 con-

176 1399 358 1431 quereretur,
372 1397 423 1425 ille
438 1397 496 1425 ait:
516 1398 636 1431 «Quare
652 1405 711 1425 non
729 1398 818 1425 oratis
829 1399 842 1424 ⁶?
858 1399 958 1426 Venite

176 1451 257 1479 ergo,
274 1446 301 1472 et
314 1445 422 1480 pariter
434 1453 563 1473 oremus.
579 1455 592 1470 n
620 1445 673 1478 Qui
690 1445 789 1473 statim
813 1447 845 1473 ut
860 1453 958 1480 genua

176 1491 259 1518 terrae
273 1491 378 1525 infixit,
394 1494 467 1519 Deus
483 1500 551 1520 eum
567 1492 732 1526 exaudivit,
753 1494 780 1519 et
799 1493 959 1520 abundan-

178 1539 221 1564 ter
233 1538 317 1565 terrae
328 1538 462 1574 pluviam
475 1538 566 1567 dedit.
582 1538 758 1574 Exemplum
768 1539 832 1574 lege
840 1539 861 1573 ³,
875 1539 958 1575 quod

179 1593 191 1609 ι(
204 1584 296 1612 Helias
317 1586 379 1612 erat
400 1585 492 1613 homo
511 1585 616 1613 similis
636 1585 734 1620 nobis,
751 1586 910 1621 passibilis,
932 1589 960 1615 et

176 1631 281 1665 oravit,
301 1634 328 1659 et
345 1639 406 1659 non
426 1632 502 1668 pluit
522 1632 607 1659 annis
630 1632 733 1667 tribus,
756 1634 784 1659 et
807 1633 959 1661 mensibus

176 1685 226 1705 sex
237 1686 242 1705 :
255 1680 282 1706 et
290 1686 408 1706 rursum
422 1678 527 1713 oravit,
540 1681 567 1706 et
576 1678 684 1707 coelum
696 1679 778 1707 dedit
788 1679 930 1715 pluviam.
941 1691 954 1706 »

176 1725 326 1760 Rogemus
342 1733 413 1761 ergo
430 1726 600 1761 Dominum,
613 1728 667 1754 etc.

470 1805 600 1835 SERMO
628 1806 664 1835 ΙΙ.

213 1867 266 1899 Qui
290 1874 317 1893 se
340 1867 480 1901 humiliat,
505 1869 672 1895 eoealtabz'tur
696 1868 716 1896 Β,
744 1869 775 1896 Si
801 1869 867 1905 quis
895 1878 957 1897 non

176 1914 273 1939 mente
299 1914 327 1940 et
347 1921 471 1948 corpore
493 1922 586 1941 caecus
607 1915 678 1942 velit
701 1916 801 1943 animo
822 1916 957 1951 diligenti

175 1966 312 1994 pensare,
328 1961 356 1987 et
369 1967 416 1986 res
432 1968 536 1987 omnes
555 1961 680 1989 consilio
703 1963 842 1997 prudenti
864 1963 956 1999 inspi-

174 2013 251 2040 cere,
275 2005 305 2033 in
329 2006 469 2034 omnibus
493 2007 581 2035 rebus
605 2011 704 2044 aperte
726 2009 849 2044 videbit,
874 2010 957 2046 quod

173 2051 258 2079 nulla
271 2060 318 2080 res
338 2053 554 2081 incrementum
571 2055 742 2083 naturaliter
758 2056 875 2092 accipit,
892 2065 957 2092 quse

173 2098 255 2134 prius
269 2107 287 2126 a
300 2100 444 2135 parvitate
458 2108 520 2128 non
536 2101 667 2137 coeperit.
682 2104 756 2130 Nam
771 2103 800 2130 in
816 2103 873 2138 his,
891 2112 957 2140 quae

175 2147 253 2173 certa
275 2148 358 2181 sunt,
381 2147 534 2175 manifeste
558 2148 713 2184 videmus,
740 2150 824 2185 quod
853 2159 957 2179 ornnes

175 2191 353 2220 aedificantes
368 2193 595 2222 fundamentum
615 2196 671 2222 sub
693 2197 776 2223 terris
793 2197 955 2233 incipiunt;

176 2241 203 2266 et
218 2239 374 2274 scriptores
389 2241 470 2276 prius
485 2241 594 2269 litteras
610 2242 737 2276 discunt,
758 2246 860 2279 postca
875 2253 958 2272 coin-

177 2288 300 2320 ponunt.
316 2286 455 2314 Videmus
471 2288 569 2324 etiam,
585 2289 668 2324 quod
684 2291 790 2317 natura
806 2291 878 2318 dum
894 2300 958 2319 cor-

177 2340 232 2367 pus
240 2331 405 2359 humanum
416 2335 578 2370 componit,
588 2343 605 2362 a
615 2336 705 2363 corde
715 2338 736 2370 ³,
748 2337 885 2366 membro
895 2347 958 2366 mo-

178 2379 256 2413 dico,
273 2379 384 2415 incipit.
403 2380 481 2407 Sicut
496 2389 567 2416 ergo
592 2385 634 2410 est
655 2383 686 2410 in
701 2384 813 2411 artibus
831 2388 857 2412 et
872 2388 958 2413 natu-

177 2426 301 2461 ratibus,
317 2427 357 2454 sic
370 2429 413 2454 est
427 2427 559 2456 invenire
575 2429 605 2456 in
620 2431 766 2466 moribus,
781 2433 813 2458 ut
828 2432 879 2468 qui
895 2433 958 2461 vult

179 2481 240 2500 esse
248 2481 384 2509 magnus,
392 2474 474 2510 prius
482 2483 598 2503 necesse
607 2476 696 2504 habet
706 2478 739 2513 (b)
749 2481 779 2505 ut
793 2479 828 2506 sit
837 2488 955 2514 parvus.

180 2520 338 2552 Quomodo
365 2529 436 2557 ergo
462 2522 554 2557 eriges
575 2522 667 2550 altum
690 2524 859 2561 {edificium,
885 2527 909 2553 si
932 2528 958 2554 ei

180 2574 241 2594 non
255 2568 389 2603 posueris
403 2568 516 2596 humile
536 2569 784 2599 fundamentum?
800 2574 957 2606 Quomodo

213 2656 221 2671 ²
240 2655 326 2685 Num„
347 2662 399 2687 xu,
415 2657 438 2680 3.
455 2669 484 2674 —
501 2657 672 2688 ²1T1·m.,11,
688 2660 712 2681 8.
727 2671 757 2676 —
773 2659 781 2673 ³
794 2660 856 2689 lac„
877 2667 901 2690 ν,
919 2663 958 2685 Π-

182 2690 222 2714 18.
240 2704 271 2709 -
289 2692 298 2707 *
318 2692 385 2722 Luc„
404 2698 460 2723 XIV,
487 2695 522 2716 11.
540 2707 566 2710 -
583 2694 592 2710 ⁵
607 2694 661 2717 Hoc
680 2695 826 2719 Secundum
847 2696 960 2721 Philoso-

182 2725 255 2756 phos,
267 2727 309 2757 qui
319 2734 363 2751 cor
373 2728 483 2758 primun]
498 2729 615 2759 generari
627 2732 743 2754 asserunt
759 2738 764 2753 :
783 2731 873 2755 Medici
891 2733 957 2756 enini

181 2761 255 2792 jecur
269 2764 442 2794 generationis
456 2764 567 2794 primum
583 2772 638 2790 esse
654 2766 755 2791 docent.

324 2816 399 2839 TOM.
422 2818 490 2841 XIV.

1007 361 1098 390 arbor
1122 365 1249 393 multum
1269 366 1429 394 ascendere
1453 367 1569 403 poterit,
1587 368 1610 396 si
1626 369 1741 399 radices
1755 371 1786 399 in

1008 409 1085 437 terra
1107 411 1255 446 profunde
1274 421 1335 441 non
1359 413 1480 442 fixerit?
1496 415 1541 442 Est
1563 416 1642 444 enim
1663 417 1788 446 certissi-

1008 464 1102 491 mum,
1117 459 1296 494 experientia
1307 462 1385 489 certa
1396 461 1566 498 probatum,
1582 463 1665 499 quod
1677 467 1788 500 quanto

1008 503 1122 540 aliquid
1138 505 1206 541 plus
1226 507 1264 534 ab
1280 507 1339 536 imo
1355 516 1476 544 surgere
1489 509 1602 546 incipit,
1626 513 1706 540 tanto
1722 521 1789 541 am—

1008 550 1085 586 plius
1100 551 1129 579 in
1146 551 1239 580 altum
1252 562 1282 582 se
1298 555 1390 590 erigit.
1404 557 1476 584 Nam
1487 564 1576 585 omne
1594 558 1677 594 quod
1689 567 1791 587 move-

1009 598 1074 632 tur,
1103 606 1120 626 a
1143 600 1291 629 contrario
1320 601 1350 629 in
1378 603 1579 639 contrarium,
1608 605 1789 642 Philosopho

1009 645 1092 678 teste,
1107 647 1135 673 et
1149 654 1237 674 sensu
1259 648 1417 684 probante,
1438 652 1584 679 movetur.
1610 652 1691 680 Unde
1707 654 1791 690 quod

1010 693 1147 720 movetur
1167 700 1185 721 a
1204 702 1332 727 sursum,
1358 698 1524 726 necessario
1548 701 1686 728 movetur
1702 700 1790 729 deor-

1010 746 1090 773 sum;
1108 741 1135 767 et
1151 741 1234 776 quod
1255 744 1392 771 movetur
1412 743 1564 780 deorsum,
1585 749 1722 776 movetur
1742 756 1791 776 nc-

1012 786 1138 814 cessario
1154 795 1280 815 sursum.
1299 789 1380 817 Unde
1395 798 1526 819 recessus
1547 792 1586 819 ab
1603 801 1664 821 uno
1679 797 1792 823 contra-

1010 833 1124 862 riorum
1139 835 1276 864 locorum
1291 845 1353 866 non
1368 841 1410 866 est
1431 839 1525 875 aliud,
1543 849 1635 876 quam
1658 850 1793 870 accessus

1012 880 1051 908 ad
1064 881 1189 910 alterum
1207 892 1213 910 :
1230 891 1284 911 nec
1300 887 1395 920 potest
1415 894 1549 922 unquam
1573 887 1699 917 inveniri
1723 897 1793 917 con-

1012 927 1144 956 trarium.
1168 930 1225 957 Sed
1252 939 1305 967 per
1333 932 1529 962 humilitatem
1554 934 1646 963 homo
1670 935 1794 964 situatur

1012 973 1154 1003 inferius:
1174 984 1245 1012 ergo
1271 977 1345 1006 dum
1365 979 1404 1007 ab
1418 979 1475 1008 hoc
1489 981 1546 1009 situ
1565 982 1723 1018 receditur,
1738 991 1792 1011 ne-

1013 1028 1092 1049 cesse
1107 1025 1158 1055 est,
1174 1025 1206 1051 ut
1221 1025 1363 1053 ascendat
1376 1027 1512 1063 superius
1523 1037 1531 1063 3
1556 1030 1583 1056 et
1598 1031 1679 1058 tanto
1694 1030 1792 1067 altius,

1014 1070 1126 1104 quanto
1141 1070 1189 1098 hic
1212 1071 1294 1100 sedet
1313 1072 1446 1101 inferius.
1470 1075 1552 1103 Unde
1568 1083 1658 1112 aqua,
1680 1079 1794 1113 quanto

1013 1114 1043 1142 in
1059 1123 1113 1143 suo
1130 1120 1211 1146 motu
1231 1118 1269 1146 ab
1292 1119 1351 1147 alto
1373 1120 1534 1158 descendit,
1555 1125 1637 1151 tanto
1660 1132 1695 1151 ex
1712 1127 1795 1160 parte

1014 1164 1151 1198 opposita
1164 1172 1281 1193 sursum
1296 1167 1398 1202 tendit,
1415 1168 1489 1196 sicut
1503 1171 1582 1198 certa
1601 1171 1690 1199 nobis
1709 1180 1797 1208 expe-

1013 1210 1118 1237 rientia
1133 1213 1270 1240 ostendit.
1291 1215 1373 1248 ltem,
1395 1215 1470 1243 sicut
1489 1219 1601 1252 quanto
1618 1218 1684 1254 quis
1696 1227 1714 1246 a
1728 1219 1796 1248 loco

1014 1257 1181 1286 sublimiori
1206 1259 1300 1295 cadit,
1323 1263 1403 1289 tanto
1425 1261 1528 1291 fortius
1545 1263 1606 1292 ima
1621 1265 1707 1301 petit3
1724 1266 1764 1293 sic
1781 1275 1797 1294 e

1015 1305 1174 1339 contrario,
1191 1309 1304 1342 quanto
1320 1308 1386 1344 quis
1400 1309 1439 1337 ab
1454 1309 1585 1338 inferiori
1599 1312 1667 1339 loco
1682 1314 1798 1341 moveri

1013 1349 1125 1386 incipit,
1142 1354 1223 1380 tanto
1240 1354 1442 1383 vehementius
1459 1365 1577 1385 sursum
1592 1359 1695 1387 tendit.
1721 1361 1796 1395 Ergo

1015 1397 1066 1432 qui
1093 1400 1206 1434 appetit
1226 1401 1367 1436 exaltari,
1396 1402 1512 1432 laboret
1535 1404 1702 1442 humiliari,-
1727 1407 1798 1443 quia

1014 1444 1095 1472 tanto
1107 1446 1283 1475 exaltabitur
1293 1449 1432 1485 amplius,
1444 1453 1556 1487 quanto
1567 1452 1671 1480 vixerit
1681 1453 1711 1481 in
1722 1455 1798 1482 terra

1014 1490 1165 1520 humilius.
1192 1494 1337 1527 Quoniam
1371 1497 1494 1526 omnino
1518 1499 1634 1527 nullum
1657 1509 1798 1536 augmen—

1015 1538 1105 1565 tabile
1121 1541 1172 1573 est,
1190 1541 1273 1576 quod
1287 1543 1380 1577 possit
1395 1545 1566 1581 ascendere,
1579 1546 1602 1574 si
1615 1555 1633 1574 a
1645 1547 1690 1574 sui
1706 1548 1797 1583 ipsius
1825 1571 1828 1575 .

1014 1585 1158 1619 parvitate
1172 1595 1233 1614 non
1250 1590 1380 1624 coeperit.
1397 1591 1489 1625 Unde,
1507 1592 1545 1619 ad
1561 1594 1797 1622 commendatio-

1014 1638 1083 1658 nem
1106 1632 1194 1667 hujus
1218 1636 1398 1664 venerabilis
1416 1638 1616 1675 Confessoris,
1642 1649 1732 1677 quem
1756 1642 1797 1669 sic

1013 1677 1165 1707 humilitas
1183 1681 1340 1718 exaltavit,
1357 1684 1483 1712 verbum
1499 1687 1703 1722 supradictum
1721 1689 1797 1716 acci-

1013 1725 1102 1761 pitur,
1119 1735 1188 1755 cum
1203 1728 1311 1757 dicitur
1327 1740 1333 1758 :
1353 1732 1406 1764 Qui
1420 1740 1447 1760 se
1461 1734 1601 1768 humiliat,
1618 1736 1795 1764 exallabitur.

1016 1774 1045 1800 ln
1062 1781 1123 1809 quo
1139 1775 1232 1803 verbo
1247 1779 1325 1805 certo
1342 1786 1474 1814 veroque
1490 1779 1573 1816 (quia
1590 1781 1628 1809 ab
1645 1790 1696 1810 ore
1720 1784 1797 1811 Veri-

1014 1820 1079 1847 tatis
1090 1822 1229 1858 prolato),
1242 1823 1279 1851 de
1292 1825 1350 1853 hoc
1362 1827 1526 1855 venerabili
1540 1829 1646 1857 Sancto
1658 1830 1796 1859 dicuntur

1014 1868 1143 1896 maxime
1160 1870 1220 1898 duo
1238 1881 1244 1897 ε
1261 1880 1331 1900 nam
1348 1874 1444 1908 primo
1460 1875 1636 1905 describitur
1651 1880 1740 1906 status
1755 1879 1796 1906 vi-

1014 1914 1181 1943 lificationis
1196 1917 1288 1952 ipsius
1303 1919 1333 1947 in
1344 1920 1403 1954 via,
1419 1929 1481 1957 quo
1497 1923 1626 1959 seipsum
1642 1928 1795 1962 contemp-

1014 1960 1065 1996 sit3
1077 1964 1220 1997 secundo,
1233 1967 1323 1993 status
1337 1967 1556 1997 sublimationis
1569 1971 1632 2005 ejus
1643 1971 1673 1998 in
1688 1973 1793 2008 patria,

1014 2016 1075 2043 quo
1096 2011 1170 2037 Deus
1195 2019 1261 2038 eum
1284 2012 1450 2042 honoravit.
1472 2016 1586 2044 Primus
1609 2019 1710 2052 status,
1734 2027 1794 2055 quo

1013 2054 1164 2084 humiliter
1180 2057 1251 2086 vixit
1265 2059 1296 2086 in
1311 2061 1438 2089 Ecclesia
1452 2062 1601 2098 militanti,
1620 2064 1675 2092 fuit
1689 2065 1727 2093 ad
1743 2075 1795 2093 cu-

1013 2102 1128 2130 mulum
1158 2112 1283 2140 operum
1312 2107 1472 2136 bonorum.
1503 2111 1656 2139 Secundus
1684 2114 1774 2140 status
1785 2135 1793 2148 ,

1014 2157 1103 2184 quem
1130 2151 1193 2186 jam
1220 2154 1277 2180 Deo
1308 2154 1437 2182 donante
1463 2157 1590 2185 obtinuit
1612 2159 1642 2186 in
1667 2159 1796 2188 Ecclesia

1013 2196 1224 2232 triumphante,
1240 2199 1294 2227 fuit
1308 2201 1347 2228 ad
1364 2202 1516 2230 cumulum
1531 2205 1721 2239 gaudiorum.
1737 2208 1794 2234 No-

1013 2245 1089 2270 tatur
1105 2253 1175 2279 ergo
1189 2247 1285 2281 primo
1301 2250 1391 2275 status
1405 2249 1523 2278 vilitatis
1538 2251 1568 2278 in
1583 2253 1708 2288 mundo,
1726 2262 1794 2281 cum

1014 2290 1121 2318 dicitur
1138 2301 1144 2318 :
1162 2293 1216 2324 Qui
1230 2301 1256 2320 se
1271 2294 1408 2322 humiliat.
1425 2297 1561 2326 Secundo
1574 2302 1692 2327 notatur
1704 2303 1794 2328 status

1014 2345 1073 2365 suae
1089 2338 1276 2367 sublimitatis
1290 2341 1321 2368 in
1340 2350 1443 2378 regno,
1459 2352 1526 2372 cum
1540 2345 1660 2374 additur
1677 2357 1683 2374 ;
1709 2349 1795 2374 Eoeal-

1015 2386 1128 2412 tatz'tmn
1154 2387 1187 2413 Ut
1211 2395 1280 2422 ergo
1304 2388 1394 2416 simul
1419 2392 1511 2418 totum
1534 2394 1701 2427 tractemus,
1724 2394 1794 2429 quia

1015 2431 1120 2458 eadem
1138 2434 1260 2461 omnino
1279 2436 1321 2462 est
1336 2436 1394 2470 via,
1421 2445 1481 2472 qua
1495 2438 1533 2465 ab
1557 2447 1616 2466 uno
1641 2441 1795 2476 opposito-

1014 2486 1081 2505 rum
1097 2479 1252 2515 receditur,
1271 2483 1298 2509 et
1313 2491 1372 2518 qua
1386 2483 1425 2510 ad
1440 2484 1565 2512 alterum
1580 2486 1740 2521 acceditur,
1754 2491 1795 2516 est

1015 2525 1061 2552 hic
1074 2527 1238 2554 notandum
1253 2528 1362 2564 primo,
1374 2531 1457 2566 quod
1471 2531 1621 2559 humilitas
1636 2536 1677 2561 est
1688 2534 1794 2563 animae

1015 2571 1229 2609 illuminativa3
1255 2576 1397 2611 secundo,
1423 2580 1464 2605 est
1485 2578 1633 2607 malorum
1659 2581 1794 2610 omnium

1016 2619 1211 2655 eradicativa3
1229 2622 1322 2657 tertio,
1338 2625 1379 2650 est
1394 2625 1574 2659 operationis
1596 2626 1808 2664 fortificativa,

1017 2674 1052 2694 eo
1068 2667 1151 2702 quod
1168 2667 1260 2696 divini
1281 2670 1383 2697 auxilii
1398 2671 1433 2698 sit
1452 2673 1644 2708 acquisitiva5
1670 2678 1794 2711 quarto,

1051 2732 1081 2761 (n)
1101 2732 1161 2756 Coet.
1177 2733 1239 2757 eclst.
1250 2734 1345 2765 utique.
1367 2735 1437 2767 Γαίῃ.
1448 2736 1473 2760 iu
1488 2738 1633 2765 ouiuiloeo.
1651 2755 1677 2757 —
1690 2740 1723 2771 (h)
1736 2742 1794 2772 Ley.

1017 2770 1119 2794 haheah

1637 2825 1655 2854 5
