2029 3052
251 219 313 251 648

283 285 356 311 culus
369 285 468 317 sextus,
485 284 518 311 de
531 286 632 318 septem
644 283 822 318 signaculisin
833 284 955 317 pusione

283 321 379 347 Christi
384 320 514 347 reseratis.
526 334 554 340 —
563 320 712 347 Fasciculus
724 320 861 353 septimus,
869 321 902 347 de
911 327 955 346 re-

282 357 459 390 surrectione,
473 357 623 384 ascensione
633 375 642 389 ‚
663 359 689 383 et
706 356 829 383 missione
847 357 956 390 Spiritus

281 393 375 419 sancti.

252 430 291 456 Du
304 430 440 456 Passtous
448 430 585 456 Doutmca
593 435 766 456 ermemm—
774 431 970 462 Argumentum.

284 479 316 486 —
330 466 368 492 Ad
380 466 546 491 Matutinum.

251 502 291 528 Ad
306 502 416 528 Laudes.

250 538 289 564 Ad
305 538 428 564 Primam.
438 550 469 556 —
481 537 519 562 Ad
531 537 652 563 Tertiam.

250 575 290 600 Ad
304 575 419 601 sextam.
428 587 461 593 —
470 573 507 599 Ad
523 574 636 599 Nouam.

250 613 289 638 Ad
301 614 436 645 vesperas.

250 649 291 674 Ad
304 648 519 681 completorium.

249 686 421 712 Psttousu.
435 686 670 718 —Argumentum
685 697 716 703 —
726 684 797 717 Opus
810 684 906 717 ipsum.

249 722 322 748 Orus
337 726 598 747 coursnrurtoms.
609 733 641 739 —-
650 721 848 753 Argumentum.
858 734 890 740 -—
900 721 956 746 Flo·

279 764 322 783 res
338 758 365 782 et
371 757 469 782 tructus
479 756 587 782 Arboris
600 756 647 782 SS.
659 756 733 782 Vitas.
743 756 817 782 Feria
831 756 954 782 secunda.

249 793 325 820 Feria
337 793 421 819 tertia.
435 806 467 812 —
476 792 551 818 Foris.
564 795 667 825 quarta.

249 829 325 856 Feria
338 829 436 862 quinta.
446 842 477 849 —
486 829 562 854 Feria
575 830 656 854 sexta.

249 866 374 893 Sabbato.

249 901 387 928 Dominica
399 901 451 926 die.

248 938 406 965 munisuus
425 943 458 962 ns
472 937 578 963 Saucra
593 937 693 963 cauca.
714 950 740 956 -
757 938 954 969 Argumentum

280 988 313 994 ——
328 975 408 1007 Opus.

250 1012 290 1038 Ds
310 1016 412 1037 sarran
436 1015 529 1035 vassis
552 1010 655 1035 Domai
671 1015 700 1034 m
715 1010 815 1036 Canes.
828 1010 955 1042 -Argu-

280 1049 407 1073 mentum.
424 1060 455 1065 —
473 1046 588 1071 Primum
609 1045 734 1071 Verbum.
758 1059 788 1064 —
806 1045 956 1071 Secundum

281 1084 409 1110 Verbum.

247 1120 362 1146 Tertium
377 1119 503 1145 Verbum.
517 1132 542 1137 -
555 1119 680 1148 Quartum
695 1117 819 1143 Verbum.

249 1156 373 1187 Quintum
387 1155 512 1181 Verbum.
524 1168 555 1174 —-
564 1155 675 1181 Sextum
690 1154 817 1180 Verbum.
829 1167 858 1173 -
871 1155 955 1186 Septi—

280 1199 353 1218 mum
368 1191 496 1218 Verbum.

250 1230 361 1255 Coitom
375 1228 469 1253 Bas-rs
488 1227 586 1253 Masis
603 1226 738 1252 Vnicum.
761 1239 791 1245 -
812 1228 956 1258 Argumen-

282 1267 346 1290 tum.
363 1277 394 1284 —
409 1265 488 1296 Opus.

251 1302 323 1327 Laus
345 1302 440 1327 Bure.
459 1301 583 1325 visamus
600 1300 743 1325 ›taa1AE.—
759 1300 955 1331 Argumentum.

282 1351 313 1356 —
324 1338 405 1369 Opus.

251 1373 370 1406 Figurate
377 1373 424 1398 tuit
433 1375 455 1398 1.
466 1379 514 1405 per
521 1373 620 1397 iontem
628 1371 671 1404 qui
681 1371 839 1396 ascendebat
852 1371 884 1396 de
895 1372 971 1396 terra.

282 1423 312 1429 -
326 1412 350 1435 2.
370 1410 419 1435 Per
434 1410 531 1442 liguum
552 1408 622 1433 vitae.
638 1421 667 1426 —
682 1410 706 1432 3.
724 1408 774 1432 Per
798 1407 955 1439 paradisum.

250 1459 281 1466 —
298 1447 321 1472 t.
340 1447 388 1472 Per
399 1452 486 1471 arcam
500 1445 565 1471 Noe.
580 1458 612 1464 —
626 1446 650 1470 5.
667 1445 716 1469 Per
730 1450 830 1469 arcum.

282 1485 308 1508 6.
328 1483 378 1508 Per
399 1482 494 1507 scalam
517 1488 595 1514 quam
616 1480 698 1506 Jacob
718 1480 743 1505 iu
765 1479 864 1505 somnis
884 1479 956 1504 vidit.

282 1533 313 1538 —
324 1520 348 1545 7.
367 1519 416 1543 Per
430 1518 530 1543 nubum
540 1536 547 1548 ‚
567 1517 610 1549 qui
629 1515 745 1542 ardebat.
763 1529 794 1535 -
810 1517 833 1541 8.
848 1515 897 1540 Per
912 1522 957 1539 vas

277 1556 304 1580 in
316 1562 368 1587 quo
383 1556 515 1579 servatum
528 1554 574 1578 ruit
584 1560 689 1578 manna.

251 1593 273 1617 9.
288 1592 336 1617 Per
351 1591 450 1623 virgam
467 1592 561 1616 Aaron.
582 1603 612 1608 —
632 1591 671 1614 to.
693 1590 741 1614 Per
760 1589 859 1613 stellam
873 1590 898 1613 et
913 1596 959 1620 per

282 1627 390 1659 virgam,
403 1628 435 1653 de
450 1627 544 1660 quibus
559 1625 721 1658 prophetavit
738 1625 850 1650 Balaam.
866 1638 897 1643 —
918 1627 954 1649 tt.

284 1663 464 1689 Percoucham
471 1662 612 1689 Gedeonis.

254 1702 291 1726 ¹2.
314 1701 363 1725 Per
382 1700 489 1725 domum
515 1698 616 1724 Domini
638 1704 715 1730 quam
738 1697 873 1722 aedtficavit
887 1697 959 1722 Salo-

283 1743 355 1762 mon.
370 1749 402 1755 —
416 1737 454 1762 ¹3.
469 1737 517 1761 Per
531 1735 640 1767 Abigail.
656 1748 686 1753 —
700 1736 737 1759 tt.
757 1735 804 1759 t’er
818 1733 915 1758 Judith.

254 1775 292 1799 ¹5.
308 1786 339 1792 -
354 1774 403 1799 Per
417 1772 518 1798 Esther.

253 1823 283 1828 —
299 1810 336 1835 16.
352 1810 401 1834 Per
418 1808 576 1834 columbam.
595 1821 624 1825 —
642 1808 680 1832 Π.
697 1809 744 1833 t‘er
760 1806 885 1838 perticam
902 1813 959 1838 quas

286 1846 343 1871 tulit
352 1847 499 1877 serpentem
510 1851 624 1869 oencum.
632 1858 659 1862 —
676 1845 715 1869 ¹8.
727 1844 775 1868 Per
782 1845 882 1874 portam
894 1842 960 1867 clau-

285 1888 388 1907 88η).-
402 1882 440 1906 19.
454 1883 502 1906 Per
513 1881 649 1906 mulierem
665 1887 743 1912 quam
758 1880 821 1904 vidit
835 1880 956 1904 Joannes.

256 1920 426 1944 Psarrsmuu
444 1924 525 1943 uiuus
538 1919 566 1942 Β.
579 1918 678 1943 Maius.
692 1917 827 1941 Viuoixts.
838 1929 868 1934 —
882 1917 961 1946 Argu-

287 1957 413 1980 mentum.
431 1968 462 1972 —
478 1954 563 1979 Prima
577 1953 768 1985 quinquagena.

256 1991 374 2017 Secunda
389 1991 581 2023 quinquagenu-

255 2027 341 2054 Tertia
352 2028 545 2059 quinquagena.

257 2064 380 2089 mantua
397 2069 479 2088 suri-:a
495 2067 629 2087 murtena
646 2063 733 2087 §anve
751 2061 864 2085 Renum.

257 2102 426 2126 psat-rnatum
445 2106 529 2125 nasus
545 2100 572 2124 Β.
587 2100 683 2124 Minus
694 2099 829 2123 vuimars.
847 2098 960 2127 -Argu-

287 2138 413 2161 mentum.
430 2149 460 2155 —
473 2135 602 2161 Proet'atio.

257 2174 418 2200 Psulterium.

257 2211 383 2236 CANTtCA.
409 2223 437 2228 —
456 2210 591 2235 Canticum
616 2209 695 2233 instar
729 2207 793 2232 itlius
825 2208 904 2231 isaiae.
933 2220 962 2224 —

289 2246 423 2272 Canticum
438 2246 518 2270 instar
533 2246 598 2270 itlius
618 2247 705 2269 Aunae.
723 2257 754 2262 —
771 2243 905 2268 Canticum
921 2243 962 2267 iu-

289 2285 341 2307 star
356 2282 416 2308 iiius
431 2282 518 2307 Maria*

290 2319 424 2344 Canticum
441 2319 521 2343 instar
535 2317 601 2342 iltius
617 2317 723 2349 Moysis.
737 2330 763 2335 —
779 2316 913 2341 Canticum
924 2316 965 2339 in-

290 2358 342 2380 star
358 2355 425 2379 illius
437 2355 514 2379 trium
529 2359 677 2385 puerorum.
695 2366 724 2371 --
737 2352 870 2377 Canticum
886 2351 965 2376 instar

290 2391 356 2416 illius
371 2391 511 2416 Zacharioe.
527 2402 557 2408 —
575 2389 708 2414 Canticum
734 2389 813 2414 instar
836 2388 902 2413 illius
923 2388 964 2419 qui

290 2428 437 2452 attribuitur
454 2425 590 2451 Ambrosio
609 2427 634 2449 et
651 2425 802 2455 Augustino.

260 2463 412 2496 Symbolum
429 2464 507 2487 instar
520 2462 586 2486 iltius
602 2461 744 2486 Athanasii.

261 2500 392 2525 ιιτΔΝιΑ-ῑ.

260 2538 390 2562 Οι-ἰ-ἰειιιιι
405 2543 437 2561 ns
452 2536 645 2561 Comissumr
660 2535 686 2559 tl.
703 2535 799 2559 Mauri-z
821 2534 955 2558 l'iuctuts.

291 2586 322 2591 —
337 2574 533 2604 Argumentum.
552 2584 581 2589 —
593 2571 629 2596 Ad
646 2569 808 2595 Matutiuum.

261 2610 299 2634 Ad
325 2609 433 2634 Laudes.

263 2646 301 2670 Ad
321 2645 443 2670 Primam.

262 2682 299 2707 Ad
314 2681 436 2707 Tertiam.
447 2695 472 2699 -ι
487 2681 523 2705 Ad
539 2682 652 2705 Sextum.
666 2692 695 2697 —
711 2679 746 2703 Ad
763 2679 871 2703 Nonam.

264 2718 300 2742 Ad
317 2718 452 2748 Vesper-as.

264 2754 301 2779 Ad
313 2753 523 2786 completorium.

1001 216 1137 251 tNDEx.

989 393 1033 419 153

987 467 1033 491 155

990 503 1034 527 156

990 539 1034 563 157

989 575 1033 599 158

989 613 1034 638 159

989 649 1034 674 160

988 685 1034 710 162

990 756 1033 781 167

989 793 1034 818 168

990 829 1034 854 169

990 865 1034 890 1Ἱο

989 901 1030 926 171

991 974 1034 998 172

992 1083 1034 1107 1Ἱ5

991 1119 1034 1143 176

991 1191 1033 1215 1Π

993 1264 1035 1288 179

991 1335 1032 1359 181

992 1443 1036 1468 ¹82

994 1554 1036 1576 tas

995 1662 1035 1685 1⁸⁴

996 1736 1037 1757 1⁸5

996 1770 1038 1794 186

997 1879 1037 1902 18Ἱ

999 1953 1040 1974 tuti

998 1988 1037 2011 191

999 2027 1039 2048 tus

999 2060 1040 2083 196

999 2134 1041 2157 199

997 2171 1040 2194 200

999 2425 1044 2447 222

999 2460 1044 2484 223

999 2496 1043 2520 224

1000 2569 1045 2592 226

1002 2605 1044 2628 227

1001 2642 1045 2665 228

1002 2678 1046 2701 229

1002 2714 1046 2737 230

1000 2750 1045 2773 231

1087 286 1233 351 Βινκῖζυῖι
1248 289 1278 316 Β.
1293 289 1392 316 Manui
1406 289 1543 317 visentis.
1556 304 1584 310 -
1596 291 1795 326 Argumentum.

1119 335 1152 342 —
1198 331 1214 350 o
1224 331 1299 358 ogus.

1089 360 1176 387 Lectio
1193 367 1213 387 1.
1229 362 1306 393 Quod
1318 362 1345 388 in
1359 362 1519 389 Salutatione
1534 363 1656 397 Augetica
1681 366 1797 400 quinque

1119 397 1255 437 sententia
1275 398 1439 431 ordinantur,
1455 399 1484 424 in
1502 399 1596 432 quibus
1609 401 1725 434 quinque
1741 403 1796 428 dut-

1119 432 1230 460 cissimas
1241 433 1332 461 laudes
1343 435 1372 461 B.
1387 435 1478 461 Maria
1487 435 1602 469 Virginis
1618 436 1792 464 insinuantur.

1089 469 1160 495 Lect.
1171 475 1203 494 ιι.
1217 469 1293 500 Quod
1303 471 1335 496 B.
1351 470 1431 504 Virgo
1442 471 1524 497 Maria
1532 471 1615 498 libera
1629 473 1680 499 t'uit
1689 481 1705 500 a
1715 475 1796 508 tripti-

1120 505 1144 530 ci
1158 511 1199 530 ναι
1212 505 1297 538 culpas
1310 506 1428 538 actualis,
1439 514 1456 532 a
1468 507 1562 539 triplici
1573 515 1614 534 vas
1625 509 1736 537 miserim
1743 510 1797 537 ori-

1120 540 1224 573 ginalis,
1238 543 1265 567 et
1277 549 1294 567 a
1306 542 1400 574 triplici
1413 549 1454 568 vas
1466 550 1551 576 poente
1569 544 1730 576 gehennalis.

1090 576 1162 602 Lect.
1177 583 1220 602 ιιι.
1231 577 1269 603 De
1283 578 1516 611 significationibus
1526 580 1641 606 nominis
1654 582 1756 615 Marisa
1768 585 1796 609 st

1121 612 1190 645 quod
1210 614 1239 638 B.
1257 614 1338 647 Virgo
1351 621 1423 640 mare
1446 621 1580 646 amarum.
1604 617 1683 642 Stella
1699 618 1794 651 maris,

1121 648 1308 711 Ιῌιιὲξιιιιιιιτίι,
1324 652 1351 676 et
1364 651 1474 677 Domina
1494 652 1725 680 convenienussm·
1689 653 1696 659 ”
1726 661 1741 680 e
1755 654 1794 681 di-

1120 693 1145 711 ci
1190 707 1195 712 .

1090 723 1160 748 Lect.
1177 728 1213 748 tv.
1223 722 1325 748 Nomen
1342 723 1424 749 Maria
1440 725 1470 750 B.
1482 724 1582 757 Virgini
1594 731 1672 758 quam
1687 726 1720 752 sit
1731 733 1795 752 con-

1120 758 1352 791 venientissimum,
1364 761 1392 785 et
1403 760 1474 793 quod
1488 760 1579 786 eadem
1588 761 1662 787 omui
1673 762 1737 788 vitio
1751 769 1795 788 ca-

1119 794 1179 826 ruit,
1192 796 1218 820 et
1230 795 1301 820 omni
1315 795 1410 821 virtute
1425 796 1526 822 clamit.

1090 830 1159 855 Lect.
1178 836 1201 856 v.
1218 831 1294 861 Quod
1308 832 1390 864 gratia
1402 833 1430 858 Β.
1446 833 1535 858 Mariae
1549 833 1582 859 sit
1595 840 1667 866 vera,
1682 834 1794 860 immen-

1120 873 1158 898 sa,
1170 866 1315 899 multiplex,
1323 870 1350 893 et
1361 868 1430 893 utilis
1442 868 1530 894 valde.

1091 903 1160 928 Lect.
1182 909 1215 928 vi.
1243 903 1318 933 Quod
1337 904 1500 937 quadruplex
1521 905 1605 937 gratia
1618 905 1646 930 iu
1665 905 1694 931 Β.
1714 905 1797 933 Haris

1120 940 1160 964 est
1171 939 1369 971 consideranda,
1379 939 1478 965 scilicet
1492 940 1621 966 donorum
1628 960 1638 973 ‚
1658 941 1796 975 labiorum,

1120 974 1325 1035 prilyilegioruQ
1340 977 1366 1001 et
1375 976 1553 1009 praemiorum‚
1564 977 1632 1002 etde
1643 984 1735 1003 eorum
1747 978 1799 1004 sin-

1121 1018 1155 1042 gu
1167 1018 1197 1036 is.

1090 1048 1160 1072 Lect.
1173 1052 1220 1072 vn.
1236 1047 1310 1077 Quod
1325 1054 1422 1073 novem
1437 1049 1488 1074 sint
1507 1048 1686 1080 plenitudines
1705 1050 1731 1075 in
1746 1051 1799 1076 Ma·

1121 1083 1167 1115 ria,
1180 1090 1238 1116 quae
1248 1090 1343 1108 novem
1358 1084 1479 1109 ordinum
1491 1085 1647 1117 angelorum
1661 1085 1798 1118 plenitudi-

1120 1127 1167 1145 nes
1178 1121 1367 1152 repraesentant
1381 1121 1407 1145 in
1423 1121 1516 1153 gloria.

1089 1156 1157 1183 Lect-
1174 1162 1232 1181 viti.
1247 1157 1320 1186 Quod
1331 1157 1466 1188 Dominus,
1477 1157 1508 1182 de
1522 1164 1574 1190 quo
1586 1157 1679 1184 dicitur
1691 1159 1793 1185 Mariis:

1123 1193 1244 1218 Dominus
1261 1194 1351 1224 tecum,
1365 1193 1520 1225 generaliter
1537 1195 1577 1218 est
1600 1194 1725 1220 Dominus
1739 1195 1795 1221 uni-

1122 1229 1227 1254 versalis
1237 1229 1354 1254 omnium
1367 1236 1464 1261 rerum,
1475 1230 1678 1261 potentissimus,
1692 1231 1794 1263 sapien—

1122 1265 1243 1297 tissimus,
1253 1265 1478 1297 opulentissimae,
1491 1272 1521 1290 ac
1532 1265 1795 1298 indeficientissimus‚

1122 1303 1147 1326 et
1161 1307 1220 1326 cum
1235 1307 1267 1326 eo
1284 1302 1312 1326 B.
1330 1301 1411 1326 Maria
1427 1301 1506 1326 etiam
1521 1301 1586 1327 tatis.

1091 1338 1160 1363 Lect.
1176 1343 1212 1362 ix.
1229 1337 1305 1367 Quod
1321 1338 1458 1369 Dominus,
1471 1337 1504 1362 de
1519 1344 1571 1370 quo
1583 1338 1677 1364 dicitur
1693 1338 1794 1364 Mariis:

1125 1374 1246 1399 Dominus
1264 1375 1352 1403 tecum,
1374 1374 1519 1405 specialiter
1533 1376 1573 1399 est
1586 1375 1712 1400 Dominus
1723 1382 1799 1401 crea-

1123 1412 1187 1435 turas
1201 1410 1345 1441 rationalis,
1359 1410 1498 1442 piissimus,
1505 1410 1674 1443 justissimus,
1684 1411 1800 1438 certissi-

1124 1453 1192 1478 mus,
1211 1452 1241 1471 ac
1263 1446 1495 1477 nominatissimus,
1515 1448 1541 1471 et
1563 1447 1621 1472 tulis
1644 1447 1722 1473 etiam
1740 1454 1800 1474 cum

1124 1483 1180 1514 ipso
1198 1483 1225 1507 B.
1237 1482 1328 1507 Maria.

1094 1520 1164 1544 Lect.
1180 1525 1206 1544 x.
1223 1518 1300 1548 Quod
1318 1518 1453 1550 Dominus,
1468 1518 1500 1543 de
1515 1526 1567 1551 quo
1585 1518 1681 1545 dicitur
1695 1519 1799 1546 Marius:

1126 1556 1247 1580 Dominus
1265 1557 1354 1586 tecum,
1370 1558 1422 1580 tam
1434 1555 1599 1587 singulariter
1617 1558 1656 1581 est
1671 1563 1731 1581 cum
1745 1557 1801 1581 Ma-

1124 1592 1171 1623 ria,
1189 1593 1217 1616 ut
1243 1591 1299 1623 ipsa
1313 1591 1368 1623 ejus
1393 1591 1426 1616 sit
1449 1591 1499 1616 illia
1528 1591 1698 1624 nobilissima,
1718 1593 1802 1618 mater

1125 1627 1284 1660 dignissima,
1299 1633 1395 1659 sponsa
1411 1627 1602 1659 venustissima,
1614 1630 1640 1652 et
1651 1627 1743 1653 ancilla
1757 1628 1801 1653 de-

1125 1663 1268 1689 votissima.

1094 1701 1162 1725 Lect.
1181 1706 1216 1724 xi.
1233 1699 1307 1729 Quod
1327 1699 1407 1724 Maria
1425 1701 1530 1731 propter
1546 1706 1572 1724 se
1589 1701 1615 1724 et
1630 1702 1736 1733 propter
1755 1706 1804 1726 nos

1124 1736 1370 1761 convenientissime
1384 1742 1485 1761 aurorae
1500 1738 1675 1768 comparatur.

1096 1774 1164 1798 Lect.
1182 1778 1229 1797 ιιι.
1243 1772 1382 1801 Quomodo
1398 1772 1425 1796 B.
1443 1772 1523 1796 Maria
1545 1772 1577 1797 sit
1593 1773 1676 1804 virga,
1693 1774 1719 1798 et
1731 1772 1804 1805 virga

1127 1809 1233 1834 florens.

1096 1846 1166 1870 Lect.
1183 1850 1243 1870 xtn.
1259 1845 1397 1874 Quomodo
1415 1846 1442 1869 B.
1458 1845 1538 1869 Maria
1551 1847 1718 1877 comparetur
1739 1845 1806 1877 regi-

1127 1888 1176 1913 nae,
1192 1881 1217 1905 in
1232 1881 1356 1913 palatium
1371 1888 1431 1905 cum
1447 1888 1507 1913 rege
1523 1881 1688 1913 ingredienti.

1098 1919 1164 1943 Lect.
1184 1923 1238 1942 xtv.
1250 1917 1323 1947 Quod
1342 1918 1369 1942 B.
1384 1917 1465 1942 Maria
1477 1917 1510 1942 sit
1525 1917 1663 1943 benedicta
1677 1917 1710 1943 ob
1724 1917 1807 1950 pleni-

1127 1953 1244 1979 tudinem
1255 1954 1355 1985 gratioe,
1371 1954 1404 1978 ob
1415 1953 1594 1979 celsitudinem
1602 1954 1693 1986 prolis,
1699 1953 1732 1978 ob
1743 1953 1806 1978 mul—

1128 1990 1262 2015 titudinem
1277 1990 1465 2015 misericordiae
1484 1997 1545 2021 suae,
1561 1992 1587 2015 et
1602 1990 1636 2015 ob
1653 1989 1807 2022 maguitudi-

1127 2033 1187 2051 nem
1207 2026 1295 2058 gloriae
1312 2033 1376 2050 suae.

1098 2064 1168 2088 Lect.
1178 2069 1220 2088 xv.
1229 2062 1303 2092 Quod
1313 2062 1393 2087 Maria
1401 2062 1433 2087 sit
1441 2062 1577 2087 benedicta
1592 2064 1698 2094 propter
1706 2064 1806 2094 septem

1128 2099 1233 2124 virtutes
1245 2101 1336 2123 contra
1351 2101 1449 2131 septem
1466 2098 1585 2130 capitalia
1599 2099 1670 2123 vitiu.

1099 2137 1167 2161 Lect.
1193 2141 1248 2160 xvi.
1264 2135 1326 2165 Quis
1343 2137 1368 2160 et
1390 2134 1471 2167 qualis
1494 2134 1525 2160 sit
1548 2135 1645 2160 tructus
1663 2134 1760 2159 ventris
1776 2135 1803 2160 B.

1130 2172 1229 2197 Marioe.

1099 2209 1167 2233 Lect.
1186 2213 1247 2232 ivn.
1266 2208 1373 2232 Fructus
1382 2206 1481 2231 ventris
1494 2208 1521 2232 Β.
1535 2206 1623 2231 Marioe
1639 2212 1752 2238 quorum
1765 2206 1806 2237 sit,

1130 2246 1155 2269 ct
1168 2244 1261 2275 quihus
1275 2243 1410 2267 debeatur.

1099 2282 1169 2306 Lect.
1195 2285 1272 2304 xviii.
1297 2279 1404 2304 Fructus
1426 2279 1523 2303 ventris
1547 2279 1574 2304 B.
1591 2278 1678 2303 Μαι-ιω
1694 2278 1726 2303 ad
1741 2284 1808 2309 quos

1131 2316 1236 2341 effectus
1251 2315 1283 2340 sit
1298 2315 1468 2346 necessarius,
1479 2317 1503 2339 et
1519 2314 1550 2339 de
1561 2314 1699 2339 duodecim
1714 2313 1807 2338 utitita-

1131 2352 1198 2377 tibus
1214 2352 1278 2383 rjus.

1102 2390 1228 2414 Lsosxna
1243 2390 1269 2414 S.
1283 2389 1434 2414 Fnauctsct.
1447 2400 1478 2406 -
1491 2389 1688 2419 Argumentum.
1705 2399 1736 2404 —
1748 2387 1807 2411 Pro·

1131 2426 1155 2450 lo
1176 2432 1214 2449 us.

1100 2433 1196 2493 Capfgt.
1215 2462 1250 2486 De
1266 2460 1462 2486 conversatione
1476 2460 1531 2492 ejus
1542 2460 1566 2484 iu
1580 2459 1669 2484 babitu
1679 2458 1806 2484 saeculari.

1100 2498 1162 2529 Cap.
1180 2499 1203 2522 ⁶2.
1225 2498 1260 2521 Dc
1277 2497 1391 2528 perfecta
1405 2495 1575 2521 conversione
1596 2495 1653 2527 ejus
1667 2495 1697 2519 ad
1714 2495 1807 2524 Deum,

1133 2535 1158 2557 et
1172 2533 1203 2558 de
1221 2533 1383 2564 reparatione
1403 2532 1480 2556 trium
1500 2531 1667 2556 ecclesiarum

1101 2569 1163 2600 Cap.
1179 2570 1202 2593 3.
1215 2569 1251 2593 De
1267 2569 1426 2594 institutione
1437 2568 1587 2599 Religionis,
1601 2570 1627 2593 et
1644 2565 1805 2599 approbatio-

1133 2612 1164 2630 ne
1181 2605 1297 2637 Regulos.

1102 2641 1163 2673 Cap.
1188 2643 1211 2666 1.
1239 2642 1275 2666 De
1302 2641 1417 2673 prosectu
1433 2641 1540 2666 Ordinis
1563 2640 1610 2665 sub
1627 2645 1704 2663 manu
1719 2637 1808 2669 ipsius.

1133 2679 1158 2702 ct
1172 2678 1369 2703 confirmatione
1385 2678 1487 2710 Regulae
1502 2677 1572 2709 prius
1586 2675 1745 2707 approbatae.

1103 2715 1164 2745 Cap.
1178 2715 1201 2738 5.
1218 2715 1254 2739 De
1268 2714 1415 2739 austeritate
1424 2714 1490 2745 vitae,
1506 2716 1530 2738 et
1543 2711 1674 2744 quomodo
1683 2711 1808 2736 creaturas

1135 2750 1285 2781 praebebant
1303 2750 1326 2775 ei
1342 2750 1470 2777 solatium.

1826 331 1875 358 282

1823 693 1871 718 237

1827 801 1873 826 241

1826 873 1872 898 2⁴4

1830 1016 1876 1041 ΞΠ

1827 1124 1874 1149 252

1825 1304 1872 1328 256

1831 1485 1878 1509 2⁵7

1833 1665 1879 1690 259

1835 1737 1881 1761 262

1834 1809 1880 1834 266

1830 1881 1877 1905 270

1839 2026 1885 2050 272

1839 2098 1883 2123 ΞΠ

1838 2169 1881 2194 281

1837 2241 1882 2265 285

1837 2349 1882 2374 288

1841 2421 1886 2446 293

1840 2457 1885 2481 295

1839 2528 1885 2552 297

1843 2601 1887 2624 30⁰

1841 2671 1886 2696 ³03

1843 2743 1887 2769 307

2022 573 2029 676 m-.44.
