2029 3052
602 249 641 282 1N
663 248 854 281 REGULAM
875 249 1067 283 FRATRUM
1087 250 1284 283 MINORUM.

141 318 229 350 mino
243 317 414 350 constituta
427 317 595 358 Apostolis,
614 326 689 350 cum
704 317 784 348 dixit
798 317 806 335 ¹
823 328 830 348 ε
847 317 911 350 Νο-

141 373 198 406 lite
211 372 375 414 possidere
401 381 528 412 aurum,
552 373 602 406 vel
621 375 801 413 amentum,
818 381 916 413 quam

140 426 205 466 illa,
221 436 294 467 quae
308 427 476 459 constituta
491 429 538 459 est
552 427 612 459 sub
627 426 784 468 Apostolis
803 426 917 467 pr'uni-

141 479 216 512 tivae
224 480 420 512 multitudini
430 481 526 512 simul
535 481 748 512 habitantium
756 481 915 519 virorum,

141 543 177 565 ac
191 533 379 572 mulierum,
396 535 451 566 ubi
467 535 574 567 nullus
589 544 702 567 eorum
717 535 835 575 aliquid
850 543 918 575 pos-

142 587 280 626 sidebat,
303 597 407 628 neque
431 597 529 619 suum
548 589 667 630 aliquid
693 597 759 620 esse
778 588 915 627 dicebat,

143 641 197 672 sed
210 641 315 681 ipsum
331 641 364 672 in
379 642 543 673 communi
557 651 631 674 curn
643 642 713 674 aliis
728 642 916 682 possidebat.

144 694 232 726 Hanc
251 695 410 734 regulam,
438 695 498 727 sub
521 695 680 736 Apostolis
704 696 917 734 constitutam,

144 748 280 780 instituit
292 748 328 780 B.
343 749 548 789 Augustinus
561 750 573 766 ¹
587 749 648 781 sibi
663 751 694 781 et
707 749 828 780 clericis
841 750 918 789 suis,

146 803 298 842 statuens,
319 811 360 834 ne
383 803 460 843 quid
484 804 605 844 proprii
628 803 834 844 possiderent.
858 804 920 835 Sed

146 856 223 896 quia
245 856 324 888 vidit
347 865 417 888 eam
439 856 644 897 Augustinus
665 867 684 888 a
710 857 832 888 clericis
856 866 921 888 non

147 909 280 948 servari,
300 910 438 942 mutavit
451 911 626 949 decretum,
643 920 696 942 eos
710 910 828 942 habere
843 919 920 950 pro-

147 963 255 1004 prium
276 963 471 1003 sustinendo,
494 966 530 995 ut
554 966 639 1005 patet
663 967 712 1003 102,
737 973 769 1004 q.
795 967 826 1003 1,
850 973 918 1004 cap.

150 1017 236 1050 certe
250 1026 316 1059 690.
335 1018 424 1050 Hanc
439 1018 584 1050 eamdem
598 1018 810 1049 multitudinis
825 1027 922 1058 regu-

146 1071 211 1102 lam
226 1071 369 1103 imitatus
388 1071 420 1103 S.
444 1071 643 1111 Benedictus,
660 1072 824 1103 mandavit
838 1072 923 1103 bona

147 1125 187 1156 ad
201 1125 346 1156 ordinem
360 1125 568 1164 venientium,
586 1125 648 1155 nisi
666 1125 818 1156 darentur
840 1134 921 1165 pau-

147 1178 287 1219 peribus,
310 1179 444 1219 adjungi
468 1179 564 1210 rebus
587 1179 728 1210 ecclesiae
752 1179 923 1210 monacho-

147 1241 235 1271 rum,
250 1234 287 1263 ut
308 1232 380 1272 ipsi,
404 1232 548 1263 viventes
569 1232 638 1263 sine
661 1233 791 1272 proprio
812 1241 920 1272 perso-

147 1286 224 1325 nali,
242 1286 397 1317 haberent
412 1286 625 1326 possessiones
637 1286 838 1317 monasteriis
853 1294 924 1326 pro-

147 1340 243 1380 priaS,
266 1340 383 1380 quihus
397 1340 464 1381 ipse
484 1339 610 1371 nulium
626 1339 766 1380 praefixit
788 1339 923 1370 limitem

148 1395 284 1424 terrenae
298 1393 470 1425 affluentiae
481 1393 695 1434 acquirendae,
709 1393 794 1424 unde
805 1402 924 1432 agrum

149 1455 229 1486 agro
250 1455 316 1478 non
334 1449 457 1478 cessant
477 1456 581 1487 usque
601 1447 697 1478 hodie
718 1455 830 1477 eorum
852 1446 923 1486 plu-

149 1501 222 1532 rimi
237 1501 396 1541 copnlare.
412 1500 484 1531 Alia
502 1501 562 1531 fuit
581 1500 787 1540 antiquorum
811 1509 923 1531 mona-

149 1555 284 1586 chorum
294 1555 406 1592 forma,
415 1555 509 1594 juxta
517 1554 603 1594 quod
614 1556 721 1584 narrat
730 1553 903 1593 Gregorius
914 1554 924 1570 ³

149 1608 241 1640 tertio
252 1609 467 1649 'Dialoqormn
481 1609 519 1639 de
535 1608 568 1639 S.
591 1608 676 1639 Isaac
690 1607 857 1646 monacho,
874 1608 925 1638 cui

149 1672 223 1694 cum
239 1662 369 1703 plurimi
388 1662 601 1699 possessiones
622 1661 774 1692 offerrent
799 1661 837 1691 ad
853 1670 925 1692 mo-

149 1716 326 1747 nasterium
341 1715 611 1753 constituendum,
628 1714 680 1745 ille
696 1715 804 1745 omnia
820 1714 926 1745 oblata

150 1778 323 1810 respuens,
348 1769 463 1800 fortem
489 1769 615 1799 tenebat
642 1768 849 1806 sententiam,
877 1768 924 1799 di-

151 1832 225 1854 cens
238 1834 245 1854 ι
264 1835 278 1852 α
289 1822 473 1860 Monachus,
488 1822 587 1862 quiin
601 1823 686 1852 terra
696 1822 926 1861 possessionem

152 1878 285 1918 quaerit,
309 1877 484 1908 monachus
506 1886 572 1907 non
591 1878 648 1907 est.
670 1887 684 1905 »
712 1876 749 1907 Et
773 1876 926 1917 Hierony-

152 1941 236 1970 muS,
253 1931 297 1963 ad
320 1931 493 1963 Paulinum
506 1931 516 1946 ⁶
534 1941 540 1961 :
562 1941 577 1959 α
599 1929 700 1960 Habet
720 1929 926 1969 unumquod-

152 1995 216 2027 que
229 1986 428 2026 propositum
444 1985 600 2025 principes
615 1993 705 2022 suos;
726 1983 883 2014 habemus
897 1986 928 2014 et

153 2050 212 2072 nos
239 2040 398 2081 principes
418 2039 568 2080 propositi
591 2038 710 2076 nostri,
737 2037 874 2069 Paulum
897 2039 928 2068 et

153 2093 341 2124 Antonium.
359 2093 438 2124 Item
455 2094 561 2123 noster
579 2092 723 2132 princeps
743 2091 839 2130 Elias,
853 2100 927 2122 nos-

153 2148 201 2178 ter
227 2147 360 2178 Elisaeus
373 2171 380 2184 ,
413 2146 514 2177 nostri
549 2145 644 2176 duces
676 2145 733 2175 filii
759 2145 929 2185 propheta-

155 2209 244 2238 rum,
279 2201 335 2240 qui
364 2200 550 2230 habitabant
579 2199 613 2229 in
646 2199 752 2238 agris,
779 2201 809 2229 et
835 2199 929 2229 sacie-

155 2254 232 2284 bant
255 2254 460 2285 tabernacula
480 2255 575 2293 Juxta
598 2253 718 2283 fluenta
737 2251 894 2283 Jordanis.
911 2262 926 2280 »

157 2307 235 2339 Item
255 2307 328 2338 dicit
353 2308 387 2338 in
409 2307 577 2347 Epitaphio
600 2306 767 2346 Nepotiani
782 2306 792 2322 ⁵
809 2315 816 2336 ε
837 2305 931 2335 «Alii

156 2369 328 2392 nummum
361 2361 481 2391 addunt
513 2369 646 2390 nummo
661 2384 668 2398 ,
703 2361 733 2390 et
768 2359 932 2399 marsupia

157 2413 310 2445 fodientes
334 2414 553 2443 matronarum
584 2420 658 2451 opes
689 2413 849 2441 venantur
873 2411 930 2440 ob-

158 2467 286 2507 sequiis.
321 2466 451 2497 Ditiores
475 2468 549 2496 sunt
576 2465 726 2496 monachi
753 2474 852 2505 quam
878 2474 932 2496 sae-

160 2521 298 2559 culares;
316 2519 475 2560 possident
489 2528 564 2559 opes
575 2519 634 2549 sub
645 2518 766 2548 Christo
782 2527 930 2558 paupere,

160 2583 239 2614 quas
253 2574 312 2605 sub
333 2572 488 2613 locuplete
505 2572 628 2603 diabolo
650 2580 714 2602 non
731 2571 930 2610 habuerunt;

193 2673 199 2688 ¹
216 2671 318 2701 Matth„
333 2678 358 2701 x,
374 2673 397 2696 9.
413 2684 441 2689 -
455 2672 464 2686 2
476 2671 583 2700 Decret„
597 2672 653 2700 part
678 2670 707 2699 Η,
723 2677 792 2693 caus.
806 2676 852 2699 xii,
869 2677 893 2701 q.
910 2673 932 2696 1,

162 2715 185 2732 c.
212 2709 248 2731 iS.
274 2720 305 2724 —
327 2707 336 2721 ³
361 2708 477 2738 Gregor„
505 2706 615 2736 Dz‘aloq„
639 2705 682 2729 lib.
712 2706 758 2734 ill,
782 2714 803 2729 c.
830 2712 883 2729 xiv.
902 2719 933 2724 --

162 2744 171 2760 ¹2
187 2743 345 2774 Hieronym,
360 2742 394 2766 ad
414 2742 523 2770 Paulz'n..
541 2741 614 2772 epist.
637 2747 701 2771 xm,
717 2740 765 2764 col.
781 2748 816 2764 m.
834 2743 886 2765 1:21.
904 2754 933 2760 —

1686 254 1745 284 565

970 320 1002 350 et
1016 319 1151 351 sustinet
1164 328 1218 351 eos
1239 319 1335 350 etiam
1360 318 1499 350 Ecclesia
1518 319 1644 358 divites,
1665 328 1746 360 quos

970 370 1073 401 tenuit
1091 371 1231 402 mundns
1250 372 1323 402 ante
1345 369 1519 402 mendicos.
1539 381 1554 399 ι)
1574 370 1648 402 [laec
1671 370 1746 402 Hie-

971 432 1138 464 ronymuS.
1154 424 1193 456 Et
1207 426 1313 456 tamen
1333 425 1441 455 sancta
1463 425 1511 455 est
1529 424 1658 456 vivendi
1681 425 1745 456 for-

972 486 1035 516 ma,
1053 477 1079 508 si
1094 480 1249 517 servetur,
1270 487 1366 519 quam
1390 478 1525 509 instituit
1541 478 1574 510 S.
1596 477 1748 510 Benedic-

972 534 1033 570 tus,
1050 541 1145 572 quam
1168 532 1299 572 quidam
1323 532 1356 563 in
1376 532 1489 572 nigriS,
1512 532 1643 573 quidam
1670 542 1748 565 vero

973 585 1007 616 in
1031 585 1110 617 albis
1133 595 1152 616 a
1174 585 1272 625 longe
1296 585 1473 617 imitantur.
1504 585 1618 617 Beatus
1646 586 1747 626 igitur

972 639 1170 678 Franciscus,
1187 639 1297 671 videns
1316 639 1457 679 perleula
1470 641 1501 671 et
1519 640 1688 680 sacrilegia
1701 641 1746 672 at*-

974 693 1114 725 ssuentize
1131 696 1276 732 terrenae,
1301 702 1399 734 quam
1419 693 1513 724 multi
1534 694 1695 734 possident
1716 694 1748 725 in

973 747 1149 785 communi,
1164 747 1261 787 elegit
1279 747 1428 787 regulam
1443 747 1518 787 ipsis
1537 747 1695 787 Apostolis
1709 748 1750 779 ad

975 800 1213 841 praedicandum
1226 800 1330 831 missis
1345 810 1363 831 a
1382 800 1515 831 Domino
1530 800 1748 840 constitutam,

975 855 1152 895 injungens
1174 854 1326 886 fratribus
1350 863 1391 885 ne
1419 853 1666 885 sollicitudinem
1690 854 1749 885 ha-

975 909 1070 940 beant
1083 909 1122 940 de
1137 908 1233 940 rebus
1248 908 1445 940 venientium
1468 908 1508 939 ad
1530 908 1687 946 ordinem,
1711 917 1752 939 ne

976 962 1020 993 sic
1032 962 1152 993 ordinis
1167 962 1345 993 maculetur
1358 961 1491 1002 puritas,
1516 961 1568 992 vel
1587 962 1752 1002 inquietu-

976 1016 1048 1047 dine
1063 1015 1170 1055 aliqua
1185 1011 1425 1055 gravetur.‘Sed
1436 1024 1477 1046 ne
1490 1023 1540 1046 res
1552 1015 1753 1046 venientium

977 1069 1130 1100 inutiliter
1140 1069 1351 1109 dispensetur,
1367 1068 1546 1100 remedium
1560 1069 1753 1100 conveniens

977 1123 1156 1162 adhibetur,
1173 1132 1247 1154 cum
1261 1124 1375 1154 dicitur
1393 1134 1399 1154 :
1416 1123 1452 1154 Sa·
1467 1125 1572 1155 tamen
1582 1122 1754 1155 consilium

977 1178 1174 1217 requiratur.
1192 1177 1265 1207 Haec
1279 1176 1417 1215 licentia,
1432 1176 1513 1207 sicut
1528 1176 1677 1207 convenit
1692 1176 1752 1207 mi-

978 1231 1097 1269 nistris,
1121 1231 1165 1261 ita
1184 1231 1334 1270 competit
1356 1230 1436 1269 aliis,
1459 1231 1576 1271 quibus
1595 1240 1636 1261 ex
1654 1230 1754 1270 privi-

978 1284 1064 1323 legio
1085 1284 1256 1324 apostolico
1275 1283 1447 1323 recipiendi
1469 1284 1580 1314 fratres
1604 1283 1642 1314 ad
1663 1283 1754 1314 ordi-

979 1347 1054 1368 nem
1068 1339 1116 1368 est
1134 1346 1292 1374 concessa,
1309 1336 1473 1376 quoniam,
1494 1345 1642 1368 concesso
1662 1336 1753 1376 prin-

979 1391 1087 1431 cipali,
1116 1390 1288 1422 accessoria
1313 1390 1352 1430 (α)
1382 1390 1478 1421 etiam
1507 1390 1616 1421 omnia
1641 1399 1753 1422 conce-

979 1445 1109 1476 duntur.

1030 1499 1143 1531 Postea
1175 1498 1347 1531 concedant
1376 1499 1421 1530 eis
1442 1506 1568 1537 pannos
1590 1498 1756 1537 probatio-

980 1554 1043 1585 nis.
1072 1552 1240 1584 Praemissa
1258 1552 1361 1592 prima
1376 1554 1464 1591 parte
1485 1552 1584 1592 hujus
1604 1552 1754 1590 rubricae,

981 1608 1013 1637 in
1043 1616 1105 1647 qua
1127 1607 1239 1645 agitur
1267 1606 1305 1637 de
1334 1605 1533 1637 venientium
1557 1605 1754 1645 receptione,

980 1661 1033 1691 hic
1047 1660 1257 1700 subjungitur
1267 1659 1405 1690 secunda
1417 1667 1489 1698 pars
1505 1658 1542 1689 de
1556 1667 1668 1689 eorum
1683 1667 1756 1698 pro-

980 1714 1107 1744 batione
1124 1738 1131 1752 ,
1168 1716 1326 1753 quantum
1361 1713 1400 1743 ad
1434 1712 1561 1743 habitus
1595 1712 1757 1752 praecipue

981 1767 1177 1807 qualitatem.
1204 1767 1283 1797 Dicit
1306 1775 1384 1806 ergo
1413 1777 1420 1796 2
1445 1766 1557 1797 Postea
1584 1765 1758 1798 concedant

982 1822 1028 1852 eis
1040 1828 1167 1860 pannos
1179 1820 1394 1860 probationis,
1406 1818 1555 1850 videlicet
1569 1818 1653 1850 duas
1670 1820 1760 1851 tum·-

982 1882 1036 1906 cas
1050 1875 1117 1905 sine
1131 1875 1272 1913 caputio.
1290 1873 1351 1904 Sed
1366 1882 1439 1904 cum
1461 1872 1583 1903 dicatur
1596 1872 1629 1903 in
1644 1873 1759 1911 regula

982 1927 1208 1967 Apostolorum
1223 1927 1232 1943 ‘³
1250 1938 1256 1957 2
1271 1927 1377 1966 Neque
1399 1925 1482 1957 duas
1498 1927 1635 1964 tunicas,
1654 1925 1757 1966 quali-

983 1983 1030 2012 ter
1045 1981 1096 2011 hic
1111 1980 1143 2011 S.
1160 1980 1346 2011 Franciscus
1369 1979 1510 2010 concedit
1525 1979 1605 2010 duas
1620 1979 1757 2018 tunicas,

984 2035 1038 2075 qui
1053 2034 1200 2073 superius
1215 2033 1294 2064 dixit
1310 2042 1318 2064 ε
1333 2033 1460 2072 Regula,
1479 2036 1509 2065 et
1524 2033 1595 2065 vita
1609 2033 1759 2064 Fratrum

985 2090 1145 2120 Mz'norum
1173 2088 1238 2119 hoec
1262 2091 1326 2126 esc,
1352 2087 1471 2119 scilicet
1497 2087 1629 2118 Domini
1656 2087 1760 2118 nostri

984 2144 1058 2174 ¹lesu
1093 2142 1214 2173 Christi
1245 2144 1391 2172 sanctam
1419 2140 1631 2180 Eranyelz'um
1656 2139 1759 2171 obser-

985 2197 1086 2227 vare?
1119 2194 1291 2235 Responsio
1317 2205 1323 2225 z
1351 2194 1387 2224 ln
1410 2193 1604 2233 Evangelio,
1631 2193 1761 2224 nomine

986 2250 1085 2279 unlus
1111 2249 1245 2286 tunicae,
1267 2247 1400 2278 vestitus
1421 2247 1632 2286 designantur
1652 2255 1759 2276 neces-

986 2304 1069 2334 sarii.
1088 2303 1174 2334 Unde
1189 2312 1255 2334 non
1269 2303 1387 2333 habere
1399 2302 1478 2333 duas
1490 2302 1623 2340 tunicas,
1637 2310 1701 2332 non
1714 2302 1761 2331 est

986 2358 1067 2388 ferre
1092 2357 1255 2397 superflua
1280 2357 1479 2388 vestimenta.
1507 2356 1568 2386 Sed
1589 2355 1685 2395 quia,
1703 2363 1760 2394 pro

990 2411 1163 2450 Religionis
1177 2410 1351 2449 honestate,
1368 2409 1583 2440 necessarium
1608 2410 1653 2438 est
1672 2411 1759 2438 exte·
1790 2419 1793 2421 ·

987 2466 1105 2496 riorem
1120 2465 1259 2496 tunicam
1280 2465 1314 2495 in
1337 2463 1535 2503 longitudine
1550 2464 1580 2492 et
1594 2461 1762 2492 latitudine

988 2520 1027 2550 ab
1051 2519 1111 2549 alia
1122 2543 1131 2557 ,
1149 2518 1200 2549 vel
1215 2519 1301 2555 aliis,
1318 2518 1454 2554 differre,
1472 2515 1688 2546 necessarium
1705 2523 1762 2545 ve-

988 2573 1175 2603 stimentum
1192 2571 1227 2602 B.
1244 2571 1430 2602 Franciscus
1445 2570 1478 2600 in
1491 2569 1569 2599 duas
1584 2568 1691 2599 divisit
1707 2569 1762 2598 tu-

989 2659 998 2675 b'
1014 2658 1061 2688 121„
1074 2657 1108 2681 ad
1121 2656 1230 2685 Heliod„
1245 2657 1318 2687 epist.
1335 2662 1375 2686 ιιι,
1393 2655 1441 2679 col.
1456 2661 1492 2678 in.
1513 2655 1551 2685 29,
1571 2653 1658 2685 paucis
1679 2653 1764 2676 muta-

989 2694 1030 2718 tis.
1044 2708 1071 2711 —
1087 2694 1096 2707 ⁶
1112 2694 1212 2723 Mente,
1230 2699 1256 2723 x,
1275 2694 1310 2716 10.

1023 2743 1054 2774 (a)
1073 2742 1134 2766 θοή.
1151 2742 1210 2767 edit.
1227 2740 1377 2765 accessorie.
