2029 3052
640 241 923 275 RESPONSIONIS
947 242 1138 275 SECUNDAE
1159 242 1284 275 CAPUT
1308 242 1332 274 1.

175 310 227 342 lus
240 309 382 349 dissolvi,
398 312 430 342 et
444 319 511 342 esse
525 319 599 342 cum
613 310 749 342 Christo.
765 311 894 342 Certum
909 312 957 342 est

175 366 285 396 autem
309 364 396 405 quod
419 364 538 396 Paulus
562 365 702 396 habebat
733 364 954 395 infirmitatem

175 418 292 451 carnis.
309 417 380 450 Non
403 418 505 458 igitur
526 418 664 450 infirmis
688 427 784 450 carne
809 417 955 450 Christus

175 472 360 513 exemplum
369 473 508 513 praebuit
518 483 526 512 ;
538 473 592 505 sed
603 473 739 504 infirmis
749 472 865 513 spiritu
876 481 953 503 con-

175 526 345 558 descendit.
355 537 369 556 >³
387 526 469 559 Huic
479 528 589 559 autem
600 527 724 559 veritati
734 529 799 558 tam
811 527 905 558 clarae
915 527 953 563 is,

175 580 227 611 cui
241 580 483 621 respondemus,
507 581 727 622 multipliciter
751 583 886 612 conatur
901 580 956 611 ob-

176 633 297 665 sistere.
315 634 395 672 Quia
405 635 504 673 enim,
523 637 558 666 ut
572 635 716 667 veritatis
732 635 880 674 ignarus,
897 635 953 665 ab·

174 688 311 720 surdum
332 690 471 729 reputat,
494 688 580 729 quod
600 688 741 720 Christus
764 688 956 729 imperfectis

175 742 432 774 condescenderit
445 743 480 774 in
495 743 603 782 aliquo
616 744 699 782 actu,
719 743 886 774 ostendere
910 742 956 772 ni-

175 795 263 836 titur,
281 797 366 837 quod
380 797 497 836 fugere
517 798 653 827 mortem
674 796 715 827 sit
731 796 769 827 de
785 805 843 827 sua
857 795 955 826 ratio-

174 859 214 881 ne
229 850 418 890 perfectum,
435 859 493 891 pro
507 859 544 881 eo
562 850 707 882 videlicet
723 849 810 890 quod
831 859 850 881 a
868 849 956 880 Chri-

174 905 222 935 sto
237 904 434 945 praecipitur,
451 906 482 936 et
497 905 574 945 quia
596 905 630 935 in
651 904 729 936 viris
744 903 889 945 perfectis
904 904 954 934 in-

174 958 315 989 venitur.
327 958 558 990 Verumtamen
567 958 706 998 primam
719 958 876 989 rationem
887 957 956 989 nul-

174 1012 235 1043 lius
249 1021 317 1043 esse
331 1012 454 1052 vigoris
470 1022 510 1044 ex
524 1013 586 1044 hoc
604 1013 756 1052 colligere
771 1022 952 1053 possumus,

174 1066 252 1106 quia
269 1067 350 1098 sicut
374 1069 569 1107 praeeeptum
591 1067 816 1107 perfectionem
829 1076 893 1098 non
911 1067 955 1097 ef-

174 1120 251 1158 ficit,
269 1121 313 1151 sic
335 1130 393 1152 nec
408 1121 681 1162 imperfectionem
700 1121 793 1153 tollit.
818 1121 852 1152 Si
868 1121 955 1152 enim

173 1173 444 1214 imperfectionem
458 1176 593 1214 tolleret,
611 1176 807 1216 quicumque
832 1178 954 1207 tenerc-

174 1229 227 1259 tur
242 1229 282 1260 ad
295 1230 446 1270 praecepti
460 1230 709 1268 observantiam,
733 1231 896 1261 teneretur
916 1230 954 1261 ad

174 1281 400 1322 perfectionem
415 1283 623 1323 implendam.
641 1283 729 1321 Quod
746 1293 819 1315 cum
835 1284 876 1314 sit
892 1293 956 1314 ma-

173 1336 379 1368 nifestissime
393 1337 633 1377 inconveniens,
651 1339 774 1369 constat
789 1338 874 1378 quod
889 1339 955 1369 fru-

173 1393 239 1422 stra
252 1391 376 1423 laborat
390 1392 566 1430 ostendere,
591 1392 675 1432 quod
697 1392 811 1432 fugere
826 1393 867 1423 sit
882 1402 953 1433 per-

173 1446 304 1486 fectum,
321 1455 377 1486 per
389 1446 618 1485 Evangelium,
637 1455 693 1486 per
713 1447 882 1486 Pelagium
898 1447 955 1478 Pa-

173 1508 260 1539 pam,
287 1502 317 1530 et
336 1509 392 1540 per
414 1500 637 1539 Athanasium,
659 1510 735 1531 cum
757 1501 954 1540 evangelicae

173 1554 373 1594 perfectionis
390 1555 518 1586 culinen
532 1565 573 1587 ex
589 1556 874 1596 supererogatione
884 1565 952 1587 ma-

172 1610 227 1638 net
242 1608 343 1639 divini
364 1609 500 1648 consilii,
516 1619 581 1641 non
596 1619 637 1640 ex
657 1610 852 1649 obligatione
872 1619 956 1650 prae-

173 1662 267 1702 cepti.
284 1662 417 1703 Insuper
434 1665 465 1694 et
479 1663 555 1694 illud
574 1664 761 1694 mandatum
777 1664 815 1695 de
830 1664 956 1704 fngien-

173 1716 213 1747 do
228 1725 247 1747 a
268 1717 346 1748 facie
366 1720 621 1757 persecutorum,
644 1718 782 1757 intelligi
801 1718 898 1749 habet
921 1718 954 1748 in

172 1779 259 1809 casu,
274 1771 355 1802 sicut
374 1771 524 1802 Rabanns
543 1772 618 1803 dicit
635 1781 730 1812 super
752 1773 953 1812 Matllioeum,

172 1825 203 1854 et
219 1823 340 1854 Glossa.
358 1824 458 1862 «Hoc,
475 1825 589 1864 inquit,
606 1825 645 1856 ad
657 1825 735 1856 illud
749 1828 875 1865 tempus
888 1835 955 1865 per-

173 1877 262 1915 tinet,
288 1886 352 1917 quo
376 1878 496 1908 dictum
521 1879 590 1909 est¹
610 1890 616 1910 z
639 1880 678 1910 ln
703 1881 791 1911 viam
810 1881 954 1920 flentium

173 1938 211 1962 ne
230 1930 388 1970 abieritis,
406 1936 436 1965 et
453 1934 489 1964 in
503 1934 653 1966 civitates
670 1934 954 1967 Samaritanorum

172 1990 212 2014 ne
227 1983 441 2023 intraveritis,
456 1985 541 2025 quod
558 1987 807 2025 persecutionem
824 1996 890 2017 non
905 1987 956 2017 de-

173 2036 270 2067 bcant
285 2037 411 2077 timere,
428 2039 483 2070 sed
497 2039 666 2078 declinare,
683 2042 719 2071 ut
740 2041 955 2072 tribulationis

174 2091 297 2122 occasio
309 2092 349 2122 sit
364 2091 534 2132 Evangelii
547 2094 769 2125 seminarium.
785 2094 818 2125 Si
829 2104 908 2134 ergo
921 2095 954 2125 in

176 2143 236 2174 hoc
245 2154 319 2176 casu
331 2145 493 2186 intelligit,
504 2146 583 2178 nihil
596 2148 635 2179 ad
646 2149 846 2188 propositum
858 2158 954 2180 suum

178 2197 271 2229 valet.
294 2198 326 2230 Si
347 2202 454 2231 autem
478 2201 663 2242 simpliciter
682 2203 845 2242 intelligit,
872 2203 955 2234 sicut

176 2251 328 2292 insinuat,
340 2263 405 2284 non
421 2255 582 2287 modicum
594 2259 688 2295 errat,
707 2257 783 2298 quia
798 2260 874 2288 tunc
887 2259 956 2298 qui-

175 2314 314 2346 cumque
327 2307 517 2340 voluntariae
529 2310 623 2341 morti
635 2320 667 2341 se
680 2314 865 2351 exponeret,
880 2321 954 2343 cum

175 2359 273 2391 latere
287 2360 339 2392 vel
349 2361 463 2400 fugere
474 2366 589 2402 posset,
607 2367 750 2404 peccaret
765 2366 953 2402 mortaliter,

175 2414 293 2445 faciens
316 2417 426 2446 contra
450 2416 575 2447 Domini
591 2419 779 2458 jussionem.
812 2419 900 2457 Quod
928 2420 955 2450 si

176 2477 290 2500 verum
321 2472 383 2508 est,
408 2469 582 2501 beatissimi
612 2475 767 2513 martyres
779 2498 787 2511 ,
819 2473 932 2505 Petrus
945 2498 952 2512 ,

176 2521 307 2561 Paulus,
328 2523 483 2562 Andreas,
509 2524 713 2564 Laurentius,
736 2526 953 2567 Sebastianus,

176 2574 351 2615 Tiburtius,
368 2576 564 2616 Vincentius,
589 2582 619 2610 et
634 2580 825 2619 consimiles,
852 2581 906 2621 qui
923 2591 955 2612 se

178 2628 262 2660 ultro
281 2632 538 2670 persecutoribus
559 2633 768 2673 tradiderunt,
783 2635 876 2673 digni
892 2644 954 2665 non

178 2684 282 2713 essent
297 2683 402 2722 gloria
412 2687 605 2726 martyrum,
619 2687 670 2718 sed
686 2687 867 2726 ignominia
878 2697 956 2728 prae-

211 2746 218 2762 ¹
235 2746 336 2774 Mami„
352 2754 377 2777 x,
392 2749 415 2771 5.

320 2802 394 2824 ϊοΜ.
419 2802 486 2824 xiv.

1733 244 1792 274 433

1011 311 1239 343 varicatorum.
1269 310 1396 350 Magnae
1420 309 1521 350 igitur
1542 309 1602 341 fuit
1621 309 1792 342 dementiae

1011 366 1235 398 universaliter
1242 365 1415 404 affirmare,
1429 364 1514 406 quod
1522 364 1623 396 sancti
1633 367 1792 405 martyres

1011 419 1180 459 fugerunt,
1207 422 1238 450 et
1259 429 1332 451 cum
1354 418 1612 457 inveniebantur,
1638 418 1793 458 martyrio

1011 483 1044 505 se
1068 474 1257 505 subdebant.
1284 473 1364 505 Nam
1394 474 1454 505 hoc
1483 482 1633 514 expresse
1660 473 1794 512 derogat

1010 527 1193 568 perfectioni
1215 530 1398 559 sanctorum
1414 529 1607 568 martyrum,
1629 526 1705 567 quia
1718 526 1790 567 qui-

1011 582 1087 613 libet
1111 583 1410 622 quantumcumque
1427 581 1646 622 imperfectus,
1664 580 1792 621 quando

1011 645 1076 667 non
1092 637 1194 676 potest
1209 635 1319 675 latere,
1336 637 1462 667 tenetur
1477 635 1619 676 seipsum
1635 634 1791 675 martyrio

1011 690 1158 728 subdere,
1178 698 1214 721 ac
1228 698 1285 730 per
1296 689 1358 720 hoc
1373 689 1451 720 dum
1467 689 1552 720 actui
1568 689 1715 729 fugiendi
1730 688 1792 719 fal-

1010 752 1079 775 sam
1097 744 1271 784 quamdam
1292 743 1520 784 perfectionem
1538 743 1700 782 attribuit,
1718 752 1791 784 per-

1009 798 1098 829 fectis
1122 798 1238 829 Christi
1263 798 1460 839 martyribus
1484 807 1595 829 veram
1613 797 1704 828 tollit.
1723 797 1795 829 Alia

1011 861 1139 892 quoque
1153 852 1237 883 ratio
1251 861 1316 893 qua
1329 854 1463 883 conatur
1479 851 1625 892 probare,
1642 851 1727 891 quod
1745 852 1794 882 fu-

1012 914 1089 945 gere
1103 915 1167 938 non
1183 906 1223 937 sit
1236 906 1472 946 imperfectum,
1493 906 1570 946 quia
1586 905 1650 937 viri
1664 905 1794 945 perfecti

1011 960 1175 999 fugerunt,
1193 960 1361 1001 dupliciter
1371 960 1486 991 deficit.
1502 959 1623 998 Primo,
1638 959 1714 1000 quia
1727 969 1793 990 non

1011 1023 1106 1045 omne
1121 1015 1206 1054 quod
1220 1015 1281 1047 viri
1297 1015 1427 1055 perfecti
1445 1014 1583 1052 faciunt,
1601 1016 1649 1045 est
1671 1023 1713 1045 ex
1732 1014 1794 1045 hoc

1011 1069 1079 1109 ipso
1100 1069 1286 1109 perfectum.
1313 1068 1392 1100 Nam
1417 1068 1499 1099 sicut
1525 1067 1642 1106 Jacob,
1668 1067 1766 1098 David
1784 1091 1792 1106 ,

1012 1122 1102 1153 Urias
1117 1125 1148 1153 et
1162 1122 1329 1153 Mathatias
1342 1122 1511 1162 fugerunt,
1529 1131 1609 1162 quos
1619 1121 1795 1152 introducit

1011 1177 1050 1207 ad
1066 1177 1153 1216 fugae
1168 1177 1491 1215 commendationem,
1510 1177 1553 1207 ita
1567 1176 1662 1207 etiam
1676 1176 1796 1207 habue-

1011 1232 1090 1261 runt
1101 1239 1230 1269 uxores,
1242 1231 1451 1271 proprietates
1463 1230 1710 1271 possessionum,
1721 1239 1794 1270 quae

1010 1286 1118 1314 tamen
1133 1294 1201 1315 sese
1215 1294 1289 1315 cuin
1306 1285 1496 1324 evangelica
1516 1284 1709 1325 perfectione
1728 1293 1795 1315 non

1011 1340 1261 1379 compatiuntur.
1279 1339 1409 1378 Dehinc,
1426 1339 1513 1379 quia,
1530 1340 1566 1370 ut
1581 1348 1678 1379 supra
1698 1348 1792 1370 mon-

1011 1395 1148 1424 stratum
1171 1395 1229 1432 est,
1254 1395 1342 1424 actus
1366 1392 1422 1433 qui
1447 1393 1485 1423 de
1513 1402 1571 1424 suo
1599 1402 1718 1432 genere
1747 1395 1794 1424 est

1012 1447 1226 1488 imperfectus,
1258 1457 1314 1487 per
1342 1447 1483 1487 aliquam
1509 1447 1792 1486 circumstantIam,

1011 1511 1109 1541 quam
1133 1501 1271 1532 charitas
1291 1501 1428 1541 perfecta
1452 1501 1496 1532 illi
1521 1501 1665 1538 adhibet,
1691 1504 1794 1541 potest

1011 1564 1080 1586 esse
1104 1555 1279 1595 perfectus;
1303 1557 1333 1586 et
1362 1555 1432 1586 ideo
1453 1564 1517 1586 non
1537 1555 1660 1586 ratione
1682 1557 1791 1594 aetus,

1012 1610 1065 1640 sed
1086 1610 1209 1640 ratione
1228 1609 1475 1640 circumstantiae
1497 1611 1683 1640 sanctorum
1706 1610 1792 1640 viro-

1011 1672 1086 1694 rum
1098 1662 1133 1693 in
1149 1663 1298 1703 operibus
1320 1663 1509 1703 hujusmodi
1534 1663 1684 1703 perfectio
1704 1672 1793 1694 com-

1012 1717 1193 1748 mendatur.
1221 1717 1396 1755 Praeterea,
1427 1717 1508 1748 sicut
1537 1726 1602 1748 non
1631 1716 1790 1757 sequitur,

1012 1771 1097 1811 quod
1123 1771 1265 1802 occidere
1290 1771 1456 1802 hominem
1480 1771 1520 1801 sit
1547 1771 1669 1802 bonum
1698 1773 1794 1810 atque

1012 1825 1199 1865 perfectum,
1211 1825 1286 1865 quia
1297 1825 1432 1856 Phineas
1442 1827 1472 1855 et
1483 1824 1651 1855 Mathatias
1667 1834 1708 1855 ex
1719 1834 1791 1864 pec-

1012 1880 1157 1909 catorum
1181 1879 1338 1910 occisione
1362 1878 1550 1917 laudantur,
1577 1878 1622 1909 sic
1643 1880 1673 1909 et
1693 1879 1793 1909 ratio-

1011 1941 1078 1971 neS,
1097 1942 1176 1972 quas
1191 1932 1413 1972 multiplicant,
1428 1932 1474 1962 nil
1489 1934 1572 1963 recte
1585 1932 1790 1963 concludunt.

1012 1985 1097 2016 Bene
1111 1988 1221 2017 tamen
1235 1988 1337 2026 potest
1349 1985 1470 2024 inferri,
1487 1985 1573 2026 quod
1585 1986 1611 2016 si
1621 1986 1719 2016 sancti
1731 1986 1793 2017 viri

1012 2040 1134 2080 aliquid
1147 2040 1348 2071 laudabiliter
1371 2040 1524 2078 fecerunt,
1549 2039 1626 2071 illud
1644 2040 1714 2071 fieri
1736 2049 1791 2080 po-

1011 2097 1071 2125 test
1086 2104 1144 2134 pro
1159 2094 1226 2125 loco
1242 2096 1272 2125 et
1289 2103 1346 2135 pro
1361 2097 1504 2134 tempore
1519 2094 1640 2135 absque
1650 2097 1790 2135 peccato,

1011 2149 1092 2179 sicut
1116 2157 1203 2179 sacer
1224 2148 1418 2178 Athanasius
1443 2148 1579 2188 probare
1601 2148 1738 2186 videtur,
1761 2151 1793 2179 et

1011 2202 1158 2233 intendit.
1182 2202 1245 2234 Nec
1269 2204 1376 2233 tamen
1399 2212 1439 2233 ex
1458 2202 1518 2233 hoc
1540 2203 1685 2243 sequitur
1707 2203 1792 2242 quod

1012 2257 1053 2287 sit
1068 2256 1241 2296 perfectum
1253 2280 1260 2294 ,
1287 2255 1347 2285 nisi
1364 2256 1480 2295 pariter
1496 2256 1689 2294 includatur,
1707 2256 1792 2296 quod

1012 2311 1209 2351 imperfectio
1227 2312 1392 2350 peccatum
1407 2310 1550 2349 includit,
1568 2310 1649 2341 sicut
1663 2311 1714 2341 hic
1726 2320 1794 2350 per-

1013 2374 1105 2395 verse
1128 2363 1335 2403 dogmatizat.
1362 2363 1453 2401 Quod
1473 2364 1549 2404 qnia
1568 2364 1715 2404 superius
1729 2365 1791 2395 im-

1013 2419 1182 2459 probatum
1202 2420 1259 2457 est,
1285 2418 1338 2449 hic
1361 2427 1629 2450 commemorasse
1644 2419 1790 2449 sufficiat.

1053 2472 1135 2503 Sane
1143 2472 1300 2503 distinctio
1309 2481 1407 2512 quam
1416 2472 1629 2512 subjungitde
1636 2473 1737 2504 modis
1748 2473 1794 2503 fu-

1013 2527 1132 2567 giendi,
1141 2536 1222 2566 quos
1233 2526 1270 2557 de
1285 2535 1318 2556 se
1329 2529 1462 2557 conatur
1473 2526 1626 2566 perfectos
1637 2529 1791 2569 astruere,

1013 2590 1049 2611 ac
1072 2580 1288 2620 multipliciter
1305 2589 1362 2620 per
1384 2580 1532 2619 exempla
1555 2580 1792 2619 commendare,

1014 2644 1077 2665 non
1105 2634 1246 2665 veritatis
1272 2633 1531 2664 dilucidationem
1551 2633 1662 2664 tribuit
1683 2634 1794 2664 menti-

1013 2689 1075 2719 bus
1096 2688 1292 2727 legentium,
1319 2687 1397 2727 quin
1421 2687 1525 2727 potius
1545 2688 1661 2719 erroris
1681 2688 1793 2727 caligi-

1013 2751 1100 2781 nem,
1113 2742 1174 2773 nisi
1186 2741 1317 2772 sollicita
1332 2741 1616 2782 circumspectione
1630 2744 1792 2775 caveatur.

1617 2800 1654 2828 :is
