2029 3052
602 214 890 250 RESPONSIONIS
913 215 1104 249 SECUNDAE
1127 216 1255 249 CAPUT
1275 216 1314 249 11.

150 291 209 328 est,
226 289 418 322 erraverunt
441 287 500 320 viri
519 285 704 324 clarissimi,
729 284 784 326 qui
809 293 929 324 magna

150 346 181 376 et
202 344 286 376 mira
308 343 437 375 fuerunt
463 340 654 373 abstinentia
675 338 811 380 praediti.
836 337 930 370 Errat

149 400 181 430 et
195 407 282 429 nunc
295 397 404 429 sancta
417 397 519 427 mater
539 393 688 432 Ecclesia,
706 402 779 434 quae
801 392 835 424 in
847 393 930 433 JeJu-

149 451 214 483 niis
228 451 268 483 ab
287 451 358 492 ipsa
371 449 533 488 institutis,
547 449 640 489 Jubet
653 447 813 479 abstinere
827 456 846 478 a
861 455 928 478 car-

149 505 257 544 nibus,
273 506 304 536 et
322 504 362 536 ab
377 503 427 535 his
446 511 520 544 quae
540 501 752 534 sementinam
772 501 845 532 inde
859 502 927 532 tra-

149 559 233 591 hunt
247 558 419 599 originem.
437 558 553 590 Errare
569 557 723 598 probatur
738 555 859 596 etipse,
872 555 929 596 qui

150 615 207 645 aut
221 622 344 644 moreni
355 612 501 653 sequitur
515 611 673 650 Ecclesiae,
688 612 719 642 et
731 612 808 641 tunc
818 619 930 641 secun-

150 667 228 699 dum
248 676 342 699 suam
361 666 551 698 sententiam
573 667 620 697 est
638 665 852 703 ManichaeuS,
875 666 931 696 aut

151 730 275 753 moreni
296 721 383 752 hunc
398 729 526 752 sacrum
547 720 730 760 impugnat,
749 720 781 750 et
794 720 870 750 tunc
884 720 932 750 est

150 775 314 807 Joviniani
326 774 513 814 discipulus.
530 773 648 804 Audiat
662 773 766 812 igitur
780 781 844 804 non
859 781 929 812 nos,

150 829 205 860 sed
220 828 453 868 Augusfinum,
469 830 580 858 contra
590 827 818 858 Adamantium
834 826 932 857 Mani-

150 882 290 922 chaeum,
308 884 339 913 et
353 881 391 912 de
406 881 569 922 discipulis
584 881 669 912 illius
685 882 779 911 sectae
794 880 929 921 loquen-

150 938 227 968 tem.
249 948 263 967 ι(
279 936 369 975 Istos,
386 946 401 965 ι)
416 935 532 976 inquit,
549 936 557 952 ¹
572 947 586 965 «
601 935 796 974 significavit
809 935 933 966 futuros

151 990 322 1031 Apostolus
337 990 370 1020 in
387 990 584 1030 temporibus
605 989 799 1027 novissimiS,
819 989 930 1029 prohi-

150 1044 262 1076 bentes
285 1044 425 1083 nubere,
453 1045 484 1074 et
510 1043 667 1074 abstinere
691 1053 710 1074 a
732 1043 826 1081 cibis,
852 1052 932 1084 quos

152 1099 235 1130 Deus
255 1099 386 1130 creavit.
412 1098 477 1129 Hos
503 1098 589 1129 enim
614 1098 742 1138 proprie
768 1098 930 1138 designat,

151 1153 206 1194 qui
222 1162 255 1184 se
269 1162 334 1184 non
351 1154 518 1193 propterea
537 1153 717 1192 temperant
731 1161 750 1183 a
765 1152 841 1183 cibis
862 1153 933 1184 tali-

151 1206 230 1245 bus,
256 1208 292 1237 ut
316 1208 371 1238 aut
392 1206 680 1246 concupiscentiam
707 1215 798 1237 suam
821 1207 932 1238 refrae-

150 1262 239 1299 nent,
256 1262 312 1291 aut
326 1260 503 1291 infirmitati
521 1260 652 1291 alterius
666 1263 807 1301 parcant.
828 1272 842 1290 >³
861 1261 930 1292 Au-

151 1314 217 1346 diat
243 1314 339 1346 etiam
373 1314 608 1355 Hieronymum
642 1318 755 1347 contra
779 1316 928 1348 Jovinia-

151 1378 256 1401 num:
281 1380 296 1399 «
316 1369 486 1410 Reprobat,
511 1381 525 1398 »
551 1369 655 1410 inquit
676 1370 698 1408 2,
719 1381 734 1399 c<
759 1370 932 1410 Apostolus

152 1433 205 1455 eos
220 1424 276 1464 qui
299 1423 513 1464 prohibebant
535 1424 667 1462 nubere,
691 1426 721 1455 et
742 1424 900 1464 jiibebant
914 1434 934 1455 a

153 1477 231 1508 cibis
246 1477 420 1515 abst'mere;
444 1477 497 1508 sed
515 1477 707 1508 Marcionem
726 1478 884 1518 designat,
901 1481 933 1510 et

154 1533 285 1562 caeteros
304 1531 483 1570 haereticos,
507 1531 562 1572 qui
586 1531 810 1563 abstinentiam
835 1532 933 1563 indu-

153 1588 231 1617 cunt
245 1588 443 1626 perpetuam,
466 1586 505 1617 ad
527 1586 721 1618 destruenda
740 1588 771 1617 et
789 1589 932 1618 contem-

153 1640 259 1671 nenda
274 1642 305 1671 et
318 1640 534 1671 abominanda
555 1649 652 1680 opera
676 1640 841 1672 Creatoris.
870 1641 934 1672 Nos

154 1695 262 1725 autem
276 1703 405 1725 omnem
422 1696 603 1725 creaturam
623 1695 803 1734 laudamus,
821 1698 851 1726 et
867 1705 935 1726 ma-

154 1748 234 1779 ciem
249 1748 384 1788 saginae,
401 1749 630 1780 abstinentiam
643 1749 794 1788 luxuriae,
810 1750 936 1790 Jejunia

154 1803 357 1843 praeferimus
379 1803 556 1842 saturitati,
579 1806 610 1835 et
630 1813 649 1835 a
671 1804 783 1835 diebus
803 1804 936 1836 Joannis

155 1856 304 1896 Baptistae
322 1857 517 1897 J'ejnnatoris
548 1859 580 1888 et
611 1858 767 1898 virginis,
793 1868 936 1898 regnum

155 1910 310 1942 coelorum
324 1911 390 1942 vini
414 1911 542 1951 patitur.
559 1922 574 1939 ))
599 1911 633 1942 ln
656 1912 707 1942 his
728 1912 802 1943 satis
822 1912 935 1944 Hiero-

155 1974 275 2005 nymus
289 1964 460 2003 Joviniani,
478 1966 509 1995 et
523 1965 599 1997 novi
612 1967 774 1997 sectatoris
790 1967 892 2007 ipsius
902 1977 938 1998 os

156 2018 303 2056 obstruit,
319 2028 369 2058 ne,
382 2018 482 2049 instar
492 2019 628 2059 sepulcri
642 2020 789 2059 patentis⁷
803 2029 936 2052 suorum

157 2073 340 2103 carnalitate
356 2081 559 2111 sermonum,
581 2075 736 2113 tanquam
761 2074 937 2106 exhalatio-

156 2127 251 2157 nibus
266 2127 392 2165 fcetidis,
406 2126 549 2157 fidelium
564 2130 687 2158 mentes
702 2128 825 2159 sobrias
839 2131 869 2160 et
882 2139 939 2169 pu-

157 2181 242 2212 dicas
267 2181 403 2219 inficiat,
431 2190 600 2221 moresque
623 2185 818 2223 corrumpat.
843 2183 935 2222 Nam,

158 2236 195 2266 ut
218 2234 261 2265 ait
287 2234 455 2275 Apostolus
476 2236 485 2252 ³
511 2246 518 2266 z
549 2247 563 2265 α
590 2235 807 2277 Corrumpunt
838 2238 938 2269 bonos

159 2297 274 2327 mores,
286 2288 443 2328 colloquia
451 2298 560 2328 prava.
574 2300 588 2318 >³
609 2289 692 2321 Sane
702 2291 778 2330 quia
794 2291 937 2322 studium

159 2351 227 2373 esse
234 2342 399 2373 consuevit
406 2343 594 2380 errantium,
602 2343 790 2374 testimoniis
796 2345 939 2376 veritatis

159 2404 308 2436 perverse
325 2395 490 2426 intellectis
502 2419 510 2433 ,
528 2396 683 2427 adversus
698 2397 801 2437 ipsam
818 2399 938 2429 verita-

159 2451 223 2480 tem
240 2449 424 2489 confligere,
437 2449 507 2481 ideo
518 2453 750 2490 consequenter
766 2453 894 2483 munire
906 2462 939 2483 se

158 2504 272 2535 nititur
287 2504 472 2535 auctoritate
495 2504 749 2545 Scripturarum,
769 2506 874 2546 prin-0
889 2507 937 2538 al-

160 2557 274 2597 legans
289 2557 368 2588 illud
382 2558 523 2598 Apostoli
539 2558 549 2574 ⁶
568 2569 574 2588 ε
597 2558 705 2591 Omnis
722 2562 868 2592 creatura
885 2562 941 2593 Dei

194 2656 201 2672 1
218 2656 334 2687 August„
349 2658 413 2680 conl.
430 2656 560 2680 Adimam.
582 2658 701 2687 Matuta,
720 2665 741 2682 c.
760 2665 811 2689 xiv,
829 2666 853 2684 n.
871 2660 893 2683 2.
909 2674 940 2678 —

163 2692 173 2707 ²
186 2691 301 2721 Hieron„
315 2692 372 2716 ndu.
388 2693 526 2722 lovinion„
539 2693 583 2717 lib.
601 2694 618 2717 l.
630 2707 658 2711 —
674 2694 682 2707 ³
697 2695 701 2717 l
719 2695 788 2724 Cora,
801 2701 843 2726 xv,
860 2697 897 2720 33.
910 2709 939 2714 —

162 2727 336 2758 ¹⁹1Tim.,1v,
356 2730 374 2752 ¹«.
386 2730 437 2747 —5
454 2729 511 2759 Tit„
527 2735 542 2760 ι,
559 2731 597 2754 15.
614 2744 644 2747 —
657 2730 667 2747 ὅ
682 2731 784 2761 Matth„
800 2737 842 2762 XV,
859 2734 939 2757 11.—

1707 219 1760 248 441

987 284 1078 317 bona.
1094 284 1133 316 Et
1147 285 1264 317 iterum
1282 285 1292 303 '⁵
1309 296 1316 317 :
1343 284 1461 317 Omnia
1475 283 1600 316 munda
1622 283 1765 317 mundis·

987 338 1041 371 Cui
1058 339 1165 379 etiam,
1183 338 1377 380 interpositis
1389 338 1594 379 quibusdam,
1608 338 1768 370 subnectit

985 393 1211 434 evangelicum
1234 393 1312 425 illud
1331 397 1341 414 ⁶
1367 404 1373 424 :
1400 393 1472 426 Non
1496 392 1583 433 quod
1603 392 1708 425 intrat
1729 394 1768 425 in

986 455 1031 486 os,
1051 449 1242 488 coinquinat
1263 447 1430 480 hominem.
1458 446 1580 485 Quibus
1603 447 1700 478 etiam
1716 447 1767 478 in-

985 501 1124 542 terponit
1139 501 1360 533 auctoritatem
1380 500 1553 541 Augustini
1574 500 1616 532 De
1636 501 1769 533 civitate

987 556 1058 595 Dei,
1076 555 1131 596 qui
1151 555 1225 586 dicit
1247 556 1270 594 ⁷,
1297 555 1382 596 quod
1406 566 1420 584 α
1443 554 1640 586 consuetudo
1664 554 1770 586 victus

987 619 1051 641 non
1068 608 1200 649 impedit
1218 608 1420 648 religionem.
1437 619 1451 637 ι)
1470 610 1517 638 Ex
1532 608 1651 648 quibus
1672 617 1767 640 cona-

987 666 1040 695 tur
1053 665 1208 702 astruere,
1225 664 1310 704 quod
1323 663 1515 694 abstinentia
1527 663 1672 694 ciborum
1687 662 1769 694 nihil

987 719 1062 750 facit
1078 718 1117 750 ad
1133 718 1370 759 perfectionem,
1383 727 1441 749 nee
1454 717 1598 758 ipsorum
1613 727 1704 755 usus,
1718 717 1769 749 vel

988 773 1139 814 sumptio,
1157 773 1196 804 ad
1213 773 1497 813 imperfectionem.
1518 772 1608 804 Unde
1623 774 1654 803 et
1671 772 1744 803 dicit
1759 783 1767 803 :

992 839 1006 858 c«
1032 827 1306 868 imperfectionem
1328 836 1395 859 non
1421 826 1495 858 facit
1520 826 1573 857 Dei
1602 827 1768 865 creatura,

989 882 1043 913 sed
1060 891 1149 913 mens
1162 882 1303 920 infirma,
1320 884 1350 913 et
1362 881 1508 913 nesciens
1522 880 1570 912 uti
1586 890 1633 911 ea.
1652 880 1771 912 Idcirco

990 937 1094 977 magis
1112 936 1140 967 ei
1155 936 1358 976 abstinentia,
1376 945 1475 977 quam
1500 936 1647 976 perfectae
1672 934 1770 966 menti

989 994 1036 1023 est
1057 991 1244 1023 necessaria.
1266 1002 1280 1020 »
1300 990 1367 1022 Hoc
1390 991 1417 1021 si
1442 999 1558 1022 verum
1582 992 1640 1029 est,
1657 992 1688 1021 et
1709 989 1772 1020 hu-

984 1045 1129 1085 jusmodi
1155 1045 1236 1076 ratio
1261 1044 1382 1085 aliquid
1409 1043 1533 1075 roboris
1557 1043 1669 1082 habet3
1697 1052 1771 1074 cum

989 1099 1074 1130 bona
1089 1099 1276 1140 temporalia
1291 1099 1354 1129 sint
1365 1100 1520 1129 creaturae
1533 1097 1597 1135 Dei,
1613 1098 1645 1128 et
1656 1096 1772 1128 mulier

989 1154 1126 1184 formata
1141 1164 1159 1184 a
1174 1153 1246 1192 Deo,
1265 1155 1296 1184 et
1310 1153 1514 1193 conjugium,
1532 1151 1616 1192 qnod
1626 1151 1698 1192 plus
1711 1153 1770 1190 est,

990 1208 1030 1238 sit
1045 1207 1170 1239 Domini
1184 1209 1434 1246 sacramentum,
1448 1209 1478 1238 et
1488 1207 1618 1237 libertas
1632 1206 1771 1246 propriae

990 1263 1164 1295 voluntatis
1179 1263 1219 1293 sit
1233 1263 1353 1294 donum
1369 1262 1529 1299 divinum,
1554 1260 1636 1291 nihil
1653 1260 1772 1291 horum

990 1318 1029 1349 ad
1051 1318 1325 1358 imperfectionem
1347 1317 1435 1355 facit,
1455 1316 1623 1356 magisque
1645 1324 1773 1354 compe-

989 1374 1061 1403 tunt
1075 1372 1145 1403 haec
1168 1372 1329 1412 perfectis,
1355 1380 1453 1412 quam
1479 1369 1682 1411 imperfectis,
1701 1371 1771 1400 tan-

989 1435 1088 1466 quam
1111 1425 1227 1456 melius
1249 1425 1421 1456 scientibus
1445 1425 1502 1456 uti.
1532 1424 1634 1463 Magis
1657 1423 1772 1463 igitur,

991 1479 1169 1510 secundum
1194 1479 1278 1510 hanc
1299 1479 1459 1510 indoctam
1479 1478 1669 1515 doctrinam,
1696 1486 1772 1517 per-

990 1534 1078 1564 fectis
1093 1533 1245 1574 competit
1257 1533 1383 1565 divitias
1394 1533 1565 1573 possidere,
1578 1541 1677 1572 quam
1690 1540 1775 1571 sper-

991 1597 1084 1626 nere;
1102 1587 1206 1627 magis
1217 1588 1350 1627 nubere,
1364 1596 1462 1628 quam
1474 1586 1651 1624 continere;
1670 1585 1774 1625 magis

991 1642 1045 1682 agi
1061 1642 1225 1673 voluntate
1239 1641 1381 1682 proprIa⁷
1399 1650 1498 1681 quam
1512 1639 1691 1680 gubernari
1704 1639 1776 1670 alie-

991 1705 1043 1727 na.
1071 1695 1117 1726 Ex
1141 1696 1260 1736 quibus
1283 1695 1380 1725 etiam
1408 1694 1489 1725 illud
1510 1694 1664 1731 infertur,
1689 1692 1776 1733 quod

991 1750 1135 1781 doctrina
1150 1749 1265 1780 Christi
1281 1749 1377 1780 fuerit
1398 1747 1584 1788 perfectioni
1604 1743 1774 1778 centraria.

991 1804 1040 1834 Ad
1056 1803 1141 1843 qnod
1159 1802 1288 1843 quidem
1312 1802 1552 1839 inconveniens,
1570 1801 1702 1831 auribus
1716 1801 1776 1841 piis

991 1858 1206 1895 horrendum,
1231 1866 1438 1896 nequaquam
1462 1855 1660 1893 devenisset,
1681 1855 1707 1885 si
1723 1864 1774 1885 ea-

992 1921 1079 1950 rum,
1098 1920 1177 1952 quas
1195 1911 1323 1949 allegat,
1341 1909 1567 1941 auctoritatum
1585 1908 1776 1939 catholicum

965 1999 968 2003 ,
993 1966 1155 1997 habuisset
1171 1965 1380 1996 intellectum.
1407 1963 1488 1994 Nam
1504 1963 1675 1994 auctoritas
1688 1962 1776 2003 Apo-

993 2021 1076 2059 stoli,
1095 2029 1192 2060 quam
1208 2019 1368 2060 proponit,
1383 2018 1611 2049 haereticorum
1627 2017 1778 2057 reprobat

992 2075 1209 2115 impietaten13
1232 2073 1458 2112 evangelicum
1488 2072 1642 2110 verbum,
1664 2071 1775 2102 Phari-

994 2138 1134 2160 saeornm
1154 2126 1429 2168 snperstitionen1;
1452 2126 1504 2156 sed
1525 2126 1729 2165 Augustinus
1744 2126 1777 2156 in

995 2183 1093 2215 verbo
1110 2181 1272 2223 proposito
1292 2181 1483 2211 adversatur
1505 2180 1662 2219 utrisque.
1687 2179 1777 2217 Quod

995 2238 1083 2269 enim
1116 2236 1259 2268 Christus
1284 2234 1461 2265 Pharisaeos
1485 2234 1524 2264 de
1555 2234 1778 2274 superstitione

996 2291 1129 2328 notavit,
1146 2292 1177 2321 et
1195 2292 1301 2320 textus
1318 2282 1525 2329 evangelicus
1548 2290 1656 2328 aperte
1672 2288 1776 2318 decla-

996 2348 1056 2383 rat,
1074 2347 1104 2376 et
1120 2344 1228 2375 Glossa
1241 2343 1381 2383 exponit,
1401 2352 1474 2383 quae
1490 2351 1587 2383 super
1602 2342 1679 2373 illud
1696 2342 1775 2372 Mat-

996 2399 1073 2430 thaei
1088 2402 1098 2417 ὃ
1118 2398 1213 2430 :Non
1232 2397 1318 2438 quod
1341 2398 1443 2429 intrat
1463 2398 1499 2429 in
1525 2404 1571 2435 os,
1587 2397 1778 2436 coinquinat

998 2453 1168 2491 hominem,
1185 2452 1229 2482 ait
1243 2454 1274 2482 8;
1296 2463 1310 2480 (ι
1333 2451 1401 2482 Uno
1424 2460 1571 2482 sermone
1592 2450 1697 2481 omnis
1722 2459 1778 2480 su-

997 2507 1138 2547 perstitio
1166 2506 1426 2537 observationum
1452 2505 1597 2543 eliditur,
1635 2505 1713 2535 dum
1743 2504 1777 2534 in

997 2560 1212 2592 discernendis
1228 2560 1304 2590 cibis
1318 2559 1431 2599 reilgio
1446 2560 1588 2599 putatur.
1604 2570 1618 2587 »
1638 2558 1729 2596 Quod
1740 2558 1778 2589 de
1811 2564 1813 2567 ’

998 2624 1034 2645 ea
1056 2614 1244 2645 discretione
1272 2613 1516 2653 intelligendum
1541 2615 1604 2652 est,
1632 2622 1705 2653 quae
1727 2621 1776 2643 se-

998 2697 1005 2710 ⁷
1022 2698 1096 2726 Aug„
1113 2694 1141 2718 cle
1157 2695 1232 2719 Cim't.
1250 2696 1306 2723 Dei,
1321 2694 1364 2719 lib.
1382 2695 1481 2723 xmo.
1499 2700 1551 2718 xux.
1571 2708 1594 2711 —
1614 2695 1622 2708 Β
1637 2694 1729 2724 Gloss,
1745 2700 1777 2717 ex

1001 2732 1062 2757 Bed.
1080 2732 1105 2756 in
1121 2731 1223 2762 Mattlz„
1237 2737 1279 2755 xv.
