2029 3052
877 198 1007 232 CAPUT
1029 198 1093 231 XV.

175 272 243 304 sine
262 272 327 303 fine
342 271 487 312 quiescit.
509 269 652 302 Minister
671 276 800 310 quoque
819 267 954 298 fratrum

175 325 209 357 in
224 327 308 357 terra
321 324 453 357 Laboris
464 325 541 356 tunc
549 325 618 355 erat
627 323 724 354 frater
735 320 953 361 Augustinus,

179 379 226 410 vir
239 379 350 420 utique
364 379 491 410 sanctus
511 378 542 409 et
553 378 671 417 justus,
688 375 746 417 qui
763 375 798 406 in
812 374 894 406 hora
907 372 956 404 ul-

176 433 256 464 tima
269 432 402 474 posituS,
418 440 492 463 cum
503 432 569 472 Jam
581 430 637 462 diu
646 428 834 471 perdidisset
848 427 955 467 loque-

175 486 252 526 lam,
269 485 470 518 audientibus
480 483 537 525 qui
550 484 704 522 astabant,
717 482 823 514 subito
838 480 956 512 clama-

176 540 235 579 vit,
252 540 283 571 et
294 538 397 571 dixit:
423 537 562 578 Expecta
584 547 646 577 me,
674 539 775 578 pater,
801 536 952 576 expecta3

176 602 247 624 ecce
258 593 327 633 ,iam
349 591 443 624 venio
464 593 582 623 tecum.
599 590 825 629 Quaerentibus
846 587 954 620 fratri-

176 646 248 686 bus,
265 648 297 677 et
311 645 542 677 admirantibus
553 645 706 683 multum,
723 643 774 675 cui
790 643 833 674 sic
847 642 956 682 loque-

177 701 278 738 retur,
307 699 459 730 audacter
486 698 651 739 respondit
665 707 673 729 ε
700 697 813 728 Nonne
842 695 956 728 videtis

176 754 300 794 patrem
314 753 460 783 nostrum
486 751 704 790 Franciscum,
731 751 787 791 qui
808 749 897 782 vadit
917 749 956 780 ad

176 805 316 837 coelum?
331 804 370 836 Et
384 805 492 836 statim
507 807 617 836 sancta
636 805 735 845 ipsius
757 804 877 841 anima,
894 803 955 834 mi-

178 868 277 899 grans
298 869 317 890 a
331 867 436 898 carne,
460 860 583 899 patrem
606 860 653 890 est
667 860 776 889 secuta
794 856 962 895 sanctissi-‚

176 921 279 944 mum.
311 912 486 953 Episcopus
521 912 679 943 Assisinas
707 911 747 943 ad
779 910 957 942 oratorium

176 966 284 998 Sancti
294 965 456 997 Michaelis
467 966 500 996 in
513 968 621 997 monte
632 965 780 1005 Gargano
793 967 869 996 tunc
879 967 958 995 tem-

176 1019 263 1060 poris
277 1019 545 1060 peregrinationis
567 1028 663 1050 causa
685 1020 888 1060 perrexerat3
906 1018 957 1049 cui

176 1073 288 1105 beatus
310 1073 497 1104 Franciscus
520 1082 677 1114 apparens
698 1074 791 1104 nocte
806 1072 958 1103 transitus

177 1127 229 1158 sui
251 1127 332 1157 dixit
348 1137 354 1157 :
372 1126 452 1158 Ecce
467 1126 613 1167 relinquo
633 1126 805 1163 mundum,
824 1127 855 1156 ct
877 1125 959 1156 vado

177 1180 217 1211 ad
242 1179 371 1211 coelum.
392 1182 483 1212 Mane
506 1180 610 1220 igitur
632 1189 771 1219 surgens
793 1179 959 1219 episcopus

178 1233 270 1265 sociis
294 1233 437 1265 narravit
459 1243 533 1274 quae
559 1234 654 1272 vidit;
681 1235 712 1264 et
728 1233 887 1264 Assisium
910 1242 958 1263 re-

177 1287 280 1327 diens,
304 1297 379 1319 cum
401 1288 532 1319 sollicite
554 1288 771 1328 perquisisset,
792 1286 957 1317 certitudi-

177 1342 292 1373 naliter
305 1342 470 1382 comperit,
488 1342 572 1382 quod
586 1351 624 1372 ea
642 1341 733 1380 hora,
749 1350 813 1381 qua
825 1340 883 1371 sibi
901 1349 959 1380 per

178 1396 336 1429 visionem
350 1397 500 1434 innotuit,
511 1397 624 1428 beatus
635 1396 727 1427 Pater
739 1405 780 1427 ex
792 1395 854 1426 hoc
865 1404 958 1426 mun-

179 1450 220 1482 do
239 1451 406 1490 migravit.
431 1451 563 1481 Alaudae
586 1459 662 1482 aves
682 1449 762 1480 lucis
782 1449 905 1486 amicae,
929 1450 959 1479 et

181 1504 443 1545 crepusculorum
466 1504 612 1535 tenebras
627 1504 857 1541 horrescentes,
878 1503 958 1533 hora

180 1558 333 1589 transitus
354 1558 453 1589 sancti
475 1557 549 1596 viri,
575 1566 649 1588 cum
667 1558 735 1596 Jam
755 1558 837 1587 esset
858 1556 959 1587 noctis

181 1613 340 1643 secuturae
363 1611 599 1651 crepusculum,
620 1612 779 1641 venerunt
800 1610 834 1640 in
850 1610 960 1640 multi-

181 1665 293 1696 tudine
306 1674 427 1705 magna
450 1673 546 1704 super
568 1665 689 1694 tectum
710 1663 836 1701 domus,
860 1666 890 1693 et
904 1663 960 1694 diu

179 1727 253 1750 cum
274 1718 402 1749 insolita
423 1717 562 1757 quadam
581 1716 773 1756 jubilatione
796 1718 957 1755 rotantes,

179 1772 292 1812 gloriae
316 1772 428 1810 sancti⁷
445 1771 500 1811 qui
516 1779 568 1801 eas
584 1770 623 1801 ad
637 1770 761 1801 divinas
782 1770 891 1801 laudes
914 1771 960 1801 in-

179 1826 281 1857 vitare
291 1825 402 1856 solitus
416 1826 494 1863 erat,
510 1826 576 1855 tam
591 1824 772 1864 jucundum
788 1833 886 1864 quam
897 1824 961 1856 evi-

180 1879 257 1910 dens
272 1879 493 1910 testimonium
508 1878 729 1918 perhibebant.

443 1989 586 2023 CAPUT
613 1989 691 2023 XV.

251 2073 289 2099 De
308 2072 525 2105 canonizatione,
545 2073 570 2098 et
591 2070 770 2098 translatione
790 2071 888 2105 ipsius.

220 2147 405 2178 Franciscus
418 2146 530 2186 igitur,
548 2154 662 2177 servus
677 2147 708 2176 et
722 2146 845 2177 amicus
861 2146 957 2177 Altis-

182 2201 265 2238 simi,
282 2199 405 2231 Ordinis
415 2199 576 2231 Minorum
590 2199 738 2230 Fratrum
754 2199 915 2231 institutor
930 2202 960 2231 et

182 2253 259 2292 dux,
268 2252 462 2293 paupertatis
467 2253 635 2292 professor,
643 2252 838 2292 poeniteutiae
844 2253 958 2292 forma,

181 2307 324 2339 veritatis
339 2315 455 2346 praeco,
474 2305 648 2336 sanctitatiS
664 2306 844 2346 speculum,
862 2309 893 2337 et
911 2310 958 2338 to-

180 2361 246 2392 tius
255 2359 452 2399 evangelicae
460 2360 659 2399 perfectionis
668 2360 841 2400 exemplar,
852 2370 960 2401 super-

182 2424 224 2445 na
239 2415 423 2455 praeventus
439 2413 554 2452 gratia,
571 2413 716 2443 ordinato
731 2422 904 2453 progressu
920 2416 959 2446 ab

179 2469 300 2499 intimis
315 2468 461 2508 pervenit
476 2467 514 2498 ad
530 2476 669 2498 summa.
680 2467 773 2498 Hunc
783 2468 891 2499 virum
903 2470 960 2499 mi-

181 2522 326 2561 rabilem,
342 2524 452 2562 utpote
469 2522 656 2561 paupertate
670 2522 882 2561 praedivitem,
900 2524 959 2554 hu-

182 2576 314 2606 militate
329 2575 511 2613 sublimem,
539 2574 782 2606 mortificatione
797 2576 957 2616 vividum,

183 2629 383 2669 simplicitate
412 2628 602 2669 prudentem
615 2652 622 2666 ,
648 2628 802 2668 omnique
830 2639 958 2662 morum

184 2681 347 2713 honestate
362 2682 580 2722 conspicuum,
606 2690 703 2721 quem
720 2681 754 2712 in
771 2683 837 2714 vita
852 2683 959 2715 Domi-

1733 204 1792 234 343

1012 275 1075 298 nus
1097 266 1284 298 mirabiliter
1307 266 1454 298 effecerat
1475 268 1610 308 clarum,
1635 269 1668 299 in
1690 270 1793 301 morte

1012 320 1084 351 feeit
1099 319 1392 360 incomparabiliter
1403 320 1580 353 clariorem.
1596 320 1689 353 Beato
1703 331 1794 353 nam-

1011 382 1074 414 que
1090 373 1159 405 viro
1174 373 1333 413 migrante
1347 383 1366 405 a
1380 375 1509 414 saeculo,
1527 376 1660 416 spiritus
1675 376 1727 407 ille
1745 385 1792 408 sa-

1012 436 1065 458 cer
1078 427 1210 459 domum
1222 428 1409 460 aeternitatis
1419 429 1616 469 ingrediens,
1633 430 1794 471 fontisque

1012 480 1088 512 vitae
1104 481 1222 512 haustu
1238 481 1381 521 plenario
1401 482 1563 522 gloriosus
1581 483 1724 522 effectus,
1741 493 1794 515 ex-

1013 543 1120 575 pressa
1143 535 1292 575 quaedam
1315 536 1347 566 in
1375 546 1507 578 corpore
1535 537 1653 569 futurae
1680 537 1794 578 gloriae

1013 588 1107 628 signa
1122 588 1261 629 reliquit,
1278 591 1314 620 ut
1328 599 1401 621 caro
1416 590 1471 621 illa
1485 591 1684 622 sanctissima
1694 615 1704 630 ,
1720 599 1794 631 quae

1013 642 1167 673 crucifixa
1189 652 1263 673 cum
1279 643 1366 675 vitiis
1381 644 1414 675 in
1440 654 1557 677 novam
1577 646 1645 686 jam
1666 647 1794 677 creatu—

1013 705 1083 727 ram
1098 697 1279 737 transierat,
1299 701 1331 728 et
1344 698 1498 738 passionis
1519 698 1634 731 Christi
1649 699 1794 739 effigiem

1014 750 1178 790 privilegii
1201 751 1426 791 singularitate
1454 752 1628 792 praeferret,
1652 756 1682 784 ct
1701 753 1794 785 novi-

1014 806 1077 835 tate
1105 805 1251 836 miraculi
1279 806 1523 837 resurrectionis
1547 806 1685 846 speciem
1710 815 1794 847 prae-

1014 860 1216 889 monstraret.
1241 859 1459 890 Cernebantur
1482 859 1615 900 quidem
1639 859 1672 890 in
1698 868 1797 890 mem-

1015 913 1081 943 bris
1095 912 1158 943 illis
1170 912 1313 944 felicibus
1328 913 1409 944 clavi
1424 923 1465 945 ex
1480 914 1549 954 ejus
1563 922 1658 944 carne
1678 913 1797 944 virtute

1015 965 1124 997 divina
1138 966 1272 997 mirifice
1287 967 1460 1006 fabrefacti,
1478 968 1586 1008 sicque
1596 967 1684 998 carni
1694 967 1797 998 eidem

1015 1019 1128 1058 innati,
1154 1020 1239 1060 quod
1263 1020 1341 1051 dum
1357 1030 1375 1051 a
1397 1023 1484 1061 parte
1503 1021 1645 1062 qualibet
1669 1030 1795 1061 preme-

1015 1076 1138 1112 rentur,
1156 1075 1303 1115 protinus
1318 1076 1409 1115 quasi
1422 1076 1515 1108 nervi
1529 1075 1672 1106 continui
1683 1077 1714 1106 et
1723 1075 1798 1106 duri

1016 1128 1054 1158 ad
1080 1130 1203 1168 partem
1227 1128 1403 1168 oppositam
1428 1130 1635 1160 resultabant.
1666 1129 1799 1161 Inventa

1016 1190 1144 1222 quoque
1164 1182 1222 1213 fuit
1242 1183 1402 1223 patentius
1419 1183 1452 1214 in
1468 1183 1569 1223 ipsius
1584 1192 1716 1223 corpore
1732 1192 1798 1214 non

1016 1235 1135 1266 inflicta
1149 1236 1351 1274 humanitus,
1375 1246 1479 1277 neque
1498 1238 1592 1276 facta,
1614 1237 1710 1276 plaga
1719 1236 1797 1277 ‘vul-

1015 1286 1102 1316 neris
1121 1286 1276 1325 lateralis,
1303 1287 1402 1318 instar
1424 1288 1582 1319 vulnerati
1600 1288 1707 1319 lateris
1729 1287 1797 1319 Sal-

1017 1340 1147 1379 vatoris,
1160 1341 1245 1380 quod
1259 1341 1486 1381 redemptionis
1499 1344 1530 1372 et
1543 1342 1798 1381 regenerationis

1016 1393 1168 1424 humanae
1186 1394 1217 1424 in
1234 1395 1300 1434 ipso
1316 1394 1526 1435 Rcdemptore
1543 1398 1651 1426 nostro
1666 1395 1798 1436 protulit

1015 1450 1263 1479 sacramentum.
1287 1449 1360 1479 Erat
1381 1451 1489 1479 autom
1505 1449 1680 1480 similitudo
1692 1449 1799 1480 clavo-

1016 1511 1089 1532 rum
1103 1502 1199 1541 nigra
1214 1501 1305 1541 quasi
1320 1502 1458 1538 fcrrum3
1484 1502 1602 1533 vulnus
1617 1504 1725 1533 autem
1747 1503 1796 1533 la-

1018 1556 1092 1586 teris
1107 1555 1257 1594 rubeum,
1282 1557 1312 1585 et
1333 1555 1372 1586 ad
1393 1555 1662 1586 orbicularitatem
1683 1564 1798 1595 quam-

1015 1610 1089 1640 dam
1103 1609 1206 1640 carnis
1215 1609 1431 1639 contractione
1441 1609 1620 1647 reductum,
1633 1618 1705 1640 rosa
1715 1619 1799 1650 quw-

1015 1664 1087 1695 dam
1100 1664 1316 1704 pulcherrima
1327 1663 1508 1694 videbatur.
1519 1663 1596 1694 Caro
1606 1673 1684 1694 vero
1695 1664 1796 1703 ipsius

1015 1718 1148 1758 reliqua,
1166 1727 1239 1757 quae
1252 1718 1340 1757 prius
1354 1719 1418 1747 tam
1434 1726 1473 1748 ex
1483 1717 1682 1754 infirmitate,
1698 1727 1797 1758 quam

1015 1782 1056 1803 ex
1077 1774 1192 1803 natura
1213 1772 1253 1803 ad
1277 1772 1482 1811 nigredinem
1505 1772 1698 1810 declinabat,
1722 1781 1797 1802 can-

1015 1827 1091 1856 dore
1108 1826 1209 1856 nimio
1224 1825 1417 1856 renitescens
1432 1825 1518 1855 illius
1541 1826 1688 1856 secundae
1706 1826 1795 1857 stolae

1016 1879 1289 1919 pulchritudinem
1300 1879 1526 1918 praetendebat.
1546 1879 1687 1910 Membra
1697 1880 1797 1919 ipsius

1016 1933 1094 1963 adeo
1110 1933 1219 1963 mollia
1233 1935 1263 1963 et
1277 1932 1454 1963 tractabilia
1469 1942 1502 1963 se
1524 1933 1711 1972 praebebant
1729 1933 1797 1973 pal-

1004 1986 1178 2026 -pantibus,
1195 1988 1231 2017 ut
1245 1995 1399 2017 conversa
1420 1986 1605 2017 viderentur
1625 1986 1658 2017 in
1674 1987 1793 2018 teneri-

1015 2041 1160 2071 tudinem
1181 2040 1312 2080 puerilis
1332 2040 1444 2078 aetatis,
1463 2042 1493 2071 et
1514 2040 1706 2080 quibusdam
1728 2050 1797 2072 cer-

1016 2096 1170 2125 nerentur
1191 2094 1392 2125 evidentibus
1411 2094 1513 2133 signis
1533 2095 1724 2126 innocentiae
1741 2095 1797 2126 de-

1016 2149 1133 2179 corata.
1162 2149 1240 2178 Cum
1264 2147 1366 2186 igitur
1394 2148 1427 2177 in
1454 2147 1678 2178 candidissima
1701 2158 1797 2180 carne

1015 2202 1244 2241 nigrescerent,
1262 2201 1359 2240 plaga
1368 2210 1445 2231 vero
1456 2200 1596 2231 lateralis
1610 2204 1645 2231 ut
1657 2210 1796 2233 vernans

1016 2264 1125 2286 roseus
1149 2255 1205 2285 flos
1229 2255 1371 2293 ruberet3
1394 2254 1579 2285 mirandum
1603 2264 1670 2285 non
1695 2258 1752 2294 est,
1770 2256 1795 2286 si

1015 2311 1080 2340 tam
1106 2309 1245 2339 formosa
1267 2310 1298 2339 et
1314 2308 1505 2338 miraculosa
1525 2309 1663 2339 varietas
1680 2310 1797 2349 Jucun-

1015 2363 1145 2394 ditatem
1159 2364 1189 2392 et
1203 2361 1445 2392 admirationem
1461 2362 1686 2393 contuentibus
1703 2363 1795 2402 lnge-

1015 2417 1113 2448 rebat.
1131 2415 1404 2455 Lacrymabantur
1419 2415 1476 2445 filii
1493 2424 1549 2454 pro
1564 2415 1796 2447 substractione

1015 2473 1081 2501 tam
1095 2469 1240 2500 amabilis
1255 2470 1371 2509 patris;
1393 2469 1447 2499 sed
1463 2471 1493 2499 et
1509 2477 1574 2498 non
1590 2469 1712 2500 modica
1728 2479 1796 2509 per-

1016 2524 1231 2554 fundebantur
1243 2523 1362 2561 laetitia⁷
1387 2523 1464 2552 dum
1479 2521 1746 2554 deosculabantur
1761 2524 1795 2554 in

1017 2586 1054 2608 eo
1070 2576 1236 2616 signacula
1249 2576 1368 2606 summi
1386 2575 1494 2614 Regis.
1513 2574 1658 2605 Miraculi
1673 2578 1796 2608 novitas

1016 2631 1179 2671 planctum
1199 2630 1339 2660 vertebat
1354 2629 1385 2659 iu
1403 2628 1554 2668 jubilum,
1572 2630 1601 2658 et
1618 2629 1797 2661 intellectus

1016 2685 1157 2725 rapiebat
1172 2684 1356 2722 indaginem
1366 2683 1396 2712 in
1409 2685 1583 2722 stuporem.
1598 2681 1669 2713 Erat
1681 2683 1798 2723 quippe
