2029 3052
586 279 637 312 DE
659 279 741 313 UNA
763 280 795 312 S.
820 280 993 313 VlRGlNE.
1018 281 1150 314 SERMO
1174 273 1226 313 lv.
1673 285 1713 315 99

93 350 175 386 tiam,
200 357 268 378 cum
293 344 413 378 subdit:
436 349 473 376 Et
491 347 564 383 vide,
587 347 619 376 id
639 349 692 384 est,
718 348 876 384 diligenter

93 399 221 428 attende.
243 397 301 427 Sed
317 397 388 434 quia
402 396 440 425 de
463 396 537 428 visu,
560 396 592 424 id
608 398 661 427 est.
684 396 758 433 quid
772 396 874 424 videre

93 446 268 480 debeamus,
285 451 375 480 supra
392 443 460 472 satis
481 443 602 472 abunde
622 443 652 471 in
673 443 793 471 duobus
808 444 874 471 Ser-

91 492 232 521 monibus
247 492 284 520 de
300 490 444 527 Apostolis
459 493 467 507 ¹
484 490 596 518 dictum
612 492 665 524 est,
680 490 729 518 hic
751 490 789 518 de
810 489 874 518 solo

92 539 196 568 auditu
211 538 372 566 dicendum
394 539 445 565 est.
470 539 516 565 Est
536 545 607 573 ergo
629 537 678 565 hic
691 537 874 571 notandum,

92 587 175 624 quod
189 595 258 615 cum
273 587 374 614 sancta
387 585 503 620 Virgine
516 585 660 613 debemus
676 585 780 613 audire
794 585 876 612 Chri-

91 636 191 663 stum:
214 634 313 670 primo
338 632 532 666 erudientem,
553 635 584 660 ut
606 632 875 668 prudentissimum

90 682 260 717 consulem3
276 680 409 709 secundo
425 679 571 708 Christum
586 679 819 716 praecipientem,
843 681 876 707 ut

89 729 326 766 potentissimum
346 727 464 762 ducem;
491 726 575 754 tertio
596 727 742 754 Christum
766 726 874 754 exhor-

88 778 218 811 tantem,
254 777 286 803 ut
313 773 531 802 sanctissimum
559 773 735 813 praesulem5
765 775 873 809 quarto

91 822 238 851 Christum
254 821 476 856 consolantem,
492 822 524 848 ut
545 820 793 856 benignissimum
817 827 873 856 pa—

89 871 162 898 trem
169 878 178 904 ς
194 868 298 905 quinto
314 868 414 905 ipsum
427 867 669 903 redarguentem,
685 869 718 895 ut
740 867 875 903 aequissi-

87 924 171 944 mum
184 915 327 951 judicem.
350 917 397 943 Est
419 923 490 950 ergo
511 915 559 942 hic
580 914 765 948 notandum,
790 913 874 950 quod

87 971 155 992 cum
166 964 266 991 sancta
276 963 394 998 Virgine
406 962 539 999 quinque
553 962 586 998 (α)
596 962 741 990 debemus
749 961 852 989 audire
865 970 872 989 ε

87 1013 119 1038 ut
133 1010 175 1038 sic
189 1010 316 1038 verbum
332 1010 447 1038 Domini
468 1017 523 1038 nos
543 1009 677 1038 docentis
692 1009 794 1037 audiat
809 1009 873 1037 ani-

86 1066 134 1086 ma
151 1059 317 1092 mansuete,
332 1060 364 1086 ut
379 1057 539 1093 intelligat;
555 1057 683 1085 verbum
699 1056 873 1093 praecipien-

87 1104 123 1132 tis
138 1104 240 1132 audiat
254 1104 395 1140 studiose,
411 1106 444 1132 ut
456 1103 557 1139 faciat3
575 1103 701 1131 verbu-m
713 1104 873 1132 exhortans

87 1151 190 1179 audiat
202 1151 374 1185 affectuose,
390 1153 421 1179 ut
436 1159 496 1179 non
512 1153 627 1187 pereat,
651 1151 779 1179 verbum
801 1159 872 1178 con-

87 1198 242 1226 solationis
265 1198 367 1226 audiat
382 1198 523 1233 sollicite,
544 1200 576 1225 ut
590 1198 719 1234 pulsanti
745 1197 870 1233 aperiat3

87 1245 140 1272 sed
155 1245 281 1272 verbum
292 1245 487 1280 correptionis
502 1245 604 1273 audiat
616 1245 825 1279 tremebunde,
840 1247 874 1272 ut

86 1292 291 1328 poenitentiam
311 1293 389 1327 agat.
409 1292 466 1320 Nisi
482 1292 561 1320 enim
581 1292 643 1320 haec
666 1293 754 1327 Virgo
770 1294 872 1320 sancta

86 1338 148 1367 haec
161 1338 254 1367 verba
273 1339 388 1366 Domini
405 1339 445 1366 sic
461 1339 601 1373 audisset,
622 1341 653 1367 ut
669 1347 705 1366 ex
728 1340 791 1375 ejus
812 1339 872 1367 vita

86 1389 220 1423 apparet,
237 1387 277 1415 aa
290 1387 424 1423 palmam
439 1387 569 1415 victoriae
584 1395 645 1414 non
660 1387 797 1414 venisset.

122 1434 191 1461 Dico
207 1441 289 1469 ergo,
303 1434 387 1469 quod
399 1434 497 1469 primo
510 1434 615 1461 audire
632 1433 778 1461 debemus
793 1433 875 1461 Chri-

86 1481 164 1508 stum
186 1488 240 1508 nos
262 1480 462 1515 erudientem3
485 1483 512 1508 et
540 1481 597 1508 hoc
621 1482 782 1514 mansuete,
805 1482 871 1508 tan-

87 1535 178 1562 quam
194 1527 456 1562 prudentissimum
470 1527 634 1555 consulem.
647 1528 872 1556 Consueverunt

85 1573 220 1601 homines
234 1573 360 1602 libenter
381 1574 497 1609 audire,
519 1582 595 1610 quos
611 1574 712 1602 vident
725 1574 782 1602 sibi
797 1582 869 1610 pru-

88 1620 193 1648 denter
209 1620 363 1648 consulere
386 1620 478 1655 utilia,
499 1623 526 1648 et
544 1621 621 1648 bene
645 1629 675 1648 se
696 1621 802 1648 docere
818 1631 823 1648 ;
841 1624 870 1649 at

85 1667 214 1696 Christus
230 1670 273 1696 est
297 1668 399 1696 divina
416 1668 572 1703 sapientia,
589 1668 619 1695 in
635 1676 693 1704 qua
708 1668 717 1684 ‘2
736 1678 749 1694 (ι
765 1676 869 1696 omnes

84 1715 215 1743 thesauri
231 1715 381 1751 sapientiae
396 1717 424 1742 et>
437 1715 564 1742 scientiae
585 1715 634 1742 Dei
654 1717 722 1743 sunt
742 1715 868 1743 abscon-

85 1762 148 1790 diti.
165 1772 179 1789 »
196 1764 272 1797 Ergo
295 1770 396 1796 omne,
419 1762 502 1798 quod
527 1762 623 1797 docet,
646 1764 689 1790 est
711 1763 868 1790 consilium

84 1808 215 1843 firmum,
232 1812 260 1837 et
275 1811 318 1837 est
328 1809 458 1836 audienti
471 1809 638 1845 proficuum
652 1818 657 1837 t
676 1817 746 1845 ergo
760 1812 802 1837 est
818 1818 868 1846 pa-

84 1855 167 1883 cifice
190 1856 384 1883 audiendum.
402 1857 483 1883 Unde
509 1856 571 1891 ipse
592 1864 645 1892 per
668 1858 788 1892 Moysen
810 1857 868 1884 cla-

84 1904 146 1930 mat
160 1902 170 1919 3
187 1911 193 1930 :
218 1911 233 1928 «
248 1902 363 1937 Audite,
385 1902 483 1936 coelim
503 1903 561 1930 hoc
581 1905 622 1930 est
645 1904 775 1931 coelestes
799 1903 866 1937 viri,

86 1958 178 1986 «quae
199 1951 318 1985 loquor,
341 1952 368 1977 et
389 1949 491 1977 audiat
510 1952 597 1984 terra,
610 1960 623 1976 »
650 1950 679 1977 id
698 1953 756 1984 est,
774 1951 867 1978 corda

83 1996 205 2024 terrenis
224 1996 326 2031 infixa,
350 2006 363 2023 «
379 1996 471 2024 verba
491 1996 550 2024 oris
569 1997 665 2024 mei.»
691 1997 736 2024 Ad
757 1998 866 2025 terram

82 2043 216 2079 loquitur
231 2043 267 2070 de
283 2043 418 2071 doctrina
428 2051 492 2077 sua,
504 2051 596 2079 quam
611 2046 763 2072 mansuete
779 2044 866 2072 docet

83 2099 145 2118 esse
161 2091 354 2125 audiendam,
380 2099 448 2118 cum
464 2091 547 2119 addit
561 2091 642 2119 idem
657 2092 667 2108 ⁴
685 2101 690 2120 :
709 2101 721 2118 α
737 2093 864 2120 Concre-

82 2140 142 2166 scat
157 2140 188 2165 ut
202 2138 305 2174 pluvia
320 2138 456 2166 doctrina
472 2146 548 2172 mea,
564 2149 576 2164 u
596 2138 680 2174 quasi
695 2139 789 2166 dicat:
805 2139 865 2167 Fiat

81 2186 111 2213 in
124 2186 209 2214 vobis
224 2186 360 2214 doctrina
374 2195 441 2214 mea
453 2186 528 2214 sicut
538 2187 640 2222 pluvia
653 2187 683 2214 in
697 2190 784 2221 terra,
799 2196 864 2223 quae

81 2242 98 2261 a
113 2235 189 2261 terra
202 2235 332 2269 recepta,
351 2242 417 2262 eam
442 2236 607 2270 mollificat,
624 2237 651 2263 et
671 2243 737 2263 eam
754 2235 863 2271 impin-

81 2283 169 2315 guat,
186 2282 214 2308 et
228 2280 267 2308 ad
286 2280 526 2309 fructificandum
548 2290 614 2309 eam
640 2284 796 2318 praeparat.
819 2282 864 2310 Sic

81 2330 108 2354 et
128 2327 243 2355 Domini
265 2327 357 2354 nostri
375 2328 507 2356 doctrina
529 2332 681 2356 mansuete
705 2329 816 2364 audita,
832 2329 863 2357 id

82 2376 133 2408 est,
149 2374 180 2401 in
195 2376 271 2402 terra
287 2374 386 2402 cordis
403 2375 494 2402 nostri
514 2378 660 2411 suscepta,
676 2379 808 2404 removet
823 2377 861 2405 ab

81 2428 115 2448 ea
129 2421 226 2448 cordis
242 2421 394 2455 duritiem3
410 2421 578 2458 impinguat
597 2430 674 2456 eam,
700 2423 773 2451 dum
795 2433 862 2452 eam

80 2466 150 2496 facit
172 2476 233 2495 esse
260 2469 415 2500 devotam:
444 2471 471 2496 et
497 2469 535 2496 ad
567 2469 693 2496 fructum
717 2473 863 2506 praeparat

81 2522 158 2549 eam,
175 2515 247 2542 dum
261 2523 327 2543 eam
343 2516 424 2543 ducit
437 2515 475 2543 ad
491 2516 706 2552 poenitentiam.
724 2519 756 2544 Et
771 2523 862 2553 prop—

80 2563 160 2589 terea
188 2562 218 2589 in
241 2562 289 2590 Dei
314 2570 442 2598 persona
466 2562 574 2589 dicitur
600 2562 639 2590 ad
662 2563 860 2591 hommemss:

83 2619 95 2633 «
112 2608 205 2643 Audi,
223 2609 265 2636 fili
280 2609 336 2644 mi,
351 2609 444 2637 verba
459 2617 536 2643 mea,
559 2612 587 2637 et
601 2617 635 2637 ea
657 2610 742 2645 quasi
754 2611 861 2639 lunda-

112 2684 119 2700 ¹
136 2683 237 2707 Scilicet
253 2691 328 2708 serm.
349 2690 362 2706 v
379 2687 403 2708 et
419 2691 458 2715 vi,
477 2692 544 2715 sup.‚
560 2691 618 2715 pag.
639 2686 677 2715 11,
693 2686 718 2708 151·
736 2688 761 2710 et
775 2693 861 2717 seq.—

82 2719 91 2734 2
104 2719 210 2749 Coloss.,
226 2726 254 2748 11,
274 2722 297 2744 3.
314 2733 339 2737 —
357 2721 366 2737 ³
383 2721 466 2751 Dent„
484 2725 654 2748 xxx1[,i.—
676 2722 683 2734 ⁴
703 2722 777 2751 lbid.‚
793 2724 815 2746 2.
831 2736 862 2740 —

81 2755 90 2771 ⁵
106 2755 172 2784 Tob.,
191 2761 226 2786 iv,
244 2757 268 2778 2.
283 2769 313 2773 —
328 2757 337 2772 Β
354 2755 424 2786 Bar.y
445 2762 489 2786 ιιι,
506 2758 528 2780 υ.
544 2768 575 2773 -
596 2757 602 2770 ⁷
618 2757 701 2787 doum,
719 2763 756 2789 Vl,
773 2760 812 2783 64.
830 2772 860 2777 —-

930 350 1064 377 mentum
1083 349 1112 377 in
1133 349 1223 378 corde
1243 350 1294 377 tuo
1315 349 1463 377 construe.
1483 358 1498 375 ¹>
1517 349 1550 377 Et
1563 349 1573 367 ⁶
1591 358 1598 377 :
1620 349 1711 386 Audi,

930 396 1030 427 Israel,
1046 397 1149 431 verba,
1164 397 1225 425 sive
1245 396 1387 425 mandata
1402 397 1479 424 vitoe.
1494 408 1507 422 »
1534 397 1602 424 vire
1620 398 1714 426 verba

930 444 998 470 sunt
1022 443 1158 471 doctrina
1176 444 1290 479 Christi,
1312 452 1348 472 eo
1372 443 1455 480 quod
1478 444 1516 472 ad
1538 444 1627 472 vitam
1647 447 1715 472 sunt

930 490 1090 518 inductiva.
1108 491 1188 518 Unde
1208 491 1270 527 ipse
1286 491 1356 519 dicit
1368 492 1378 509 ⁷
1395 501 1402 519 ε
1421 501 1435 518 α
1455 492 1560 525 Verba,
1584 500 1651 528 quae
1670 492 1715 520 lo-

930 540 1015 565 cutus
1033 545 1100 565 sum
1124 537 1221 573 vobis,
1246 538 1384 574 spiritus,
1408 540 1436 566 et
1458 534 1518 567 vi'ta
1544 543 1628 567 sunt:
1644 549 1656 565 >a
1678 548 1713 567 co

930 584 1014 620 quod
1036 585 1202 621 spirituales
1221 585 1358 613 homines
1372 586 1494 621 faciunt,
1519 588 1546 614 et
1566 587 1604 614 ad
1626 587 1715 615 vitam

930 633 1070 660 aeternam
1092 631 1248 660 observata
1267 626 1444 668 perducunt.
1468 633 1524 661 Sed
1541 636 1608 661 sunt
1623 633 1714 662 hodie

929 679 1027 713 multi,
1044 679 1095 715 qui
1111 679 1278 707 doctrinam
1293 679 1397 707 Christi
1408 680 1514 708 nolunt
1524 681 1644 716 audire;
1661 681 1715 708 sed

929 726 1140 762 praedicatores
1159 727 1287 762 fugiunt,
1302 728 1330 755 et
1344 727 1515 755 sacerdotes
1529 735 1591 755 non
1606 736 1714 756 consu-

929 772 1006 808 lunt,
1023 771 1049 801 et
1064 773 1117 809 sic,
1140 777 1172 802 ut
1192 774 1268 802 bene
1287 776 1386 810 agant,
1408 774 1572 810 intelligere
1594 775 1713 803 nolunt.

930 821 952 848 Ο
982 829 1101 849 summa
1130 821 1290 857 dementia,
1319 824 1347 850 et
1371 822 1447 850 ratio
1476 822 1604 850 totaliter
1619 830 1714 858 caeca,

928 867 1011 895 nolle
1035 868 1139 896 audire
1153 869 1244 905 patris
1262 869 1469 904 benignissimi
1489 869 1603 897 monita
1617 892 1626 902 ,
1649 869 1715 905 qui-

929 914 986 942 bus
1001 915 1175 951 pervenitur
1194 916 1234 944 ad
1250 916 1351 950 vitam,
1368 919 1396 944 et
1410 916 1472 944 sine
1489 917 1599 953 quibus
1613 925 1717 953 perve-

928 962 1007 990 nitur
1035 962 1075 990 ad
1103 963 1329 991 damnationem
1357 966 1497 992 aeternam
1513 965 1519 991 !
1550 964 1718 993 Audiebant

929 1010 1056 1037 Romani
1069 1009 1142 1038 olim
1162 1018 1286 1038 suorum
1305 1011 1463 1039 consulum
1478 1012 1602 1046 monita,
1619 1014 1647 1040 et
1661 1012 1716 1040 ob-

928 1056 1086 1085 servabant
1101 1065 1207 1085 eorum
1220 1058 1356 1094 decreta,
1373 1060 1474 1086 tenent
1487 1059 1596 1087 medici
1611 1059 1650 1087 ad
1666 1059 1714 1087 lit-

927 1104 1022 1131 teram
1038 1104 1223 1141 Hippocratis
1247 1105 1341 1141 dicta;
1359 1106 1576 1134 conservabant
1600 1107 1717 1143 antiqui

929 1151 1053 1179 Romani
1071 1152 1166 1180 edicta
1181 1153 1346 1187 Justiniani,
1361 1156 1389 1181 et
1400 1154 1625 1189 jurisconsulta3
1649 1154 1714 1181 imi-

928 1200 1026 1226 tantur
1042 1198 1188 1226 dialectici
1205 1200 1363 1228 Aristotelis
1378 1203 1553 1236 argumenta
1566 1210 1572 1228 z
1587 1201 1639 1228 sed
1653 1209 1714 1228 non

928 1248 980 1279 est,
997 1246 1047 1281 qui
1064 1246 1176 1278 audiat,
1193 1249 1220 1274 et
1231 1249 1385 1275 conservet
1399 1248 1653 1275 incommutabilis
1664 1248 1714 1276 Dei

927 1292 1078 1328 sapientiae
1089 1293 1192 1328 verba,
1206 1296 1233 1321 et
1244 1302 1309 1330 quae
1324 1297 1476 1330 nequeunt
1487 1303 1550 1323 esse
1560 1295 1644 1328 falsa,
1658 1303 1712 1323 nec

927 1342 1073 1376 suspecta,
1090 1349 1145 1368 nec
1160 1349 1295 1377 unquam
1310 1342 1458 1377 fallentia;
1483 1343 1535 1370 sed
1549 1345 1617 1370 sunt
1631 1351 1712 1378 vera,

927 1389 955 1414 et
966 1387 1094 1422 stabilia,
1111 1391 1138 1415 et
1153 1390 1221 1416 sunt
1235 1388 1333 1423 firma,
1350 1391 1377 1417 et
1391 1392 1510 1418 aeterna.
1531 1401 1544 1415 «
1560 1390 1683 1425 Coelum‚
1698 1401 1710 1416 »

926 1433 1024 1469 inquit
1046 1435 1188 1462 Dominus
1208 1436 1229 1470 ⁸,
1257 1446 1269 1461 ι(
1284 1438 1311 1464 et
1325 1439 1402 1464 terra
1416 1438 1602 1473 transibunt,·
1620 1438 1712 1466 verba

927 1483 1026 1508 autem
1037 1489 1105 1509 mea
1115 1490 1174 1509 non
1186 1483 1363 1518 transibunt,
1376 1492 1431 1511 nec
1441 1484 1591 1520 peribunt.
1604 1495 1616 1511 n
1629 1485 1709 1513 Unde

926 1529 1095 1564 Apostolus,
1112 1538 1241 1566 arguens
1257 1539 1274 1559 a
1289 1531 1410 1566 minori,
1421 1532 1462 1559 sic
1478 1532 1518 1559 ait
1529 1533 1539 1548 ⁹
1556 1541 1562 1559 ε
1583 1542 1594 1558 u
1608 1533 1711 1560 Abun-

928 1575 1044 1604 dantius
1060 1579 1176 1612 oportet
1189 1585 1244 1606 nos
1257 1586 1374 1606 servare
1389 1587 1434 1612 ea,
1446 1587 1512 1615 quze
1528 1579 1709 1614 audivimus,

925 1630 962 1650 ne
982 1622 1053 1651 forle
1070 1624 1292 1660 pereffluamus.
1311 1626 1338 1653 Si
1360 1626 1449 1661 enim,
1464 1637 1476 1653 »
1503 1627 1610 1663 inquit,
1628 1637 1641 1653 ι(
1657 1627 1709 1663 qui

925 1677 978 1705 per
992 1671 1115 1706 angelos
1131 1671 1226 1700 dictus
1241 1674 1284 1700 est
1299 1681 1408 1708 sermo,
1424 1673 1516 1701 factus
1533 1676 1576 1701 est
1594 1674 1710 1708 firmus,

926 1719 953 1744 et
975 1718 1073 1745 omnis
1098 1719 1300 1754 praevaricatio
1326 1722 1353 1748 et
1374 1720 1578 1749 inobedientia
1603 1721 1710 1757 accipit

924 1765 1070 1792 mercedis
1086 1766 1324 1802 retributionem,
1343 1768 1495 1803 quomodo
1512 1777 1566 1796 nos
1583 1769 1708 1804 effugie-

925 1819 1000 1846 mus,
1018 1812 1041 1839 si
1058 1814 1169 1840 tantam
1184 1814 1402 1849 neglexerimus
1412 1815 1556 1843 salutem?
1566 1826 1578 1842 »
1592 1818 1623 1843 Et
1638 1816 1706 1844 ideo

923 1858 1037 1886 ibidem
1061 1860 1132 1887 dicit
1149 1861 1168 1877 ¹⁰
1191 1869 1197 1887 ε
1218 1871 1231 1887 «
1248 1861 1361 1888 irritam
1385 1863 1451 1898 quis
1475 1862 1585 1890 faciens
1609 1863 1708 1898 legem

923 1906 1025 1941 Moysi,
1041 1907 1103 1934 sine
1115 1907 1196 1934 omni
1210 1908 1410 1942 miseratione,
1423 1909 1542 1937 duobus
1555 1910 1602 1937 vel
1613 1911 1707 1938 tribus

923 1953 1057 1987 testibuS,
1072 1954 1214 1989 moritur3
1229 1958 1343 1991 quanto
1357 1956 1453 1991 magis
1468 1957 1576 1992 putatis
1591 1959 1707 1992 inaj0ra

923 2001 1029 2027 mereri
1045 2001 1203 2036 supplicia,
1219 2002 1267 2037 qui
1283 2002 1389 2030 Filium
1404 2003 1462 2038 Dei,
1478 2013 1490 2028 »
1504 2003 1535 2031 id
1550 2006 1601 2038 est,
1614 2004 1706 2032 verba.

922 2046 986 2074 Filii
1003 2048 1061 2082 Dei,
1081 2049 1321 2077 «conculcaverit
1333 2050 1380 2086 (b),
1397 2053 1425 2078 et
1435 2051 1611 2086 sanguinem
1621 2054 1705 2079 testa-

922 2094 1046 2129 menti,»
1066 2103 1126 2130 quo
1142 2096 1351 2124 confirmatum
1367 2100 1409 2125 est
1424 2099 1632 2126 testamentum
1648 2108 1704 2127 no-

922 2149 1004 2176 vum,
1024 2143 1197 2178 «pollutum
1209 2144 1337 2178 duxerit,
1350 2147 1376 2172 et
1391 2145 1504 2181 spiritui
1517 2147 1617 2181 gratiae
1633 2155 1704 2174 con-

921 2189 1075 2217 tumeliam
1096 2190 1216 2218 fecerit?
1229 2202 1241 2217 »
1261 2191 1343 2225 Vide,
1364 2200 1455 2227 quam
1470 2201 1559 2227 grave
1576 2196 1603 2221 et
1618 2194 1703 2221 dam-

921 2236 1020 2264 nabile
1037 2240 1079 2264 est
1094 2238 1259 2266 doctrinam
1272 2239 1391 2267 Deinon
1407 2240 1522 2275 audire,
1533 2249 1600 2268 cum
1616 2250 1633 2269 a
1643 2242 1703 2269 suis

921 2284 1096 2318 parentibus
1108 2285 1222 2313 discant
1236 2286 1378 2314 animalia
1393 2287 1491 2322 bruta,
1504 2296 1701 2325 necunquam

919 2331 1060 2358 recedant
1075 2339 1092 2359 a
1116 2335 1273 2367 parentum
1289 2333 1433 2368 doctrina,
1455 2334 1529 2362 sicut
1544 2335 1574 2362 in
1597 2337 1700 2370 cervis,

921 2380 948 2404 et
963 2377 1180 2413 elephantibus,
1197 2381 1224 2407 et
1240 2380 1305 2407 aliis
1320 2381 1501 2409 animalibus
1516 2385 1583 2409 sunt
1604 2392 1701 2409 exem-

920 2424 992 2459 pla,
1017 2425 1093 2459 imo,
1115 2426 1198 2461 quod
1220 2428 1316 2462 majus
1337 2431 1399 2462 est,
1424 2431 1451 2456 et
1472 2429 1509 2456 ab
1529 2429 1702 2457 hominibus

921 2470 1038 2498 discunt
1052 2472 1140 2500 bruta
1157 2482 1162 2500 :
1180 2473 1254 2501 sicut
1275 2475 1422 2508 videmus,
1443 2477 1525 2511 quod
1548 2485 1635 2503 canes
1655 2477 1700 2504 di-

921 2523 1006 2547 scuut
1021 2521 1133 2549 sedere,
1161 2523 1188 2548 et
1207 2530 1308 2549 coram
1330 2523 1459 2549 dominis
1480 2524 1635 2551 candelam
1656 2526 1701 2552 te-

920 2574 1007 2601 nere;
1025 2570 1052 2594 et
1068 2568 1139 2602 picae
1155 2568 1273 2596 discunt
1287 2570 1381 2596 verba
1401 2570 1533 2597 humana
1551 2571 1699 2606 formar03

921 2617 948 2642 et
963 2615 1144 2650 elephantes,
1159 2623 1260 2651 regem
1275 2624 1464 2651 cognoscere,
1485 2625 1614 2653 eumque
1630 2619 1702 2646 ado-

921 2682 930 2695 ⁸
947 2681 1048 2712 Multis„
1068 2688 1141 2711 xxm,
1156 2683 1203 2712 35;
1221 2684 1309 2714 Marc„
1326 2691 1383 2715 Xill,
1398 2687 1440 2715 :513
1457 2685 1524 2715 Luc„
1544 2693 1598 2716 xxi,
1618 2688 1656 2711 33.
1672 2700 1700 2704 —

918 2717 927 2731 ⁹
945 2717 1030 2748 Heba,
1047 2724 1078 2748 ιι,
1099 2722 1104 2741 1
1124 2720 1149 2742 et
1163 2726 1216 2750 seq.
1233 2733 1259 2736 —
1277 2721 1298 2737 1⁰
1313 2721 1386 2751 ibid„
1403 2727 1428 2751 x,
1448 2723 1486 2745 2³8.

952 2761 983 2789 (a)
1001 2760 1086 2791 Suppl.
1104 2762 1195 2785 modis.
1213 2775 1240 2779 —-
1259 2762 1291 2793 (b)
1312 2763 1370 2786 Cael.
1386 2764 1446 2787 edit.
1465 2765 1633 2791 conculcabit.
