2029 3052
886 191 1014 224 CAPUT
1036 192 1090 225 vi.

178 264 352 303 novantes,
376 263 549 304 perfectam
571 262 605 293 in
619 261 689 302 ipso
707 260 956 302 expoliationem

179 318 296 351 veteris
314 317 475 356 hominis,
499 317 530 347 et
554 315 765 347 induitionem
780 314 869 353 novi,
893 313 957 345 du-

180 372 253 413 plici
267 370 468 402 attestatione
483 370 661 400 firmarent.
677 367 748 400 Non
758 367 863 399 solum
875 376 959 398 crea-

179 428 252 458 tura
273 434 366 457 servo
387 423 439 456 Dei
468 423 625 454 serviebat
649 422 688 453 ad
709 423 843 460 nutum,
861 421 915 452 sed
929 423 961 452 et

181 478 336 511 Creatoris
346 477 466 518 ubique
479 476 678 517 providentia
691 475 960 507 condescendebat

180 533 221 564 ad
244 531 410 572 placitum.
434 530 515 562 Cum
539 530 624 561 enim
644 531 787 570 tempore
808 528 959 569 quodam,

181 597 223 619 ex
236 586 413 618 multarum
428 584 653 616 infirmitatum
669 592 826 615 concursu
840 592 961 623 aggra-

181 644 256 674 vato
280 649 427 681 corpore,
443 639 484 671 ad
500 639 735 680 ¹jucunditatem
754 638 885 678 spiritus
903 646 962 669 ex-

182 695 343 727 citandam
367 694 502 734 alicujus
524 692 673 724 audiendi
692 692 762 724 soni
783 691 963 723 harmonici

183 748 378 781 desiderium
393 747 567 786 habuisset,
588 755 647 777 nec
666 746 699 777 id
717 745 894 777 honestatis
908 745 963 776 de-

184 802 287 834 centia
307 811 365 842 per
381 801 594 832 ministerium
620 799 691 831 fieri
712 801 875 840 pateretur
900 799 965 830 hu-

184 865 335 894 manum,
364 854 459 886 affuit
481 855 673 894 angelorum
703 853 894 893 obsequium
925 853 965 884 ad

183 910 246 942 viri
276 909 375 940 sancti
405 908 559 949 placitum
589 907 840 948 adimplendum.
867 906 966 937 Nocte

184 963 304 996 etenim
317 963 468 1004 quadam,
478 962 636 1002 vigilante
651 962 731 1002 ipso,
748 963 778 992 et
792 960 966 992 meditante

186 1018 225 1049 de
244 1017 392 1056 Domino,
421 1018 552 1057 repente
572 1016 715 1047 insonuit
734 1015 857 1046 cithara
879 1023 966 1055 quae-

186 1071 260 1103 dam
274 1071 454 1102 harmoniae
469 1069 636 1108 mirabilis,
651 1071 681 1100 et
691 1069 891 1101 suavissimae
902 1078 967 1100 me-

186 1125 290 1157 lodiae.
305 1125 376 1157 Non
390 1125 560 1157 videbatur
572 1124 704 1164 aliqui53
722 1123 776 1154 sed
792 1123 964 1154 transitum

187 1182 217 1211 et
231 1179 371 1210 reditum
386 1178 551 1210 citharoedi
567 1178 636 1218 ipsa
654 1178 728 1208 hinc
746 1177 820 1208 inde
835 1177 967 1207 auditus

188 1233 369 1265 volubilitas
384 1232 547 1263 innuebat.
566 1231 688 1272 Spiritu
703 1231 738 1261 in
752 1231 853 1262 Deum
871 1231 970 1262 direc-

187 1288 235 1326 to,
251 1288 339 1317 tanta
357 1286 417 1317 fuit
436 1287 468 1316 in
484 1285 538 1317 1110
553 1285 717 1316 dulcisono
736 1284 877 1315 carmine
892 1294 968 1315 sua-

188 1342 286 1375 vitate
295 1341 479 1382 perfruitus,
492 1342 528 1371 ut
538 1340 623 1371 aliud
634 1349 667 1371 se
677 1341 804 1379 putaret
814 1339 970 1370 saeculum

190 1397 415 1427 commutasse.
442 1394 507 1425 Hoc
530 1396 561 1425 et
583 1394 696 1424 fratres
720 1393 780 1424 sibi
801 1393 971 1424 familiares

189 1459 254 1481 non
268 1449 381 1487 latuit,
399 1448 455 1489 qui
469 1457 526 1489 per
540 1450 625 1478 certa
641 1447 825 1487 frequenter
843 1447 968 1487 conspi-

190 1503 315 1535 ciebant
329 1502 464 1540 indicia,
481 1510 555 1532 cum
570 1503 637 1532 tam
657 1500 828 1532 excessivis
850 1502 880 1531 et
903 1509 969 1531 cre-

190 1557 257 1588 bris
280 1555 552 1588 consolationibus
573 1564 591 1585 a
613 1554 749 1585 Domino
769 1554 909 1593 visitari,
936 1556 973 1585 ut

191 1620 250 1642 nec
272 1611 357 1651 ipsas
389 1609 520 1640 omnino
552 1608 710 1640 occultare
745 1608 876 1640 valeret.
901 1608 972 1639 Alio

191 1674 319 1707 quoque
355 1666 518 1704 tempore,
550 1663 621 1695 viro
650 1663 705 1694 Dei
738 1662 971 1703 praedicationis

192 1728 287 1751 causa
308 1718 391 1749 inter
405 1716 641 1755 Lombardiam,
659 1719 689 1748 et
701 1716 876 1747 Marchiam
891 1716 971 1747 Ter-

192 1775 336 1807 visanam
347 1796 356 1811 ,
372 1772 433 1803 iter
447 1773 563 1811 agente
577 1781 650 1802 cum
670 1772 767 1802 fratre
783 1771 866 1802 socio
877 1772 973 1811 juxta

193 1825 317 1857 Padum
328 1849 338 1863 ,
354 1824 521 1855 tenebrosa
536 1824 638 1854 noctis
657 1823 843 1863 supervenit
857 1823 972 1854 obscu-

192 1880 279 1912 ritas.
306 1880 451 1919 Cumque
475 1879 529 1910 via
554 1880 636 1909 esset
660 1878 803 1918 exposita
824 1878 974 1918 periculis

192 1934 322 1974 magnis
337 1935 368 1964 et
384 1932 494 1964 multis
509 1934 638 1972 propter
654 1932 818 1969 tenebras,
836 1932 973 1962 fiuvium

192 1990 222 2020 et
236 1987 388 2028 paludes,
405 1986 484 2018 dixit
499 1986 603 2017 socius
618 1985 656 2016 ad
672 1985 781 2017 virum
801 1986 947 2016 sanctum
964 1996 970 2015 :

193 2042 264 2081 Ora,
293 2043 402 2081 pater,
422 2042 458 2072 ut
473 2040 512 2071 de
525 2039 717 2071 instantibus
731 2039 880 2079 periculis
893 2039 972 2070 libe-

192 2105 313 2127 remur.
340 2095 395 2127 Cui
414 2095 465 2127 vir
488 2095 544 2126 Dei
565 2103 641 2125 cum
655 2094 772 2125 fiducia
788 2094 889 2125 multa
904 2103 974 2125 res—

193 2150 305 2190 pondit
320 2160 327 2180 z
343 2149 460 2180 Potens
476 2150 523 2179 est
537 2148 631 2187 Deus,
648 2148 675 2178 si
689 2148 790 2188 placet
812 2157 881 2178 suae
901 2148 973 2178 dul-

193 2204 313 2242 cedini,
331 2203 538 2234 tenebrarum
554 2202 699 2242 effugata
713 2202 863 2242 caligine,
881 2202 975 2233 bene-

194 2258 304 2288 ficium
315 2256 406 2288 nobis
417 2256 601 2296 impendere
609 2256 701 2287 lucis.
717 2256 779 2287 Vix
793 2265 974 2287 sermonem

195 2311 428 2351 compleverat,
447 2312 478 2340 et
498 2318 569 2340 ecce
590 2311 679 2340 tanta
701 2309 758 2340 lux
778 2309 861 2340 illico
881 2309 976 2349 coepit

196 2365 279 2396 circa
299 2373 352 2395 eos
375 2372 515 2403 superna
534 2362 659 2393 radiare
674 2363 810 2401 virtute,
827 2365 862 2393 ut
884 2365 975 2394 nocte

196 2418 266 2450 aliis
281 2418 439 2449 existente
460 2416 604 2453 obscura,
626 2415 686 2455 ipsi
700 2416 770 2446 luce
789 2416 873 2447 clara
888 2416 973 2447 vide-

196 2474 268 2502 rent
290 2480 357 2502 non
376 2470 481 2501 solum
505 2469 611 2507 viam,
636 2469 850 2500 verumetiam
872 2469 975 2509 pluri-

198 2534 251 2556 ma
264 2525 526 2564 circumquaque.
551 2523 650 2563 Cujus
672 2522 751 2553 lucis
773 2522 890 2553 ducatu
909 2533 975 2554 cor-

199 2579 347 2619 poraliter
367 2577 497 2615 directi,
514 2579 544 2607 et
566 2576 771 2616 spiritualiter
793 2576 969 2615 confortati,

199 2642 301 2672 usque
320 2633 359 2663 ad
383 2633 488 2663 locum
510 2630 640 2670 hospitii
655 2639 711 2670 per
727 2639 792 2661 non
807 2630 971 2661 modicum

200 2687 262 2717 viae
287 2686 439 2726 spatium,
462 2693 534 2715 cum
551 2684 666 2715 divinis
682 2683 810 2723 hymnis
827 2686 857 2714 et
871 2684 972 2714 laudi-

1737 191 1790 220 311

1014 260 1075 291 hus
1092 260 1269 291 incolumes
1284 260 1511 300 pervenerunt.
1521 257 1683 298 Perpende
1697 265 1797 297 quan-

1014 316 1056 346 tae
1070 314 1167 346 fuerit
1181 314 1232 346 vir
1253 314 1312 346 iste
1329 313 1497 345 munditiae
1517 312 1712 353 quantaeque
1732 311 1799 343 vir-

1014 369 1108 407 tutis,
1125 368 1165 400 ad
1187 369 1280 407 cujus
1302 370 1420 399 nutum
1433 375 1531 399 suum
1546 366 1633 406 ignis
1650 365 1798 397 ardorem

1015 423 1245 462 contemperat,
1262 431 1347 462 aqua
1367 430 1514 462 saporem
1536 421 1725 459 commutat,
1745 428 1800 450 an-

1018 475 1121 517 gelica
1127 476 1249 516 praebet
1256 475 1393 507 melodia
1407 474 1568 513 solatium,
1580 475 1611 505 et
1620 473 1679 504 lux
1689 473 1800 505 divina

1017 530 1188 569 ducatum,
1214 530 1250 560 ut
1282 529 1325 560 sic
1359 527 1561 560 sanctificatis
1601 527 1665 558 viri
1698 527 1801 558 sancti

1018 584 1180 622 sensibuS,
1206 583 1310 615 omnis
1336 583 1490 623 probetur
1514 581 1626 614 mundi
1649 581 1800 613 machina

1019 637 1190 670 deservire.

1270 746 1449 781 CAPUT
1483 746 1550 781 VI.

1022 836 1059 862 De
1073 836 1227 863 humilitate
1238 836 1262 863 et
1276 834 1440 869 obedientia,
1450 836 1476 862 et
1492 834 1524 861 de
1539 833 1804 862 condescensionibus

1182 880 1286 907 divinis
1304 880 1358 907 sibi
1377 880 1461 913 factis
1481 879 1520 906 ad
1537 881 1643 907 nutum.

1063 964 1215 996 Omnium
1229 964 1388 996 virtutum
1401 965 1508 995 custos
1521 965 1552 995 et
1560 963 1655 995 decor
1669 963 1804 995 humili—

1023 1021 1089 1058 tas,
1106 1018 1232 1058 copiosa
1252 1018 1360 1049 virum
1377 1017 1430 1048 Dei
1452 1017 1598 1048 ubertate
1613 1017 1804 1058 repleverat.

1024 1072 1061 1103 In
1084 1072 1213 1112 propria
1235 1071 1365 1112 quidem
1389 1071 1590 1111 reputatione
1610 1071 1692 1101 nihil
1714 1072 1804 1109 erat,

1023 1127 1085 1157 nisi
1100 1127 1256 1166 peccator,
1274 1134 1347 1156 cum
1369 1125 1402 1155 in
1417 1125 1550 1156 veritate
1564 1124 1730 1164 speculum
1754 1133 1803 1155 es-

1024 1182 1071 1211 set
1087 1182 1117 1211 et
1132 1180 1281 1220 splendor
1295 1179 1490 1210 omnimodae
1503 1178 1690 1210 sanctitatis.
1705 1178 1808 1219 Super

1024 1234 1108 1264 hanc
1129 1233 1250 1264 studuit
1270 1233 1428 1264 aedificare
1451 1232 1605 1272 seipsum,
1625 1234 1662 1263 ut
1681 1232 1808 1272 sapiens

1025 1287 1228 1325 architectus,
1242 1287 1489 1318 fundamentum
1505 1285 1704 1326 praejaciens,
1721 1286 1809 1326 quod

1026 1350 1045 1372 a
1061 1341 1183 1372 Christo
1197 1340 1359 1372 didicerat.
1384 1339 1511 1370 Dicebat
1525 1341 1654 1379 propter
1673 1339 1734 1370 hoc
1755 1338 1808 1370 Fi-

1024 1394 1105 1425 lium
1122 1394 1175 1424 Dei
1191 1394 1229 1424 de
1249 1393 1414 1424 altitudine
1430 1393 1520 1424 sinus
1541 1393 1665 1433 paterni
1680 1393 1720 1423 ad
1737 1402 1809 1423 nos-

1026 1450 1075 1479 tra
1089 1447 1292 1488 despicabilia
1316 1446 1525 1485 descendisse,
1552 1448 1588 1477 ut
1612 1448 1678 1477 tam
1693 1455 1807 1478 exem-

1026 1502 1089 1542 plo,
1106 1510 1206 1541 quam
1227 1500 1337 1538 verbo,
1362 1500 1515 1531 Dominus
1536 1502 1567 1531 et
1583 1500 1736 1540 Magister
1750 1500 1811 1531 hu-

1027 1555 1194 1586 militatem
1219 1554 1356 1585 doceret.
1390 1553 1524 1593 Propter
1550 1553 1635 1593 quod
1664 1554 1811 1585 studebat

1026 1611 1180 1649 tanquam
1207 1607 1322 1639 Christi
1351 1606 1525 1647 discipulus
1550 1607 1584 1637 in
1613 1607 1714 1638 oculis
1743 1608 1810 1639 suis

1027 1665 1058 1694 et
1072 1662 1210 1693 aliorum
1225 1662 1388 1699 vilescere,
1405 1670 1423 1691 a
1445 1669 1574 1692 summo
1597 1660 1719 1692 dictum
1744 1670 1812 1692 esse

1028 1716 1181 1756 Magistro
1203 1724 1460 1746 commemorans
1477 1715 1485 1731 ¹
1505 1724 1513 1745 ε
1532 1714 1621 1750 Quod
1643 1715 1744 1747 alcum
1765 1718 1812 1748 esc

1028 1770 1117 1811 apud
1142 1770 1294 1808 homines,
1322 1769 1519 1801 abominatio
1535 1772 1581 1801 est
1596 1769 1685 1808 apud
1700 1769 1809 1801 Deum.

1028 1824 1089 1855 Sed
1105 1826 1135 1855 et
1146 1824 1282 1855 verbum
1297 1823 1358 1853 hoc
1370 1823 1474 1853 dicere
1487 1822 1597 1852 solitus
1607 1824 1675 1853 erat
1688 1833 1694 1853 z
1709 1822 1813 1860 Quan-

1027 1880 1097 1909 tum
1112 1878 1210 1908 homo
1225 1879 1272 1907 est
1300 1876 1333 1906 in
1348 1875 1447 1906 oculis
1465 1875 1531 1914 Dei,
1549 1877 1675 1906 tantum
1700 1878 1757 1914 est,
1783 1879 1814 1907 et

1028 1941 1093 1962 non
1111 1931 1196 1971 plus.
1217 1930 1357 1961 Stultum
1370 1929 1505 1969 proinde
1517 1929 1666 1969 judicans
1681 1930 1814 1961 munda-

1028 1985 1079 2015 nis
1092 1984 1202 2015 extolli
1215 1983 1392 2021 favoribus,
1404 1982 1564 2021 gaudebat
1573 1983 1611 2013 de
1619 1983 1811 2022 opprobriis,

1028 2039 1114 2070 etde
1137 2038 1286 2069 laudibus
1308 2036 1505 2067 tristabatur.
1530 2036 1666 2067 Malebat
1684 2037 1811 2076 quidem

1028 2092 1067 2124 de
1095 2102 1129 2123 se
1162 2090 1359 2131 vituperium
1388 2090 1516 2127 audire,
1547 2099 1644 2129 quam
1673 2090 1812 2130 laudem,

1029 2147 1134 2178 sciens
1151 2145 1237 2185 quod
1253 2144 1313 2175 hoc
1327 2143 1366 2174 ad
1385 2143 1622 2174 emendandum
1637 2143 1812 2184 induceret,

1029 2201 1081 2231 illa
1107 2199 1290 2239 impelleret
1314 2197 1353 2228 ad
1375 2196 1564 2228 cadendum.
1585 2196 1625 2227 Et
1643 2197 1714 2228 ideo
1729 2207 1814 2239 saepe

1030 2263 1105 2285 cum
1121 2252 1229 2293 populi
1258 2250 1374 2281 merita
1393 2250 1427 2280 in
1441 2259 1479 2281 eo
1494 2251 1665 2281 sanctitatis
1680 2252 1812 2283 extolle-

1030 2309 1112 2344 rent,
1130 2304 1338 2346 praecipiebat
1355 2304 1450 2334 alicui
1469 2304 1572 2343 fratri,
1587 2307 1622 2336 ut
1636 2305 1670 2336 in
1685 2308 1812 2336 contra-

1029 2362 1115 2392 rium
1133 2360 1232 2391 verba
1255 2358 1363 2398 ipsum
1385 2357 1571 2389 vilificantia
1592 2358 1658 2389 suis
1680 2360 1814 2390 auribus

1029 2413 1216 2446 inculcando
1229 2412 1394 2452 proferret.
1403 2411 1546 2451 Cumque
1561 2412 1655 2442 frater
1666 2412 1729 2450 ille,
1740 2413 1814 2443 licet

1029 2469 1168 2505 invituS,
1187 2475 1262 2497 eum
1285 2465 1453 2503 rusticum,
1469 2467 1500 2495 et
1521 2466 1766 2504 mercenarium,
1783 2468 1814 2497 et

1030 2522 1177 2553 inutilem
1204 2520 1335 2557 diceret,
1366 2518 1562 2549 exhilaratus
1592 2520 1657 2548 tam
1685 2520 1811 2557 mente,

1030 2584 1129 2616 quam
1143 2574 1232 2611 facie,
1249 2573 1478 2613 respondebat:
1495 2571 1664 2602 Benedicat
1678 2572 1734 2603 tibi
1751 2566 1811 2603 Doss

1031 2630 1151 2666 minus,
1168 2628 1213 2658 fili
1231 2627 1429 2664 charissime,
1446 2625 1523 2666 quia
1538 2627 1574 2656 tu
1591 2626 1757 2658 verissima
1771 2627 1814 2658 lo-

1063 2694 1068 2708 ¹
1087 2692 1154 2720 Lac„
1171 2696 1223 2721 xm,
1239 2691 1276 2714 15.
