2029 3052
255 207 314 237 346
814 202 1002 235 LEGENDA
1022 203 1055 235 S.

253 273 383 312 tequam
404 271 506 302 crucis
529 270 722 311 signiferum
741 269 886 310 catalogo
903 272 1028 302 sancto-

252 334 327 356 rum
340 324 543 363 adscriberet,
559 323 748 363 scrupulum
770 323 943 364 quemdam
965 324 1030 355 du-

251 377 414 409 bitationis
428 377 463 408 in
482 377 574 408 corde
594 376 726 416 gerebat
739 376 778 407 de
796 377 929 408 vulnere
949 377 1030 409 late-

252 431 322 463 rali.
353 430 450 462 Nocte
471 440 548 462 vero
575 429 725 470 quadam,
752 429 834 461 sicut
860 431 927 471 ipse
952 431 1030 462 felix

251 485 391 516 Antistes
414 484 570 515 referebat
591 493 665 515 cum
679 483 841 524 lacrymis,
865 484 977 516 beatus
999 484 1029 516 ei

252 539 447 571 Franciscus
466 539 604 579 quadam
623 539 714 570 faciei
739 541 896 579 praetensa
911 539 1029 570 duritia

251 594 285 624 in
299 593 419 624 somnis
437 592 601 633 apparuit,
618 594 650 623 et
672 592 905 624 haesitationem
924 593 1028 624 cordis

251 646 350 687 ipsius
365 646 576 686 redarguam,
597 646 734 677 elevavit
757 647 928 678 brachium
953 646 1028 678 dex-

252 702 348 739 trum,
373 699 492 731 detexit
515 699 645 738 vulnus,
666 699 871 740 phialamque
886 700 1029 741 poposcit

251 755 291 785 ab
311 754 391 794 ipso,
413 755 450 785 ut
470 753 695 784 scaturientem
714 753 867 793 reciperet
893 754 1027 793 sangui-

250 817 338 847 nem,
360 807 416 848 qui
429 816 471 838 ex
484 807 580 838 latere
601 806 770 838 defluebat.
791 805 912 838 Obtulit
928 807 963 838 in
977 807 1029 839 vi-

251 861 340 893 sione
350 860 504 892 Summus
515 860 660 891 Pontifex
671 860 811 900 phialam
822 860 1025 900 postulatam,

251 924 324 956 quae
333 923 435 955 usque
445 914 484 945 ad
498 923 662 945 summum
677 913 835 953 sanguine
847 914 1025 954 profluente

251 969 290 1000 de
302 969 399 1000 latere
415 967 583 999 videbatur
597 967 735 1008 impleri.
753 967 801 998 Ex
810 968 885 998 tunc
897 967 935 998 ad
950 967 1028 998 illud

251 1032 378 1054 sacrum
407 1021 598 1053 miraculum
625 1023 713 1052 tanta
740 1022 834 1062 coepit
861 1022 1030 1052 devotione

253 1077 346 1115 affici,
363 1079 394 1108 et
408 1076 612 1107 aemulatione
627 1076 764 1114 fervere,
781 1077 816 1106 ut
831 1075 919 1107 nullo
934 1075 1029 1106 modo

252 1130 317 1170 pati
340 1132 456 1170 posset,
478 1130 563 1169 quod
586 1129 700 1169 aliquis
724 1129 949 1169 prael'ulgentia
976 1128 1030 1159 illa

252 1192 342 1215 sacra
355 1183 450 1223 sigua
467 1182 603 1223 superba
626 1184 835 1222 praesumeret
856 1183 1027 1222 impugna-

252 1237 338 1268 tione
352 1238 485 1275 t'uscare,
502 1236 581 1277 quin
597 1245 671 1267 eum
688 1245 799 1267 severa
815 1236 1030 1276 increpatione

254 1290 371 1322 feriret.

294 1344 404 1375 Frater
417 1343 547 1384 quidam
569 1343 679 1374 ordine
693 1343 806 1381 Minor,
827 1343 931 1374 officio
946 1352 1028 1383 prae-

254 1398 374 1429 dicator
390 1397 528 1434 virtutis,
552 1399 584 1427 et
600 1397 693 1427 samae
713 1397 928 1437 praerogativa
949 1407 1030 1437 prae—

255 1452 388 1492 pollens,
406 1451 456 1482 cui
477 1451 611 1481 firmiter
625 1453 692 1482 erat
705 1451 743 1481 de
756 1451 852 1481 sancti
870 1451 1029 1490 stigmati-

254 1506 314 1536 bus
328 1514 527 1545 persuasum,
549 1504 628 1535 dum
652 1504 794 1535 humano
819 1513 914 1535 sensu
939 1505 1030 1535 mira—

255 1559 318 1590 culi
342 1559 440 1599 huJ'us
464 1558 548 1598 apud
572 1568 605 1588 se
627 1559 783 1589 rationem
811 1559 1028 1599 perquireret,

255 1612 462 1643 dubitationis
486 1612 580 1651 coepit
604 1611 768 1650 cujusdam
794 1612 943 1652 scrupulo
961 1612 1031 1642 titil-

255 1665 326 1696 lari.
346 1665 424 1696 Cum
441 1665 542 1704 igitur
559 1674 614 1704 per
630 1665 696 1695 dies
710 1665 864 1704 plurimos
877 1665 1031 1695 sensuali-

255 1721 318 1750 tate
331 1720 476 1750 sumente
491 1718 650 1757 vigorem,
667 1717 827 1748 luctamen
848 1718 1031 1757 buJ'usniodi

256 1774 427 1813 pateretur,
444 1773 534 1802 nocte
549 1771 717 1802 dormienti
734 1771 765 1801 S.
782 1771 967 1801 Franciseus
982 1781 1033 1811 pc-

256 1826 349 1857 dibus
364 1825 531 1856 lutulentis
557 1825 715 1864 apparuit,
740 1824 904 1855 humiliter
919 1825 1030 1863 durus,

256 1883 286 1911 et
301 1881 456 1920 patienter
475 1880 586 1910 iratus.
612 1878 651 1910 Et
665 1888 737 1919 quae
753 1882 837 1915 sunt,
854 1879 908 1917 ait,
928 1879 985 1909 ista
1002 1879 1033 1908 iu

260 1936 290 1964 te
315 1933 584 1964 conflictationum
601 1933 797 1963 certamina?
813 1942 885 1972 quac¹
906 1932 1032 1962 dubita-

258 1988 381 2018 tionum
397 1987 520 2017 sordes‘?
542 1986 619 2017 Vide
636 1995 750 2017 manus
771 1995 867 2024 meaS,
889 1988 920 2016 et
941 1985 1034 2024 pedes

258 2051 354 2072 meos.
379 2041 521 2080 Cumque
544 2040 594 2070 ille
616 2040 736 2071 videret
756 2049 871 2070 manus
892 2040 1034 2070 confixas

257 2095 489 2125 lutulentorum
504 2094 633 2134 pedum,
650 2093 801 2132 stigmata
817 2102 882 2123 non
898 2092 1031 2123 videbat.

259 2149 408 2186 Remove,
432 2147 544 2187 inquit,
570 2147 676 2177 lutum
694 2156 712 2177 a
734 2147 864 2186 pedibus
888 2146 976 2183 meis,
1004 2147 1035 2175 et

259 2211 414 2242 cognosce
430 2201 498 2231 loca
512 2201 687 2231 clavorum.
706 2200 791 2238 Quos
815 2209 888 2230 cum
911 2200 963 2230 ille
978 2209 1034 2239 ap-

258 2255 476 2296 prehendisset
498 2255 629 2292 devote,
655 2254 758 2284 lutum
781 2254 841 2284 sibi
868 2254 1036 2284 videbatur

261 2311 455 2349 abstergere,
472 2309 600 2348 locaque
621 2309 785 2339 clavorum
803 2308 949 2338 manibus
964 2317 1037 2338 con-

261 2366 404 2395 trectare.
423 2363 589 2400 Continuo,
606 2366 641 2393 ut
655 2363 779 2400 vigilat,
797 2363 947 2403 lacrymis
963 2362 1035 2392 irri-

262 2420 368 2458 gatur,
385 2419 415 2447 et
437 2417 556 2456 priores
579 2417 709 2446 affectus
729 2416 964 2455 qumlammodo
984 2415 1039 2445 lu-

262 2473 400 2503 tulentos
416 2473 481 2501 tam
505 2470 719 2510 lacrymarum
747 2470 915 2509 profluvio,
939 2479 1037 2509 quam

263 2526 388 2566 publica
401 2525 595 2555 consessione
610 2524 749 2554 detersit.

306 2579 339 2609 In
357 2579 434 2609 urbe
456 2578 556 2609 Roma
574 2580 717 2608 matrona
738 2577 885 2615 quaedam
910 2585 1039 2607 morum

265 2633 405 2663 claritate
416 2641 452 2663 ac
460 2634 628 2672 pareutum
641 2631 745 2670 gloria
756 2630 882 2668 nobilis,
895 2630 926 2661 S.
946 2630 968 2661 F
971 2640 1042 2661 ran-

264 2687 384 2717 ciscum
402 2686 434 2716 in
450 2694 545 2716 suum
561 2685 701 2724 elegerat
722 2684 923 2722 advocatum,
941 2684 1040 2724 ipsius

1081 203 1106 236 F
1107 203 1298 237 RANGISCI.

1084 271 1208 303 habens
1219 272 1376 313 depictam
1390 272 1567 313 imaginem
1584 273 1619 304 in
1636 277 1756 308 secreto
1769 277 1858 308 cubi-

1085 324 1168 363 culo,
1195 326 1252 357 ubi
1282 325 1408 357 Patrem
1433 327 1466 357 in
1496 327 1679 359 abscondito
1695 329 1857 362 exorabat.

1085 377 1140 409 Die
1166 388 1242 410 vero
1263 380 1403 420 quadam
1421 403 1428 418 ‚
1452 380 1530 411 dum
1562 381 1699 412 orationi
1719 384 1858 422 vacaret,

1084 431 1286 463 considerans
1299 433 1478 473 imaginem
1486 433 1587 465 sancti
1597 443 1686 465 sacra
1699 434 1755 466 illa
1768 435 1862 475 signa

1085 485 1275 525 stigmatum
1287 494 1353 517 non
1367 486 1548 526 habentem,
1565 487 1672 519 dolere
1686 489 1782 529 coepit
1794 498 1861 528 non

1085 539 1262 576 modicum,
1293 541 1324 570 et
1353 539 1475 571 mirari.
1500 539 1561 572 Sed
1581 550 1647 572 non
1668 542 1808 581 mirum,
1835 542 1862 573 si

1084 591 1119 622 in
1141 591 1266 632 pictura
1283 601 1350 623 non
1374 594 1443 624 erat
1467 593 1552 633 quod
1574 595 1675 634 pictor
1697 595 1860 627 omiserat.

1084 644 1230 686 Cumque
1252 655 1308 686 per
1329 646 1439 686 plures
1461 647 1539 686 dies,
1563 648 1640 688 quid
1657 657 1762 680 causae
1781 649 1862 681 foret

1084 698 1224 730 defectus
1239 699 1437 739 hujusmodi,
1454 702 1561 731 mente
1572 701 1705 733 sollicita
1719 704 1860 743 pertrac-

1084 753 1177 790 taret,
1203 761 1274 783 ecce
1294 752 1398 783 subito
1423 753 1474 784 die
1488 754 1628 793 quadam
1643 758 1864 796 apparuerunt

1084 806 1179 846 signa
1195 806 1249 837 illa
1269 807 1404 838 mirifica
1426 807 1458 838 in
1481 808 1622 848 pictura,
1643 809 1724 840 sicut
1743 810 1777 840 in
1793 809 1863 841 aliis

1084 860 1184 900 ipsius
1208 860 1308 891 sancti
1329 861 1527 900 imaginibus
1547 862 1638 902 pingi
1654 863 1766 895 solent.
1783 863 1860 896 Tre-

1085 913 1219 944 mefacta
1233 914 1288 945 illa
1303 914 1402 945 filiam
1416 923 1508 945 suam
1524 915 1586 946 Deo
1601 916 1748 947 devotam
1764 917 1862 949 advo-

1085 967 1168 1004 cavit
1182 967 1345 1006 protiuus,
1363 968 1530 1009 requirens
1549 968 1576 998 si
1596 969 1716 1009 absque
1730 969 1862 1010 stigma-

1085 1020 1170 1051 tibus
1180 1029 1283 1060 usque
1293 1022 1369 1051 tunc
1380 1021 1490 1060 imago
1504 1021 1625 1053 fuisset.
1639 1022 1787 1054 Affirmat
1797 1023 1864 1063 itta,

1085 1075 1117 1104 et
1131 1075 1221 1114 jurat
1245 1073 1321 1104 olim
1350 1074 1420 1105 sine
1450 1074 1511 1104 illis
1541 1075 1638 1106 sacris
1661 1077 1865 1116 stigmatibus

1086 1128 1226 1159 extitisse
1239 1151 1248 1166 ,
1277 1130 1308 1158 et
1336 1137 1421 1159 nunc
1453 1137 1529 1159 vere
1560 1138 1635 1159 cum
1658 1129 1865 1169 stigmatibus

1086 1190 1249 1222 apparere.
1273 1181 1393 1213 Verum
1409 1182 1484 1222 quia
1500 1191 1590 1213 mens
1602 1182 1745 1214 humana
1760 1192 1864 1215 seme-

1086 1236 1202 1276 tipsam
1226 1236 1408 1276 frequenter
1428 1236 1584 1276 impellit,
1608 1239 1644 1267 ut
1665 1237 1766 1276 cadat,
1782 1239 1813 1268 et
1831 1238 1865 1269 in

1087 1289 1221 1320 dubium
1236 1291 1363 1321 revocat
1380 1289 1558 1326 veritatem,
1574 1289 1733 1321 subintrat
1747 1291 1864 1322 iterum

1085 1353 1140 1376 cor
1165 1343 1306 1374 mulieris
1327 1343 1480 1374 dubitatio
1502 1343 1598 1374 noxia
1612 1367 1620 1381 ,
1646 1353 1686 1374 ne
1709 1344 1790 1376 forte
1820 1345 1865 1376 sic

1086 1397 1196 1428 fuisset
1211 1397 1321 1436 imago
1334 1406 1352 1427 a
1368 1396 1522 1436 principio
1538 1397 1736 1436 consignata.
1753 1398 1794 1429 At
1809 1397 1864 1429 Dei

1086 1451 1200 1488 virtus,
1218 1460 1256 1481 ne
1272 1450 1413 1490 primum
1430 1452 1645 1481 contemneret
1658 1451 1862 1490 miraculum,

1086 1504 1171 1535 addit
1186 1506 1216 1534 et
1231 1503 1417 1534 secundum.
1435 1503 1591 1534 Continuo
1608 1513 1748 1544 namque
1762 1505 1864 1545 dispa-

1086 1558 1230 1588 rentibus
1245 1557 1347 1596 signis
1363 1556 1433 1595 illis,
1455 1557 1572 1588 nudata
1588 1557 1766 1597 privilegiis
1783 1558 1863 1589 ima-

1088 1622 1129 1651 go
1144 1611 1313 1648 remansit,
1339 1613 1375 1641 ut
1396 1620 1451 1651 per
1475 1620 1609 1651 sequens
1626 1612 1761 1651 signum
1776 1613 1866 1644 fieret

1087 1665 1232 1706 probatio
1246 1664 1466 1704 praecedentis.

1128 1719 1162 1749 ln
1184 1718 1344 1749 Catalonia
1370 1727 1496 1758 quoque
1518 1718 1603 1758 apud
1619 1718 1768 1750 litei-dam
1782 1720 1863 1751 acci-

1087 1774 1133 1805 dit
1147 1773 1253 1803 virum
1265 1772 1438 1812 quemdam
1451 1772 1582 1803 nomine
1592 1772 1756 1812 Joaunem,
1774 1774 1866 1805 beato

1089 1826 1255 1857 Fraucisco
1271 1826 1435 1864 devotum,
1448 1826 1586 1865 quodam
1601 1835 1671 1857 sero
1686 1836 1742 1867 per
1757 1837 1867 1868 quam-

1088 1881 1161 1911 dam
1184 1880 1329 1910 incedere
1352 1880 1438 1910 viam
1452 1903 1460 1918 ,
1482 1880 1515 1909 in
1539 1889 1603 1920 qua
1625 1889 1682 1920 pro
1703 1881 1868 1912 inferenda

1089 1936 1191 1965 morte
1215 1934 1381 1964 latitabant
1406 1933 1527 1964 insidiae
1554 1942 1618 1964 non
1644 1934 1774 1974 quidem
1794 1935 1865 1975 ipsi,

1089 1988 1145 2028 qui
1162 1987 1344 2018 inimicitias
1366 1996 1428 2017 non
1445 1987 1593 2024 habebat,
1611 1987 1665 2019 sed
1685 1988 1776 2019 alteri
1800 1988 1866 2019 cui-

1089 2042 1174 2079 dam,
1193 2041 1247 2081 qui
1262 2041 1430 2072 videbatur
1446 2040 1556 2070 similis
1571 2041 1650 2080 ejus,
1665 2043 1695 2071 et
1710 2043 1786 2072 tunc
1801 2044 1868 2072 erat

1091 2095 1123 2125 in
1139 2094 1291 2125 comitatu
1304 2094 1413 2133 ipsius.
1431 2093 1600 2133 Exul-gens
1613 2096 1721 2124 autem
1736 2094 1867 2134 quidam

1090 2148 1128 2179 de
1144 2147 1275 2183 insidiis,
1292 2156 1366 2177 cum
1382 2146 1505 2177 hostem
1517 2156 1612 2177 suum
1624 2147 1711 2178 hunc
1725 2157 1792 2178 esse
1807 2157 1869 2188 pu-

1091 2204 1193 2238 taret,
1218 2203 1282 2231 tam
1303 2200 1461 2230 lethaliter
1488 2210 1563 2231 eum
1587 2201 1691 2240 plagis
1720 2201 1868 2241 plurimis

1092 2255 1256 2293 gladiavit,
1285 2257 1319 2284 ut
1344 2254 1432 2284 nulla
1453 2263 1583 2293 prorsus
1606 2256 1783 2294 superesset
1799 2263 1869 2294 spes

1093 2308 1316 2348 recuperandae.
1328 2308 1448 2338 salutis.
1461 2307 1626 2347 Siquidem
1636 2307 1739 2347 prima
1751 2307 1870 2337 inflicta

1093 2361 1253 2402 percussio
1273 2361 1446 2391 humerum
1469 2369 1544 2391 cum
1565 2361 1695 2391 brachio
1720 2369 1798 2400 pene
1821 2363 1868 2390 to-

1092 2417 1162 2446 tum
1191 2414 1376 2452 absciderat,
1394 2417 1424 2444 et
1446 2414 1527 2444 ictus
1551 2414 1631 2444 alius
1647 2414 1705 2444 sub
1729 2413 1870 2443 mamilla

1094 2471 1213 2500 tantam
1229 2468 1400 2507 reliquerat
1417 2470 1617 2507 aperturam,
1641 2471 1674 2497 ut
1690 2467 1783 2496 ssatus
1798 2466 1870 2497 iude

1095 2526 1266 2566 procedens
1290 2526 1371 2556 circ-a
1391 2534 1445 2555 sex
1470 2524 1614 2555 candelas
1637 2523 1731 2553 simul
1743 2524 1869 2562 junctas

1094 2580 1311 2617 extingueret.
1348 2579 1427 2609 Cum
1455 2579 1556 2617 igitur
1578 2577 1707 2608 consilio
1736 2577 1869 2608 medico-

1094 2642 1167 2664 rum
1182 2633 1281 2673 ipsius
1296 2632 1497 2672 impossibilis
1509 2633 1589 2662 esset
1603 2631 1736 2667 curatio,
1754 2640 1812 2670 pro
1830 2640 1868 2662 eo

1096 2687 1181 2726 quod
1194 2686 1450 2726 putrescentibus
1463 2685 1578 2724 plagis,
1591 2694 1629 2715 ex
1641 2684 1685 2715 eis
1698 2685 1789 2715 foetor
1806 2686 1870 2715 tam
