2029 3052
28 310 135 339 poniten-

28 342 86 363 tium
102 349 135 363 ur-

41 373 70 395 do
80 375 121 395 ter-

27 405 71 427 tius
90 411 134 426 nou

41 437 115 458 admo-

29 467 83 489 dum
96 473 134 489 ex-

27 499 128 522 ereverit.

523 232 589 272 QUI
611 231 746 266 ORDINI
767 231 960 265 FRATRUM
982 231 1068 264 MIN.
1091 230 1400 265 ADVERSANTUR.

149 303 181 335 et
194 302 362 344 proficiant
376 301 410 334 in
423 302 519 341 bono,
535 300 580 333 ibi
599 301 756 332 habemus
771 301 924 339 fructum,

148 360 180 389 et
194 366 421 390 conservamus
434 357 612 388 libertatem
624 358 777 396 nostram,
792 365 832 387 00
842 355 924 396 plus,

149 422 248 454 quam
259 412 352 444 nobis
361 411 497 453 expedit,
513 419 708 452 occupemur
722 419 779 451 per
789 419 854 441 eos.
868 409 928 441 Per

149 467 226 498 istos
240 468 349 498 autem
368 467 567 507 poenitentes,
585 465 612 497 si
626 465 925 507 multiplicarentur,

148 520 390 562 impediremur,
402 521 486 562 quod
499 520 567 551 aliis
578 519 685 551 minus
698 519 846 560 prodesse
859 527 929 559 pos-

148 583 269 613 semus,
285 575 364 606 dum
374 575 466 616 quasi
478 584 517 606 ex
525 576 600 615 jure
614 574 809 614 exigerenta
823 573 926 611 nobis,

148 631 185 661 ut
204 629 244 661 ad
267 629 389 668 omnia,
414 638 488 670 quas
507 630 678 669 tangerent
697 637 767 667 005,
786 636 930 659 essemus

148 683 262 725 parati.
272 682 424 724 Alioquin
433 683 706 724 improperaretur
714 681 817 719 nobis,
829 690 929 722 quare

149 738 188 770 ad
203 738 289 769 hunc
302 737 450 769 ordinem
461 746 515 769 eos
525 737 761 775 induxerimus,
777 736 803 767 si
817 745 929 767 curam

148 792 292 833 ipsorum
314 791 486 823 nollemus.
508 791 542 822 Si
565 791 771 831 contingeret
794 800 848 822 eos
869 791 927 822 ali-

148 846 276 886 quando
286 847 390 877 astare
397 845 519 885 judicio
528 845 581 877 vel
595 845 753 884 saeculari,
765 845 818 877 vel
832 845 928 877 eccle-

147 899 274 931 siastico
289 924 297 938 ‚
314 901 466 932 vocarent
479 908 554 937 nos,
573 901 611 930 ut
624 899 670 930 eis
685 899 906 931 assisteremus
916 923 926 938 ,

147 956 178 986 et
194 963 252 995 pro
271 953 317 985 eis
338 953 620 985 intercederemus,
637 953 670 985 Si
691 953 807 994 aliquis
825 953 928 994 impe-

147 1010 228 1039 teret
244 1016 298 1039 eos
309 1016 367 1048 pro
379 1007 493 1039 debitis
504 1008 557 1039 vel
567 1008 701 1046 offensa,
714 1007 928 1048 obJurgarent

146 1072 217 1103 1105,
235 1072 334 1104 quare
348 1072 413 1094 non
428 1063 605 1095 faceremus
626 1063 656 1094 ei
674 1063 834 1104 justitiam
856 1063 927 1094 fieri

146 1118 187 1148 ab
201 1117 266 1157 illo,
283 1118 339 1158 qui
353 1117 387 1148 in
402 1119 510 1149 nostro
529 1117 691 1157 regimine
701 1119 732 1148 et
746 1117 927 1148 obedientia

147 1173 365 1203 conversatur.
385 1171 425 1203 Et
440 1172 508 1203 sive
524 1172 624 1212 juste,
641 1171 708 1203 sive
722 1171 841 1211 injuste
857 1180 926 1203 mo-

146 1229 294 1265 veretur,
315 1226 407 1257 nobis
427 1227 618 1267 imputaret,
642 1226 669 1257 si
690 1235 748 1266 pro
763 1226 928 1258 voluntate

146 1289 206 1311 sua
220 1280 249 1311 ei
265 1290 331 1312 non
345 1281 550 1320 satisfaceret,
567 1281 709 1312 maxime
725 1281 751 1311 si
766 1281 826 1312 iste
843 1272 928 1313 dice-

146 1336 194 1365 ret
208 1343 241 1366 se
255 1335 301 1366 nil
314 1335 427 1375 facere,
443 1335 508 1366 nisi
526 1335 565 1367 de
585 1336 694 1366 nostro
713 1335 845 1366 consilio
860 1335 927 1368 sive

142 1390 249 1429 Jussu.
275 1389 307 1420 Si
329 1389 445 1430 aliquis
467 1398 581 1421 eorum
601 1389 826 1430 captivaretur,
843 1389 894 1421 vel
909 1399 928 1420 a

146 1443 276 1475 domino
304 1453 374 1483 suo,
404 1445 456 1476 vel
483 1444 546 1475 alio
561 1444 802 1483 molestaretur,
833 1444 928 1476 vellet

146 1498 232 1539 quod
250 1498 363 1529 fratres
383 1507 513 1529 causam
535 1499 605 1539 ejus
625 1499 776 1538 agerent,
802 1500 834 1529 et
852 1498 928 1530 hinc

145 1551 219 1582 inde
232 1551 457 1590 discurrerent,
483 1553 519 1582 ut
533 1560 608 1582 eum
629 1561 647 1582 a
661 1550 715 1582 tali
729 1551 873 1583 molestia
888 1552 927 1582 li-

145 1605 311 1644 berarent,
335 1605 415 1636 sicut
429 1605 528 1637 vidua
542 1605 583 1636 ad
597 1604 749 1636 Elisaeum
768 1605 874 1644 venit,
891 1608 928 1637 ut

145 1668 216 1690 eam
238 1669 257 1690 a
276 1659 441 1690 creditoris
455 1660 504 1690 sui
522 1659 692 1691 vexatione
711 1659 872 1691 liberaret.
892 1660 926 1692 Si

145 1713 261 1755 aliquis
286 1714 379 1754 inops
405 1715 487 1745 esset
513 1713 625 1752 nimis,
656 1715 687 1744 et
717 1723 783 1745 non
804 1712 927 1746 habens

145 1766 272 1797 aliunde
294 1766 473 1797 subsidium
496 1766 672 1807 corporale,
693 1767 820 1807 justum
835 1766 926 1798 vide-

145 1822 235 1851 retur
253 1820 309 1855 eis,
333 1822 364 1851 et
382 1820 470 1859 aliis,
487 1821 573 1860 quod
594 1829 653 1851 1105
676 1821 758 1851 510111
773 1822 927 1853 fratribus

147 1874 365 1915 spiritualibus
374 1874 418 1905 eis
426 1874 681 1914 provideremus,
690 1877 721 1905 et
727 1875 807 1906 forte
818 1875 927 1915 plures

146 1929 181 1960 in
194 1928 249 1959 illa
268 1937 323 1969 spe
336 1928 481 1972 ordine—m
496 1928 588 1959 illum
603 1931 814 1968 assumerent,
832 1932 868 1960 ut
882 1930 927 1961 eis

145 1983 179 2014 in
194 1983 381 2024 hujusmodi
398 1983 656 2022 subveniremuS,
671 1985 702 2014 et
717 1984 857 2015 maxime
873 1985 928 2016 foe-

147 2038 245 2069 minae
268 2038 320 2069 vel
347 2038 511 2077 beguinae.
539 2037 572 2068 Si
595 2037 702 2078 aliqua
723 2038 866 2078 ipsarum
888 2039 926 2070 de

147 2092 255 2133 aliquo
270 2092 402 2123 crimine
415 2092 623 2123 infamaretur
635 2092 862 2131 fornicationis,
877 2093 926 2124 vel

146 2145 307 2184 adulterii,
317 2145 422 2176 statim
433 2145 558 2185 quinos
573 2145 651 2176 sorte
664 2154 728 2176 non
739 2145 922 2185 diligerent,

147 2199 352 2239 divulgarent
363 2199 448 2230 istud
463 2199 497 2230 in
511 2201 654 2230 nostram
676 2199 858 2238 infamiam,
876 2200 923 2231 di-

147 2255 271 2283 centes:
288 2252 366 2284 Ecce
381 2262 504 2284 sorores
523 2253 738 2291 nudipedissae
750 2278 757 2291 ,
774 2254 925 2294 parvulos

147 2306 321 2346 nudipedes
334 2308 501 2346 procreant
516 2308 572 2338 015.
586 2307 645 2338 Sed
659 2317 677 2339 0
691 2317 755 2348 quo
769 2308 838 2338 illos
854 2317 926 2338 con-

147 2360 288 2401 cipiunt,
306 2360 367 2391 nisi
382 2361 421 2391 ab
436 2361 491 2399 eis,
509 2362 564 2401 qui
578 2363 644 2393 toto
658 2362 708 2392 die
725 2363 925 2402 occupantur

147 2424 220 2446 cum
232 2415 324 2455 ipsis?
336 2414 373 2445 Et
386 2415 496 2446 lascivi
511 2415 616 2446 clerici
627 2416 678 2446 vel
688 2416 759 2447 laici
770 2416 801 2446 in
813 2416 921 2447 odium

146 2469 246 2500 nostri
260 2469 365 2508 magis
380 2471 483 2499 essent
496 2469 659 2500 sororibus
672 2470 735 2500 illis
749 2470 870 2509 infesti,
887 2472 924 2502 ut

146 2525 201 2554 aut
216 2525 459 2563 corrumperent
473 2531 542 2561 eaS‚
557 2525 613 2554 aut
624 2524 831 2563 infamarent,
848 2534 923 2555 cum

145 2577 288 2617 ipsarum
307 2577 443 2608 dedecus
463 2577 497 2607 in
516 2586 575 2608 nos
594 2578 767 2618 plusquam
790 2579 824 2609 in
845 2579 923 2609 alios

144 2630 346 2662 redundaret.
360 2630 394 2662 Si
408 2631 536 2671 quando
551 2631 634 2662 inter
645 2640 697 2662 eas
712 2632 819 2673 aliqua
833 2633 923 2664 fieret

144 2685 339 2725 disceptatio,
354 2686 519 2726 ,oporteret
539 2693 598 2716 1105
612 2686 762 2727 occupari
776 2686 809 2717 in
823 2687 923 2718 resor-

145 2738 285 2771 matione
308 2739 393 2781 pacis
411 2740 494 2771 inter
512 2749 581 2779 eas,
599 2742 728 2781 propter
744 2741 922 2774 cavendum

1705 235 1765 266 535

981 300 1166 332 scandalum
1185 300 1335 332 aliorum.
1356 299 1389 332 Si
1409 300 1521 332 civitas
1534 300 1586 333 vei
1607 300 1763 342 oppidum

980 355 1153 395 indigeret,
1166 364 1231 386 non
1240 363 1406 396 possemus
1416 363 1468 386 eas
1477 355 1573 394 tueri,
1581 355 1660 396 quin
1670 363 1764 396 opor-

981 411 1060 440 teret
1078 418 1132 441 eas
1149 409 1274 440 solvere
1292 411 1449 450 quaestas,
1471 410 1503 440 et
1517 409 1634 449 tallias,
1657 413 1688 440 et
1705 409 1762 441 ob-

981 473 1108 495 servare
1122 463 1252 504 vigilias
1262 465 1447 502 nocturnas,
1459 465 1490 495 et
1503 464 1592 495 exire
1602 472 1678 494 cum
1692 463 1765 494 aliis

982 518 1020 549 ad
1041 518 1139 557 bella,
1155 520 1187 549 et
1205 518 1322 550 habere
1337 527 1444 557 arma,
1463 520 1494 549 et
1508 527 1621 558 equos,
1638 518 1690 549 vel
1705 526 1764 558 pro

982 581 1016 604 se
1027 572 1338 612 1011101011011010105,
1352 572 1405 604 vel
1419 572 1514 604 etiam
1529 572 1668 603 dominis
1684 573 1762 611 suis,

984 636 1001 658 a
1021 626 1139 667 quibus
1156 626 1312 658 haberent
1333 627 1426 658 feuda
1433 651 1443 666 ,
1470 626 1521 658 vel
1540 627 1658 667 quibus
1673 626 1765 657 aliter

982 681 1102 712 astricti
1130 682 1291 722 oporteret
1314 689 1368 712 eos
1388 680 1421 712 10
1447 681 1565 712 talibus
1590 681 1763 712 deservire.

983 735 1093 768 Clerici
1106 736 1203 767 etiam
1217 736 1272 777 qui
1286 745 1345 767 005
1359 745 1424 767 000
1441 736 1601 776 diligunt,
1617 736 1766 776 impone-

981 793 1054 822 rent
1070 790 1170 830 nobis,
1188 791 1273 831 quod
1287 790 1395 831 plebes
1410 799 1488 822 suas
1501 791 1592 822 nobis
1606 791 1766 823 vellemus

982 845 1043 876 sub
1057 845 1119 876 1100
1130 844 1235 876 001010
1249 845 1420 884 attrahere,
1438 846 1469 876 et
1480 846 1600 876 nostrae
1615 845 1765 876 obedien-

982 899 1036 930 tiae
1052 900 1247 939 subjugare,
1263 901 1300 930 ut
1313 909 1362 931 res
1377 908 1492 931 eorum
1509 899 1602 930 nobis
1615 899 1764 930 cederent

981 953 1131 992 totaliter,
1148 955 1179 985 01
1197 962 1271 994 quae
1293 953 1369 994 ipsis
1384 953 1501 985 offerre
1519 953 1690 992 deberent,
1708 962 1768 985 nos

982 1007 1028 1038 eis
1043 1007 1302 1047 praeriperemus.
1323 1007 1362 1039 Et
1376 1007 1505 1048 quando
1525 1017 1583 1039 1105
1605 1017 1670 1039 000
1689 1016 1767 1048 1105-

982 1062 1104 1093 sentin
1125 1062 1269 1102 personis
1285 1062 1403 1093 nostris
1423 1062 1504 1093 forte
1527 1071 1682 1102 gravare,
1698 1061 1769 1092 illos

983 1126 1186 1157 quacumque
1197 1116 1363 1148 occasione
1374 1116 1767 1157 quaererentperturbare.

983 1170 1177 1202 Insamarent
1200 1170 1296 1202 etiam
1319 1179 1393 1210 nos,
1417 1170 1544 1211 quando
1574 1170 1767 1201 haberemus

983 1234 1058 1256 cum
1082 1226 1128 1256 eis
1151 1225 1323 1266 aliquando
1346 1226 1467 1256 secreta
1492 1224 1648 1265 capitula,
1676 1224 1769 1265 quasi

982 1279 1217 1310 celebraremus
1238 1279 1461 1311 conventicula
1483 1279 1709 1310 haeretieorum
1734 1278 1768 1309 in

983 1334 1127 1371 latebris,
1148 1343 1222 1365 cum
1242 1334 1305 1374 ipsi
1326 1334 1433 1374 potius
1457 1333 1604 1365 Ecclesiae
1632 1335 1769 1364 rectores

983 1388 1135 1420 deberent
1150 1397 1203 1419 005
1217 1388 1395 1419 secundum
1407 1397 1531 1419 morem
1543 1387 1691 1419 Ecclesiae
1704 1396 1770 1418 cor-

983 1443 1102 1482 rigere,
1115 1442 1140 1473 si
1152 1442 1281 1482 quando
1292 1442 1495 1479 offenderint,
1507 1443 1538 1472 et
1550 1441 1677 1482 punire.
1689 1440 1769 1472 Nam

983 1498 1014 1527 et
1028 1496 1088 1537 ipsi
1103 1505 1216 1527 eorum
1232 1496 1398 1536 magistri,
1416 1496 1471 1537 qui
1488 1495 1706 1528 Provinciales
1719 1496 1768 1527 di-

983 1553 1112 1589 cuntur,
1129 1560 1203 1581 cum
1217 1551 1280 1581 sint
1293 1550 1380 1589 laici,
1393 1552 1424 1581 et
1437 1550 1610 1590 aliquando
1625 1550 1766 1589 uxorati,

983 1604 1158 1645 quamdam
1178 1604 1296 1635 habent
1312 1604 1556 1635 similitudinem
1571 1614 1645 1635 cum
1660 1604 1768 1636 haere-

983 1659 1121 1690 ticorum
1132 1658 1309 1698 magistris,
1322 1661 1352 1689 et
1367 1659 1393 1689 si
1404 1668 1469 1689 non
1483 1668 1540 1698 pro
1552 1658 1683 1690 invidiae
1694 1668 1768 1699 pra-

982 1714 1096 1752 vitate,
1118 1715 1228 1744 tamen
1248 1713 1282 1743 in
1304 1712 1407 1744 laicali
1422 1713 1553 1752 habitu,
1572 1713 1769 1754 nomineque

983 1768 1212 1799 haereticorum
1232 1768 1266 1797 in
1285 1768 1507 1807 contemptum
1529 1767 1651 1807 clerici,
1671 1768 1769 1800 laicos

982 1822 1101 1853 habent
1124 1822 1295 1861 magistros
1315 1823 1345 1852 et
1367 1821 1521 1852 doctores.
1551 1821 1590 1852 Et
1611 1831 1685 1853 cum
1709 1832 1768 1854 nos

983 1876 1043 1906 sub
1064 1885 1128 1906 una
1142 1876 1245 1906 forma
1263 1875 1411 1914 vivendi,
1428 1876 1459 1906 et
1474 1875 1642 1916 multiplici
1659 1879 1766 1909 custo-

984 1929 1046 1967 dia,
1061 1930 1119 1960 vix
1138 1938 1366 1961 conservemus
1391 1929 1542 1961 Ordinem
1563 1933 1711 1962 nostrum
1734 1931 1766 1963 in

984 1994 1042 2015 5110
1058 1984 1172 2024 vigore
1183 2008 1191 2022 ,
1208 1993 1249 2015 ne
1266 1984 1424 2015 dilabatur
1441 1993 1497 2024 per
1511 1984 1747 2025 negligentiam
1758 2009 1766 2023 ,

985 2039 1147 2080 quomodo
1168 2048 1333 2079 possemus
1348 2038 1442 2069 illum
1458 2038 1608 2071 Ordinem
1629 2040 1662 2071 in
1682 2041 1768 2072 bono

984 2095 1069 2124 statu
1084 2093 1139 2124 diu
1158 2102 1303 2132 servare,
1327 2093 1384 2124 ubi
1405 2093 1542 2134 quisque
1557 2094 1645 2125 vadit
1660 2095 1693 2125 in
1710 2095 1766 2126 do-

983 2157 1075 2178 mum
1087 2157 1191 2185 suam,
1209 2150 1240 2178 et
1254 2149 1381 2178 exercet
1398 2148 1567 2187 negotium
1583 2149 1764 2189 proprium,

983 2204 1013 2233 et
1028 2202 1123 2233 habet
1139 2211 1249 2233 curam
1264 2202 1379 2232 domus
1397 2211 1476 2240 suae,
1494 2205 1525 2233 et
1539 2203 1665 2241 uxoris,
1680 2206 1711 2235 et
1728 2205 1766 2235 fi-

982 2257 1113 2295 liorum,
1126 2258 1158 2288 et
1171 2259 1316 2287 versatur
1330 2257 1364 2287 in
1379 2257 1509 2295 saeculo,
1525 2259 1556 2288 et
1571 2257 1679 2288 multis
1691 2268 1767 2298 qua-

981 2310 1059 2340 titur
1075 2309 1306 2340 tentationibus
1325 2308 1438 2339 mundi
1454 2311 1485 2339 et
1507 2309 1628 2340 carnis!
1652 2309 1689 2340 Et
1709 2309 1766 2349 qui

981 2363 1073 2394 001115
1092 2372 1157 2393 non
1178 2365 1282 2394 essent
1303 2363 1422 2393 astricti
1449 2363 1594 2401 obedire,
1619 2363 1681 2393 nisi
1704 2372 1762 2403 pro

981 2418 1074 2456 velle,
1095 2420 1126 2448 et
1142 2426 1222 2458 quos
1244 2427 1309 2448 non
1338 2426 1505 2457 possemus
1531 2417 1613 2447 sicut
1634 2418 1764 2457 expedit

980 2481 1136 2511 coercere,
1152 2472 1230 2512 quin
1246 2472 1307 2503 cito
1327 2471 1518 2502 dilaberetur
1536 2471 1595 2501 sub
1614 2471 1763 2502 manibus

980 2527 1096 2557 nostris
1118 2525 1283 2566 disciplina
1307 2527 1337 2556 et
1355 2524 1491 2565 justitia.
1518 2524 1556 2555 Et
1578 2524 1622 2555 sic
1645 2524 1762 2556 melius

980 2581 1082 2612 fuerat
1101 2590 1166 2612 non
1180 2580 1362 2620 incoepisse,
1381 2588 1479 2619 quam
1499 2587 1564 2609 non
1579 2587 1670 2619 posse
1685 2587 1764 2619 per-7

979 2635 1084 2673 ficere,
1102 2637 1133 2666 et
1145 2637 1234 2666 tanta
1246 2633 1377 2673 negotia
1389 2633 1597 2673 assumpsisse
1613 2641 1670 2673 per
1684 2641 1759 2673 quae

980 2689 1151 2729 dissipatur
1173 2698 1237 2730 pax
1258 2690 1385 2726 nostra,
1407 2689 1436 2718 et
1461 2688 1546 2718 fama
1565 2687 1705 2725 vilescit,
1730 2689 1761 2718 et

981 2743 1064 2774 inter
1079 2743 1225 2785 nosipsos
1247 2743 1380 2783 possunt
1396 2741 1490 2782 plura
1504 2741 1755 2774 scandalasubo-
