2029 3052
248 185 309 216 62⁰

248 250 303 283 sed
316 249 364 282 illi
377 257 435 291 per
446 257 493 288 se,
508 255 568 289 pro
581 246 645 278 illis
657 245 714 287 qui
722 245 784 277 sibi
797 245 1030 278 commiserunt

247 304 431 346 pecuniam,
446 302 640 335 convertunt
653 308 725 332 eam
738 299 773 332 in
786 299 957 332 utilitatem
968 299 1029 331 ira-

246 359 352 397 trum,
370 357 475 390 vicem
493 355 623 387 illorum
642 355 790 394 gerentes
805 353 841 384 in
863 361 918 392 eo,
941 351 1028 394 quod

247 414 392 452 servant;
403 413 436 444 et
444 410 641 443 distribuunt
647 409 750 450 ipsam
759 407 939 449 pecuniam,
953 415 1028 448 quae

247 466 354 499 adhuc
375 465 504 498 illorum
531 465 596 503 est,
621 462 680 504 qui
702 462 872 501 dederunt,
888 462 986 494 etiam
1000 461 1027 493 si

246 521 390 553 nesciant
403 527 476 552 eam
491 517 598 550 adhuc
611 515 744 554 servari,
757 517 906 556 gerentes
917 517 1026 548 autem

246 574 350 607 vicem
365 574 503 605 fratrum
514 571 548 603 in
562 580 612 609 00,
628 569 714 612 quod
729 578 843 601 eorum
855 569 1025 602 utilitatem

246 629 439 669 promovent
470 626 510 658 de
543 624 681 666 pecunia
711 623 861 655 aliorum.
898 622 1027 656 Fratres

245 682 344 722 enim,
360 681 517 723 quamdiu
537 679 673 722 pecunia
693 687 760 710 non
780 680 828 710 est
843 677 971 710 redacta
992 678 1027 709 in

245 746 315 769 rem
331 736 442 774 aliam,
457 743 523 776 qua
540 734 586 766 eis
601 733 648 765 uti
664 732 704 773 (a)
720 732 803 771 licet,
820 740 887 764 non
907 731 1027 763 hahent

244 799 317 823 eam
332 799 391 831 pro
410 798 481 827 sua,
503 788 558 820 sed
580 787 667 819 illius
688 786 745 827 qui
767 785 914 827 deposuit
935 795 1023 825 eam,

243 845 318 876 licet
330 844 432 876 sciant
450 852 522 875 eam
538 851 597 883 pro
614 850 673 873 sua
690 840 826 872 utilitate
840 840 885 872 ibi
901 840 1024 881 reposi-

243 899 351 931 sitam.
369 898 460 931 Sicut
476 905 551 929 cum
570 895 721 928 dominus
741 895 913 927 committit
931 904 1025 927 servo

243 962 304 985 suo
317 952 488 994 pecuniam
506 960 611 989 suam,
631 951 668 981 ut
686 949 766 981 mihi
782 949 855 980 inde
870 951 956 980 emat
969 951 1023 980 tu-

243 1008 362 1047 nicam,
382 1006 512 1038 interim
533 1007 580 1037 est
604 1004 738 1043 domini,
760 1004 816 1036 sed
839 1006 947 1045 empta
970 1005 1023 1035 tu-

243 1061 333 1100 nica,
363 1070 435 1093 mea
462 1061 533 1092 erit.
563 1058 748 1091 Secundum
772 1058 855 1089 hanc
881 1058 970 1090 viam
993 1059 1025 1089 et

243 1115 414 1153 cautelam,
430 1114 543 1146 fratres
562 1115 593 1145 et
611 1121 667 1154 per
681 1111 802 1143 amicos
814 1111 976 1152 speciales,
993 1112 1025 1142 et

242 1168 399 1210 quoslibet
414 1169 650 1209 procuratores,
673 1167 705 1197 et
725 1165 930 1204 mediatores,
948 1174 1022 1206 pro-

242 1225 358 1255 curant
372 1221 561 1260 necessaria,
578 1229 636 1251 nec
660 1222 768 1251 tamen
786 1219 945 1260 recipiunt
966 1228 1022 1260 pe-

242 1277 372 1308 cuniam
394 1285 450 1317 per
464 1275 536 1307 illos
558 1277 790 1315 procuratores,
815 1273 869 1304 sed
895 1273 938 1303 illi
955 1282 1022 1305 ser-

242 1332 321 1362 vant
334 1330 421 1361 illam
436 1329 566 1361 nomine
578 1328 736 1366 dantium,
748 1329 780 1358 et
795 1327 863 1358 vice
878 1327 1022 1367 ipsorum

242 1386 373 1416 vertunt
386 1392 457 1415 eam
474 1383 508 1414 in
523 1382 692 1414 utilitatem
706 1382 853 1420 fratrum,
873 1381 1023 1413 1111101111-

241 1439 333 1470 nium
349 1438 492 1480 pecuniae
508 1446 571 1468 11011
585 1439 726 1468 transeat
740 1436 773 1467 in
793 1436 1021 1477 proprietatem

241 1493 390 1524 fratrum.
408 1491 496 1523 Unde
519 1491 663 1522 conditor
686 1490 818 1530 [tegulae
842 1490 947 1530 magis
971 1491 1019 1521 iu-

242 1547 341 1579 tendit
365 1546 516 1578 fratribus
545 1545 739 1586 praecludere
764 1544 851 1575 viam
875 1545 1019 1576 avaritiae

241 1603 273 1633 in
298 1601 496 1642 possessione
526 1599 688 1640 pecuniae,
715 1607 770 1639 per
793 1607 891 1638 quam
915 1599 1021 1629 omnis

242 1655 369 1696 Religio
387 1654 574 1692 suffocatur,
594 1661 692 1693 quam
713 1652 879 1684 obstruere
900 1653 945 1683 eis
964 1662 1020 1693 op-

240 1709 470 1750 portunitatem
496 1707 673 1739 necessaria
698 1706 900 1747 procurandi.
925 1706 1022 1737 Sedes

240 1764 336 1795 etiam
352 1762 541 1804 Apostolica,
554 1763 648 1801 0111115
663 1763 731 1792 acta
746 1760 801 1791 toti
817 1760 961 1791 Ecclesiae
976 1760 1022 1791 di-

236 1817 411 1859 judicanda
425 1817 642 1856 exponuntur,
658 1816 689 1845 01
705 1814 900 1851 veneranda,
917 1814 1020 1854 ipsam

240 1872 389 1912 regulam
401 1870 618 1902 confirmando
633 1878 698 1900 non
711 1869 929 1909 approbasset,
947 1869 971 1899 si
989 1869 1021 1899 in

240 1935 276 1957 ea
286 1925 405 1966 aliquid
419 1925 638 1963 incongruum
647 1925 677 1954 et
690 1922 922 1954 inobservabile
933 1931 1021 1962 pros-

240 1979 388 2019 pexisset.
412 1978 483 2009 111οο
506 1977 697 2009 voventibus
722 1985 791 2007 eam
820 1985 883 2006 non
905 1978 950 2006 051
974 1976 1018 2006 111-

240 2043 342 2073 quens
355 2032 584 2073 perplexitatis,
604 2031 676 2062 licet
693 2030 857 2069 indigeant
872 2029 1020 2069 diligenti

240 2087 375 2125 cautela,
392 2096 432 2117 110
446 2085 609 2117 offendant
625 2086 734 2116 contra
745 2093 828 2122 eam,
840 2083 893 2123 qui
905 2083 1021 2114 debent

239 2141 348 2180 aliqua
363 2139 540 2171 necessaria
560 2148 615 2179 per
637 2138 804 2178 pecuniam
828 2146 1017 2177 procurare;

239 2203 312 2234 quae
329 2196 436 2225 tamen
456 2193 579 2224 cautela
595 2193 703 2232 magni
719 2194 767 2223 est
781 2191 897 2229 meriti,
911 2200 1021 2231 quam-

239 2248 288 2279 vis
304 2248 348 2278 illi
366 2248 467 2278 tutius
482 2246 657 2284 ambulent,
674 2245 728 2286 qui
743 2255 776 2276 50
793 2245 987 2275 subtrabunt
1002 2254 1020 2275 a

239 2302 357 2332 talibus
385 2300 540 2340 negotiis,
565 2300 620 2340 qui
644 2299 682 2330 ad
704 2308 742 2330 ea
763 2308 803 2329 ex
827 2298 931 2329 osticio
956 2307 1018 2329 non

240 2357 413 2396 coguntur,
430 2357 489 2386 etc.

452 2466 655 2509 QUAESTIO
679 2466 802 2500 XXVI.

239 2555 283 2581 An
303 2555 406 2587 fratres
426 2554 544 2581 Minores
563 2553 696 2588 recipient
716 2552 905 2585 eleemosynam
921 2552 953 2578 ab
969 2552 1015 2585 iis,

417 2600 466 2634 qui
480 2599 583 2633 injusta
598 2599 674 2625 lucra
687 2599 836 2624 sectantur.

283 2681 360 2711 item
373 2689 483 2720 quaero
498 2691 504 2710 :
520 2680 598 2711 Cum
614 2688 664 2710 res
682 2678 763 2710 male
779 2677 941 2717 acquisilae
956 2676 1016 2706 Deo

723 175 1100 210 DETERMlNATIONES
1122 175 1404 214 QUAESTioNUM.

1083 243 1148 276 sint
1169 243 1317 284 odibiles,
1340 243 1428 276 unde
1456 243 1612 276 Dominus
1635 244 1713 277 dicit
1733 245 1742 263 ¹
1768 255 1776 277 :
1799 244 1867 287 Eoo

1083 298 1241 332 Dominus
1273 298 1348 332 odio
1377 298 1496 332 habens
1527 298 1681 340 rapinam
1716 300 1755 332 in
1784 299 1869 334 holo-

1082 355 1192 386 causta
1199 362 1213 393 ‚·
1221 361 1280 385 cur
1288 350 1438 394 recipitis,
1447 353 1497 385 vei
1509 353 1616 395 petitis
1623 353 1861 395 eleemosynam

1082 407 1123 439 ab
1134 406 1197 438 illis
1211 407 1268 448 11111
1281 407 1402 448 injusta
1413 407 1504 439 lucra
1517 409 1702 440 sectantur?

1123 460 1322 502 Respondeo.
1342 460 1478 500 Quidam
1497 463 1574 493 sunt
1592 461 1650 503 qui
1670 461 1776 494 solum
1800 462 1861 494 ha-

1082 515 1159 547 bent
1171 523 1224 546 res
1242 514 1326 546 male
1345 514 1528 556 acquisitas,
1551 516 1583 546 et
1607 516 1742 556 possunt
1763 517 1862 548 certae

1081 577 1228 610 personae
1248 568 1401 608 inveniri,
1420 568 1540 610 quibus
1561 569 1715 610 competit
1735 577 1862 601 recom-

1081 623 1226 664 pensatio
1242 622 1308 663 (ubi
1330 623 1411 655 tales
1436 623 1569 664 scimus,
1590 623 1630 656 de
1653 625 1769 656 caetero
1795 633 1862 656 non

1081 676 1236 709 debemus
1257 677 1298 709 ab
1321 677 1367 709 eis
1385 677 1622 719 eleemosynam
1643 679 1770 719 petere,
1794 679 1862 712 sive

1081 731 1234 773 accipere,
1248 732 1326 773 quia
1339 731 1449 764 omnia
1461 741 1536 774 quae
1550 732 1672 764 hahent
1684 734 1761 765 sunt
1776 732 1861 765 alio-

1081 795 1168 826 rum,
1183 786 1304 827 quibus
1321 787 1471 818 tenentur
1483 786 1639 828 reddere),
1660 786 1712 818 vel
1733 796 1861 828 omnes,

1081 840 1131 872 vel
1145 840 1263 882 aliquae
1279 850 1286 871 :
1303 840 1389 881 quod
1402 840 1430 872 si
1447 840 1578 882 aliquae,
1598 842 1630 872 et
1644 849 1711 872 non
1732 850 1859 883 omnes,

1079 896 1156 926 tunc
1171 903 1257 935 vaga
1270 894 1428 926 restitutio
1441 894 1481 926 de
1499 894 1546 926 eis
1566 893 1672 926 danda
1693 898 1751 934 est,
1777 897 1810 928 et
1823 896 1860 928 in

1080 949 1148 990 pias
1161 957 1274 980 causas
1283 947 1457 988 eroganda.
1468 947 1603 986 Quidam
1615 949 1726 980 autem
1739 948 1863 982 habent

1079 1003 1124 1044 inj
1128 1005 1200 1034 usta
1205 1002 1300 1041 bona,
1308 1002 1351 1034 ita
1356 1001 1442 1043 quod
1448 1001 1474 1033 si
1480 1001 1811 1042 danteleemosynam,
1818 1005 1865 1035 tn-

1080 1066 1155 1088 men
1161 1056 1284 1098 perhoc
1292 1065 1358 1088 non
1366 1055 1658 1096 111111111111101011105,
1665 1055 1745 1096 quin
1755 1056 1864 1089 adhuc

1079 1111 1220 1143 habeant
1229 1111 1316 1143 unde
1331 1111 1452 1152 possint
1464 1110 1633 1142 restituere
1643 1111 1738 1142 certis
1748 1120 1862 1152 perso-

1078 1166 1139 1205 nis,
1151 1166 1272 1206 quibus
1285 1165 1412 1203 debent,
1432 1164 1520 1196 unde
1535 1166 1670 1205 possunt
1683 1162 1860 1207 eleemosy-

1080 1229 1155 1251 nam
1171 1221 1273 1252 sacere
1287 1220 1326 1252 de
1341 1220 1481 1252 residuo.
1500 1220 1526 1251 A
1538 1219 1650 1260 primis
1664 1222 1772 1252 autem
1794 1230 1860 1253 non

1080 1283 1251 1314 possumus
1270 1274 1422 1315 recipere,
1438 1273 1501 1304 nisi
1522 1273 1716 1313 ignorantia,
1736 1274 1789 1306 vel
1804 1284 1861 1307 ex-

1079 1330 1182 1359 trema
1198 1328 1387 1368 indigentia,
1405 1327 1456 1358 vel
1471 1327 1682 1368 praesumptio
1697 1328 1783 1369 quod
1798 1337 1863 1360 cre-

1078 1382 1196 1414 ditores
1208 1382 1307 1413 velint
1323 1391 1380 1413 nos
1388 1381 1541 1422 recipere,
1553 1384 1761 1414 nosexcuset.
1775 1381 1862 1414 Unde

1078 1436 1207 1477 (1111111110
1222 1445 1287 1468 11011
1299 1437 1422 1467 constat
1437 1435 1475 1466 de
1496 1444 1574 1467 vero
1590 1435 1731 1476 aliquem
1743 1436 1862 1477 injusta

1077 1490 1219 1522 detinere
1235 1490 1331 1528 hona,
1349 1499 1413 1520 non
1429 1491 1577 1521 tenemur
1597 1489 1710 1521 leviter
1733 1490 1862 1522 credere

1078 1553 1153 1576 eum
1169 1544 1247 1576 tanti
1263 1544 1406 1575 criminis
1424 1551 1494 1574 esse
1509 1552 1614 1582 reum,
1633 1553 1708 1574 cum
1723 1544 1763 1575 de
1777 1553 1859 1585 quo—

1078 1598 1155 1630 libet
1169 1601 1337 1630 teneamur
1356 1606 1551 1638 praesumere
1566 1597 1709 1629 meliora.
1736 1598 1862 1630 Mendi-

1078 1653 1156 1683 citas
1171 1655 1289 1684 nostrae
1306 1652 1519 1692 professionis,
1537 1654 1568 1683 et
1585 1652 1661 1692 quia
1678 1651 1741 1684 Dco
1753 1652 1861 1684 debita

1078 1706 1274 1747 pauperibus
1295 1705 1408 1736 Christi
1431 1705 1598 1745 largienda
1619 1707 1706 1744 sunt,
1727 1708 1861 1737 excusat

1078 1768 1135 1790 nos
1150 1759 1184 1790 in
1200 1760 1258 1790 hac
1274 1761 1362 1800 parte
1378 1759 1514 1799 plenius,
1531 1767 1629 1799 quam
1645 1758 1727 1796 illos,
1746 1759 1801 1799 qui
1819 1768 1860 1791 ex

1078 1813 1148 1844 aliis
1163 1813 1260 1844 rebus
1276 1813 1406 1850 habent,
1424 1812 1509 1843 unde
1524 1813 1718 1844 sufficienter
1732 1813 1863 1845 valeant

1079 1866 1262 1897 sustentari.
1283 1865 1341 1897 Ubi
1362 1868 1469 1897 tamen
1491 1866 1619 1906 publica
1644 1867 1730 1897 sama
1744 1867 1862 1898 clamat

1079 1920 1220 1961 aliquem
1245 1929 1312 1951 esse
1335 1920 1373 1951 de
1396 1920 1507 1960 primis
1534 1920 1707 1960 praedictis,
1735 1921 1862 1952 etiamsi

1079 1975 1170 2005 aliter
1186 1984 1250 2006 non
1266 1976 1435 2011 constaret,
1452 1977 1582 2015 propter
1597 1975 1783 2006 scandalum
1798 1984 1862 2007 non

1078 2029 1206 2069 expedit
1221 2029 1260 2059 ab
1275 2038 1312 2059 eo
1328 2029 1480 2069 recipere,
1497 2029 1547 2060 vel
1563 2031 1670 2069 petere
1685 2029 1859 2070 eleemosy-

1079 2092 1166 2120 nam,
1182 2083 1242 2113 nisi
1264 2083 1343 2114 sorte
1366 2083 1481 2114 talibus
1504 2083 1559 2123 qui
1584 2092 1626 2114 ex
1654 2083 1858 2123 professione,

1078 2137 1129 2169 vel
1145 2137 1248 2168 officio
1265 2136 1394 2174 habeut,
1415 2137 1500 2176 quod
1516 2136 1634 2168 debent
1656 2139 1798 2177 raptores
1820 2138 1861 2168 ad

1078 2192 1311 2222 restitutionem
1329 2191 1489 2229 inducere,
1513 2191 1589 2231 qnia
1606 2191 1726 2221 utiliter
1741 2194 1861 2231 gerunt

1078 2245 1110 2276 in
1125 2246 1185 2276 hoc
1199 2245 1367 2285 negotium
1385 2243 1606 2284 spoliatorum.
1625 2243 1663 2275 Et
1676 2244 1705 2275 di
1711 2253 1798 2284 gnus
1813 2247 1860 2276 est

1077 2301 1153 2331 tunc
1172 2299 1272 2330 fidelis
1291 2298 1457 2338 operarius
1476 2298 1546 2329 cibo
1570 2306 1642 2336 suo,
1667 2307 1742 2329 cum
1762 2306 1859 2329 nemo

1077 2356 1221 2385 teneatur
1236 2353 1302 2383 suis
1316 2352 1482 2393 stipendiis
1499 2351 1645 2383 militare.
1663 2351 1710 2382 Ad
1726 2352 1786 2383 1100
1801 2361 1858 2383 1111-

1075 2410 1152 2444 tem,
1167 2409 1204 2438 ut
1219 2407 1379 2447 possimus
1396 2408 1574 2446 peccatores
1595 2406 1633 2436 ad
1658 2405 1857 2436 emendatio-

1076 2470 1150 2491 nem
1167 2460 1326 2491 monendo
1341 2460 1502 2495 inducere,
1528 2459 1671 2490 concedit
1693 2459 1783 2490 nobis
1797 2458 1854 2489 Se-

1075 2515 1130 2546 des
1148 2515 1328 2555 Apostolica
1342 2514 1438 2546 etiam
1458 2514 1490 2544 111
1515 2514 1608 2544 101115
1631 2513 1853 2544 excommuni-

1075 2571 1221 2600 catorum
1239 2568 1336 2599 libere
1360 2567 1570 2605 commorari,
1593 2569 1624 2598 et
1647 2567 1686 2598 ab
1709 2565 1755 2597 eis
1776 2567 1853 2597 tunc

1111 2641 1190 2670 ¹15⁰,
1208 2646 1260 2670 111,
1279 2641 1302 2663 8.

1108 2686 1143 2716 (a)
1162 2684 1230 2708 Edit.
1252 2685 1329 2708 Vatic.
1345 2690 1421 2715 quam
1438 2683 1474 2707 eis
1490 2684 1524 2707 ut.
