2029 3052
218 169 277 199 392
766 169 817 201 DE
839 170 1106 204 PAUPERTATE
1127 172 1281 206 CHRISTI

216 234 257 266 tis
271 234 412 267 mitteret
423 244 580 277 pauperes
592 235 800 275 voluntarioS,
818 238 850 268 et
863 238 991 278 peritos,

217 289 334 330 quibus
354 298 414 321 nec
432 289 493 331 ipsi
512 291 618 321 essent
638 289 757 321 astricti
774 291 814 322 ad
836 291 993 323 exhiben-

217 342 314 382 dum,
342 352 384 375 ne
412 345 628 384 gravarentur
647 343 852 377 multitudine
880 356 994 388 sump-

217 396 323 437 tuum,
342 406 401 429 nec
413 399 600 438 potestatem
623 397 778 430 haherent
799 399 840 431 ad
857 400 995 432 exactio-

217 458 293 481 nem
307 450 582 492 procurationum,
593 455 724 492 propter
731 452 907 485 tollendum
921 463 994 494 gra-

215 513 334 536 vamen
348 504 562 544 subditorum,
578 506 609 536 et
624 505 670 536 ita
684 506 739 546 qui
757 506 922 539 humiliter
940 508 992 540 in-

215 557 410 589 tercederent
435 560 588 599 tanquam
610 568 777 600 pauperes,
804 562 836 592 et
853 563 994 594 contenti

215 611 360 651 modicis,
376 613 408 643 et
430 611 497 643 sola
517 613 692 644 necessaria
712 613 938 654 suscipientes,
963 618 994 647 et

215 665 434 697 necessitatem
456 675 560 705 suam,
572 675 646 698 cum
661 676 743 707 opus
757 669 849 707 esset,
861 668 994 700 humili-

213 720 263 750 ter
277 719 478 751 insinuantes
497 719 547 751 his
566 720 622 761 qui
644 720 823 753 voluntarie
837 722 906 754 sine
921 732 994 763 gra-

213 773 343 805 vamine
355 775 473 805 etcum
488 773 648 805 hilaritate
663 776 852 814 supportare
866 778 897 807 et
911 777 993 808 rele-

213 838 300 869 vare,
315 830 345 860 et
359 830 497 870 possent,
511 830 542 860 et
551 829 678 860 vellent.
695 828 784 860 Unde
794 830 877 862 sicut
888 831 994 863 decre-

212 883 284 913 tum
310 881 350 914 de
388 882 498 922 officio
529 882 658 922 judicis
683 882 848 916 ordinarit·
875 894 894 916 a
914 885 994 918 Sede

211 935 392 976 Apostolica
409 936 582 976 emanavit,
606 937 651 968 sic
670 939 702 969 et
721 939 922 970 confirmatio
944 949 994 971 or-

212 989 295 1020 dinis
313 991 344 1021 et
359 990 483 1030 regulae
505 990 691 1031 hujusmodi
711 1001 889 1033 pauperum
910 1003 994 1034 prae-

212 1043 386 1075 dieantium
401 1045 587 1084 veritatem,
604 1046 745 1078 Excrav.
763 1046 802 1078 de
813 1047 994 1080 excessibus

211 1098 433 1137 Proelatorum,
448 1099 556 1131 Nimis
571 1106 674 1138 prava
692 1100 713 1138 ¹,
730 1101 765 1130 ut
779 1099 926 1131 habitum
947 1103 994 1132 est

211 1161 319 1192 supra.
337 1151 399 1183 Nec
417 1152 478 1183 hoc
496 1152 616 1183 sactum
632 1154 679 1184 est
701 1153 734 1183 in
756 1154 991 1194 praejudicium,

211 1205 265 1236 sed
282 1206 387 1246 potius
406 1205 440 1236 in
467 1205 665 1246 adiutorium
681 1207 911 1247 parochialium
941 1217 991 1238 sa-

211 1259 387 1290 cerdotum.
400 1259 426 1291 N
429 1269 463 1291 ec
471 1269 511 1291 ex
523 1260 584 1291 hoc
593 1259 731 1292 Ecclesia
742 1261 957 1301 prostituitur,
967 1261 993 1292 si

211 1313 329 1344 curatis
344 1313 427 1344 Deus
442 1314 589 1354 providet
602 1315 810 1355 adjutorium,
822 1318 858 1347 ut
869 1316 993 1348 animas

211 1366 272 1397 sibi
294 1367 498 1406 commissas,
513 1377 652 1408 quarum
674 1369 793 1400 habent
807 1379 935 1409 curam,
953 1371 993 1401 ab

212 1421 299 1451 omni
321 1421 522 1461 corruptione
543 1422 662 1462 peccati
689 1422 858 1462 perfectius
886 1426 992 1455 eusto-

212 1474 299 1504 diant
313 1474 525 1515 incorruptas,
542 1476 850 1508 adminiculantibus
865 1478 925 1509 sibi
947 1478 994 1510 vi-

211 1528 257 1558 ris
271 1528 500 1568 spiritualibus,
520 1538 585 1560 non
599 1532 635 1561 ut
650 1530 800 1570 dominiS,
816 1531 867 1563 vel
883 1541 993 1563 curam

212 1581 421 1621 habentibus,
460 1583 515 1613 sed
546 1584 650 1623 potius
686 1584 773 1616 velut
803 1586 902 1616 servis
937 1595 994 1626 pur

213 1635 399 1666 charitatem
420 1635 544 1667 Christi.
570 1636 661 1669 Tales
677 1638 788 1677 igitur,
811 1639 886 1679 quia
906 1640 994 1671 missi

212 1689 387 1728 praedicant
404 1690 436 1720 iu
452 1690 631 1722 humilitate
647 1693 678 1722 ct
693 1694 889 1732 paupertate,
905 1694 993 1724 simi-

212 1743 258 1773 les
272 1746 348 1774 sunt
363 1743 440 1775 vir1s
455 1744 643 1784 apostolicis,
659 1754 722 1776 non
738 1746 995 1787 pseudoprophe-

213 1797 263 1827 tis.
281 1797 360 1835 Quia
375 1806 452 1829 vero
466 1807 530 1829 uon
542 1798 658 1830 habent
668 1799 753 1830 illam
765 1800 995 1839 plenitudinem

214 1851 421 1890 auctoritatis,
436 1861 533 1892 quam
550 1852 668 1883 habent
686 1852 822 1892 l'raelati,
837 1855 994 1886 ethabue-

214 1906 291 1935 runt
311 1905 464 1945 Apostoli,
493 1905 562 1936 ideo
584 1906 667 1937 inter
694 1907 919 1946 opitulationes
935 1918 995 1939 nu-

216 1958 359 1989 merandi
375 1961 461 1997 sunt,
478 1959 600 1990 dicente
614 1960 713 1991 Paulo
732 1962 741 1977 Β
759 1972 765 1992 :
783 1961 894 1994 Posuit
914 1963 998 1996 Deus

215 2013 253 2044 in
269 2012 411 2044 Ecclesia
424 2013 567 2052 primum
583 2014 752 2055 apostolos,
769 2016 907 2048 secundo
922 2025 996 2056 pro-

214 2065 328 2105 phetas
339 2089 348 2103 ,
378 2067 471 2098 tertio
503 2066 642 2099 doctores
654 2092 664 2106 ,
694 2068 809 2100 (triade
838 2071 995 2109 virtum,

221 2119 339 2152 exinde
355 2121 589 2159 opiculacz'oncs,
610 2124 668 2152 etc.
696 2122 801 2153 Glossa
819 2134 825 2154 :
849 2135 863 2152 «
882 2123 998 2163 Opicu-

219 2174 365 2212 latl'oncs,
381 2174 409 2204 id
422 2177 468 2204 cst
479 2183 531 2205 eos
541 2175 595 2214 qui
608 2175 782 2214 maioribus
795 2176 899 2208 ferunt
911 2187 996 2218 opes,

218 2229 253 2258 ut
275 2226 363 2257 Titus
388 2228 548 2267 Apostolo,
576 2230 606 2259 ct
633 2229 845 2260 archidiaconi
876 2231 997 2271 episco-

218 2281 278 2320 pis.
295 2291 308 2308 »
337 2280 420 2311 Inter
445 2290 498 2311 cos
527 2281 622 2312 etiam
652 2284 814 2313 numerari
845 2287 976 2323 possunt
987 2309 996 2324 ,

219 2344 300 2375 quos
317 2335 425 2366 Pastor
446 2335 591 2366 Ecclesiae
614 2336 665 2366 Dei
687 2338 796 2368 statuit
817 2348 909 2378 opem
930 2340 1000 2371 aliis

220 2389 313 2420 ferre.
330 2389 368 2420 Et
382 2389 450 2420 ideo
466 2399 527 2429 ego
543 2390 608 2420 (lixi
625 2392 721 2430 juxta
741 2402 863 2423 morcui
881 2403 999 2425 sermo-

220 2443 270 2472 nis
285 2442 464 2482 theologici,
483 2443 540 2483 qui
555 2444 629 2474 dicit
639 2446 921 2478 subauctoritatem
933 2458 999 2479 esse

221 2496 255 2526 in
280 2506 328 2535 eo,
356 2497 412 2537 qui
438 2497 586 2536 mittitur,
607 2500 693 2538 quod
718 2501 999 2533 subauctoritatcm

222 2549 339 2581 habent
362 2560 425 2581 non
446 2551 484 2582 ad
508 2553 705 2584 excusandas
728 2556 946 2587 excusationes
966 2557 999 2587 in

255 2630 262 2646 ¹
281 2630 374 2654 Πρω-πί.
389 2631 530 2661 ‹;1·nq.‚tih.
546 2632 577 2661 V,
595 2632 631 2657 tit.
645 2639 718 2664 xxxi,
734 2643 755 2658 c.
773 2641 833 2660 xvii.
846 2650 874 2653 —
888 2637 914 2660 ²1
932 2637 1001 2668 (²012,

223 2671 269 2694 xm,
288 2667 324 2689 28.
341 2680 365 2682 ⁴
383 2668 390 2679 ³¹
408 2668 437 2690 ill
455 2668 536 2698 joan„
552 2669 574 2691 8.

1051 241 1198 281 peccatis,
1220 244 1257 274 ut
1279 243 1361 275 mihi
1381 243 1569 285 imponitur,
1585 245 1641 277 sed
1657 247 1764 287 potius
1783 249 1824 280 ad

1049 295 1296 336 intelligentiam
1311 297 1466 330 veritatis.
1491 297 1608 330 Forma
1625 299 1727 339 igitur
1739 309 1822 341 prae-

1049 350 1166 390 scripta
1184 351 1354 391 Apostolis,
1375 351 1468 383 debet
1481 352 1513 383 et
1526 353 1629 393 potest
1647 355 1826 394 competere

1050 403 1130 436 istis.
1150 403 1241 442 Quod
1264 405 1351 437 enim
1370 405 1502 444 dicitur,
1524 406 1610 447 quod
1627 407 1688 438 fuit
1702 409 1827 449 tempo-

1049 457 1137 497 ralis,
1149 467 1224 489 cum
1236 467 1278 490 ex
1287 458 1459 499 Scripturis
1468 459 1687 492 auctoritatem
1698 469 1764 492 non
1773 461 1828 493 ha-

1050 512 1133 551 heat,
1150 511 1261 543 eadem
1275 512 1423 545 facilitate
1438 513 1664 553 contemnitur,
1678 524 1744 555 qua
1756 524 1828 556 pro-

1050 566 1155 597 batur.
1180 566 1314 606 Rursus,
1332 567 1359 598 si
1372 568 1566 600 conveniens
1586 569 1646 600 fuit
1669 569 1773 601 forma
1792 569 1827 601 in

1050 620 1189 652 Ecclesia
1201 621 1375 661 primitiva,
1391 631 1491 663 quare
1500 631 1566 654 non
1580 622 1726 654 similiter
1738 623 1772 654 in
1786 623 1826 654 fi-

1050 674 1127 714 nali,
1143 677 1300 715 quantum
1315 676 1354 707 ad
1376 685 1442 715 eos,
1463 677 1519 717 qui
1533 677 1700 718 Apostolos
1713 678 1747 710 in
1766 678 1828 710 hac

1049 727 1153 759 forma
1168 728 1289 760 imitari
1304 729 1438 762 volunt?
1453 729 1524 762 Non
1537 731 1624 762 enim
1638 731 1719 771 dico,
1738 732 1827 772 quod

1050 782 1241 814 universalis
1255 782 1393 815 Ecclesia
1412 784 1445 815 in
1466 784 1616 816 omnibus
1630 785 1671 817 ad
1689 794 1826 826 pauper-

1051 837 1147 867 tatem
1167 836 1346 868 reducenda
1365 837 1416 876 sit,
1439 837 1522 869 sicut
1542 838 1646 870 rabies
1668 839 1748 871 mihi
1768 839 1828 871 im-

1050 890 1190 930 ponitur,
1207 890 1288 922 sicut
1299 900 1341 922 ex
1355 891 1462 923 verbis
1476 892 1555 923 meis
1573 893 1721 933 superius
1734 902 1828 934 appa-

1050 945 1116 983 ret3
1145 944 1199 976 sed
1226 944 1282 985 qui
1305 944 1428 984 volunt,
1454 947 1587 985 possunt
1600 945 1826 986 Apostolorum

1050 997 1167 1028 imitari
1182 998 1419 1038 perfectionem,
1435 1002 1466 1030 et
1480 1000 1674 1039 paupertatis
1692 1000 1828 1032 altitudi-

1050 1058 1136 1080 nem.
1162 1049 1251 1080 Unde
1271 1049 1418 1090 exemplo
1440 1050 1666 1090 Apostolorum
1694 1060 1735 1082 ex
1756 1061 1829 1083 ver-

1049 1103 1099 1133 bis
1121 1102 1290 1142 Evangelii
1314 1103 1346 1134 in
1373 1103 1509 1135 Ecclesia
1535 1104 1689 1144 recitatis,
1715 1105 1826 1137 incita-

1050 1158 1101 1187 tus
1128 1156 1189 1188 ruit
1210 1156 1323 1188 beatus
1347 1156 1534 1188 Franciscus
1561 1158 1601 1189 ad
1628 1159 1828 1199 aggredien-

1049 1210 1126 1242 dum
1151 1210 1337 1252 huJusmodi
1359 1211 1492 1243 modum
1518 1211 1661 1252 vivendi,
1685 1213 1768 1245 sicut
1786 1223 1828 1246 ex

1048 1263 1185 1303 legenda
1210 1272 1269 1294 sua
1296 1263 1411 1295 clarius
1436 1264 1593 1295 elucescit.
1611 1264 1701 1302 Quod
1726 1265 1828 1305 igitur

1049 1321 1145 1353 super
1162 1312 1215 1344 illa
1243 1313 1341 1345 verba
1362 1313 1444 1345 Ordo
1468 1314 1654 1354 huiusmodi
1677 1315 1827 1346 fundatus

1050 1369 1117 1406 est,
1138 1376 1204 1398 non
1229 1369 1305 1398 sunt
1329 1368 1381 1398 illa
1400 1368 1656 1409 impertinentia,
1688 1369 1742 1400 sed
1769 1378 1827 1410 per

1050 1431 1179 1453 omnem
1204 1422 1336 1453 modum
1362 1423 1562 1463 pertinentia,
1591 1425 1746 1464 tanquam
1766 1423 1826 1455 hu-

1046 1477 1100 1516 Jus
1123 1476 1209 1507 modi
1226 1477 1354 1508 vivendi
1377 1477 1581 1508 stabilissima
1604 1477 1822 1509 fundamenta.

1051 1530 1132 1561 Sunt
1147 1530 1247 1570 igitur
1270 1530 1347 1562 tales
1368 1531 1570 1571 suscipiendi,
1592 1531 1668 1572 quia
1696 1531 1827 1572 profici-

1050 1586 1182 1615 scuntur
1197 1587 1232 1615 ut
1247 1594 1401 1625 pauperes
1416 1594 1473 1625 pro
1487 1585 1618 1616 nomine
1637 1585 1761 1624 Christi,
1783 1585 1827 1616 si-

1051 1640 1105 1669 cut
1126 1639 1157 1668 in
1174 1638 1330 1669 Canonica
1353 1638 1485 1669 Joannis
1508 1639 1624 1670 dicitur
1639 1641 1649 1658 ³
1671 1639 1755 1679 quod
1771 1639 1827 1679 qui

1051 1692 1129 1723 tales
1142 1693 1312 1732 rccipiunt,
1334 1694 1410 1723 sunt
1431 1695 1644 1732 cooperatores
1663 1694 1822 1726 veritalis.

1053 1746 1159 1785 Igitur
1180 1746 1238 1786 qui
1256 1746 1374 1777 talibus
1394 1746 1617 1785 adversantur,
1640 1748 1671 1777 et
1694 1755 1748 1778 eos
1762 1755 1826 1778 non

1052 1799 1219 1840 recipiunt,
1242 1800 1292 1831 vel
1314 1809 1378 1831 uon
1401 1800 1618 1840 suscipiendos
1640 1800 1761 1838 dicunt,
1784 1800 1826 1831 si-

1052 1853 1143 1884 milos
1165 1856 1239 1884 sunt
1264 1853 1438 1894 Diotrephi,
1464 1854 1501 1884 de
1524 1863 1589 1894 quo
1605 1853 1679 1884 dicit
1701 1853 1827 1892 Glossa,

1052 1907 1137 1947 quod
1158 1919 1171 1936 «
1187 1907 1399 1938 haeresiarcha
1412 1907 1506 1938 ctiam
1522 1908 1581 1938 fuit
1597 1907 1683 1938 illius
1707 1909 1828 1948 tempo-

1053 1961 1095 1991 ris
1113 1970 1120 1992 :
1138 1972 1151 1989 n
1172 1962 1264 2001 cujus
1281 1961 1424 1993 doctrina
1445 1963 1476 1992 et
1490 1964 1574 1992 secta
1596 1961 1706 2002 procul
1729 1961 1769 1991 sit
1789 1961 1829 1992 ab

1053 2015 1202 2046 omnibus
1216 2015 1412 2048 Christianis,

1095 2069 1245 2100 Rescllere
1262 2071 1397 2100 conatur
1412 2068 1520 2108 aliqua
1539 2069 1619 2099 sicut
1633 2069 1721 2100 falsa.
1750 2068 1828 2100 Nam

1056 2123 1170 2153 salsum
1195 2133 1261 2154 esse
1290 2123 1412 2161 asserit,
1440 2123 1524 2163 quod
1549 2123 1690 2154 Christus
1711 2123 1830 2164 aliquid

1057 2177 1181 2217 petierit
1196 2179 1231 2207 ut
1246 2177 1420 2208 mendicus.
1433 2176 1512 2208 Nam
1528 2178 1586 2208 etsi
1603 2177 1769 2209 mendicus
1783 2178 1831 2209 di-

1055 2232 1146 2261 catur
1166 2231 1198 2261 in
1225 2230 1368 2269 Psalmis,
1394 2231 1453 2261 hoc
1479 2231 1595 2262 dicitur
1616 2231 1651 2262 in
1674 2234 1831 2272 quantum

1055 2285 1143 2324 petiit
1165 2293 1184 2315 a
1208 2283 1321 2322 Patre,
1344 2284 1395 2315 vel
1420 2284 1452 2315 iu
1475 2287 1632 2324 quantum
1659 2286 1832 2326 assumpsit

1056 2340 1178 2368 nostras
1202 2338 1414 2369 infirmitates.
1447 2338 1479 2369 Si
1512 2339 1636 2370 dicatur
1657 2349 1675 2370 a
1691 2339 1829 2371 Samari-

1055 2394 1129 2423 tana
1138 2392 1267 2432 petiisse
1277 2401 1405 2432 aquam,
1422 2394 1452 2423 et
1466 2401 1484 2423 a
1499 2392 1629 2425 Zachaeo
1644 2393 1828 2433 hospitium,

1055 2447 1114 2477 hoc
1130 2457 1193 2478 non
1210 2447 1269 2477 fuit
1284 2457 1323 2478 cx
1339 2447 1550 2485 mendicitato,
1568 2448 1621 2479 sed
1636 2457 1676 2478 ex
1691 2448 1828 2478 auctori-

1056 2504 1129 2538 tate,
1146 2501 1196 2532 vel
1212 2501 1401 2532 urbanitate.
1416 2501 1453 2532 Et
1464 2511 1586 2539 rursm,
1599 2502 1625 2532 si
1634 2501 1728 2532 etiam
1744 2510 1830 2532 men-

1055 2556 1199 2593 dicasset,
1215 2556 1254 2586 ad
1278 2556 1534 2596 consequentiam
1557 2555 1747 2586 trahendum
1764 2564 1829 2586 non

1056 2612 1147 2640 esset.
1164 2609 1293 2640 Falsum
1315 2619 1384 2640 esse
1405 2609 1614 2640 nihilominus
1637 2609 1721 2647 dicit,
1745 2610 1829 2649 quod

1056 2663 1162 2703 aliqua
1177 2663 1363 2695 mendicatio
1380 2663 1419 2694 sit
1435 2662 1627 2701 voluntaria3
1645 2663 1710 2694 imo
1725 2663 1829 2696 omnis
