2029 3052
713 175 871 210 CONTRA
892 175 1129 209 MAGISTRUM
1152 176 1397 210 GUILELMUM.

247 247 432 281 abundabat
445 248 502 286 eis,
516 247 674 279 miserunt
682 255 694 286 ;
713 246 779 278 hoec
794 247 901 278 autem
916 243 955 276 de
969 252 1022 284 pe-

246 302 345 334 nuria
360 309 431 340 sua,
449 301 559 334 omnia
581 309 652 341 quoe
674 300 796 338 habuit,
818 299 909 331 misit
925 301 1025 332 totum

247 355 369 388 victum
393 362 498 386 suum.
526 353 586 385 Sed
611 353 643 384 in
672 353 733 385 hoe
756 353 904 384 laudatur
927 351 1025 384 vidua

247 408 465 449 paupercula:
487 416 566 447 ergo
589 407 645 448 qui
672 407 734 438 hoe
755 406 886 444 faciunt,
903 407 1023 446 quanto

246 462 414 502 perfectius
445 463 565 502 agunt,
602 463 689 493 tanto
719 461 826 500 magis
850 459 1024 491 laudabiles

247 518 322 547 sunt
340 527 347 547 ι
365 525 455 556 ergo,
472 517 532 547 ete.

288 569 366 600 Item
387 569 430 600 ait
445 569 623 600 Dominus²
643 579 649 600 :
667 568 824 609 Respicite
840 568 879 608 (a)
901 574 1022 600 corvos.

247 623 356 655 Glossa
386 634 392 655 :
430 635 444 653 «
475 623 579 655 Sancti
607 623 722 654 merito
754 623 867 654 avibus
893 631 1024 662 compa-

245 679 376 716 rantur,
403 677 457 717 qui
480 676 563 708 nihil
586 677 619 707 in
643 677 764 708 mundo
787 678 936 716 agentes,
966 685 1024 706 nee

244 731 441 769 laborantes,
466 731 534 762 sola
554 732 673 762 aeterna
697 732 865 770 appetunt,
885 731 954 770 jam
981 729 1023 760 si-

245 783 337 815 miles
352 784 488 824 angelis.
505 795 520 813 »
543 784 604 816 Sed
622 786 742 825 quanto
757 783 862 823 magis
884 785 953 815 haec
975 783 1022 815 di—

245 837 343 869 mittit
355 838 438 878 quis,
456 840 544 870 tanto
555 838 661 878 magis
673 838 798 878 angelis
808 837 1020 869 assimilatur:

244 900 336 931 ergo,
352 893 412 923 ete.

285 945 364 976 Item
379 945 412 976 in
427 946 515 977 Luca
536 946 694 977 dicitur²z
717 946 793 978 Nisi
812 946 886 986 quis
901 953 1021 977 remm-

244 999 382 1032 ct'averz't
405 999 551 1031 omnibus
572 1008 643 1039 quoe
664 999 816 1039 possidet.
850 998 959 1030 Glossa
980 999 990 1016 ³
1013 1010 1020 1030 ε

249 1063 263 1081 «
278 1052 344 1084 Hoc
355 1053 448 1084 distat
466 1053 550 1085 inter
560 1054 744 1084 renuntiare
754 1053 915 1091 omnibuS,
933 1056 963 1084 et
975 1062 1024 1084 re-

244 1105 389 1146 linquere
417 1107 543 1144 omnia,
569 1107 644 1147 quia
665 1107 851 1138 renuntiare
873 1107 1023 1137 convenit

245 1160 411 1200 omnihus,
434 1161 490 1201 qui
509 1161 553 1192 ita
572 1161 655 1192 licite
675 1163 812 1192 utuntur
831 1161 1021 1199 mundanis,

245 1223 318 1254 quae
332 1214 507 1254 possident,
531 1216 566 1246 ut
586 1217 693 1246 tamen
717 1216 824 1245 mente
838 1215 970 1245 tendant
983 1214 1023 1245 ad

245 1269 383 1306 aeterna;
404 1268 584 1308 relinquere
606 1270 715 1299 autem
736 1271 782 1299 est
799 1268 1022 1299 tantummodo

244 1321 469 1360 perfectorum,
484 1322 540 1362 qui
554 1323 663 1353 omnia
683 1321 870 1362 temporalia
894 1323 1021 1361 postpo-

244 1376 346 1413 nunt,
372 1377 402 1406 et
423 1375 498 1406 solis
523 1376 649 1407 aeternis
671 1376 807 1406 inhiant.
839 1386 853 1404 n
884 1375 943 1406 Sed
966 1376 1023 1416 qui

244 1437 376 1468 prorsus
391 1429 540 1460 omnibus
556 1429 718 1460 renuntiat
736 1430 769 1460 in
789 1429 970 1467 communi,
992 1432 1023 1460 et

244 1481 278 1512 in
301 1482 441 1522 privato,
465 1482 518 1514 ille
541 1483 682 1514 maxime
702 1483 813 1514 omnia
833 1483 994 1523 postponit
1012 1494 1018 1514 :

245 1544 334 1575 ergo,
352 1537 411 1567 ete.
717 1573 719 1576 .

289 1589 366 1620 ltem
381 1589 442 1620 hoc
456 1589 562 1630 ipsum
578 1589 755 1621 ostenditur
768 1589 916 1630 exemplo
930 1589 1020 1620 Chri-

245 1643 294 1682 sti,
317 1643 356 1673 de
380 1652 444 1683 quo
467 1643 584 1674 dieitur
606 1643 616 1659 ‘²
645 1654 652 1674 :
686 1643 804 1683 Vulpes
832 1644 941 1682 foveas
964 1644 1021 1676 ha-

247 1696 328 1735 bent,
345 1699 403 1728 etc.
426 1697 670 1737 Chrysostomus
684 1699 694 1716 ⁵
713 1708 719 1728 2
741 1708 755 1726 «
771 1697 851 1735 Quid
872 1698 1023 1737 pecunias

245 1753 404 1791 expectas,
421 1760 558 1791 sequens
575 1760 637 1789 me,
655 1752 872 1790 congregare?
887 1751 958 1782 Non
972 1751 1021 1782 vi-

246 1805 312 1842 deS,
329 1805 407 1844 quia
425 1804 638 1836 diversorium
660 1805 740 1835 mihi
762 1814 865 1845 neque
883 1807 1020 1844 tantum,

246 1861 406 1898 quantum
427 1859 564 1890 avibus?
581 1870 594 1888 ›)
615 1859 702 1898 Ergo
727 1859 868 1890 Christus
892 1868 1024 1899 prorsus

245 1913 325 1943 nihil
340 1913 453 1944 habuit
467 1924 473 1943 :
491 1922 583 1952 ergo,
597 1915 657 1944 eto.

287 1966 377 2004 Item,
389 1976 484 2006 super
499 1966 578 1997 illud
592 1966 733 1998 Matthaei
747 1970 757 1986 ⁶
772 1976 779 1997 :
794 1966 881 1999 Vade
898 1967 942 1998 ad
956 1975 1023 1999 ma-

244 2028 296 2059 re,
322 2020 430 2051 Glossa
452 2031 459 2051 :
488 2032 503 2050 «
527 2021 680 2052 Dominus
701 2023 796 2052 tantae
825 2020 1022 2061 paupertatis

245 2074 314 2113 fuit,
341 2076 391 2112 ut,
409 2074 494 2105 uude
520 2074 641 2105 tributa
662 2074 810 2113 solveret,
835 2084 899 2105 non
921 2074 1019 2105 habe-

244 2129 303 2158 ret.
319 2138 333 2156 n
358 2127 499 2158 Habebat
513 2127 641 2168 quidem
662 2128 759 2159 Judas
781 2129 966 2159 communia
988 2128 1021 2159 in

244 2180 371 2219 loculis;
388 2181 443 2212 sed
458 2190 508 2212 res
526 2191 705 2222 pauperum
720 2182 755 2212 in
774 2191 852 2213 usus
876 2191 951 2212 suos
971 2191 1020 2212 as-

245 2244 373 2265 sumere
383 2235 470 2265 nefas
483 2235 583 2272 duxit,
596 2235 735 2275 idipsum
748 2236 826 2266 dans
836 2235 1021 2275 exemplum

245 2288 349 2319 nobis.
372 2289 404 2319 Si
429 2298 508 2328 ergo
533 2289 675 2320 Christus
701 2291 797 2320 tantae
826 2289 1021 2329 paupertatis

245 2342 317 2380 fuit,
329 2342 414 2382 quod
428 2351 492 2373 non
503 2342 607 2382 potuit
621 2342 744 2373 solvere
761 2343 938 2381 denarium,
953 2352 1021 2373 ma-

245 2395 396 2427 nifestum
411 2398 466 2434 est,
490 2395 576 2435 quod
596 2396 656 2427 fuit
677 2396 710 2427 in
732 2406 861 2427 summa
882 2405 1020 2437 pauper-

245 2451 320 2481 tate.

277 2531 285 2546 1
306 2531 374 2560 [μεἿ
393 2535 443 2560 xn,
459 2531 499 2554 24.
513 2543 544 2547 —
563 2530 574 2546 2
589 2530 655 2560 Luc„
672 2536 724 2560 xw,
743 2532 782 2555 33.
804 2545 829 2548 -
851 2531 859 2545 ³
881 2531 974 2562 Gloss.‚
991 2539 1021 2556 ex

247 2566 308 2590 Bed.
328 2566 354 2589 in
372 2566 440 2590 hune
459 2566 519 2596 loe„
533 2566 577 2589 lib.
595 2567 636 2595 lv,
652 2573 674 2590 e.
690 2572 760 2590 LXVI.
777 2579 807 2583 —
822 2567 829 2581 ⁴
846 2567 949 2595 Matttz„
965 2573 1022 2597 vm,

247 2603 286 2626 20.
299 2616 329 2619 —
341 2602 350 2618 5
365 2602 506 2634 Chrysost.,
519 2603 561 2626 vel
573 2602 679 2633 quilibet
691 2603 767 2633 alius3
781 2602 845 2626 nihil
858 2603 925 2626 enim
940 2603 1021 2626 simile

247 2638 371 2668 reperitur
392 2638 418 2662 in
438 2637 549 2662 homiliis
571 2638 747 2670 chrysostomi
769 2645 844 2669 super
864 2638 1020 2668 Matthzeum,

248 2672 336 2697 saltem
351 2674 377 2698 in
392 2674 462 2698 hom.
478 2680 564 2705 xxvn,
580 2674 612 2698 al.
629 2680 723 2705 xxviu,
735 2674 810 2699 citata
821 2675 846 2698 in
862 2674 923 2698 edit.
936 2674 1019 2699 Vatie.

1808 181 1866 211 365

1124 245 1213 285 Item,
1240 247 1294 278 ubi
1315 245 1519 287 praemissum
1541 247 1588 277 est
1606 246 1615 263 ⁷
1641 256 1648 277 :
1675 245 1792 286 Vulpes
1816 247 1865 286 Γο-

1081 307 1155 332 veas
1170 300 1298 338 habent,
1315 301 1359 331 ait
1374 300 1482 331 Glossa
1495 299 1506 316 ⁸
1523 311 1529 330 :
1551 311 1566 329 α
1586 299 1658 339 Ego
1677 301 1776 331 tantae
1791 309 1866 340 pau-

1082 353 1211 392 pertatis
1226 363 1310 388 sum,
1327 355 1363 384 ut
1385 363 1443 384 nec
1459 353 1637 394 hospitium
1656 353 1786 393 quidem
1801 354 1861 385 ha-

1081 406 1185 445 beam,
1200 416 1257 438 nec
1274 416 1345 438 meo
1359 411 1432 438 utar
1447 408 1539 438 tecto.
1557 418 1571 435 n
1592 406 1692 446 Ergo,
1708 409 1767 438 ete.

1122 459 1201 490 Item
1235 461 1389 500 scriptum
1416 462 1463 491 est
1490 460 1500 477 ⁹
1533 471 1539 491 :
1585 460 1679 493 Venit
1714 461 1866 502 princeps

1081 513 1198 545 mundi
1209 513 1317 553 hujus,
1334 516 1394 546 etc.
1410 514 1518 546 Glossa
1535 525 1542 546 :
1563 526 1577 544 «
1592 513 1700 545 Noluit
1711 514 1866 546 Dominus

1080 566 1199 598 habere
1214 567 1292 607 quid
1308 568 1454 607 perderet
1470 577 1477 598 :
1495 577 1617 608 pauper
1633 568 1733 608 venit,
1752 579 1792 600 ne
1807 569 1865 600 ha-

1081 619 1169 651 beret
1183 620 1328 652 diabolus
1343 621 1428 661 quod
1443 622 1593 653 auferret.
1611 632 1625 650 n
1646 621 1732 662 Ergo
1750 622 1776 653 si
1792 631 1862 653 om-

1080 675 1134 705 nia
1148 675 1336 715 temporalia
1361 678 1491 716 possunt
1513 676 1613 716 perdi,
1641 676 1724 708 nihil
1747 677 1863 709 habuit

1080 729 1267 769 temporale.

1120 782 1199 814 item
1213 783 1384 824 Apostolus
1401 784 1445 815 ait
1462 784 1483 801 ¹⁰
1501 794 1507 815 ε
1529 784 1633 816 Scitis
1649 786 1791 825 ,qratiam
1808 786 1864 818 Do-

1081 837 1166 869 mz‘m'
1190 838 1296 870 nostri
1318 839 1396 869 lesu
1420 837 1561 876 Christi,
1586 839 1741 878 quoniam
1761 847 1862 880 prop-

1080 892 1127 922 ter
1155 898 1209 922 vos
1235 899 1348 931 eqenus
1373 892 1479 930 factus
1505 895 1568 927 est,
1599 900 1672 924 cum
1700 895 1778 925 esset
1808 893 1862 924 elz·-

1079 952 1150 984 ves,
1171 947 1207 976 ut
1227 944 1316 977 illius
1337 946 1467 985 inopia,
1489 947 1549 976 etc.
1570 945 1655 986 Ergo
1673 947 1729 986 qui
1745 947 1790 977 sie
1805 946 1861 977 ab·

1079 998 1263 1037 renuntiat,
1279 1000 1316 1029 ut
1335 1001 1447 1038 egeat,
1471 999 1575 1038 magis
1595 1009 1628 1031 se
1648 999 1772 1031 Christo
1786 1009 1861 1031 con-

1078 1051 1205 1083 format.

1121 1105 1211 1145 Item,
1229 1116 1325 1147 super
1339 1107 1418 1138 illud
1432 1107 1519 1148 quod
1535 1108 1680 1148 sequitur
1692 1109 1712 1128 ¹¹
1730 1117 1738 1139 τ
1753 1109 1792 1140 1η
1805 1109 1862 1142 hoc

1079 1160 1251 1192 consilium
1279 1161 1339 1200 do,
1370 1161 1573 1201 Augustinus
1607 1162 1640 1192 in
1669 1162 1822 1202 originali
1852 1175 1858 1194 τ

1084 1225 1098 1243 α
1114 1213 1228 1245 Factus
1248 1217 1295 1246 est
1309 1224 1433 1254 egenus
1448 1215 1481 1246 in
1497 1217 1635 1253 tantum,
1653 1218 1689 1247 ut
1714 1226 1779 1248 non
1803 1217 1861 1248 ha-

1078 1267 1168 1298 beret
1183 1268 1269 1307 quod
1285 1268 1404 1299 habent
1422 1269 1546 1309 vulpes.
1563 1280 1577 1297 »
1597 1269 1635 1300 Et
1654 1270 1690 1301 in
1713 1270 1770 1302 hoc
1785 1278 1859 1303 con-

1079 1321 1191 1352 silium
1206 1321 1257 1359 do,
1277 1322 1486 1360 subauditur,
1503 1324 1539 1353 ut
1555 1323 1624 1362 ejus
1639 1326 1858 1364 paupertatem

1080 1374 1263 1405 imitemini.
1290 1374 1352 1406 Sed
1374 1376 1429 1415 qui
1455 1376 1661 1407 abrenuntiat
1690 1378 1857 1417 omnibus,

1079 1428 1148 1468 ejus
1163 1429 1382 1468 paupertatem
1398 1429 1544 1461 imitatur
1559 1439 1566 1460 :
1582 1440 1671 1470 ergo,
1690 1433 1748 1462 ete.

1120 1481 1197 1512 Item
1211 1482 1248 1521 (b)
1265 1482 1343 1513 illud
1357 1482 1465 1514 Jacobi
1482 1486 1504 1503 ¹²
1519 1494 1525 1514 ε
1543 1484 1653 1516 Nonne
1668 1485 1752 1517 Deus
1766 1485 1860 1526 eleqtt

1076 1542 1251 1574 pauperes,
1277 1535 1386 1567 Glossa
1401 1537 1422 1556 ¹³
1441 1547 1447 1567 ι
1469 1548 1483 1566 (ι
1497 1537 1656 1578 Pauperes
1677 1538 1775 1578 elegit
1800 1548 1858 1579 pa-

1078 1592 1198 1628 rentes,
1222 1599 1362 1630 quorum
1385 1592 1576 1623 educaretur
1605 1593 1719 1624 officio.
1755 1604 1770 1621 »
1799 1592 1860 1624 Sed

1078 1646 1247 1683 parentum
1263 1644 1376 1675 Christi
1395 1655 1515 1685 magna
1533 1646 1593 1677 fuit
1608 1646 1799 1686 indigentia,
1814 1655 1860 1677 se-

1078 1697 1221 1728 eundum
1247 1697 1325 1729 illud
1354 1698 1449 1730 Lueae
1475 1699 1496 1716 ¹⁴
1516 1711 1522 1731 :
1552 1700 1676 1731 Parmz's
1705 1708 1776 1732 eum
1805 1701 1860 1732 in-

1078 1752 1193 1790 volvit,
1214 1754 1274 1783 etc.
1304 1752 1391 1792 Ergo
1415 1753 1557 1785 Christus
1583 1763 1647 1785 non
1670 1756 1796 1785 tantum
1826 1754 1860 1784 in

1078 1805 1179 1846 seipso
1194 1808 1415 1846 paupertatem
1436 1807 1563 1847 dilexit,
1582 1817 1696 1839 verum
1714 1809 1810 1839 etiam
1825 1808 1859 1839 in

1078 1859 1160 1889 aliis.

1119 1911 1198 1942 Item
1216 1912 1359 1944 Christus
1382 1914 1522 1945 maxime
1544 1915 1603 1945 fuit
1626 1915 1790 1946 imitabilis
1807 1925 1855 1947 se-

1078 1966 1221 1996 cuudum
1243 1968 1362 1997 statum
1377 1977 1474 2007 quem
1497 1968 1609 1999 habuit
1628 1969 1662 1999 in
1686 1978 1791 2007 eruce,
1808 1979 1857 2000 se-

1077 2019 1220 2050 cundum
1234 2019 1313 2051 illud
1325 2021 1363 2051 ¹5:
1383 2021 1531 2054 Christus
1539 2030 1656 2062 passus
1671 2026 1715 2054 est
1727 2031 1786 2062 pro
1800 2031 1857 2055 no-

1078 2072 1143 2111 bis,
1173 2074 1356 2114 relinquens
1382 2075 1580 2115 exemplum,
1610 2080 1646 2108 ut
1674 2078 1859 2116 sequamini

1077 2127 1216 2167 vestiam
1230 2127 1308 2167 eJ'zts.
1331 2127 1391 2158 Sed
1406 2128 1439 2158 in
1459 2138 1552 2160 eruce
1574 2130 1634 2160 fuit
1648 2131 1780 2162 omnino
1796 2141 1858 2162 nu-

1075 2180 1145 2211 dus.
1176 2180 1265 2211 Unde
1285 2180 1514 2222 HieronymuS,
1542 2183 1585 2215 ad
1609 2183 1782 2216 Hedibt'am
1809 2185 1855 2217 ¹⁶:

1081 2246 1095 2262 (ι
1109 2233 1163 2265 Vis
1178 2243 1245 2265 esse
1258 2235 1403 2274 perfecta,
1418 2238 1448 2266 et
1460 2236 1493 2266 in
1508 2237 1611 2276 primo
1628 2240 1712 2268 stare
1728 2238 1856 2277 fastigio

1076 2287 1257 2326 dignitatis?
1273 2289 1321 2319 fae
1332 2289 1417 2329 quod
1431 2290 1573 2321 fecerunt
1588 2291 1742 2331 Apostoli,
1756 2293 1858 2324 vende

1076 2342 1186 2372 omnia
1199 2352 1272 2382 quae
1287 2343 1397 2381 habes,
1422 2346 1453 2375 et
1475 2346 1515 2375 da
1535 2346 1739 2385 pauperibus,
1757 2348 1788 2376 et
1811 2356 1858 2377 se-

1076 2405 1175 2435 quere
1189 2395 1405 2437 salvatorem,
1424 2400 1454 2429 et
1471 2399 1592 2430 nudam
1606 2400 1771 2440 solamque
1786 2409 1859 2431 cru-

1076 2467 1107 2472 —-
1123 2454 1244 2481 ⁸Mattlz„
1260 2461 1324 2485 xv11,
1339 2457 1379 2480 26.
1397 2469 1427 2473 —
1443 2456 1451 2472 7
1467 2457 1585 2487 Luc.,1x,
1600 2458 1640 2481 58.
1654 2471 1685 2475 —
1697 2457 1707 2474 ⁸
1720 2458 1813 2488 Closs„
1827 2465 1858 2482 ex

1077 2490 1138 2514 Bed.
1151 2490 1178 2513 in
1189 2490 1258 2515 hunc
1271 2491 1333 2522 loc„
1343 2491 1386 2515 lib.
1400 2492 1443 2522 Ill,
1459 2499 1482 2516 e.
1498 2499 1584 2516 XL1.—
1597 2493 1607 2509 ⁹
1622 2493 1767 2524 Jor1⁷2.,xiv,
1785 2495 1858 2517 30.-

1076 2526 1095 2541 ¹⁰
1112 2526 1131 2549 11
1154 2526 1221 2556 Cor„
1237 2532 1292 2556 vm,
1309 2528 1331 2549 9.
1353 2527 1507 2557 —111bid.,
1530 2530 1567 2552 10.
1583 2541 1612 2546 —
1630 2530 1647 2545 ¹2
1662 2532 1770 2560 Jac.,11‚
1786 2530 1809 2553 5.
1828 2542 1859 2547 ——

1078 2562 1095 2576 ¹³
1107 2562 1200 2593 Closs„
1222 2569 1253 2586 ex
1278 2562 1339 2587 Bed.
1367 2563 1392 2586 in
1416 2563 1483 2587 huuc
1497 2564 1547 2588 loc.
1564 2578 1591 2581 —
1612 2565 1628 2581 ¹³
1644 2565 1712 2594 Luc.²
1729 2571 1766 2596 υ,
1791 2567 1815 2589 7.
1829 2578 1858 2583 —

1078 2598 1122 2621 ¹⁵1
1139 2598 1217 2628 Petr„
1242 2604 1274 2628 11,
1296 2600 1334 2622 21.
1353 2611 1379 2615 —
1396 2599 1416 2615 1⁶
1432 2599 1591 2631 Hieronym„
1610 2600 1642 2624 nd
1662 2601 1761 2631 Hedib„
1784 2601 1857 2631 epist.

1077 2640 1122 2664 cn,
1144 2641 1168 2664 q.
1186 2640 1207 2663 1,
1224 2636 1286 2658 tom.
1307 2635 1356 2662 111,
1371 2634 1419 2658 col.
1436 2642 1469 2660 m.
1489 2637 1543 2659 224.

1109 2673 1144 2703 (α)
1159 2673 1233 2704 Vulg.
1251 2673 1418 2699 Considerate.
1435 2688 1466 2692 —
1482 2675 1515 2706 (b)
1535 2676 1621 2708 Suppl.
1638 2677 1674 2701 iu.
