<?xml version="1.0" encoding="UTF-8"?>
<!DOCTYPE html PUBLIC "-//W3C//DTD XHTML 1.0 Transitional//EN"
    "http://www.w3.org/TR/xhtml1/DTD/xhtml1-transitional.dtd">
<html xmlns="http://www.w3.org/1999/xhtml" xml:lang="en" lang="en">
 <head>
  <title>
</title>
<meta http-equiv="Content-Type" content="text/html;charset=utf-8" />
  <meta name='ocr-system' content='tesseract 3.04.00' />
  <meta name='ocr-capabilities' content='ocr_page ocr_carea ocr_par ocr_line ocrx_word'/>
</head>
<body>
  <div class='ocr_page' id='page_1' title='image "./operaomniasixtiv14bonauoft/operaomniasixtiv14bonauoft_0035.png"; bbox 0 0 1955 3021; ppageno 0'>
   <div class='ocr_carea' id='block_1_1' title="bbox 125 140 1744 259">
    <p class='ocr_par' dir='ltr' id='par_1_1' title="bbox 125 140 1744 259">
     <span class='ocr_line' id='line_1_1' title="bbox 1668 140 1744 164; baseline 0 0"><span class='ocrx_word' id='word_1_1' title='bbox 1668 140 1744 164; x_wconf 74' lang='lat' dir='ltr'><strong>xxm</strong></span> 
     </span>
     <span class='ocr_line' id='line_1_2' title="bbox 125 201 1744 259; baseline -0.012 -7"><span class='ocrx_word' id='word_1_2' title='bbox 125 218 326 259; x_wconf 80' lang='lat' dir='ltr'><strong>referturque</strong></span> <span class='ocrx_word' id='word_1_3' title='bbox 339 216 469 256; x_wconf 79' lang='lat' dir='ltr'><strong>integra</strong></span> <span class='ocrx_word' id='word_1_4' title='bbox 481 223 500 246; x_wconf 88' lang='lat' dir='ltr'>a</span> <span class='ocrx_word' id='word_1_5' title='bbox 513 211 695 252; x_wconf 86' lang='lat' dir='ltr'><strong>Waddingo</strong></span> <span class='ocrx_word' id='word_1_6' title='bbox 706 210 740 242; x_wconf 93' lang='lat' dir='ltr'><strong>in</strong></span> <span class='ocrx_word' id='word_1_7' title='bbox 754 209 933 241; x_wconf 82' lang='lat' dir='ltr'>Annalibus</span> <span class='ocrx_word' id='word_1_8' title='bbox 948 208 986 241; x_wconf 88' lang='lat' dir='ltr'><strong>ad</strong></span> <span class='ocrx_word' id='word_1_9' title='bbox 998 210 1173 250; x_wconf 76' lang='lat' dir='ltr'><strong>praeratum</strong></span> <span class='ocrx_word' id='word_1_10' title='bbox 1188 216 1312 240; x_wconf 83' lang='lat' dir='ltr'><strong>annum</strong></span> <span class='ocrx_word' id='word_1_11' title='bbox 1324 208 1414 245; x_wconf 70' lang='grc'>1261,</span> <span class='ocrx_word' id='word_1_12' title='bbox 1429 214 1462 236; x_wconf 89' lang='lat' dir='ltr'><strong>n.</strong></span> <span class='ocrx_word' id='word_1_13' title='bbox 1480 206 1511 236; x_wconf 88' lang='lat'><strong>3.</strong></span> <span class='ocrx_word' id='word_1_14' title='bbox 1527 202 1647 234; x_wconf 85' lang='lat' dir='ltr'>Mirum</span> <span class='ocrx_word' id='word_1_15' title='bbox 1658 201 1744 232; x_wconf 82' lang='lat' dir='ltr'><strong>certe</strong></span> 
     </span>
    </p>
   </div>
   <div class='ocr_carea' id='block_1_2' title="bbox 126 260 1743 377">
    <p class='ocr_par' dir='ltr' id='par_1_2' title="bbox 126 260 1743 377">
     <span class='ocr_line' id='line_1_3' title="bbox 126 260 1743 319; baseline -0.012 -9"><span class='ocrx_word' id='word_1_16' title='bbox 126 278 231 319; x_wconf 84' lang='lat' dir='ltr'>ipsam</span> <span class='ocrx_word' id='word_1_17' title='bbox 244 274 417 309; x_wconf 82' lang='lat' dir='ltr'><strong>desiderari</strong></span> <span class='ocrx_word' id='word_1_18' title='bbox 430 273 465 305; x_wconf 90' lang='lat' dir='ltr'><strong>in</strong></span> <span class='ocrx_word' id='word_1_19' title='bbox 477 271 656 306; x_wconf 85' lang='lat' dir='ltr'><strong>novissima</strong></span> <span class='ocrx_word' id='word_1_20' title='bbox 670 269 859 304; x_wconf 87' lang='lat' dir='ltr'><strong>Collectione</strong></span> <span class='ocrx_word' id='word_1_21' title='bbox 874 268 1005 308; x_wconf 83' lang='lat' dir='ltr'><strong>Veneta,</strong></span> <span class='ocrx_word' id='word_1_22' title='bbox 1020 269 1171 310; x_wconf 84' lang='lat' dir='ltr'><strong>quamvis</strong></span> <span class='ocrx_word' id='word_1_23' title='bbox 1187 268 1332 300; x_wconf 85' lang='lat' dir='ltr'><strong>Editores</strong></span> <span class='ocrx_word' id='word_1_24' title='bbox 1346 265 1493 299; x_wconf 79' lang='lat' dir='ltr'><strong>eamdem</strong></span> <span class='ocrx_word' id='word_1_25' title='bbox 1516 260 1743 303; x_wconf 83' lang='lat' dir='ltr'>allegaverint,</span> 
     </span>
     <span class='ocr_line' id='line_1_4' title="bbox 129 331 758 377; baseline -0.014 -8"><span class='ocrx_word' id='word_1_26' title='bbox 129 338 161 368; x_wconf 85' lang='lat' dir='ltr'><strong>et</strong></span> <span class='ocrx_word' id='word_1_27' title='bbox 174 334 382 377; x_wconf 82' lang='lat' dir='ltr'><strong>probaverint</strong></span> <span class='ocrx_word' id='word_1_28' title='bbox 395 333 430 364; x_wconf 92' lang='lat' dir='ltr'><strong>in</strong></span> <span class='ocrx_word' id='word_1_29' title='bbox 443 331 595 371; x_wconf 84' lang='lat' dir='ltr'><strong>Diatriba,</strong></span> <span class='ocrx_word' id='word_1_30' title='bbox 611 338 689 371; x_wconf 83' lang='lat' dir='ltr'><strong>pag.</strong></span> <span class='ocrx_word' id='word_1_31' title='bbox 707 331 758 361; x_wconf 85' lang='lat'><strong>37.</strong></span> 
     </span>
    </p>
   </div>
   <div class='ocr_carea' id='block_1_3' title="bbox 345 423 1531 471">
    <p class='ocr_par' dir='ltr' id='par_1_3' title="bbox 345 423 1531 471">
     <span class='ocr_line' id='line_1_5' title="bbox 345 423 1531 471; baseline -0.009 -8"><span class='ocrx_word' id='word_1_32' title='bbox 345 433 486 471; x_wconf 75' lang='lat' dir='ltr'><strong>§xxvuL</strong></span> <span class='ocrx_word' id='word_1_33' title='bbox 502 447 537 454; x_wconf 92' lang='lat'>—</span> <span class='ocrx_word' id='word_1_34' title='bbox 555 432 733 461; x_wconf 65' lang='lat' dir='ltr'><strong>Corm‘rionns</strong></span> <span class='ocrx_word' id='word_1_35' title='bbox 750 438 815 459; x_wconf 78' lang='lat' dir='ltr'><strong>ocro</strong></span> <span class='ocrx_word' id='word_1_36' title='bbox 832 438 866 458; x_wconf 72' lang='lat' dir='ltr'><strong>An</strong></span> <span class='ocrx_word' id='word_1_37' title='bbox 885 430 1002 457; x_wconf 69' lang='lat' dir='ltr'>FRATRES</span> <span class='ocrx_word' id='word_1_38' title='bbox 1019 429 1176 457; x_wconf 68' lang='lat' dir='ltr'><strong>Torosnns.</strong></span> <span class='ocrx_word' id='word_1_39' title='bbox 1199 427 1362 464; x_wconf 84' lang='lat' dir='ltr'><strong>(Prodrom.,</strong></span> <span class='ocrx_word' id='word_1_40' title='bbox 1383 425 1433 453; x_wconf 88' lang='lat' dir='ltr'><strong>col.</strong></span> <span class='ocrx_word' id='word_1_41' title='bbox 1455 423 1531 459; x_wconf 83' lang='lat'><strong>702.)</strong></span> 
     </span>
    </p>
   </div>
   <div class='ocr_carea' id='block_1_4' title="bbox 135 497 1782 1552">
    <p class='ocr_par' dir='ltr' id='par_1_4' title="bbox 135 497 1772 1201">
     <span class='ocr_line' id='line_1_6' title="bbox 174 497 1754 551; baseline -0.011 -6"><span class='ocrx_word' id='word_1_42' title='bbox 174 514 292 546; x_wconf 83' lang='lat' dir='ltr'><strong>Extant</strong></span> <span class='ocrx_word' id='word_1_43' title='bbox 307 512 342 544; x_wconf 89' lang='lat' dir='ltr'><strong>in</strong></span> <span class='ocrx_word' id='word_1_44' title='bbox 353 511 491 544; x_wconf 81' lang='lat' dir='ltr'><strong>editione</strong></span> <span class='ocrx_word' id='word_1_45' title='bbox 502 508 731 551; x_wconf 82' lang='lat' dir='ltr'><strong>Argentinensi</strong></span> <span class='ocrx_word' id='word_1_46' title='bbox 744 517 796 540; x_wconf 87' lang='lat' dir='ltr'><strong>an.</strong></span> <span class='ocrx_word' id='word_1_47' title='bbox 814 509 905 547; x_wconf 74' lang='lat'><strong>1495,</strong></span> <span class='ocrx_word' id='word_1_48' title='bbox 930 507 965 538; x_wconf 88' lang='lat' dir='ltr'><strong>in</strong></span> <span class='ocrx_word' id='word_1_49' title='bbox 989 516 1050 538; x_wconf 90' lang='lat' dir='ltr'><strong>ms.</strong></span> <span class='ocrx_word' id='word_1_50' title='bbox 1077 505 1188 538; x_wconf 84' lang='lat' dir='ltr'><strong>Codice</strong></span> <span class='ocrx_word' id='word_1_51' title='bbox 1208 505 1394 542; x_wconf 81' lang='lat' dir='ltr'><strong>Mantuano,</strong></span> <span class='ocrx_word' id='word_1_52' title='bbox 1410 509 1537 533; x_wconf 87' lang='lat' dir='ltr'><strong>necnon</strong></span> <span class='ocrx_word' id='word_1_53' title='bbox 1558 499 1594 530; x_wconf 90' lang='lat' dir='ltr'><strong>in</strong></span> <span class='ocrx_word' id='word_1_54' title='bbox 1618 497 1754 530; x_wconf 84' lang='lat' dir='ltr'><strong>Mariani</strong></span> 
     </span>
     <span class='ocr_line' id='line_1_7' title="bbox 135 552 1753 608; baseline -0.011 -7"><span class='ocrx_word' id='word_1_55' title='bbox 135 568 298 608; x_wconf 82' lang='lat' dir='ltr'><strong>Catalogo.</strong></span> <span class='ocrx_word' id='word_1_56' title='bbox 315 566 473 599; x_wconf 80' lang='lat' dir='ltr'><strong>Caeterum</strong></span> <span class='ocrx_word' id='word_1_57' title='bbox 488 565 592 607; x_wconf 82' lang='lat' dir='ltr'><strong>prima</strong></span> <span class='ocrx_word' id='word_1_58' title='bbox 606 564 736 597; x_wconf 79' lang='lat' dir='ltr'><strong>collatio</strong></span> <span class='ocrx_word' id='word_1_59' title='bbox 750 565 815 596; x_wconf 78' lang='lat' dir='ltr'><strong>tere</strong></span> <span class='ocrx_word' id='word_1_60' title='bbox 832 563 872 595; x_wconf 86' lang='lat' dir='ltr'><strong>ad</strong></span> <span class='ocrx_word' id='word_1_61' title='bbox 892 563 1032 596; x_wconf 90' lang='lat' dir='ltr'><strong>verbum</strong></span> <span class='ocrx_word' id='word_1_62' title='bbox 1052 562 1222 601; x_wconf 82' lang='lat' dir='ltr'><strong>desumpta</strong></span> <span class='ocrx_word' id='word_1_63' title='bbox 1241 569 1283 591; x_wconf 82' lang='lat' dir='ltr'><strong>ex</strong></span> <span class='ocrx_word' id='word_1_64' title='bbox 1297 558 1450 590; x_wconf 86' lang='lat' dir='ltr'><strong>Ubertino</strong></span> <span class='ocrx_word' id='word_1_65' title='bbox 1471 553 1632 588; x_wconf 82' lang='lat' dir='ltr'><strong>Casalensi</strong></span> <span class='ocrx_word' id='word_1_66' title='bbox 1649 552 1753 584; x_wconf 91' lang='lat' dir='ltr'><strong>Mino-</strong></span> 
     </span>
     <span class='ocr_line' id='line_1_8' title="bbox 136 610 1757 669; baseline -0.011 -9"><span class='ocrx_word' id='word_1_67' title='bbox 136 629 209 667; x_wconf 84' lang='lat' dir='ltr'><strong>rita,</strong></span> <span class='ocrx_word' id='word_1_68' title='bbox 226 627 282 669; x_wconf 91' lang='lat' dir='ltr'><strong>qui</strong></span> <span class='ocrx_word' id='word_1_69' title='bbox 296 627 367 667; x_wconf 89' lang='lat' dir='ltr'><strong>post</strong></span> <span class='ocrx_word' id='word_1_70' title='bbox 380 625 642 657; x_wconf 78' lang='lat' dir='ltr'><strong>Bonaventuram</strong></span> <span class='ocrx_word' id='word_1_71' title='bbox 659 623 820 662; x_wconf 80' lang='lat' dir='ltr'><strong>inclaruit,</strong></span> <span class='ocrx_word' id='word_1_72' title='bbox 837 630 1020 662; x_wconf 82' lang='lat' dir='ltr'><strong>nomenque</strong></span> <span class='ocrx_word' id='word_1_73' title='bbox 1035 620 1182 661; x_wconf 76' lang='lat' dir='ltr'><strong>eiusdem</strong></span> <span class='ocrx_word' id='word_1_74' title='bbox 1197 618 1341 650; x_wconf 84' lang='lat' dir='ltr'><strong>&#39;Ubertini</strong></span> <span class='ocrx_word' id='word_1_75' title='bbox 1364 617 1405 648; x_wconf 83' lang='lat' dir='ltr'><strong>ad</strong></span> <span class='ocrx_word' id='word_1_76' title='bbox 1427 615 1546 647; x_wconf 79' lang='lat' dir='ltr'><strong>calcem</strong></span> <span class='ocrx_word' id='word_1_77' title='bbox 1566 610 1757 653; x_wconf 83' lang='lat' dir='ltr'><strong>hujusmodi</strong></span> 
     </span>
     <span class='ocr_line' id='line_1_9' title="bbox 139 670 1757 725; baseline -0.01 -7"><span class='ocrx_word' id='word_1_78' title='bbox 139 685 320 719; x_wconf 83' lang='lat' dir='ltr'><strong>Collationis</strong></span> <span class='ocrx_word' id='word_1_79' title='bbox 347 685 507 725; x_wconf 86' lang='lat' dir='ltr'><strong>positum,</strong></span> <span class='ocrx_word' id='word_1_80' title='bbox 533 683 609 715; x_wconf 83' lang='lat' dir='ltr'><strong>satis</strong></span> <span class='ocrx_word' id='word_1_81' title='bbox 630 683 851 714; x_wconf 85' lang='lat' dir='ltr'><strong>demonstrant</strong></span> <span class='ocrx_word' id='word_1_82' title='bbox 874 681 1005 712; x_wconf 83' lang='lat' dir='ltr'><strong>alterius</strong></span> <span class='ocrx_word' id='word_1_83' title='bbox 1027 688 1095 711; x_wconf 89' lang='lat' dir='ltr'><strong>esse</strong></span> <span class='ocrx_word' id='word_1_84' title='bbox 1117 688 1136 710; x_wconf 87' lang='lat' dir='ltr'>a</span> <span class='ocrx_word' id='word_1_85' title='bbox 1165 678 1392 710; x_wconf 84' lang='lat' dir='ltr'><strong>Bonaventura</strong></span> <span class='ocrx_word' id='word_1_86' title='bbox 1415 675 1548 707; x_wconf 90' lang='lat' dir='ltr'><strong>Doctore</strong></span> <span class='ocrx_word' id='word_1_87' title='bbox 1571 670 1757 712; x_wconf 82' lang='lat' dir='ltr'><strong>Seraphico,</strong></span> 
     </span>
     <span class='ocr_line' id='line_1_10' title="bbox 139 729 1762 786; baseline -0.01 -9"><span class='ocrx_word' id='word_1_88' title='bbox 139 744 374 786; x_wconf 87' lang='lat' dir='ltr'><strong>Scriptorisque</strong></span> <span class='ocrx_word' id='word_1_89' title='bbox 387 743 495 776; x_wconf 89' lang='lat' dir='ltr'><strong>nescio</strong></span> <span class='ocrx_word' id='word_1_90' title='bbox 507 743 556 783; x_wconf 86' lang='lat' dir='ltr'><strong>cuj</strong></span> <span class='ocrx_word' id='word_1_91' title='bbox 562 750 600 774; x_wconf 89' lang='lat' dir='ltr'><strong>us</strong></span> <span class='ocrx_word' id='word_1_92' title='bbox 614 741 766 774; x_wconf 87' lang='lat' dir='ltr'><strong>Ubertino</strong></span> <span class='ocrx_word' id='word_1_93' title='bbox 779 740 978 773; x_wconf 78' lang='lat' dir='ltr'><strong>recentioris.</strong></span> <span class='ocrx_word' id='word_1_94' title='bbox 1001 738 1065 771; x_wconf 90' lang='lat' dir='ltr'><strong>Nec</strong></span> <span class='ocrx_word' id='word_1_95' title='bbox 1083 738 1197 780; x_wconf 87' lang='lat' dir='ltr'><strong>reponi</strong></span> <span class='ocrx_word' id='word_1_96' title='bbox 1211 737 1315 778; x_wconf 88' lang='lat' dir='ltr'><strong>potest</strong></span> <span class='ocrx_word' id='word_1_97' title='bbox 1329 744 1404 767; x_wconf 91' lang='lat' dir='ltr'><strong>cum</strong></span> <span class='ocrx_word' id='word_1_98' title='bbox 1417 732 1597 772; x_wconf 80' lang='lat' dir='ltr'><strong>Waddingo</strong></span> <span class='ocrx_word' id='word_1_99' title='bbox 1613 732 1635 770; x_wconf 88' lang='lat'><strong>²,</strong></span> <span class='ocrx_word' id='word_1_100' title='bbox 1659 729 1762 762; x_wconf 86' lang='lat' dir='ltr'><strong>Uber-</strong></span> 
     </span>
     <span class='ocr_line' id='line_1_11' title="bbox 141 789 1763 843; baseline -0.011 -6"><span class='ocrx_word' id='word_1_101' title='bbox 141 805 202 837; x_wconf 89' lang='lat' dir='ltr'><strong>tini</strong></span> <span class='ocrx_word' id='word_1_102' title='bbox 217 813 337 836; x_wconf 89' lang='lat' dir='ltr'><strong>nomen</strong></span> <span class='ocrx_word' id='word_1_103' title='bbox 352 811 394 836; x_wconf 68' lang='grc' dir='ltr'><strong>σα·</strong></span> <span class='ocrx_word' id='word_1_104' title='bbox 409 803 552 843; x_wconf 73' lang='lat' dir='ltr'><strong>marqz‘ne</strong></span> <span class='ocrx_word' id='word_1_105' title='bbox 567 802 604 834; x_wconf 79' lang='lat' dir='ltr'><strong>in</strong></span> <span class='ocrx_word' id='word_1_106' title='bbox 624 804 750 835; x_wconf 72' lang='lat' dir='ltr'><strong>teoecum</strong></span> <span class='ocrx_word' id='word_1_107' title='bbox 768 801 935 840; x_wconf 72' lang='lat' dir='ltr'><strong>irrepsisse</strong></span> <span class='ocrx_word' id='word_1_108' title='bbox 941 808 954 839; x_wconf 90' lang='lat'><strong>,·</strong></span> <span class='ocrx_word' id='word_1_109' title='bbox 969 799 1031 830; x_wconf 85' lang='lat' dir='ltr'><strong>hoc</strong></span> <span class='ocrx_word' id='word_1_110' title='bbox 1045 798 1133 830; x_wconf 90' lang='lat' dir='ltr'><strong>enim</strong></span> <span class='ocrx_word' id='word_1_111' title='bbox 1156 799 1203 829; x_wconf 86' lang='lat' dir='ltr'><strong>est</strong></span> <span class='ocrx_word' id='word_1_112' title='bbox 1218 795 1357 834; x_wconf 81' lang='lat' dir='ltr'><strong>ariolari,</strong></span> <span class='ocrx_word' id='word_1_113' title='bbox 1382 793 1417 825; x_wconf 88' lang='lat' dir='ltr'><strong>ni</strong></span> <span class='ocrx_word' id='word_1_114' title='bbox 1437 794 1493 824; x_wconf 79' lang='lat' dir='ltr'><strong>aut</strong></span> <span class='ocrx_word' id='word_1_115' title='bbox 1515 799 1573 833; x_wconf 91' lang='lat' dir='ltr'><strong>per</strong></span> <span class='ocrx_word' id='word_1_116' title='bbox 1587 789 1763 827; x_wconf 84' lang='lat' dir='ltr'><strong>Editiones,</strong></span> 
     </span>
     <span class='ocr_line' id='line_1_12' title="bbox 143 851 1762 905; baseline -0.011 -9"><span class='ocrx_word' id='word_1_117' title='bbox 143 866 200 896; x_wconf 79' lang='lat' dir='ltr'><strong>aut</strong></span> <span class='ocrx_word' id='word_1_118' title='bbox 213 873 270 905; x_wconf 88' lang='lat' dir='ltr'><strong>per</strong></span> <span class='ocrx_word' id='word_1_119' title='bbox 282 872 359 895; x_wconf 89' lang='lat' dir='ltr'><strong>mss.</strong></span> <span class='ocrx_word' id='word_1_120' title='bbox 373 862 502 894; x_wconf 85' lang='lat' dir='ltr'><strong>Codices</strong></span> <span class='ocrx_word' id='word_1_121' title='bbox 515 861 548 892; x_wconf 90' lang='lat' dir='ltr'><strong>id</strong></span> <span class='ocrx_word' id='word_1_122' title='bbox 563 861 799 901; x_wconf 80' lang='lat' dir='ltr'><strong>comprobetur.</strong></span> <span class='ocrx_word' id='word_1_123' title='bbox 824 858 990 900; x_wconf 69' lang='lat' dir='ltr'><strong>Numquid</strong></span> <span class='ocrx_word' id='word_1_124' title='bbox 1003 858 1100 889; x_wconf 84' lang='lat' dir='ltr'><strong>etiam</strong></span> <span class='ocrx_word' id='word_1_125' title='bbox 1121 857 1256 898; x_wconf 68' lang='lat' dir='ltr'><strong>praefata</strong></span> <span class='ocrx_word' id='word_1_126' title='bbox 1271 855 1398 894; x_wconf 80' lang='lat' dir='ltr'><strong>integra</strong></span> <span class='ocrx_word' id='word_1_127' title='bbox 1413 851 1542 885; x_wconf 82' lang='lat' dir='ltr'><strong>Collatio</strong></span> <span class='ocrx_word' id='word_1_128' title='bbox 1567 851 1668 882; x_wconf 88' lang='lat' dir='ltr'><strong>ferme</strong></span> <span class='ocrx_word' id='word_1_129' title='bbox 1688 857 1762 881; x_wconf 85' lang='lat' dir='ltr'><strong>ver-</strong></span> 
     </span>
     <span class='ocr_line' id='line_1_13' title="bbox 144 907 1766 961; baseline -0.011 -6"><span class='ocrx_word' id='word_1_130' title='bbox 144 923 244 955; x_wconf 85' lang='lat' dir='ltr'><strong>batim</strong></span> <span class='ocrx_word' id='word_1_131' title='bbox 259 932 300 954; x_wconf 85' lang='lat' dir='ltr'><strong>ex</strong></span> <span class='ocrx_word' id='word_1_132' title='bbox 314 921 469 953; x_wconf 88' lang='lat' dir='ltr'><strong>Ubertino</strong></span> <span class='ocrx_word' id='word_1_133' title='bbox 485 921 683 961; x_wconf 79' lang='lat' dir='ltr'><strong>deprompta,</strong></span> <span class='ocrx_word' id='word_1_134' title='bbox 700 927 742 952; x_wconf 68' lang='lat' dir='ltr'><strong>esc</strong></span> <span class='ocrx_word' id='word_1_135' title='bbox 759 919 906 959; x_wconf 73' lang='lat' dir='ltr'><strong>marqine</strong></span> <span class='ocrx_word' id='word_1_136' title='bbox 920 917 1159 957; x_wconf 83' lang='lat' dir='ltr'><strong>transmigrarit</strong></span> <span class='ocrx_word' id='word_1_137' title='bbox 1178 917 1215 949; x_wconf 77' lang='lat' dir='ltr'><strong>in</strong></span> <span class='ocrx_word' id='word_1_138' title='bbox 1240 916 1364 948; x_wconf 63' lang='lat' dir='ltr'><strong>temtum</strong></span> <span class='ocrx_word' id='word_1_139' title='bbox 1374 913 1390 945; x_wconf 77' lang='lat' dir='ltr'><em>P</em></span> <span class='ocrx_word' id='word_1_140' title='bbox 1411 911 1574 944; x_wconf 80' lang='lat' dir='ltr'><strong>Laudatur</strong></span> <span class='ocrx_word' id='word_1_141' title='bbox 1589 917 1718 950; x_wconf 88' lang='lat' dir='ltr'><strong>quoque</strong></span> <span class='ocrx_word' id='word_1_142' title='bbox 1732 907 1766 937; x_wconf 90' lang='lat' dir='ltr'><strong>in</strong></span> 
     </span>
     <span class='ocr_line' id='line_1_14' title="bbox 146 965 1768 1014; baseline -0.01 0"><span class='ocrx_word' id='word_1_143' title='bbox 146 982 258 1014; x_wconf 88' lang='lat' dir='ltr'><strong>iisdem</strong></span> <span class='ocrx_word' id='word_1_144' title='bbox 273 980 499 1014; x_wconf 80' lang='lat' dir='ltr'><strong>Collationibus</strong></span> <span class='ocrx_word' id='word_1_145' title='bbox 518 979 649 1013; x_wconf 75' lang='lat' dir='ltr'><strong>devotus</strong></span> <span class='ocrx_word' id='word_1_146' title='bbox 670 979 806 1011; x_wconf 74' lang='lat' dir='ltr'><strong>Libellus</strong></span> <span class='ocrx_word' id='word_1_147' title='bbox 825 978 864 1010; x_wconf 81' lang='lat' dir='ltr'><strong>cle</strong></span> <span class='ocrx_word' id='word_1_148' title='bbox 881 977 1066 1010; x_wconf 77' lang='lat' dir='ltr'><strong>[mitaclone</strong></span> <span class='ocrx_word' id='word_1_149' title='bbox 1079 977 1120 1008; x_wconf 91' lang='lat' dir='ltr'><strong>D.</strong></span> <span class='ocrx_word' id='word_1_150' title='bbox 1137 975 1177 1008; x_wconf 93' lang='lat' dir='ltr'><strong>N.</strong></span> <span class='ocrx_word' id='word_1_151' title='bbox 1195 975 1225 1007; x_wconf 93' lang='lat' dir='ltr'><strong>J.</strong></span> <span class='ocrx_word' id='word_1_152' title='bbox 1247 974 1293 1013; x_wconf 80' lang='grc'><strong>0.,</strong></span> <span class='ocrx_word' id='word_1_153' title='bbox 1315 972 1373 1014; x_wconf 89' lang='lat' dir='ltr'><strong>qui</strong></span> <span class='ocrx_word' id='word_1_154' title='bbox 1387 971 1451 1003; x_wconf 86' lang='lat' dir='ltr'><strong>nisi</strong></span> <span class='ocrx_word' id='word_1_155' title='bbox 1466 970 1563 1002; x_wconf 80' lang='lat' dir='ltr'><strong>fuerit</strong></span> <span class='ocrx_word' id='word_1_156' title='bbox 1578 966 1713 1001; x_wconf 81' lang='lat' dir='ltr'><strong>Libellus</strong></span> <span class='ocrx_word' id='word_1_157' title='bbox 1729 965 1768 998; x_wconf 81' lang='lat' dir='ltr'><strong>de</strong></span> 
     </span>
     <span class='ocr_line' id='line_1_15' title="bbox 148 1025 1772 1080; baseline -0.012 -6"><span class='ocrx_word' id='word_1_158' title='bbox 148 1042 336 1076; x_wconf 56' lang='lat' dir='ltr'><strong>limitatione</strong></span> <span class='ocrx_word' id='word_1_159' title='bbox 352 1040 485 1078; x_wconf 78' lang='lat' dir='ltr'><strong>Christi,</strong></span> <span class='ocrx_word' id='word_1_160' title='bbox 503 1048 601 1080; x_wconf 88' lang='lat' dir='ltr'><strong>quem</strong></span> <span class='ocrx_word' id='word_1_161' title='bbox 619 1039 730 1070; x_wconf 87' lang='lat' dir='ltr'><strong>nostro</strong></span> <span class='ocrx_word' id='word_1_162' title='bbox 748 1037 985 1070; x_wconf 81' lang='lat' dir='ltr'><strong>Bonaventurae</strong></span> <span class='ocrx_word' id='word_1_163' title='bbox 1008 1034 1159 1067; x_wconf 82' lang='lat' dir='ltr'><strong>adscribit</strong></span> <span class='ocrx_word' id='word_1_164' title='bbox 1182 1031 1400 1065; x_wconf 84' lang='lat' dir='ltr'><strong>Bernardinus</strong></span> <span class='ocrx_word' id='word_1_165' title='bbox 1422 1029 1565 1068; x_wconf 89' lang='lat' dir='ltr'><strong>Bustius,</strong></span> <span class='ocrx_word' id='word_1_166' title='bbox 1585 1027 1641 1059; x_wconf 86' lang='lat' dir='ltr'><strong>sed</strong></span> <span class='ocrx_word' id='word_1_167' title='bbox 1665 1025 1772 1066; x_wconf 89' lang='lat' dir='ltr'><strong>potius</strong></span> 
     </span>
     <span class='ocr_line' id='line_1_16' title="bbox 150 1083 1772 1137; baseline -0.01 -4"><span class='ocrx_word' id='word_1_168' title='bbox 150 1101 230 1133; x_wconf 83' lang='lat' dir='ltr'><strong>alter</strong></span> <span class='ocrx_word' id='word_1_169' title='bbox 250 1099 443 1133; x_wconf 81' lang='lat' dir='ltr'><strong>venerabilis</strong></span> <span class='ocrx_word' id='word_1_170' title='bbox 453 1098 588 1130; x_wconf 79' lang='lat' dir='ltr'><strong>Thomae</strong></span> <span class='ocrx_word' id='word_1_171' title='bbox 598 1096 797 1137; x_wconf 85' lang='lat' dir='ltr'><strong>Kempensis,</strong></span> <span class='ocrx_word' id='word_1_172' title='bbox 813 1095 899 1136; x_wconf 83' lang='lat' dir='ltr'><strong>apud</strong></span> <span class='ocrx_word' id='word_1_173' title='bbox 914 1104 1010 1136; x_wconf 91' lang='lat' dir='ltr'><strong>quem</strong></span> <span class='ocrx_word' id='word_1_174' title='bbox 1025 1094 1154 1125; x_wconf 77' lang='lat' dir='ltr'><strong>recitata</strong></span> <span class='ocrx_word' id='word_1_175' title='bbox 1169 1092 1204 1123; x_wconf 90' lang='lat' dir='ltr'><strong>in</strong></span> <span class='ocrx_word' id='word_1_176' title='bbox 1223 1091 1450 1123; x_wconf 82' lang='lat' dir='ltr'><strong>Collatiouibus</strong></span> <span class='ocrx_word' id='word_1_177' title='bbox 1465 1088 1567 1122; x_wconf 79' lang='lat' dir='ltr'><strong>verba</strong></span> <span class='ocrx_word' id='word_1_178' title='bbox 1579 1087 1736 1127; x_wconf 77' lang='lat' dir='ltr'><strong>leguntur</strong></span> <span class='ocrx_word' id='word_1_179' title='bbox 1749 1083 1772 1122; x_wconf 79' lang='lat'><strong>²,</strong></span> 
     </span>
     <span class='ocr_line' id='line_1_17' title="bbox 151 1154 980 1201; baseline -0.007 -10"><span class='ocrx_word' id='word_1_180' title='bbox 151 1161 283 1201; x_wconf 83' lang='lat' dir='ltr'><strong>apparet</strong></span> <span class='ocrx_word' id='word_1_181' title='bbox 296 1167 409 1190; x_wconf 82' lang='lat' dir='ltr'><strong>earum</strong></span> <span class='ocrx_word' id='word_1_182' title='bbox 423 1157 563 1198; x_wconf 89' lang='lat' dir='ltr'><strong>Scriptor</strong></span> <span class='ocrx_word' id='word_1_183' title='bbox 575 1156 681 1188; x_wconf 83' lang='lat' dir='ltr'><strong>adhuc</strong></span> <span class='ocrx_word' id='word_1_184' title='bbox 694 1156 796 1187; x_wconf 90' lang='lat' dir='ltr'><strong>multo</strong></span> <span class='ocrx_word' id='word_1_185' title='bbox 810 1154 980 1187; x_wconf 86' lang='lat' dir='ltr'><strong>recentior.</strong></span> 
     </span>
    </p>

    <p class='ocr_par' dir='ltr' id='par_1_5' title="bbox 154 1204 1782 1552">
     <span class='ocr_line' id='line_1_18' title="bbox 192 1204 1776 1258; baseline -0.01 -9"><span class='ocrx_word' id='word_1_186' title='bbox 192 1217 390 1258; x_wconf 87' lang='lat' dir='ltr'><strong>Theophilus</strong></span> <span class='ocrx_word' id='word_1_187' title='bbox 406 1216 602 1257; x_wconf 83' lang='lat' dir='ltr'><strong>Raynaudus</strong></span> <span class='ocrx_word' id='word_1_188' title='bbox 616 1215 797 1255; x_wconf 86' lang='lat' dir='ltr'><strong>suspicatur</strong></span> <span class='ocrx_word' id='word_1_189' title='bbox 811 1225 817 1245; x_wconf 80' lang='lat' dir='ltr'><strong><em>z</em></strong></span> <span class='ocrx_word' id='word_1_190' title='bbox 836 1213 958 1245; x_wconf 87' lang='lat' dir='ltr'><strong>«Forte</strong></span> <span class='ocrx_word' id='word_1_191' title='bbox 972 1213 1054 1243; x_wconf 87' lang='lat' dir='ltr'><strong>liber</strong></span> <span class='ocrx_word' id='word_1_192' title='bbox 1068 1210 1285 1244; x_wconf 75' lang='lat' dir='ltr'><strong>collationum</strong></span> <span class='ocrx_word' id='word_1_193' title='bbox 1295 1211 1343 1241; x_wconf 90' lang='lat' dir='ltr'><strong>est</strong></span> <span class='ocrx_word' id='word_1_194' title='bbox 1357 1208 1503 1249; x_wconf 87' lang='lat' dir='ltr'><strong>ejusdem</strong></span> <span class='ocrx_word' id='word_1_195' title='bbox 1519 1205 1668 1243; x_wconf 77' lang='lat' dir='ltr'><strong>auctoris,</strong></span> <span class='ocrx_word' id='word_1_196' title='bbox 1683 1204 1732 1244; x_wconf 86' lang='lat' dir='ltr'><strong>cuj</strong></span> <span class='ocrx_word' id='word_1_197' title='bbox 1739 1211 1776 1234; x_wconf 88' lang='lat' dir='ltr'><strong>us</strong></span> 
     </span>
     <span class='ocr_line' id='line_1_19' title="bbox 154 1262 1778 1318; baseline -0.009 -9"><span class='ocrx_word' id='word_1_198' title='bbox 154 1279 201 1309; x_wconf 91' lang='lat' dir='ltr'><strong>est</strong></span> <span class='ocrx_word' id='word_1_199' title='bbox 216 1277 302 1318; x_wconf 88' lang='lat' dir='ltr'><strong>Opus</strong></span> <span class='ocrx_word' id='word_1_200' title='bbox 317 1276 356 1309; x_wconf 84' lang='lat' dir='ltr'><strong>cle</strong></span> <span class='ocrx_word' id='word_1_201' title='bbox 377 1276 523 1315; x_wconf 74' lang='lat' dir='ltr'><strong>Profectu</strong></span> <span class='ocrx_word' id='word_1_202' title='bbox 538 1275 770 1315; x_wconf 69' lang='lat' dir='ltr'><strong>Rellqiosorum</strong></span> <span class='ocrx_word' id='word_1_203' title='bbox 784 1272 805 1304; x_wconf 78' lang='lat'><strong>³.</strong></span> <span class='ocrx_word' id='word_1_204' title='bbox 820 1283 835 1302; x_wconf 84' lang='lat'>»</span> <span class='ocrx_word' id='word_1_205' title='bbox 855 1271 917 1303; x_wconf 87' lang='lat' dir='ltr'><strong>Sed</strong></span> <span class='ocrx_word' id='word_1_206' title='bbox 930 1280 1034 1312; x_wconf 90' lang='lat' dir='ltr'><strong>quum</strong></span> <span class='ocrx_word' id='word_1_207' title='bbox 1049 1280 1089 1302; x_wconf 79' lang='lat' dir='ltr'><strong>ex</strong></span> <span class='ocrx_word' id='word_1_208' title='bbox 1105 1279 1172 1301; x_wconf 81' lang='lat' dir='ltr'><strong>una</strong></span> <span class='ocrx_word' id='word_1_209' title='bbox 1187 1271 1276 1310; x_wconf 82' lang='lat' dir='ltr'><strong>parte</strong></span> <span class='ocrx_word' id='word_1_210' title='bbox 1290 1268 1376 1309; x_wconf 85' lang='lat' dir='ltr'><strong>Opus</strong></span> <span class='ocrx_word' id='word_1_211' title='bbox 1390 1268 1450 1299; x_wconf 84' lang='lat' dir='ltr'><strong>hoc</strong></span> <span class='ocrx_word' id='word_1_212' title='bbox 1468 1266 1507 1299; x_wconf 80' lang='lat' dir='ltr'><strong>cle</strong></span> <span class='ocrx_word' id='word_1_213' title='bbox 1529 1265 1676 1304; x_wconf 75' lang='lat' dir='ltr'><strong>Profectu</strong></span> <span class='ocrx_word' id='word_1_214' title='bbox 1688 1262 1778 1294; x_wconf 79' lang='lat' dir='ltr'><strong>Reli-</strong></span> 
     </span>
     <span class='ocr_line' id='line_1_20' title="bbox 155 1319 1778 1377; baseline -0.011 -8"><span class='ocrx_word' id='word_1_215' title='bbox 155 1338 317 1377; x_wconf 71' lang='lat' dir='ltr'><strong>qz‘osorum</strong></span> <span class='ocrx_word' id='word_1_216' title='bbox 330 1336 417 1367; x_wconf 89' lang='lat' dir='ltr'><strong>idem</strong></span> <span class='ocrx_word' id='word_1_217' title='bbox 430 1334 629 1375; x_wconf 87' lang='lat' dir='ltr'><strong>Theophilus</strong></span> <span class='ocrx_word' id='word_1_218' title='bbox 641 1342 716 1364; x_wconf 88' lang='lat' dir='ltr'><strong>cum</strong></span> <span class='ocrx_word' id='word_1_219' title='bbox 731 1331 801 1363; x_wconf 80' lang='lat' dir='ltr'><strong>aliis</strong></span> <span class='ocrx_word' id='word_1_220' title='bbox 815 1331 936 1362; x_wconf 80' lang='lat' dir='ltr'><strong>tribuat</strong></span> <span class='ocrx_word' id='word_1_221' title='bbox 951 1331 1044 1361; x_wconf 76' lang='lat' dir='ltr'><strong>beato</strong></span> <span class='ocrx_word' id='word_1_222' title='bbox 1058 1328 1169 1361; x_wconf 84' lang='lat' dir='ltr'><strong>Davidi</strong></span> <span class='ocrx_word' id='word_1_223' title='bbox 1186 1328 1226 1359; x_wconf 85' lang='lat' dir='ltr'><strong>ab</strong></span> <span class='ocrx_word' id='word_1_224' title='bbox 1245 1328 1397 1367; x_wconf 81' lang='lat' dir='ltr'><strong>Augusta</strong></span> <span class='ocrx_word' id='word_1_225' title='bbox 1412 1324 1558 1366; x_wconf 85' lang='lat' dir='ltr'><strong>ejusdem</strong></span> <span class='ocrx_word' id='word_1_226' title='bbox 1581 1321 1705 1354; x_wconf 87' lang='lat' dir='ltr'><strong>Ordinis</strong></span> <span class='ocrx_word' id='word_1_227' title='bbox 1720 1319 1778 1351; x_wconf 90' lang='lat' dir='ltr'><strong>Mi-</strong></span> 
     </span>
     <span class='ocr_line' id='line_1_21' title="bbox 155 1384 1777 1434; baseline -0.011 -7"><span class='ocrx_word' id='word_1_228' title='bbox 155 1404 288 1434; x_wconf 88' lang='lat' dir='ltr'><strong>norum,</strong></span> <span class='ocrx_word' id='word_1_229' title='bbox 302 1394 414 1426; x_wconf 77' lang='lat' dir='ltr'><strong>exalia</strong></span> <span class='ocrx_word' id='word_1_230' title='bbox 425 1403 502 1427; x_wconf 82' lang='lat' dir='ltr'><strong>vero</strong></span> <span class='ocrx_word' id='word_1_231' title='bbox 523 1392 622 1425; x_wconf 81' lang='lat' dir='ltr'><strong>David</strong></span> <span class='ocrx_word' id='word_1_232' title='bbox 640 1392 864 1432; x_wconf 73' lang='lat' dir='ltr'><strong>Augustanus,</strong></span> <span class='ocrx_word' id='word_1_233' title='bbox 886 1391 966 1421; x_wconf 83' lang='lat' dir='ltr'><strong>teste</strong></span> <span class='ocrx_word' id='word_1_234' title='bbox 979 1388 1170 1427; x_wconf 80' lang='lat' dir='ltr'><strong>WaddingO,</strong></span> <span class='ocrx_word' id='word_1_235' title='bbox 1192 1386 1287 1417; x_wconf 87' lang='lat' dir='ltr'><strong>fuerit</strong></span> <span class='ocrx_word' id='word_1_236' title='bbox 1310 1386 1342 1417; x_wconf 87' lang='lat' dir='ltr'><strong>S.</strong></span> <span class='ocrx_word' id='word_1_237' title='bbox 1372 1384 1609 1416; x_wconf 82' lang='lat' dir='ltr'><strong>Bonaventurae</strong></span> <span class='ocrx_word' id='word_1_238' title='bbox 1633 1387 1777 1415; x_wconf 81' lang='lat' dir='ltr'><strong>coaevus3</strong></span> 
     </span>
     <span class='ocr_line' id='line_1_22' title="bbox 158 1437 1780 1491; baseline -0.01 -6"><span class='ocrx_word' id='word_1_239' title='bbox 158 1454 239 1484; x_wconf 87' lang='lat' dir='ltr'><strong>sicut</strong></span> <span class='ocrx_word' id='word_1_240' title='bbox 253 1453 505 1491; x_wconf 76' lang='lat' dir='ltr'><strong>Bonaventurae,</strong></span> <span class='ocrx_word' id='word_1_241' title='bbox 520 1451 564 1482; x_wconf 81' lang='lat' dir='ltr'><strong>ita</strong></span> <span class='ocrx_word' id='word_1_242' title='bbox 581 1452 612 1482; x_wconf 79' lang='lat' dir='ltr'><strong>et</strong></span> <span class='ocrx_word' id='word_1_243' title='bbox 627 1450 744 1482; x_wconf 80' lang='lat' dir='ltr'><strong>Davidi·</strong></span> <span class='ocrx_word' id='word_1_244' title='bbox 753 1449 942 1481; x_wconf 81' lang='lat' dir='ltr'><strong>Collationes</strong></span> <span class='ocrx_word' id='word_1_245' title='bbox 955 1446 1145 1488; x_wconf 84' lang='lat' dir='ltr'><strong>hujusmodi</strong></span> <span class='ocrx_word' id='word_1_246' title='bbox 1169 1445 1390 1487; x_wconf 74' lang='lat' dir='ltr'><strong>abJudicandae</strong></span> <span class='ocrx_word' id='word_1_247' title='bbox 1406 1445 1492 1482; x_wconf 84' lang='lat' dir='ltr'><strong>sunt,</strong></span> <span class='ocrx_word' id='word_1_248' title='bbox 1514 1444 1610 1482; x_wconf 85' lang='lat' dir='ltr'><strong>atque</strong></span> <span class='ocrx_word' id='word_1_249' title='bbox 1627 1437 1780 1479; x_wconf 85' lang='lat' dir='ltr'><strong>Scriptori</strong></span> 
     </span>
     <span class='ocr_line' id='line_1_23' title="bbox 158 1496 1782 1552; baseline -0.012 -8"><span class='ocrx_word' id='word_1_250' title='bbox 158 1512 344 1544; x_wconf 81' lang='lat' dir='ltr'><strong>recentioris</strong></span> <span class='ocrx_word' id='word_1_251' title='bbox 354 1512 457 1544; x_wconf 77' lang='lat' dir='ltr'><strong>aetatis</strong></span> <span class='ocrx_word' id='word_1_252' title='bbox 472 1511 577 1552; x_wconf 86' lang='lat' dir='ltr'><strong>potius</strong></span> <span class='ocrx_word' id='word_1_253' title='bbox 592 1509 816 1541; x_wconf 68' lang='lat' dir='ltr'><strong>attribuendae.</strong></span> <span class='ocrx_word' id='word_1_254' title='bbox 836 1508 873 1539; x_wconf 87' lang='lat' dir='ltr'><strong>In</strong></span> <span class='ocrx_word' id='word_1_255' title='bbox 887 1508 1000 1539; x_wconf 86' lang='lat' dir='ltr'><strong>iisdem</strong></span> <span class='ocrx_word' id='word_1_256' title='bbox 1018 1508 1135 1547; x_wconf 75' lang='lat' dir='ltr'><strong>praeter</strong></span> <span class='ocrx_word' id='word_1_257' title='bbox 1150 1504 1352 1540; x_wconf 86' lang='lat' dir='ltr'><strong>Ubertinum,</strong></span> <span class='ocrx_word' id='word_1_258' title='bbox 1370 1502 1402 1532; x_wconf 85' lang='lat' dir='ltr'><strong>et</strong></span> <span class='ocrx_word' id='word_1_259' title='bbox 1420 1499 1578 1531; x_wconf 84' lang='lat' dir='ltr'><strong>Libellum</strong></span> <span class='ocrx_word' id='word_1_260' title='bbox 1601 1496 1639 1528; x_wconf 83' lang='lat' dir='ltr'><strong>de</strong></span> <span class='ocrx_word' id='word_1_261' title='bbox 1664 1496 1782 1527; x_wconf 75' lang='lat' dir='ltr'><strong>Imita-</strong></span> 
     </span>
    </p>
   </div>
   <div class='ocr_carea' id='block_1_5' title="bbox 161 1554 1783 1663">
    <p class='ocr_par' dir='ltr' id='par_1_6' title="bbox 161 1554 1783 1663">
     <span class='ocr_line' id='line_1_24' title="bbox 161 1554 1783 1611; baseline -0.013 -6"><span class='ocrx_word' id='word_1_262' title='bbox 161 1572 247 1605; x_wconf 79' lang='lat' dir='ltr'><strong>tione</strong></span> <span class='ocrx_word' id='word_1_263' title='bbox 260 1571 393 1611; x_wconf 78' lang='lat' dir='ltr'><strong>Christi,</strong></span> <span class='ocrx_word' id='word_1_264' title='bbox 410 1571 592 1611; x_wconf 83' lang='lat' dir='ltr'><strong>allegantur</strong></span> <span class='ocrx_word' id='word_1_265' title='bbox 614 1568 830 1609; x_wconf 82' lang='lat' dir='ltr'><strong>Augustinus,</strong></span> <span class='ocrx_word' id='word_1_266' title='bbox 853 1567 1047 1605; x_wconf 68' lang='lat' dir='ltr'><strong>Bernartius,</strong></span> <span class='ocrx_word' id='word_1_267' title='bbox 1063 1566 1235 1603; x_wconf 81' lang='lat' dir='ltr'><strong>Climacus,</strong></span> <span class='ocrx_word' id='word_1_268' title='bbox 1252 1563 1360 1595; x_wconf 78' lang='lat' dir='ltr'><strong>Abbas</strong></span> <span class='ocrx_word' id='word_1_269' title='bbox 1376 1561 1498 1598; x_wconf 79' lang='lat' dir='ltr'><strong>Pastor,</strong></span> <span class='ocrx_word' id='word_1_270' title='bbox 1520 1558 1536 1590; x_wconf 87' lang='lat' dir='ltr'>J</span> <span class='ocrx_word' id='word_1_271' title='bbox 1540 1564 1660 1590; x_wconf 80' lang='lat' dir='ltr'><strong>oannes</strong></span> <span class='ocrx_word' id='word_1_272' title='bbox 1675 1554 1783 1587; x_wconf 79' lang='lat' dir='ltr'><strong>Abbas</strong></span> 
     </span>
     <span class='ocr_line' id='line_1_25' title="bbox 161 1630 392 1663; baseline -0.004 0"><span class='ocrx_word' id='word_1_273' title='bbox 161 1630 277 1663; x_wconf 87' lang='lat' dir='ltr'><strong>Montis</strong></span> <span class='ocrx_word' id='word_1_274' title='bbox 292 1630 392 1662; x_wconf 82' lang='lat' dir='ltr'><strong>Sinai.</strong></span> 
     </span>
    </p>
   </div>
   <div class='ocr_carea' id='block_1_6' title="bbox 165 1711 1784 1795">
    <p class='ocr_par' dir='ltr' id='par_1_7' title="bbox 165 1711 1784 1795">
     <span class='ocr_line' id='line_1_26' title="bbox 195 1711 1784 1759; baseline -0.011 -7"><span class='ocrx_word' id='word_1_275' title='bbox 195 1728 204 1745; x_wconf 83' lang='lat'>1</span> <span class='ocrx_word' id='word_1_276' title='bbox 216 1727 253 1752; x_wconf 88' lang='lat' dir='ltr'><strong>De</strong></span> <span class='ocrx_word' id='word_1_277' title='bbox 268 1727 392 1759; x_wconf 73' lang='lat' dir='ltr'><strong>scriptor.</strong></span> <span class='ocrx_word' id='word_1_278' title='bbox 409 1726 469 1751; x_wconf 75' lang='lat' dir='ltr'><strong>Ord.</strong></span> <span class='ocrx_word' id='word_1_279' title='bbox 486 1727 559 1757; x_wconf 59' lang='lat' dir='ltr'><strong>Min„</strong></span> <span class='ocrx_word' id='word_1_280' title='bbox 577 1732 635 1757; x_wconf 81' lang='lat' dir='ltr'><strong>pag.</strong></span> <span class='ocrx_word' id='word_1_281' title='bbox 651 1726 692 1755; x_wconf 80' lang='lat'><strong>76,</strong></span> <span class='ocrx_word' id='word_1_282' title='bbox 706 1723 754 1749; x_wconf 87' lang='lat' dir='ltr'><strong>col.</strong></span> <span class='ocrx_word' id='word_1_283' title='bbox 770 1725 793 1748; x_wconf 78' lang='lat'><strong>2.</strong></span> <span class='ocrx_word' id='word_1_284' title='bbox 805 1736 832 1740; x_wconf 82' lang='lat'><strong>—</strong></span> <span class='ocrx_word' id='word_1_285' title='bbox 851 1725 859 1737; x_wconf 83' lang='lat'>²</span> <span class='ocrx_word' id='word_1_286' title='bbox 875 1723 930 1748; x_wconf 85' lang='lat' dir='ltr'><strong>Lib.</strong></span> <span class='ocrx_word' id='word_1_287' title='bbox 948 1723 965 1754; x_wconf 78' lang='grc' dir='ltr'><strong>Ι,</strong></span> <span class='ocrx_word' id='word_1_288' title='bbox 982 1729 1039 1753; x_wconf 82' lang='lat' dir='ltr'><strong>cap.</strong></span> <span class='ocrx_word' id='word_1_289' title='bbox 1056 1727 1108 1746; x_wconf 71' lang='lat' dir='ltr'><strong>xxv</strong></span> <span class='ocrx_word' id='word_1_290' title='bbox 1123 1722 1149 1745; x_wconf 87' lang='lat' dir='ltr'><strong>et</strong></span> <span class='ocrx_word' id='word_1_291' title='bbox 1162 1720 1220 1751; x_wconf 71' lang='lat' dir='ltr'><strong>ult..</strong></span> <span class='ocrx_word' id='word_1_292' title='bbox 1235 1725 1294 1751; x_wconf 80' lang='lat' dir='ltr'><strong>pag.</strong></span> <span class='ocrx_word' id='word_1_293' title='bbox 1311 1718 1366 1749; x_wconf 79' lang='lat'><strong>115,</strong></span> <span class='ocrx_word' id='word_1_294' title='bbox 1387 1716 1448 1741; x_wconf 84' lang='lat' dir='ltr'><strong>edit.</strong></span> <span class='ocrx_word' id='word_1_295' title='bbox 1462 1716 1602 1740; x_wconf 83' lang='lat' dir='ltr'><strong>Bassauen.</strong></span> <span class='ocrx_word' id='word_1_296' title='bbox 1622 1712 1645 1737; x_wconf 83' lang='lat' dir='ltr'><strong>J.</strong></span> <span class='ocrx_word' id='word_1_297' title='bbox 1661 1712 1718 1736; x_wconf 80' lang='lat' dir='ltr'><strong>Ant.</strong></span> <span class='ocrx_word' id='word_1_298' title='bbox 1734 1711 1784 1735; x_wconf 82' lang='lat' dir='ltr'><strong>Re-</strong></span> 
     </span>
     <span class='ocr_line' id='line_1_27' title="bbox 165 1761 845 1795; baseline -0.006 -7"><span class='ocrx_word' id='word_1_299' title='bbox 165 1763 295 1795; x_wconf 86' lang='lat' dir='ltr'><strong>mondini,</strong></span> <span class='ocrx_word' id='word_1_300' title='bbox 315 1764 385 1795; x_wconf 75' lang='lat'><strong>1730,</strong></span> <span class='ocrx_word' id='word_1_301' title='bbox 399 1763 481 1788; x_wconf 85' lang='lat' dir='ltr'><strong>in-16.</strong></span> <span class='ocrx_word' id='word_1_302' title='bbox 499 1776 529 1781; x_wconf 87' lang='lat'><em>-</em></span> <span class='ocrx_word' id='word_1_303' title='bbox 543 1762 553 1779; x_wconf 74' lang='lat'>³</span> <span class='ocrx_word' id='word_1_304' title='bbox 567 1762 641 1787; x_wconf 88' lang='lat' dir='ltr'><strong>Tom.</strong></span> <span class='ocrx_word' id='word_1_305' title='bbox 658 1761 700 1792; x_wconf 69' lang='lat' dir='ltr'><strong>xl,</strong></span> <span class='ocrx_word' id='word_1_306' title='bbox 716 1767 775 1792; x_wconf 83' lang='lat' dir='ltr'><strong>pag.</strong></span> <span class='ocrx_word' id='word_1_307' title='bbox 791 1761 845 1785; x_wconf 71' lang='grc' dir='ltr'><strong>ΞΠ.</strong></span> 
     </span>
    </p>
   </div>
  </div>
 </body>
</html>
