2029 3052
672 219 828 253 CONTRA
849 216 1084 250 MAGISTRUM
1107 216 1355 250 GUlLELMUM.

208 289 339 322 Ordines
345 290 506 330 potremos
512 297 569 330 per
577 288 749 321 Summum
756 287 945 319 Pontificem
954 287 985 317 et

207 343 377 383 Prae1atos3
389 344 428 376 ad
443 353 516 385 quae
526 343 553 376 si
563 343 635 384 quis
648 343 730 375 dicat
740 342 779 382 (a)
791 350 844 373 eos
859 341 983 378 missos,

208 398 373 430 manifeste
389 398 498 430 obviat
520 397 666 436 veritati,
683 405 758 428 cum
779 404 932 436 expressa
947 393 986 425 ad

207 452 268 483 hoc
290 451 471 484 testimonia
490 451 688 490 habeantur,
703 454 771 482 tam
793 450 828 481 in
848 448 984 489 Regula,

207 515 306 546 quam
318 506 351 537 in
366 505 551 546 privilegio,
562 508 593 537 et
604 504 813 542 institutione,
830 505 860 534 et
875 511 987 543 appro-

207 559 337 591 batione
351 560 450 600 hujus
464 559 600 600 duplicis
615 559 752 590 Ordinis.
771 558 804 590 Si
819 559 927 589 autem
939 557 986 588 di-

208 614 259 644 cat
278 622 345 644 non
368 613 482 644 dehere
503 613 603 652 mitti,
629 612 766 644 detrahit
788 610 985 651 evangelicae

209 667 378 698 sanctitati.
398 666 476 705 Quis
492 667 578 698 enim
591 666 697 707 magis
710 666 844 697 idoneus
857 665 897 696 ad
912 665 984 703 hoc,

209 730 308 762 quam
331 721 387 761 qui
415 721 544 753 devovit
572 720 791 760 evangelicam
817 718 986 759 perfectio-

209 775 306 806 nem?
321 773 355 806 Si
369 774 440 815 quis
459 774 542 806 dicat
562 783 616 806 eos
630 783 649 805 a
663 774 750 814 Papa
768 775 800 805 et
823 772 987 813 Episcopis

210 836 274 858 non
286 836 376 868 posse
392 827 495 867 mitti,
512 828 647 868 derogat
667 827 856 868 Apostolicae
876 828 986 857 aucto-

210 881 295 913 ritati
305 905 315 921 ,
333 885 364 913 et
386 883 532 922 potestati
553 882 692 914 clavium
715 882 748 912 in
770 880 911 912 Praelatis
924 903 931 917 ,
956 881 988 911 et

210 935 401 976 plenitudini
428 936 591 976 potestatis
609 936 643 966 in
662 935 797 968 Summo
821 934 987 973 Pontifice,

210 989 267 1029 qui
281 989 315 1019 in
329 989 421 1021 terris
438 990 484 1030 (ut
502 989 665 1030 Scriptura
680 989 805 1026 asserit,
821 989 899 1020 fides
914 997 986 1019 sen-

211 1043 259 1082 tit,
271 1044 348 1083 Jura
361 1045 528 1083 testantur,
543 1044 682 1075 rationes
702 1043 800 1075 etiam
814 1043 986 1081 irrefraga-

210 1096 290 1128 biles
304 1098 515 1138 convincunt)
533 1100 628 1138 caput
646 1107 749 1128 unum
763 1098 794 1128 et
809 1105 986 1135 summum,

211 1152 241 1181 et
262 1159 399 1190 sponsus
419 1151 548 1191 unicus,
565 1153 596 1182 et
610 1151 779 1182 hierarcha
793 1150 985 1191 praecipuuS‚

210 1203 244 1234 in
259 1213 324 1244 quo
339 1204 435 1235 etiam
450 1206 535 1236 totus
549 1204 696 1236 Ecclesiae
708 1205 874 1236 militantis
888 1207 989 1236 status

210 1258 331 1289 obtinet
354 1259 460 1290 locum
476 1258 610 1290 Cnmsn.
629 1258 701 1290 [deo
716 1268 811 1290 omne
829 1268 918 1298 genu
932 1259 987 1290 de-

210 1312 262 1344 bet
274 1312 303 1343 ei
318 1313 457 1352 curvari,
476 1315 507 1344 et
521 1313 706 1353 Principum
721 1315 752 1343 et
763 1312 987 1351 Praelatorum,

210 1368 240 1398 et
255 1366 468 1407 Clericorum,
491 1369 522 1398 et
544 1367 732 1406 Laicorum‚
755 1369 786 1398 et
809 1366 989 1406 1101151050-

210 1430 283 1452 rum
303 1421 338 1451 in
360 1421 474 1460 terris,
500 1421 539 1452 ad
560 1421 660 1452 instar
682 1421 806 1452 Cfflusri
834 1421 868 1451 in
890 1421 987 1459 coelis,

211 1475 263 1505 cui
286 1479 293 1494 ¹
316 1483 405 1507 omne
420 1483 502 1515 qenu
519 1475 660 1515 flectitur
672 1475 856 1513 coelestium,
874 1477 988 1507 terres-

211 1529 311 1561 trt‘um
326 1531 355 1561 et
374 1529 588 1568 infernorum.
615 1528 705 1566 Quod
728 1529 910 1560 mendicare
932 1537 989 1568 pro

211 1581 344 1614 Cflmsro
370 1583 410 1613 sit
430 1592 510 1623 opus
541 1582 742 1623 perfectionis
767 1582 988 1622 evangelicae,

212 1636 381 1677 multiplex
395 1637 511 1668 astruit
525 1637 707 1668 auctoritas.
732 1635 813 1667 Nam
836 1636 991 1676 Hierony-

211 1700 294 1728 mus⁷
312 1691 347 1722 in
362 1690 502 1731 Epistola
511 1690 549 1723 de
560 1693 657 1723 morte
667 1690 821 1729 Fabiola»,
832 1699 991 1721 commen-

212 1745 290 1775 dans
305 1745 344 1776 de
364 1745 437 1782 hoc,
463 1744 538 1775 dicit
562 1745 627 1775 sic²
641 1755 647 1775 z
670 1756 683 1773 «
699 1744 803 1776 Oblita
817 1744 866 1775 sui
881 1753 989 1783 sexus,

211 1799 393 1838 fragilitatis
407 1799 593 1837 immemor,
620 1808 656 1829 ac
670 1798 850 1829 solitudinis
864 1800 991 1829 tantum

212 1852 338 1892 cupida,
355 1852 399 1883 ibi
414 1854 492 1890 erat,
508 1853 563 1883 ubi
579 1853 687 1883 animo
706 1853 901 1883 morabatur.
919 1851 991 1883 Non

213 1908 335 1946 poterat
358 1906 459 1936 teneri
484 1906 622 1937 consiliis
638 1906 826 1944 amicorum,
845 1908 876 1936 et
892 1906 936 1936 ita
951 1915 991 1936 ex

213 1960 304 1999 urbe⁷
322 1960 415 2000 quasi
430 1960 468 1991 de
482 1960 627 1998 vinculis,
641 1960 797 1999 gestiebat
808 1968 988 2000 erumpere.

212 2013 484 2054 Dispensationem
508 2013 671 2054 pecuniae,
689 2015 720 2044 et
734 2016 860 2044 cautam
885 2013 993 2044 distri-

212 2068 389 2107 butionem,
411 2077 516 2108 genus
538 2067 733 2099 infidelitatis
758 2067 902 2099 vocabat.
922 2067 993 2098 Non

214 2121 285 2152 aliis
301 2122 555 2153 distributionem
575 2122 852 2162 eleemosynarum
868 2121 991 2152 tribue-

215 2184 260 2214 re,
277 2175 331 2206 sed
345 2177 411 2207 suis
425 2176 543 2216 pariter
557 2176 677 2215 effusis,
694 2176 761 2216 ipsa
782 2185 840 2216 pro
861 2175 993 2208 Cmusro

215 2229 312 2269 stipes
326 2229 456 2269 optabat
470 2230 623 2270 accipere.
639 2241 653 2259 »

256 2282 335 2313 Item
351 2282 585 2324 Hieronymus,
607 2284 652 2316 act
672 2284 854 2316 Fui-ww.-
874 2295 888 2313 «
908 2284 994 2322 Quo-

216 2336 415 2377 tiescumque
430 2346 563 2368 manum
578 2338 731 2376 extendis,
755 2338 918 2369 Christum
941 2347 994 2369 co-

218 2390 297 2430 gita,
314 2400 390 2422 cave
405 2400 461 2429 ne,
485 2391 682 2422 mendicante
701 2391 832 2422 Domino
848 2391 910 2423 Deo
925 2394 992 2430 tuo,

218 2444 338 2475 alienas
354 2454 429 2485 opes
443 2454 575 2484 augeas.
588 2456 601 2473 »
615 2444 712 2483 Idem,
730 2453 826 2484 super
840 2445 993 2484 Psatmos,

217 2501 354 2530 tractans
377 2499 456 2530 illud
474 2499 610 2530 verbum
629 2510 636 2529 ε
654 2499 840 2531 Persecutlts
870 2503 916 2532 est
941 2501 995 2532 110·

218 2554 336 2585 minem
346 2554 475 2593 inopem
492 2556 521 2585 et
535 2552 727 2591 mendicum,
744 2553 818 2584 dicit
832 2554 894 2585 sic:
911 2554 995 2592 «Qui

253 2617 257 2630 ¹
272 2616 378 2647 Philip„
394 2623 422 2647 11,
437 2618 473 2641 10.
485 2630 515 2634 —-
530 2617 538 2630 ²
553 2616 668 2645 Hieron„
682 2615 716 2639 αιί
730 2615 828 2645 Οεσιιη.,
844 2616 917 2646 epist.
932 2623 994 2650 xx‘r,

221 2652 270 2676 col.
283 2659 318 2675 m.
335 2654 390 2676 257.
401 2666 430 2670 —
444 2653 454 2669 ³
468 2653 515 2683 ld„
531 2652 564 2676 ud
575 2653 692 2682 Furiam,
710 2652 783 2682 epist.
800 2658 825 2682 x,
840 2652 888 2676 col.
904 2660 939 2676 111.
956 2656 994 2680 94.

222 2700 248 2704 —
264 2687 273 2703 δ
287 2688 356 2712 Pral.
371 2694 443 2719 cvm,
459 2690 497 2713 Π.
511 2702 541 2707 --
557 2690 565 2703 ⁵
579 2689 647 2712 Psal.
663 2693 740 2717 cxw,
754 2689 776 2711 7.
788 2701 819 2705 —
830 2688 838 2701 ⁶
854 2688 996 2721 Chrysost„

222 2723 247 2747 in
263 2724 363 2755 Mattlz„
378 2724 448 2749 hom.
464 2731 499 2756 1v,
514 2732 541 2749 n.
560 2727 596 2749 11.
613 2738 642 2743 -
660 2724 668 2740 7
686 2724 754 2749 Psal.
775 2729 894 2756 mmm,
909 2727 946 2750 11.
965 2739 996 2744 -

1761 221 1820 251 399

1039 294 1114 316 cum
1137 287 1219 317 esset
1241 285 1341 325 dives,
1363 286 1492 326 propter
1505 294 1565 318 nos
1581 295 1705 326 egenus
1719 286 1820 318 sactus

1039 340 1097 369 est.
1108 338 1401 380 Dominusinopem
1416 348 1449 371 se
1464 339 1550 378 dicit,
1567 342 1598 371 et
1614 340 1816 378 mendicum;

1039 393 1071 423 et
1093 392 1166 433 quis
1188 393 1221 423 in
1246 392 1364 424 divitiis
1387 393 1453 424 suis
1483 393 1667 432 gloriatur?
1690 393 1820 424 Habetis

1039 446 1300 484 consolationem,
1314 456 1480 488 paupere5‚
1495 449 1526 478 et
1542 446 1695 478 Dominus
1711 447 1820 479 vobis-

1040 508 1115 531 cum
1138 509 1259 541 pauper
1276 503 1334 532 est.
1352 512 1366 530 »
1385 501 1471 532 Idem
1491 511 1587 542 super
1612 501 1776 532 Psalmum
1798 503 1820 539 ⁵,

1043 554 1105 590 Qui
1120 553 1177 587 dat
1192 562 1294 587 escam
1315 555 1540 595 esurientibus,
1557 556 1634 587 dicit
1650 566 1657 587 ε
1678 567 1692 585 a
1711 555 1822 587 Mona-

1041 608 1122 639 chus
1142 608 1199 649 qui
1219 618 1285 640 non
1309 609 1422 648 habet,
1450 610 1645 641 confidenter
1667 609 1819 650 accipiat3

1043 661 1099 701 qui
1109 661 1242 694 habetet
1250 664 1397 694 eructans
1405 664 1462 702 est,
1472 672 1539 694 non
1549 663 1690 704 accipiat.
1704 663 1771 695 Scis
1784 663 1820 704 (b)

1042 716 1117 756 quia
1125 717 1238 756 esuriS,
1250 718 1311 748 scis
1325 716 1362 758 (b)
1377 717 1451 757 quia
1461 726 1527 748 non
1536 717 1646 756 habeS,
1664 727 1824 758 magnum

1042 771 1089 801 est
1114 770 1304 802 beneficium
1316 795 1325 810 ,
1355 771 1382 801 si
1410 771 1527 811 accipis
1556 771 1641 811 quod
1671 772 1825 803 tribuitur

1042 827 1110 865 tibi3
1128 825 1156 856 si
1171 828 1279 857 autem
1294 825 1393 857 habes
1403 827 1434 856 et
1448 835 1512 857 non
1522 826 1634 865 esuris,
1647 835 1713 857 non
1728 827 1824 858 debes

1042 882 1151 912 cibum
1175 880 1385 912 esurientium
1406 880 1549 920 accipere
1571 882 1745 912 saturatus.
1761 881 1824 913 Ac-

1043 935 1111 975 cipe
1135 934 1221 975 quod
1242 934 1277 965 in
1297 936 1443 965 ventrem
1465 934 1590 973 mittas,
1608 943 1674 966 non
1690 935 1775 975 quod
1792 936 1827 966 in

1042 989 1204 1020 sacculum
1221 999 1228 1018 :
1246 988 1351 1028 accipe
1373 988 1514 1019 tunicam
1537 997 1612 1028 quae
1637 998 1753 1029 corpus
1779 991 1826 1020 te-

1045 1046 1112 1083 gat,
1128 1052 1194 1074 non
1209 1051 1283 1083 quae
1297 1051 1386 1073 arcas
1402 1041 1545 1083 impleat.
1565 1053 1580 1071 n

1086 1097 1165 1128 item
1179 1096 1240 1127 hoc
1254 1096 1361 1136 ipsum
1375 1096 1488 1127 astruit
1502 1095 1757 1136 Chrysostomus,
1774 1096 1827 1128 lo-

1044 1159 1146 1191 quens
1161 1150 1200 1181 de
1215 1150 1318 1181 tribus
1341 1150 1448 1190 pueris
1470 1150 1683 1181 existentibus
1703 1150 1738 1181 in
1762 1150 1826 1181 Ba-

1043 1204 1161 1245 bylone
1176 1204 1186 1221 ⁶
1203 1215 1209 1235 :
1231 1215 1246 1233 «
1263 1203 1309 1235 Ne
1323 1204 1411 1235 enim
1437 1204 1516 1234 mihi
1542 1213 1607 1242 eos,
1625 1213 1705 1244 quos
1728 1205 1761 1235 in
1776 1214 1826 1236 re-

1044 1258 1171 1297 galibus
1204 1257 1294 1288 atriis
1317 1257 1513 1288 invenerunt
1543 1257 1702 1297 honores,
1729 1258 1824 1289 dicas.

1045 1311 1152 1343 Sancti
1162 1312 1247 1343 enim
1259 1311 1430 1343 existentes
1443 1314 1474 1342 et
1486 1312 1577 1352 justi,
1595 1312 1699 1343 decies
1713 1312 1827 1344 millies

1045 1366 1158 1406 utique
1184 1366 1356 1405 elegissent
1379 1365 1560 1396 mendIcare
1592 1365 1696 1404 domi,
1724 1369 1754 1397 et
1781 1366 1827 1397 eis

1047 1429 1120 1460 quae
1132 1420 1164 1450 in
1174 1419 1294 1460 templo
1305 1421 1397 1450 erant
1406 1419 1499 1450 bonis
1511 1419 1617 1459 potiri.
1629 1420 1719 1460 Eleqz'
1726 1420 1826 1458 enim,

1045 1474 1089 1505 ait
1103 1474 1124 1512 ⁷,
1142 1474 1282 1514 abjectus
1295 1482 1359 1506 esse
1371 1475 1406 1506 in
1422 1473 1513 1506 domo
1528 1474 1600 1512 Det,
1614 1475 1717 1514 maqts
1730 1483 1827 1514 quam

1045 1528 1187 1560 habitare
1203 1529 1240 1560 in
1255 1528 1467 1560 tabernaculis
1479 1531 1693 1568 peccatorwn.
1709 1540 1722 1557 ι)
1739 1528 1826 1560 idem

1046 1582 1123 1614 alibi
1140 1582 1214 1613 dicit
1231 1584 1241 1601 ³
1264 1593 1270 1613 :
1299 1593 1314 1610 «
1338 1582 1470 1619 Quando
1491 1582 1611 1613 videris
1634 1592 1825 1622 pauperem,

1045 1636 1214 1668 recordare
1235 1636 1411 1668 verborum
1434 1646 1491 1676 per
1514 1646 1587 1676 quae
1611 1636 1826 1676 significabat,

1047 1690 1202 1730 quoniam
1224 1691 1290 1730 ipse
1311 1690 1350 1721 sit
1371 1690 1428 1730 qui
1450 1690 1586 1721 cibatur.
1605 1690 1671 1721 Etsi
1693 1692 1829 1722 enimin

1047 1754 1084 1776 eo
1109 1744 1195 1784 quod
1216 1746 1347 1784 apparet
1370 1753 1435 1775 non
1457 1747 1504 1775 est
1530 1744 1689 1784 Christus,
1714 1745 1769 1776 sed
1793 1746 1827 1776 in

1047 1798 1109 1829 hoc
1124 1798 1283 1829 schemate
1298 1799 1366 1838 ipse
1388 1798 1510 1838 accipit,
1531 1800 1561 1828 et
1575 1799 1745 1830 mendicat.
1765 1799 1826 1830 Sed

1048 1852 1274 1884 verecundaris
1305 1852 1438 1882 audiens
1450 1876 1458 1890 ,
1487 1852 1639 1892 quoniam
1669 1853 1828 1884 mendicat

1049 1906 1204 1937 Christus.
1220 1905 1453 1944 Verecundare,
1466 1915 1539 1936 cum
1555 1906 1750 1937 mendicanti
1763 1916 1829 1938 non

1049 1960 1115 1991 das.
1132 1959 1198 1991 Hoc
1221 1959 1307 1990 enim
1326 1961 1373 1990 est
1395 1959 1599 1998 verecundia,
1621 1960 1682 1990 hoc
1705 1961 1827 2001 suppli-

1049 2015 1135 2046 cium
1155 2016 1186 2045 et
1203 2015 1410 2044 tormentum.
1434 2013 1613 2045 Mendicare
1633 2014 1720 2045 enim
1740 2024 1828 2054 eum,

1049 2072 1119 2111 ejus
1133 2070 1287 2101 bonitatis
1304 2071 1350 2100 est
1372 2069 1514 2109 signum,
1533 2072 1563 2100 et
1587 2070 1657 2101 ideo
1673 2070 1706 2101 111
1720 2080 1758 2102 eo
1772 2081 1830 2103 nos

1050 2126 1158 2157 ornari
1174 2126 1309 2165 oportet.
1325 2135 1339 2152 n

1091 2179 1170 2210 Item
1178 2178 1253 2209 dicit
1267 2179 1277 2195 ⁹
1295 2189 1301 2208 :
1323 2190 1337 2207 «
1352 2177 1465 2209 Melius
1479 2180 1525 2209 est
1541 2179 1720 2211 mendicare
1730 2190 1828 2221 quam

1051 2242 1184 2273 rapere:
1210 2232 1271 2262 hoc
1294 2231 1436 2272 quidem,
1454 2232 1571 2263 scilicet
1585 2233 1778 2273 mendicare,
1795 2236 1828 2266 in

1050 2286 1139 2318 nullo
1164 2286 1296 2317 offendit
1322 2285 1437 2324 Deum;
1463 2286 1542 2317 illud
1568 2290 1675 2318 autem
1698 2288 1830 2320 offendit

1051 2340 1151 2371 Deum
1175 2342 1206 2370 et
1233 2339 1391 2370 homines.
1417 2350 1432 2368 ›)
1462 2339 1519 2370 IIis
1543 2340 1639 2371 etiam
1663 2342 1829 2374 manifeste

1052 2394 1222 2425 concordat
1236 2392 1417 2424 Bernardus
1432 2393 1464 2424 in
1479 2393 1612 2424 homilia
1633 2404 1729 2435 super
1749 2396 1828 2428 illud

1051 2448 1146 2479 Lucae
1161 2449 1182 2467 ¹⁰
1196 2457 1202 2477 :
1220 2459 1234 2477 α
1247 2447 1324 2479 Cum
1339 2450 1419 2479 esset
1434 2447 1525 2479 Jesus
1540 2456 1699 2480 (annorum
1713 2449 1830 2483 duode-

1052 2502 1126 2539 cim,
1144 2510 1291 2541 quaerens
1307 2501 1361 2531 ubi
1377 2501 1517 2532 Christus
1532 2501 1591 2532 suit
1603 2502 1636 2532 in
1650 2503 1765 2542 triduo,
1784 2505 1829 2535 di-

1052 2556 1094 2587 cit
1109 2556 1152 2586 sic
1168 2559 1189 2575 ¹¹
1207 2565 1215 2587 :
1231 2567 1245 2585 c(
1256 2555 1316 2586 Per
1330 2555 1408 2586 illud
1424 2555 1567 2586 triduum
1582 2556 1636 2587 ubi
1652 2566 1733 2596 eras,
1745 2559 1828 2591 bone

1052 2615 1063 2632 ⁸
1084 2615 1226 2646 chrysost.⁷
1251 2614 1276 2637 in
1296 2613 1399 2642 Mami.y
1418 2613 1487 2637 hom.
1510 2620 1643 2645 Lxxxvni,
1664 2616 1696 2640 al.
1717 2623 1828 2650 Lxxmx,

1052 2659 1078 2675 n.
1099 2653 1122 2675 3.
1139 2665 1170 2669 —
1184 2651 1194 2668 ⁹
1215 2651 1262 2681 ld„
1280 2650 1351 2674 hom.
1374 2655 1450 2680 Lux,
1465 2650 1497 2673 al.
1513 2656 1578 2681 Lxx,
1594 2658 1620 2676 n.
1639 2653 1661 2676 4.
1678 2667 1705 2670 —
1725 2654 1745 2670 ¹⁰
1760 2655 1828 2684 Luc„

1053 2693 1084 2718 11,
1097 2689 1137 2711 42.
1149 2700 1179 2705 —
1193 2687 1212 2704 ¹1
1229 2688 1315 2717 Rern„
1330 2686 1400 2710 hom.
1417 2686 1442 2709 in
1458 2686 1553 2718 Evanq.
1571 2687 1637 2716 Luc„
1654 2695 1681 2712 11.

1087 2728 1120 2759 (a)
1138 2727 1224 2759 Suppl.
1238 2733 1302 2751 non.
1316 2738 1346 2744 —
1363 2725 1396 2756 (b)
1408 2726 1464 2757 Lcy.
1481 2726 1516 2751 Si.
