2029 3052
151 1820 229 1839 Exem-

132 1850 174 1875 pia.

612 222 662 255 DE
684 221 719 254 B.
743 219 982 258 SEMPERQUE
1003 218 1110 252 vtRG.
1134 217 1276 250 MARIA.
1301 215 1434 249 SERMO
1456 215 1481 248 I.

241 297 344 328 omnia
370 295 554 333 speciosum,
579 300 613 320 ac
644 291 749 319 virtute
776 287 998 326 permaximum
1011 297 1019 323 ;

241 346 328 375 tantis
342 343 432 373 stellis
451 339 634 379 praefulgidis
648 339 690 366 est
705 337 884 366 adornatum
894 357 902 371 ,
918 338 949 363 ut
964 334 1020 363 soli

243 395 300 422 Deo
308 392 344 420 sit
357 392 444 419 notus
458 394 600 417 numerus
612 394 725 414 carum.
741 386 748 402 ¹
761 394 775 410 «
789 385 911 420 Magnus
927 382 1023 410 Domi-

240 448 296 468 nus
310 440 420 472 noster,
440 437 467 465 et
487 442 597 470 magna
617 433 708 461 virtus
731 432 804 468 ejus,
825 432 853 459 et
871 429 1022 467 sapientiae

241 487 304 523 ejus
318 493 380 514 non
394 486 436 513 est
456 489 608 511 numerus.
626 491 639 508 »
656 479 736 508 Unde
752 479 809 507 hoc
831 475 996 514 probatur²
1014 485 1020 503 :

244 544 258 561 «
277 532 332 568 Qui
345 533 482 560 numerat
498 528 719 558 multitudinem
731 526 896 559 stellarum,
913 526 941 552 et
955 531 1022 552 om-

241 581 329 609 nibus
344 579 385 608 eis
404 577 528 606 nomina
544 577 640 604 vocat.
666 585 680 601 n
704 573 829 602 Domina
851 575 951 601 autem
969 571 1024 598 fuit

242 628 350 656 coelum
371 626 602 657 firmamentum,
617 621 802 650 uniformiter
818 627 934 655 semper
955 626 1022 646 mo-

242 678 315 710 tum,
330 683 384 711 per
398 671 544 710 patientiae
558 670 741 702 firmantem,-
763 669 790 696 et
805 666 913 695 cretum
933 665 1024 693 stelli-

241 723 347 754 ferum,
362 729 416 757 per
431 719 566 748 omnium
583 717 734 745 donorum
750 717 777 743 et
796 714 958 750 gratiarum
975 712 1024 740 Dei

243 769 457 805 copiositatem.
480 765 559 794 Sicut
579 764 660 792 enim
684 762 792 791 coelum
813 769 875 789 non
896 762 939 788 est
960 759 1023 787 ullo

242 817 335 845 modo
350 823 504 853 porosum,
521 813 574 842 sed
587 812 732 845 solidum3
750 810 792 838 sic
807 809 856 837 Dei
871 810 960 837 Mater
975 807 1024 844 pia

242 864 326 892 nullo
341 863 434 892 modo
448 861 504 889 fuit
522 868 642 897 porosa,
658 859 708 887 vel
720 865 816 886 vacua
825 866 832 892 ;
849 856 902 884 sed
915 855 1023 890 solida,

243 911 314 948 quia
329 910 411 939 omni
431 909 524 945 gratia
537 907 592 936 suit
610 906 710 943 plena.
734 905 822 940 Cujus
838 901 1024 931 admirabilis

241 958 394 995 patientia,
413 959 444 985 et
460 955 592 984 soliditas
606 962 668 982 non
686 960 797 990 porosa
812 954 881 979 tunc
896 950 1024 978 maxime

243 1006 357 1040 claruit,
377 1004 499 1042 quando
514 1002 697 1040 praeduleem
717 1000 823 1028 Filium
838 1006 926 1026 suum
948 997 1025 1024 mori

244 1053 407 1090 conspexit.
424 1054 496 1080 Nam
515 1051 583 1078 licet
597 1049 628 1077 in
648 1056 684 1076 ea
705 1055 791 1084 aquae
810 1045 977 1079 inferiores,
992 1043 1025 1071 id

244 1103 302 1135 est,
323 1100 401 1127 vires
421 1098 580 1130 sensitivae,
601 1096 649 1124 vel
671 1094 844 1128 sensibiles,
866 1092 1024 1120 fortissime

243 1148 352 1176 fuerint
373 1153 524 1174 concussae
547 1143 641 1172 ventis
662 1143 694 1170 in
714 1141 760 1169 sui
782 1140 846 1169 Filii
869 1139 1023 1176 passione3

243 1195 410 1231 superiores
423 1196 522 1221 tamen
543 1200 560 1220 a
579 1199 633 1218 sua
653 1197 714 1218 non
733 1188 852 1216 fuerunt
871 1195 944 1223 paee
959 1194 1025 1222 per-

243 1244 342 1270 motae.
361 1243 394 1269 Et
408 1241 474 1268 licet
488 1239 601 1267 senuna
616 1236 712 1271 navis,
727 1236 758 1263 id
777 1236 830 1270 est,
846 1243 915 1273 pars
930 1233 1024 1261 sensi-

242 1290 311 1318 bilis
322 1310 331 1324 ,
359 1288 471 1325 repleta
496 1288 564 1314 tunc
592 1284 679 1312 suerit
706 1282 792 1319 aquis
821 1281 926 1316 maris3
955 1288 1025 1316 pars

245 1339 342 1365 tamen
361 1334 497 1371 superior
517 1332 602 1361 navis
623 1338 739 1367 semper
758 1329 853 1358 ventis
875 1327 1025 1364 prosperis

242 1383 403 1419 navigavit.
419 1381 501 1409 Unde
516 1380 580 1417 ipsa
594 1381 636 1407 est
650 1378 701 1406 illa
718 1379 812 1414 petra,
831 1383 919 1412 super
934 1382 1025 1411 quam

245 1430 352 1458 domus
367 1429 491 1457 fundata
508 1431 535 1455 et
556 1427 688 1461 firmata,
711 1433 803 1461 quam
826 1423 878 1451 etsi
900 1422 1025 1450 flumina

244 1477 384 1513 ventique
403 1475 585 1512 percutiant,
609 1476 708 1501 tamen
728 1472 803 1499 inter
824 1470 950 1498 flumina
974 1469 1025 1496 illa

243 1523 406 1552 immobilis
423 1523 601 1559 perseverat.
619 1522 629 1538 ³
645 1530 658 1546 «
678 1521 758 1547 Mons
775 1518 843 1546 Sion
864 1525 927 1545 non
941 1524 1024 1544 com-

244 1571 414 1599 movebitur
428 1570 458 1597 in
473 1571 624 1597 aeternum.
643 1577 657 1593 »
674 1566 754 1594 Unde
770 1565 796 1593 ei
811 1564 907 1600 potuit
926 1563 1023 1591 dicere

244 1618 373 1646 Christus
387 1617 463 1645 illud
483 1616 608 1644 Matthaei
625 1616 635 1632 ’ψ
652 1623 657 1641 ;
677 1624 690 1639 (ι
710 1615 804 1649 Super
818 1612 895 1639 hanc
910 1613 1025 1647 petram

244 1665 399 1694 aedifieabo
416 1664 576 1692 Ecclesiam
590 1670 689 1689 meam
706 1671 712 1689 ;
729 1671 742 1686 ))
757 1659 827 1696 quia
842 1660 873 1686 in
887 1658 1025 1694 passione

245 1713 406 1747 dominica,
422 1713 483 1740 tota
494 1710 647 1738 deficiente
663 1707 790 1736 Ecclesia
804 1705 1026 1743 primitivorum

244 1761 275 1788 in
290 1760 360 1795 fide,
377 1759 442 1786 sola
457 1757 581 1785 Domina
601 1757 701 1784 nostra
722 1754 809 1782 firma
828 1753 858 1780 in
877 1753 937 1780 fide
960 1760 1026 1788 per-

245 1808 366 1840 mansit,
389 1808 421 1834 ut
444 1809 536 1842 petra.
559 1804 622 1832 Fuit
647 1811 718 1838 ergo
738 1802 842 1830 similis
862 1800 1024 1835 adamanti,

246 1856 328 1891 cujus
347 1856 429 1882 tanta
452 1856 494 1881 est
514 1851 655 1880 fortitudo
683 1851 704 1885 ⁵,
732 1852 764 1878 ut
792 1849 936 1884 sanguine
960 1848 1025 1876 solo

244 1903 400 1938 rumpatur
420 1901 534 1928 hircino
556 1909 561 1927 :
588 1899 660 1935 quia
683 1898 789 1932 Maria,
813 1897 896 1932 regia
921 1896 1025 1931 Virgo,

244 1957 411 1985 nunquam,
428 1948 483 1975 nisi
498 1946 600 1976 Christi
615 1946 760 1981 sanguine
776 1946 907 1973 recenter
920 1944 1025 1979 effuso,

243 1997 340 2033 potuit
352 2004 413 2024 esse
430 1995 557 2028 turbata,
572 1993 642 2029 quia
653 1993 737 2020 nullo
747 1992 802 2020 fuit
817 1992 876 2020 alio
893 1994 1026 2028 tempore

243 2043 425 2080 perturbata.
442 2042 470 2070 Si
490 2041 579 2076 enim,
594 2041 678 2076 juxta
693 2039 944 2076 philosophorum
958 2047 1025 2066 sen-

243 2091 379 2125 tentiam,
410 2098 471 2118 non
495 2089 573 2117 cadit
598 2087 781 2124 perturbatio
806 2087 836 2114 in
862 2087 1026 2122 sapientem

243 2138 351 2172 virum,
367 2140 478 2174 quanto
494 2136 588 2171 magis
609 2135 733 2163 Domina
752 2134 887 2162 omnium
907 2133 1025 2169 sapien-

243 2186 354 2213 tissima
378 2192 533 2220 nunquam
562 2182 817 2219 perturbationem
852 2181 957 2208 mentis
984 2182 1026 2208 est

243 2233 351 2269 passa?
370 2233 501 2260 Seneca:
523 2242 535 2255 u
556 2233 619 2258 Non
635 2228 822 2265 perturbabit
845 2228 960 2255 bonum
982 2228 1025 2254 vi-

243 2288 321 2314 rum,
338 2279 486 2315 quidquid
498 2278 523 2306 ei
539 2278 678 2306 acciderit
691 2287 696 2304 :
710 2277 780 2304 sciet
795 2276 874 2303 enim
890 2275 1023 2303 accidere

242 2328 300 2354 hoc
315 2335 351 2354 ex
365 2326 430 2361 lege
443 2326 555 2360 divina,
572 2333 607 2352 ex
623 2333 683 2360 qua
699 2326 804 2352 cuncta
816 2323 1018 2359 dependent.»

242 2374 298 2402 Sed
313 2376 398 2408 nota,
420 2372 503 2408 quod
517 2372 574 2399 hoc
594 2372 716 2405 coelum,
740 2370 823 2406 quod
848 2370 959 2397 dictum
982 2371 1024 2396 est

242 2422 474 2453 firmamentum,
491 2419 579 2447 stellis
598 2421 639 2446 est
654 2417 816 2446 innumeris
831 2417 1022 2450 adornatum,

243 2469 313 2505 quia
328 2468 451 2495 Domina
467 2469 565 2494 nostra
577 2465 716 2493 omnibus
732 2465 840 2492 divinis
855 2464 955 2499 gratiis
969 2463 1022 2491 fuit

241 2516 377 2552 plena,in
386 2514 469 2542 nullo
479 2514 559 2541 dono
569 2513 659 2548 aliqui
675 2514 775 2540 sancto
789 2519 928 2539 concesso
944 2510 1023 2546 peni-

272 2603 278 2618 1
301 2601 366 2626 Psal.
383 2606 473 2630 chvi,
489 2601 512 2624 5.
533 2613 560 2616 —
579 2599 589 2614 2
610 2598 682 2628 iiiut,
699 2600 722 2622 4.
738 2611 768 2615 —-
783 2598 793 2613 3
808 2597 980 2627 Psal.cxx1v‚
999 2598 1021 2621 t.

242 2651 271 2656 —-
292 2638 300 2652 ⁴
324 2638 425 2666 Mansa,
449 2642 507 2666 xvi,
530 2637 567 2659 18.
589 2648 619 2652 —
643 2635 652 2651 ὃ
674 2635 791 2665 August,
816 2633 844 2656 cle
865 2632 940 2656 civit.
964 2632 1019 2661 Dei,

241 2674 285 2697 lib.
302 2674 369 2704 XM,
386 2680 408 2697 c.
426 2678 460 2702 tv,
477 2672 503 2695 iu
518 2672 608 2702 princ.;
632 2671 747 2699 Hieron,
761 2669 787 2692 in
802 2669 886 2697 Amos,
903 2675 959 2698 cap.
974 2672 1019 2697 vti,

242 2712 266 2734 et
278 2709 325 2733 alia
337 2709 415 2733 inulta
431 2709 491 2732 dicit
505 2708 535 2731 dc
549 2708 684 2731 :utatnmute
699 2708 806 2733 Seneca,
819 2705 917 2736 epistol.
931 2709 1021 2729 Lxxvt.

1798 215 1857 246 109

1075 288 1121 315 tus
1132 286 1279 314 diminuta
1294 295 1300 314 :
1318 285 1458 322 quianon
1468 282 1566 311 solum
1579 281 1635 310 fuit
1643 281 1744 318 plena,
1752 281 1805 310 sed
1811 289 1860 309 su-

1076 333 1233 370 perplena,·
1245 333 1320 361 sicut
1334 332 1404 360 dicit
1416 330 1572 359 Anselmus
1581 329 1601 357 θ.
1615 329 1696 357 Unde
1707 329 1784 357 hene
1798 328 1859 356 dic-

1077 384 1140 410 tum
1163 385 1205 410 est
1224 382 1255 409 in
1274 382 1402 409 themate
1421 389 1427 408 :
1449 380 1570 408 Numera
1594 378 1700 411 stellas,
1721 377 1746 404 si
1767 379 1858 411 pote83

1077 429 1162 465 quasi
1178 429 1256 456 dieat
1280 437 1286 456 :
1314 427 1444 456 Dominae
1458 428 1550 454 notrae
1571 423 1671 460 gratiae
1685 424 1753 451 sunt
1771 423 1860 450 innu-

1077 484 1176 511 merae,
1191 476 1247 504 soli
1265 478 1321 503 Deo
1337 477 1424 503 notae.
1442 473 1524 502 Unde
1538 473 1574 500 dc
1591 479 1626 500 ea
1640 471 1737 507 potest
1751 469 1861 506 exponi

1076 523 1153 551 illud
1169 524 1179 540 ⁷
1196 533 1202 551 :
1220 533 1233 549 α
1250 522 1327 551 Fecit
1343 524 1416 550 Deus
1432 521 1493 549 duo
1513 519 1672 548 luminaria
1693 525 1818 553 magna,
1835 518 1862 544 et

1077 571 1176 599 stellas
1191 580 1197 599 ε
1216 573 1243 598 et
1256 569 1355 606 posuit
1370 577 1419 597 eas
1434 569 1464 596 in
1475 569 1663 596 firmamento
1679 566 1756 594 coeli.
1773 576 1786 593 »
1800 567 1861 593 Duo

1078 626 1188 653 magna
1199 617 1373 651 luminaria,
1389 616 1484 651 magis
1500 615 1613 643 mundo
1629 614 1754 648 famosa,
1770 615 1798 641 et
1813 614 1863 641 Ec-

1078 665 1173 693 clesiae
1187 663 1396 697 illuminativa,
1419 670 1486 698 quae
1507 662 1625 690 suerunt
1639 661 1670 688 in
1685 660 1790 688 mundi
1807 661 1862 687 Re-

1080 713 1161 748 gina,
1176 712 1293 739 suerunt
1307 710 1461 746 virginitas
1480 709 1623 743 similiter,
1641 709 1669 736 et
1688 707 1839 735 humilitas
1853 716 1860 734 z

1079 768 1094 788 e
1110 759 1221 796 quibus
1236 758 1276 787 ad
1295 766 1362 785 eam
1378 756 1519 784 inclinata
1534 756 1577 783 est
1595 755 1697 782 divina
1717 753 1862 789 MajestaS,

1078 810 1110 835 ut
1125 815 1191 843 quae
1213 806 1243 833 in
1264 814 1294 833 se
1318 806 1380 833 erat
1400 803 1585 837 humillima,
1609 802 1692 829 fieret
1711 800 1863 828 sublimis-

1078 855 1164 889 sima,
1181 853 1321 881 omnibus
1336 851 1437 888 gratiis
1459 850 1507 878 tiei
1523 849 1622 886 plena.
1641 848 1721 876 Unde
1735 848 1801 884 ipsa
1821 850 1864 876 est

1079 903 1192 929 tantum
1207 901 1260 928 illa
1279 899 1449 932 benedicta,
1462 898 1499 925 de
1516 905 1576 933 qua
1589 896 1660 924 dicit
1676 895 1820 931 Propheta
1833 895 1860 922 ¹³:

1082 959 1095 975 «
1117 947 1309 982 Benedixisti,
1331 946 1470 980 Domine,
1492 946 1602 972 terram
1624 946 1704 971 tuam
1729 952 1735 970 :
1758 952 1771 970 »
1792 942 1863 978 quia

1079 996 1153 1024 sicut
1167 996 1197 1023 in
1212 997 1289 1022 terra
1301 994 1334 1022 fit
1347 1000 1520 1027 concursus,
1536 993 1564 1019 et
1579 989 1785 1027 multiplicatio
1801 997 1864 1017 om-

1079 1044 1163 1071 nium
1178 1043 1332 1071 radiorum
1348 1041 1525 1074 coelestium,
1547 1039 1588 1067 sic
1608 1039 1639 1066 in
1660 1038 1785 1066 Domina
1805 1045 1862 1066 no-

1079 1093 1138 1119 stra
1153 1090 1255 1118 omnia
1276 1089 1358 1117 dona
1376 1088 1478 1123 juncta
1497 1087 1565 1114 sunt
1588 1085 1760 1121 gratiarum.
1782 1084 1862 1112 Unde

1081 1138 1204 1166 docetur
1228 1138 1258 1164 in
1287 1136 1408 1164 scientia
1436 1134 1641 1171 perspectiva,
1669 1132 1752 1168 quod
1774 1139 1863 1160 omne

1081 1193 1189 1221 corpus
1220 1183 1412 1220 perspicuum
1446 1181 1631 1209 luminosum
1665 1180 1695 1207 in
1729 1179 1864 1215 quolibet

1079 1235 1191 1269 puncto
1209 1233 1254 1260 sui
1278 1232 1378 1267 dirigit
1405 1239 1496 1259 unam
1524 1230 1635 1257 lineam
1658 1228 1811 1256 radiosam
1832 1227 1863 1255 in

1081 1282 1227 1314 centrum,
1254 1281 1284 1307 nt
1308 1282 1350 1307 est
1375 1278 1417 1306 ibi
1444 1277 1620 1314 probatum3
1644 1275 1729 1312 quod
1751 1277 1864 1311 quanto

1081 1336 1142 1355 una
1161 1327 1239 1355 linea
1256 1326 1375 1354 alterius
1391 1328 1432 1353 est
1446 1325 1583 1358 vicinior,
1598 1325 1679 1352 tanto
1695 1324 1737 1350 est
1756 1324 1864 1358 poten-

1080 1375 1137 1402 tior
1157 1374 1196 1402 ad
1216 1382 1303 1401 suum
1324 1372 1463 1400 effectum
1486 1370 1722 1407 imprimendum
1741 1369 1773 1397 in
1796 1377 1865 1397 cen-

1080 1423 1168 1449 trum.
1184 1422 1295 1455 Quare,
1312 1428 1381 1447 eum
1399 1422 1476 1447 terra
1494 1418 1530 1445 sit
1552 1417 1617 1445 coeli
1639 1419 1787 1451 centrum,
1804 1416 1865 1443 sive

1080 1468 1225 1501 medium,
1235 1467 1304 1495 etsit
1315 1467 1388 1494 sicut
1402 1467 1556 1502 punctum,
1571 1466 1743 1500 comparata
1758 1463 1797 1491 ad
1810 1471 1866 1490 cce-

1080 1516 1159 1550 lum3
1185 1516 1265 1542 tanta
1285 1515 1319 1541 fit
1343 1514 1374 1541 in
1399 1521 1434 1541 ea
1462 1511 1668 1547 multiplicatio
1693 1510 1864 1545 radiorum,

1082 1562 1166 1599 quod
1187 1570 1255 1589 cum
1279 1561 1315 1588 sit
1334 1561 1514 1588 elementum
1532 1558 1675 1594 frigidum
1696 1559 1723 1585 et
1738 1557 1864 1592 siceum,

1082 1612 1109 1637 et
1124 1610 1164 1637 sic
1179 1607 1362 1644 generationi
1377 1615 1439 1635 non
1456 1608 1574 1642 aptum,
1591 1605 1624 1632 fit
1639 1607 1738 1632 tamen
1749 1611 1865 1631 summe

1081 1656 1271 1689 seecundum,
1291 1655 1396 1682 virtute
1413 1653 1575 1681 coelcstium
1594 1651 1759 1679 radiorum.
1778 1650 1823 1678 Sic
1838 1653 1866 1678 et

1081 1705 1113 1732 in
1129 1704 1178 1732 Dei
1198 1702 1290 1730 nostri
1310 1703 1398 1730 Matre
1420 1702 1517 1728 tantus
1537 1707 1698 1727 concursus
1717 1698 1810 1725 factus
1823 1699 1866 1725 est

1083 1752 1255 1787 gratiarum,
1271 1751 1302 1777 ut
1315 1757 1405 1785 supra
1417 1750 1554 1775 naturam
1569 1746 1646 1774 facta
1660 1746 1696 1773 sit
1706 1744 1864 1773 foecundis-

1081 1799 1166 1833 sima,
1183 1800 1211 1825 et
1226 1797 1274 1825 Dei
1289 1796 1377 1824 simul
1392 1798 1496 1829 mater,
1513 1797 1540 1822 et
1556 1794 1627 1821 tilia.

1118 1848 1261 1881 Quartum
1277 1844 1385 1872 coelum
1400 1844 1443 1870 est
1457 1849 1599 1878 aqueum,
1616 1840 1686 1876 quia
1705 1842 1747 1868 est
1759 1840 1865 1868 effectu

1083 1893 1320 1930 frigidissimum,
1336 1894 1363 1919 et
1378 1890 1485 1918 caloris
1500 1889 1608 1916 siderei
1624 1887 1863 1923 temperativum,

1083 1941 1247 1970 secundum
1273 1946 1394 1967 omnem
1420 1936 1586 1964 doctrinam
1614 1936 1798 1963 Sanctorum.
1829 1936 1865 1962 De

1081 1989 1139 2017 hoc
1161 1990 1260 2016 autem
1282 1986 1358 2014 coelo
1383 1984 1488 2012 dicitur
1509 1983 1539 2010 in
1562 1983 1673 2010 Daniele
1692 1981 1722 2009 iu
1746 1981 1865 2009 Cantico

1082 2036 1170 2064 trium
1185 2042 1348 2071 puerorum
1362 2033 1372 2049 ⁹
1390 2041 1396 2059 :
1416 2042 1428 2057 α
1448 2029 1623 2064 Benedicite,
1641 2037 1726 2065 aquae
1749 2037 1863 2064 omnes,

1083 2092 1148 2120 quae
1159 2090 1247 2118 super
1258 2081 1348 2109 coelos
1363 2082 1439 2113 sunt,
1452 2078 1585 2105 Domino.
1601 2087 1614 2103 »
1627 2079 1658 2104 Et
1672 2076 1804 2104 Psalmus
1817 2077 1838 2092 ¹0
1854 2085 1860 2103 z

1084 2140 1097 2156 «
1113 2133 1215 2165 Aqua),
1233 2137 1299 2164 qua}
1314 2134 1403 2162 super
1419 2126 1509 2153 coetos
1525 2126 1601 2158 sunt,
1621 2123 1743 2151 laudent
1754 2130 1864 2150 nomen

1082 2177 1207 2205 Domini.
1225 2186 1237 2201 1>
1255 2177 1314 2202 Hoc
1336 2174 1444 2201 coeluin
1469 2172 1593 2200 Domina
1616 2173 1717 2198 nostra
1738 2170 1793 2197 i'uit
1812 2177 1864 2204 pcr

1082 2223 1344 2251 eminentissimam
1365 2220 1536 2251 castitatem,
1557 2226 1619 2246 non
1638 2218 1736 2245 solum
1757 2216 1863 2250 carnis,

1080 2271 1133 2299 sed
1148 2272 1176 2298 et
1191 2269 1307 2302 mentis,
1323 2270 1350 2295 et
1365 2267 1501 2295 omnium
1515 2273 1655 2293 sensuum
1671 2264 1814 2300 corporis.
1833 2265 1864 2290 ln

1082 2322 1194 2347 tantuin
1209 2318 1318 2353 friguit,
1340 2318 1367 2344 et
1383 2315 1464 2343 calor
1480 2314 1577 2341 omnis
1592 2312 1700 2340 noxius
1716 2312 1746 2338 in
1762 2320 1796 2338 ea
1812 2319 1864 2338 ex-

1081 2367 1186 2394 tinctus
1200 2365 1264 2399 fuit,
1281 2363 1364 2400 quod
1378 2369 1534 2398 nunquam
1548 2360 1644 2388 ullum
1661 2360 1694 2395 (a)
1713 2358 1864 2386 carnalem

1081 2416 1195 2441 motum
1219 2411 1324 2440 mentis
1349 2410 1462 2443 habuit,
1486 2408 1534 2435 vel
1555 2408 1665 2440 carnis3
1692 2406 1753 2432 imo
1774 2414 1790 2433 a
1811 2413 1863 2432 ne-

1081 2462 1160 2488 mine
1177 2459 1345 2495 concupisci
1370 2457 1475 2494 potuit,
1500 2456 1571 2492 quia
1596 2455 1658 2489 ejus
1680 2454 1802 2481 intuitus
1825 2452 1865 2480 ita

1080 2509 1227 2536 virtuosus
1246 2508 1306 2534 erat
1319 2528 1327 2541 ‚
1351 2504 1434 2541 quod
1454 2504 1483 2530 in
1504 2502 1568 2530 aliis
1590 2500 1751 2528 libidinem
1770 2499 1863 2527 entin-

1078 2599 1107 2603 ——-
1123 2586 1132 2602 θ
1149 2585 1201 2608 imo
1220 2585 1306 2612 Rern.y
1327 2583 1351 2605 ιἰι
1373 2582 1489 2610 Assuras).
1510 2580 1541 2603 B.
1559 2578 1635 2608 Mar„
1652 2584 1733 2602 serm.
1754 2567 1826 2607 11,*n.
1839 2578 1862 2601 2.

1080 2635 1109 2639 --
1125 2621 1134 2637 ⁷
1154 2624 1225 2650 (nent,
1243 2626 1263 2649 1,
1282 2620 1320 2643 10.
1335 2631 1364 2635 —
1384 2616 1598 2646 ⁸1¹sal.1,xxx1v,
1616 2616 1638 2638 2.
1656 2627 1686 2631 —-
1703 2614 1710 2627 '³
1728 2613 1802 2643 Dan„
1821 2618 1861 2644 ιιι,

1080 2660 1118 2683 [jo.
1133 2671 1163 2675 —
1180 2658 1198 2673 ¹⁰
1214 2655 1282 2680 Psal.
1299 2660 1406 2684 chvui,
1426 2654 1448 2676 4.

1110 2704 1145 2735 (a)
1162 2702 1224 2726 Caet.
1241 2701 1300 2725 edit.
1318 2700 1396 2723 illum.
