2060 3052
550 203 601 237 DE
622 203 680 236 SS.
704 201 1002 236 EVANGELISTIS.
1027 202 1160 236 SERMO
1183 202 1223 235 11.
1658 208 1696 238 35

82 273 164 310 vide,
194 275 340 311 quantum
366 273 481 302 honum
505 271 542 300 sit
566 271 670 300 lumen
696 271 809 305 videre,
833 271 861 298 et

84 322 229 358 quantum
245 320 359 349 malum
374 327 435 348 esse
454 327 577 348 caecum.
595 320 668 347 Nam
687 318 711 346 si
730 317 860 346 hirundo

85 376 178 397 coecos
193 368 306 396 invenit
323 367 412 402 filios,
429 374 480 396 eos
496 366 569 394 dum
588 366 706 394 inutiles
722 372 784 394 esse
800 372 862 393 cer-

84 415 136 450 nit,
152 415 177 443 si
191 415 232 444 sic
245 414 313 443 caeci
327 413 554 451 permanserint,
569 412 694 441 herbam
709 412 823 449 quaerit,
835 413 863 440 ct

84 462 214 496 inventa,
229 469 280 490 eos
295 461 333 490 ad
346 461 444 490 lucem
457 460 582 489 reducit.
604 462 680 496 Ergo
702 459 862 488 eaeeitatem

85 509 191 537 mentis
204 509 297 537 homo
316 516 378 536 non
397 507 510 543 vitabit,
538 508 561 536 si
584 507 707 536 brutum
730 507 771 535 sic
790 506 864 541 fugit

86 555 243 584 caecitatem
276 555 396 584 carnis?
430 556 521 584 Tanto
555 556 599 583 est
629 554 714 591 pejor
750 553 863 582 eaecitas

85 602 202 637 mentis,
227 610 319 640 quam
338 602 482 639 corporis,
503 603 616 638 quanto
636 601 736 630 anima
756 609 864 638 corpus

86 649 202 678 excedit
217 658 224 677 :
240 652 267 678 et
281 649 371 685 longe
384 649 492 685 magis,
513 657 548 677 eo
564 648 648 685 quod
670 648 782 676 caecitas
803 655 865 676 car-

85 696 130 725 nis
143 704 198 725 nos
213 704 230 725 a
244 697 324 724 recta
341 695 391 724 via
412 703 473 724 non
494 695 635 730 excludit,
654 703 709 723 nec
730 694 864 731 impedit,

85 743 139 772 sed
157 743 256 780 potius
274 742 419 771 auxilium
434 742 544 771 tribuit.
561 742 619 771 Sed
633 741 746 770 caecitas
760 741 866 770 mentis

85 789 165 818 viam
180 789 345 826 praecludit‚
366 789 439 818 dum
459 790 564 825 homo,
584 797 644 826 qua
662 789 712 817 via
732 787 866 816 eundum

85 836 132 872 sit,
142 844 204 864 non
214 836 348 865 advertit.
364 836 445 865 Unde
457 837 562 865 orabat
573 836 719 872 Propheta
730 837 738 853 ¹
753 844 759 863 :
777 845 788 860 «
798 834 867 864 lllu-

86 883 168 912 mina
182 884 285 912 oculos
299 891 392 918 meos,
408 891 445 911 ne
465 891 600 920 unquam
627 882 818 911 obdormiam
836 881 867 909 in

86 932 198 965 morte;
216 938 253 958 ne
268 930 391 967 quando
412 930 491 958 dicat
513 930 651 958 inimicus
666 938 750 957 meus
767 938 774 957 ε
795 931 867 957 Prae-

87 977 169 1005 valui
182 977 325 1006 adversus
339 985 419 1005 eum.
433 987 445 1004 >³
461 977 549 1012 Quod
561 977 585 1005 si
599 985 660 1005 non
673 976 779 1011 credis,
797 975 869 1004 audi

90 1024 266 1060 prophetam
294 1018 440 1052 dicentem
465 1025 476 1041 ²
504 1033 511 1052 :
545 1034 559 1050 ι(
588 1025 719 1052 Lucerna
739 1023 868 1060 pedibus

89 1071 172 1099 meis.
188 1081 201 1097 »
220 1072 350 1099 Lucerna
364 1071 444 1099 enim
459 1073 502 1099 est
514 1079 568 1099 vas
582 1079 708 1106 aeneum,
725 1073 753 1099 et
768 1072 872 1099 rotun-

89 1118 163 1146 dum
184 1118 356 1153 formatum,
377 1118 446 1153 olei,
468 1118 568 1154 lychni
588 1121 616 1146 et
636 1118 712 1154 ignis
729 1117 872 1146 contenti-

89 1173 171 1193 vum.
193 1165 274 1193 Unde
290 1165 380 1193 etiam
394 1165 535 1193 Dominus
550 1165 639 1194 dicit³
655 1174 661 1192 :
680 1175 694 1191 «
708 1168 800 1194 Nemo
823 1173 871 1193 ac-

91 1212 190 1240 cendit
202 1212 366 1246 lucernam,
384 1214 412 1240 et
425 1213 510 1248 ponit
524 1221 590 1240 eam
608 1212 663 1240 sub
678 1212 800 1247 modi03
819 1212 872 1240 sed

90 1267 178 1296 super
192 1259 418 1294 candelabrum,
434 1261 466 1287 ut
479 1259 577 1287 luceat
591 1259 742 1294 omnibus,
768 1259 820 1295 qui
840 1259 871 1286 in

91 1306 182 1334 domo
191 1308 268 1334 sunt.
282 1316 295 1332 »
308 1306 390 1334 Unde
399 1306 534 1334 divinum
542 1306 668 1334 verbum
677 1305 871 1340 carbunculo,

42 1371 49 1376 -
90 1353 184 1389 lapidi
204 1353 346 1390 pretioso,
367 1356 409 1381 est
427 1353 624 1389 simillimum,
641 1362 677 1382 eo
692 1353 775 1390 quod
790 1355 872 1381 tene-

90 1400 212 1428 brarum
227 1400 447 1428 nocturnalium
460 1403 502 1428 est
515 1400 690 1436 fugativum.

126 1447 261 1475 Secundo
277 1447 412 1475 divinum
427 1448 552 1486 verbum
568 1449 610 1475 est
624 1447 745 1475 affectus
756 1447 873 1475 inflam-

93 1494 247 1522 mativum.
266 1494 322 1522 Sed
338 1494 488 1530 numquid
509 1494 566 1522 hoc
586 1502 694 1530 parum
716 1495 779 1522 est?
797 1494 874 1528 Quid

92 1541 171 1570 enim
191 1543 233 1569 est
253 1541 354 1569 anima
367 1549 430 1569 non
444 1541 650 1568 inflammata?
674 1541 755 1568 Certe
777 1541 874 1577 qualis

93 1590 136 1616 est
150 1587 241 1616 carbo
261 1588 331 1623 igne
344 1587 520 1624 expoliatus.
537 1589 613 1622 Ergo
628 1587 754 1615 verbum
773 1588 822 1615 Dei
833 1589 875 1615 est

93 1637 199 1663 attente
212 1635 410 1670 audiendum,
428 1643 497 1663 cum
511 1634 547 1662 sit
569 1634 689 1662 affectus
711 1634 816 1662 animae
829 1635 874 1662 in-

93 1682 255 1710 censivum.
278 1683 351 1710 Nam
371 1682 477 1710 dicitur
501 1682 538 1710 de
557 1682 639 1709 Helia
659 1682 679 1716 ⁶,
705 1682 789 1717 quod
815 1690 876 1709 sur-

92 1730 167 1758 rexit
189 1729 264 1757 sicut
285 1730 371 1765 ignis,
398 1731 426 1757 et
444 1729 572 1757 verbum
595 1729 658 1765 ejus
683 1729 757 1757 sicut
779 1729 876 1757 facula

94 1777 228 1805 ardebat.
245 1777 316 1804 Miro
336 1777 429 1805 modo
452 1777 579 1804 verbum
603 1776 738 1804 divinum
762 1776 876 1804 inflam-

92 1827 164 1858 mat,
179 1832 241 1852 non
254 1824 352 1852 solum
368 1823 550 1858 audientem,
576 1823 630 1851 sed
648 1823 736 1851 etiam
752 1823 877 1860 loquen-

93 1873 162 1899 tem.
184 1871 266 1898 Unde
292 1870 397 1898 dicitur
410 1871 419 1887 ⁵
441 1879 446 1898 :
465 1879 480 1896 ε(
494 1871 597 1898 Factus
621 1872 663 1897 est
682 1870 755 1898 mihi
777 1879 875 1899 sermo

94 1917 211 1945 Domini
226 1917 256 1944 in
272 1917 480 1953 opprobrium,
501 1919 529 1944 et
549 1917 579 1944 in
596 1916 728 1944 derisum
741 1919 802 1945 tota
817 1918 875 1952 die,

95 1966 123 1992 et
143 1964 204 1992 dixi
229 1974 235 1990 :
263 1965 328 1992 Non
355 1963 539 1992 recordabor
560 1964 632 1999 ejus,
650 1971 748 2000 neque
770 1964 877 2000 loquar

94 2011 170 2039 ultra
187 2011 218 2038 in
236 2010 357 2039 nomine
378 2011 482 2047 ipsius.
503 2013 536 2038 Et
555 2011 666 2038 factum
688 2013 730 2039 est
750 2012 876 2039 verbum

94 2058 211 2086 Domini
225 2058 258 2086 in
271 2066 321 2086 ore
337 2066 406 2085 meo
421 2057 506 2094 quasi
520 2057 597 2093 ignis
607 2059 743 2091 aestuans,
754 2060 782 2086 et
792 2058 877 2093 quasi

95 2104 212 2133 clausus
235 2105 266 2133 in
285 2105 402 2133 ossibus
421 2105 496 2132 meis
513 2113 519 2132 z
546 2107 574 2132 et
595 2104 698 2139 defeci,
721 2104 796 2132 ferre
814 2113 876 2132 non

97 2152 252 2180 sustinens.
275 2162 288 2179 ν)
311 2152 356 2180 Ad
379 2152 506 2179 litteram
531 2151 620 2186 enim,
646 2154 766 2187 propter
786 2151 876 2186 mala,

97 2207 163 2235 quae
178 2198 336 2226 Hieremias
351 2200 472 2234 propter
487 2198 535 2226 Dei
550 2198 677 2226 verbum
689 2198 876 2234 sustinuerat,

96 2245 194 2281 ipsum
205 2253 266 2273 non
273 2245 351 2273 ultra
360 2245 443 2281 loqui
456 2248 653 2281 proposuerat
663 2255 671 2281 3
685 2245 737 2273 sed
750 2245 877 2273 verbum

97 2293 128 2320 in
144 2292 234 2320 corde
254 2293 318 2328 ejus
339 2293 380 2319 sic
401 2293 534 2326 ardebat,
555 2292 637 2328 quod
657 2292 755 2328 ipsum
779 2295 877 2320 tenere

97 2347 158 2367 non
174 2341 297 2375 poterat.
315 2341 361 2366 Est
376 2339 455 2366 enim
474 2339 601 2366 verbum
622 2340 671 2367 Dei
695 2339 815 2367 cuidam
836 2340 878 2367 la-

97 2386 162 2422 pidi
176 2386 306 2422 pretioso
320 2385 515 2419 simillimum,
532 2386 583 2421 qui
600 2394 723 2413 manum
740 2394 770 2413 se
791 2386 878 2414 strin-

98 2435 216 2468 gentem
231 2433 337 2460 adurit.
353 2434 417 2460 Non
431 2434 527 2468 potest
540 2432 617 2467 ignis
631 2433 662 2460 in
676 2433 743 2461 sinu
758 2441 830 2468 esse,
851 2435 879 2461 et

98 2488 160 2507 non
175 2479 290 2514 ardere,
306 2481 334 2507 et
349 2487 394 2514 ea,
411 2487 476 2515 quae
491 2479 593 2514 tangit,
616 2487 677 2506 non
692 2480 876 2508 comburere.

99 2527 143 2554 Sic
159 2528 186 2554 et
199 2527 325 2554 verbum
340 2526 486 2560 divinum,
501 2534 578 2562 quos
592 2526 694 2561 tangit,
705 2527 840 2562 includit,
852 2529 879 2555 et

131 2601 138 2617 ¹
155 2601 223 2624 Psal.
239 2606 291 2631 ΧΠ,
310 2601 333 2625 4.
351 2614 377 2617 —
399 2599 407 2613 ²
431 2600 497 2623 Psal.
520 2605 614 2629 cxx-111,
634 2601 687 2624 105.
704 2613 733 2617 -
749 2601 759 2617 3
775 2601 877 2632 Μιιιι)ι.,

102 2642 125 2667 v,
143 2637 180 2659 15.
196 2649 226 2653 —
246 2636 255 2652 ¹0
270 2635 361 2666 Eccli„
376 2640 472 2665 XLvni,
490 2636 512 2659 1.
528 2648 558 2652 —
574 2636 583 2651 ⁵
597 2636 697 2664 demna,
713 2641 762 2666 xx,
782 2638 833 2660 8-9.
850 2651 876 2654 —

103 2674 112 2686 ὓ
128 2673 134 2695 l
150 2672 231 2701 Joan„
248 2677 282 2702 iv,
301 2673 324 2702 5,
340 2671 424 2702 quoad
439 2678 552 2695 sensum.
571 2684 600 2688 ——
617 2672 623 2685 ⁷
639 2671 713 2702 lbid.,
731 2677 777 2701 111,
798 2675 835 2697 10.
849 2686 879 2690 —-

917 270 1050 299 calefacit
1063 271 1168 300 intima
1181 271 1290 300 cordis.
1307 272 1339 300 Et
1352 271 1422 300 ideo
1436 271 1521 309 loqui
1533 272 1571 301 de
1586 273 1644 301 Deo
1655 275 1700 302 est

918 317 1076 353 optimum,
1090 319 1162 354 quia
1177 318 1344 347 devotionis
1356 326 1446 348 causa
1461 321 1502 347 est
1511 329 1519 355 ς
1542 319 1595 348 sed
1613 319 1699 356 loqui

919 363 956 392 de
974 364 1088 392 mundo
1102 365 1269 401 ‚pessimum
1291 368 1348 401 est,
1364 366 1436 402 quia
1462 368 1505 394 est
1522 366 1562 394 ad
1586 366 1700 394 malum

918 409 1113 439 inductivum.
1141 412 1222 440 Unde
1251 412 1358 441 dicitur
1386 413 1417 440 in
1437 413 1535 450 prima
1556 413 1701 442 canonica

918 457 1038 485 loannis
1051 458 1061 475 ὓ
1078 468 1084 486 ;
1101 468 1114 484 «
1129 459 1183 493 Qui
1205 459 1242 487 de
1267 459 1381 488 mundo
1402 462 1453 493 est,
1475 460 1512 488 de
1527 460 1641 489 mundo
1656 460 1701 488 lo-

920 504 1029 540 quitur.
1048 507 1078 533 ln
1092 505 1150 533 hoc
1166 506 1245 534 enim
1257 507 1267 523 ⁷
1282 507 1428 535 manifesti
1443 509 1512 535 sunt
1525 507 1578 535 filii
1594 507 1655 542 Dei,
1675 509 1702 535 et

919 552 971 580 filii
987 553 1102 581 diaboli
1119 562 1125 581 :
1143 563 1156 580 »
1175 553 1246 589 quia
1260 553 1312 581 filii
1327 555 1376 582 Dei
1391 554 1556 591 loquuntur
1571 554 1607 583 de
1624 556 1702 590 Deo3

921 601 950 628 et
980 599 1032 627 filii
1065 599 1179 628 diaboli
1213 599 1377 636 loquuntur
1406 601 1443 629 de
1468 601 1593 630 mundo.
1624 601 1704 630 Unde

923 647 1032 675 iterum
1049 646 1164 675 ibidem
1176 647 1283 675 dicitur
1296 648 1306 664 ⁸
1323 656 1330 675 ε
1345 657 1359 673 ι(
1374 648 1428 682 Qui
1445 648 1482 676 de
1503 650 1580 678 terra
1597 651 1649 684 est,
1667 649 1703 677 de

923 695 1000 722 terra
1014 693 1156 730 loquitur.
1173 704 1187 721 ιι

958 741 1062 775 Tertio,
1072 741 1208 769 divinum
1215 741 1341 770 verbum
1349 743 1391 770 est
1398 742 1519 770 effectus
1527 742 1704 778 adjutivum,

923 789 984 816 sive
999 788 1191 825 firmativum.
1213 789 1284 817 Miro
1303 788 1383 816 enim
1403 789 1496 817 modo
1514 789 1640 818 verbum
1656 790 1705 818 Dei

923 835 1021 863 firmat
1042 835 1073 862 in
1094 836 1198 871 bono;
1215 835 1290 864 sicut
1309 838 1336 864 et
1355 837 1387 861 ⁹«
1403 838 1598 872 corrumpunt
1608 837 1706 865 bonos

923 889 1022 910 mores
1038 881 1190 918 colloquia
1204 890 1307 919 prava.
1324 892 1338 910 »
1355 883 1508 911 Psalmista
1525 883 1545 899 ¹⁰
1561 892 1567 911 :
1582 893 1595 909 ι(
1609 883 1706 912 Verbo

924 929 1041 956 Domini
1058 929 1125 957 coeli
1136 930 1245 957 firmati
1263 932 1340 958 sunt.
1354 940 1367 957 »
1382 930 1454 958 Coeli
1471 933 1538 958 sunt
1555 931 1610 958 viri
1624 931 1705 966 justi,

926 976 1125 1011 Evangelistae,
1138 976 1187 1004 vel
1201 976 1345 1012 Apostoli,
1361 977 1414 1013 qui
1428 979 1496 1005 sunt
1507 977 1572 1005 coeli
1583 977 1644 1012 alti,
1654 985 1708 1013 per

925 1025 1131 1059 paupertatem
1145 1023 1362 1059 voluntariam3
1386 1024 1453 1052 coeli
1471 1024 1550 1060 puri,
1566 1033 1619 1060 per
1634 1032 1707 1052 con-

927 1070 1098 1105 tinentiam;
1122 1070 1187 1098 coeli
1209 1070 1338 1106 pulchri,
1359 1079 1412 1109 per
1432 1071 1608 1107 sapientiam
1615 1081 1624 1106 3
1642 1071 1709 1099 coeli

927 1117 1072 1152 sphaerici,
1094 1125 1147 1153 per
1168 1118 1370 1146 obedientiam
1386 1128 1392 1146 :
1410 1119 1461 1154 qui
1480 1119 1574 1147 verbo
1592 1119 1708 1146 Domini

927 1164 1092 1199 firmantur,
1110 1164 1182 1192 dum
1198 1173 1251 1200 per
1264 1165 1389 1193 verbum
1403 1165 1491 1193 honis
1506 1166 1646 1201 operibus
1661 1174 1710 1194 so-

927 1210 1067 1238 lidantur.
1081 1212 1114 1238 Et
1129 1211 1202 1247 quid
1216 1211 1336 1246 mirum,
1352 1213 1374 1239 si
1391 1212 1432 1240 sic
1442 1213 1598 1240 fructificat
1610 1215 1637 1241 et
1649 1213 1712 1241 aniv-

927 1259 989 1285 mat
1008 1257 1143 1285 divinum
1162 1258 1300 1293 verbum,
1322 1259 1444 1295 quando
1465 1260 1506 1287 sic
1528 1260 1641 1288 animat
1654 1260 1710 1288 hu-

928 1305 1075 1332 manum?
1090 1306 1192 1332 Nonne
1216 1305 1333 1341 pugiles
1351 1306 1530 1342 animantur,
1557 1308 1630 1335 dum
1652 1307 1712 1335 clu-

928 1351 1062 1379 moribus
1077 1352 1234 1379 hominum
1248 1352 1410 1380 excitantur
1420 1354 1434 1380 Ὗ
1453 1355 1556 1381 Nonne
1579 1353 1656 1382 fiunt
1673 1354 1712 1382 ad

928 1406 1060 1434 pugnam
1076 1398 1184 1426 milites
1198 1398 1345 1434 fortioreS,
1366 1402 1393 1427 et
1406 1399 1511 1428 fortius
1524 1401 1635 1436 agitant
1649 1400 1712 1429 lau-

930 1454 1006 1479 ceas,
1027 1446 1199 1482 strictosque
1223 1449 1323 1474 tenent
1351 1455 1519 1482 mucrones,
1546 1448 1617 1475 dum
1637 1456 1711 1476 voce

931 1493 1084 1521 clamantis
1099 1494 1240 1529 principis
1255 1494 1425 1522 animantur
1436 1496 1449 1521 ἰ)
1460 1497 1533 1530 lmo,
1550 1495 1634 1531 quod
1648 1504 1711 1524 ma-

930 1540 975 1576 giS
991 1541 1034 1567 est
1047 1539 1196 1575 mirabile,
1213 1541 1281 1577 equi
1295 1541 1326 1568 in
1338 1541 1445 1577 praeliis
1460 1542 1601 1577 gaudent,
1620 1545 1648 1570 ct
1664 1551 1711 1571 sa-

930 1588 1015 1620 liunt,
1033 1588 1106 1615 dum
1128 1596 1233 1615 vocem
1252 1589 1329 1616 tubae
1349 1588 1509 1623 clangentis
1528 1589 1711 1626 intelligunt3

930 1636 1023 1664 boves
1038 1635 1127 1663 etiam
1141 1635 1248 1670 jugum
1272 1635 1366 1663 levius
1379 1635 1487 1670 ferunt,
1508 1636 1581 1664 dum
1604 1636 1713 1665 bubul-

931 1691 999 1711 cum
1013 1684 1181 1710 cantantem
1196 1682 1331 1711 audiunt.

967 1732 1076 1765 Quarto
1097 1729 1233 1757 divinum
1248 1730 1374 1758 verbum
1396 1732 1438 1758 est
1457 1730 1496 1757 ad
1521 1730 1646 1766 gloriam
1667 1731 1713 1759 in-

932 1778 1094 1806 ductivum.
1114 1780 1178 1806 Non
1193 1778 1273 1806 enim
1285 1777 1383 1805 solum
1398 1777 1580 1805 intellectum
1602 1777 1713 1813 dirigit,

931 1825 1071 1853 affectum
1086 1825 1227 1860 incendit,
1245 1826 1273 1852 et
1293 1833 1368 1860 opus
1387 1824 1518 1859 perficit3
1542 1824 1604 1859 sed,
1631 1825 1715 1860 quod

932 1874 1171 1900 consummatum
1187 1874 1238 1906 est,
1254 1871 1394 1907 complet,
1411 1871 1483 1898 dum
1500 1871 1540 1899 ad
1555 1879 1714 1907 supernam

932 1919 1059 1954 gloriam
1082 1918 1254 1946 introducit.
1281 1918 1361 1946 Unde
1387 1926 1455 1945 cum
1478 1918 1620 1945 Dominus
1639 1918 1716 1947 mira.

933 1965 970 1993 de
998 1965 1228 1993 manducatione
1250 1965 1383 2001 corporis
1402 1965 1447 1992 sui
1473 1965 1659 2001 praedicaret,
1688 1968 1715 1993 et

931 2014 1052 2048 propter
1066 2012 1186 2048 pondus
1199 2012 1294 2046 verbi,
1313 2011 1397 2039 multi
1409 2013 1487 2039 retro
1503 2012 1636 2047 abirent3
1652 2012 1714 2048 ipse

933 2067 1092 2087 conversus
1107 2059 1147 2087 ad
1161 2059 1326 2095 Apostolos,
1349 2059 1389 2086 ait
1403 2059 1421 2074 ¹¹
1439 2068 1445 2086 :
1466 2068 1479 2084 «
1495 2059 1646 2095 Numquid
1660 2067 1714 2086 vos

932 2106 1020 2134 vultis
1036 2106 1139 2134 abire?
1153 2116 1166 2131 »
1182 2106 1235 2134 Cui
1250 2107 1349 2133 Petrus
1366 2115 1371 2132 :
1393 2115 1406 2130 ι(
1422 2105 1554 2140 Domine,
1570 2105 1609 2133 ad
1624 2114 1714 2141 quem

933 2153 1066 2181 ibimus?
1094 2153 1188 2181 Verba
1212 2153 1277 2180 vitze
1307 2154 1421 2180 aeternae
1448 2152 1552 2187 habes,
1572 2163 1585 2179 »
1607 2152 1639 2180 id
1661 2155 1714 2188 est,

933 2200 1026 2227 verba
1046 2200 1085 2227 ad
1107 2200 1197 2227 vitam
1216 2202 1356 2227 aeternam
1379 2199 1559 2227 inducentia.
1584 2199 1665 2227 Unde
1688 2202 1716 2228 et

932 2247 994 2282 ipse
1011 2247 1150 2274 Dominus
1165 2246 1278 2274 ibidem
1296 2248 1315 2263 ¹2
1333 2255 1339 2273 z
1360 2256 1374 2272 «
1390 2246 1498 2279 Verba,
1514 2254 1581 2282 quae
1595 2254 1650 2282 ego
1671 2246 1715 2274 lo-

933 2296 1016 2321 cutus
1031 2302 1096 2321 sum
1109 2294 1206 2328 vobiS,
1221 2294 1350 2330 spirituS,
1369 2297 1396 2321 et
1411 2295 1471 2321 vita
1485 2296 1561 2321 sunt.
1573 2296 1604 2322 ln
1616 2294 1714 2321 infini-

935 2342 996 2368 tum
1011 2341 1090 2368 enim
1105 2340 1201 2376 magis
1221 2343 1263 2368 est
1281 2342 1387 2376 potens
1405 2341 1531 2368 verbum
1548 2341 1607 2375 Dei,
1623 2349 1715 2376 quam

933 2387 1057 2415 verbum
1084 2387 1222 2414 hominis.
1254 2387 1311 2415 Sed
1333 2396 1409 2423 saepe
1433 2387 1559 2415 verbum
1585 2387 1715 2415 hominis

934 2433 1073 2461 sublimat
1090 2434 1244 2461 hominem
1258 2434 1289 2461 in
1303 2434 1417 2461 mundo
1434 2443 1440 2461 ε
1458 2442 1528 2469 ergo
1545 2433 1638 2461 multo
1653 2433 1713 2461 for-

933 2481 990 2508 tius
1005 2480 1131 2508 verbum
1148 2481 1197 2508 Dei
1213 2483 1309 2516 potest
1323 2481 1476 2508 hominem
1498 2480 1659 2508 sublimare
1683 2480 1714 2508 in

934 2527 1019 2555 coelo.
1036 2527 1116 2554 Unde
1132 2527 1237 2555 dicitur
1252 2528 1288 2555 ¹³:
1303 2538 1315 2553 α
1327 2528 1380 2561 Qui
1392 2527 1474 2555 audit
1489 2527 1579 2555 verba
1594 2535 1671 2562 mea,
1687 2530 1715 2556 et

934 2602 944 2618 8
961 2602 1043 2632 joan„
1060 2608 1100 2632 111,
1116 2604 1155 2625 31.
1173 2615 1203 2619 --
1216 2604 1223 2616 ²¹
1244 2603 1249 2625 1
1268 2603 1337 2632 Com,
1355 2608 1397 2632 xv,
1416 2604 1454 2625 33.
1466 2615 1496 2619 —-
1510 2602 1531 2619 1⁰
1545 2602 1712 2634 Pml.xxx11‚

934 2639 958 2661 G.
973 2651 1003 2655 -
1019 2638 1034 2653 ¹¹
1055 2638 1135 2669 λοιπὴ,
1152 2644 1189 2668 vi,
1204 2639 1242 2668 68,
1258 2640 1297 2662 69.
1311 2651 1341 2655 -
1359 2640 1374 2652 ““·’
1389 2637 1462 2668 lbid.,
1479 2639 1516 2662 64.
1531 2651 1562 2655 —
1577 2638 1596 2654 1³
1611 2638 1712 2668 Matth.‚

937 2679 982 2703 vu,
998 2675 1080 2698 24—25.
