2029 3052
594 170 804 204 SPECULUM
825 170 972 204 BEATAE
993 171 1134 204 MARlAE
1157 172 1342 206 VlRGlNIS.

155 241 233 269 hanc
271 240 389 276 lucem,
418 247 456 268 ne
492 239 524 268 in
562 238 691 268 tenebris
729 238 936 275 ambulantes,

156 287 299 316 cadamus
319 287 350 316 in
373 287 470 316 lutum
490 286 620 324 peccati,
643 287 672 314 et
697 286 728 314 in
746 285 866 314 foveam
893 286 937 314 in-

154 333 241 362 ferni.
276 335 442 371 Sequemur
474 334 574 362 autem
612 340 675 362 non
713 332 913 361 claudicando
925 353 934 368 ,

155 381 322 410 secundum
337 380 420 418 quod
440 379 567 409 dicitur¹
585 389 592 408 :
614 380 753 416 Usquequo
771 380 935 408 claudicatis

155 431 185 457 in
201 429 269 457 duas
278 430 391 465 partes?
407 428 438 456 Sc
460 428 588 455 Dominus
613 429 652 455 est
674 428 764 462 Deus,
789 429 936 463 sequimini

155 484 232 510 cunm
248 477 274 504 si
286 477 374 504 autem
387 476 471 509 Baal,
499 475 647 510 sequimini
665 475 753 502 illam.
778 476 832 502 Per
847 482 936 502 auro-

153 531 219 552 ram
234 524 347 557 autem,
362 522 447 558 qu‘us
466 522 564 550 ortum
585 529 647 550 nox
664 529 726 550 non
741 521 832 556 vidit,
847 521 935 550 beata

154 570 242 606 Virgo
256 569 455 605 significatur,
478 568 561 604 cujus
575 569 757 597 nativitatem
770 576 831 596 nox
846 569 936 604 origi-

153 617 228 645 nalis
241 616 335 653 culpae
348 623 410 644 non
424 615 558 644 initiavit.
574 617 638 644 Nox
652 615 732 644 enim
748 615 794 644 cui
808 615 862 644 Job
874 623 936 644 ma-

153 664 269 699 ledicit,
284 672 344 692 nox
359 663 390 691 in
405 671 465 700 qua
479 665 639 699 conceptus
653 664 697 690 est
707 662 813 697 homo,
828 670 934 699 pecca-

155 713 217 740 tum
231 710 376 747 originale
392 711 452 746 est,
474 710 505 738 in
525 717 586 746 quo
611 717 715 738 omnes
735 709 932 746 concipimur.

155 758 236 787 Unde
250 757 404 786 Psalmista
416 756 427 772 ²
442 765 448 785 :
463 758 498 784 In
511 758 628 792 peccatis
647 757 767 791 concepit
790 764 830 784 me
849 758 934 784 mater

153 813 219 834 mea.
246 805 320 839 Quia
345 812 415 840 ergo
438 812 507 832 vere
522 811 626 832 omnes
646 803 743 832 Sancti
764 803 796 831 in
810 805 933 840 peccato

154 851 371 888 concipiuntur,
384 851 451 879 etin
461 852 584 888 peccato
595 852 767 885 nascuntur,
777 850 846 879 ideo
857 850 933 878 bene

152 899 201 927 hic
215 898 336 934 dieitur,
352 898 436 935 quod
451 897 541 926 stellae
554 905 608 933 per
622 897 699 925 hanc
714 899 833 925 noctem
849 897 933 925 obte-

152 946 324 974 nebrantur.
352 945 408 974 Sed
431 945 502 981 quia
525 944 654 973 Christus
679 952 734 973 nee
757 946 933 981 conceptus,

152 1001 207 1021 nec
220 994 307 1021 natus
322 993 353 1020 in
374 994 496 1029 peccato
515 991 585 1027 fuit,
611 992 680 1020 ideo
701 992 776 1020 bene
795 992 843 1019 hic
863 991 933 1019 dici-

152 1041 210 1074 tur,
226 1040 310 1076 quod
321 1047 382 1067 nox
397 1039 451 1068 ista
467 1041 566 1068 lucem
581 1046 642 1067 non
658 1038 740 1066 vidit.
764 1038 838 1072 Quia
860 1046 932 1066 vero

152 1087 242 1115 beata
256 1087 343 1122 Virgo
357 1086 388 1114 in
402 1088 524 1122 peccato
540 1087 684 1122 concepta
699 1085 769 1120 fuit,
794 1086 847 1113 sed
870 1085 932 1113 sine

151 1135 273 1170 peccato
287 1135 375 1170 nata3
402 1133 433 1161 in
455 1134 576 1169 peccato
604 1134 668 1160 orta
692 1141 753 1160 non
775 1132 847 1160 suit:
863 1132 932 1161 idco

152 1188 214 1209 non
229 1188 386 1214 auroram,
410 1180 464 1208 sed
483 1181 581 1208 ortum
605 1187 720 1208 aurorae
744 1179 850 1207 dicitur
871 1187 933 1207 nox

151 1227 206 1256 ista
220 1235 282 1255 non
294 1227 411 1255 vidisse.
428 1228 487 1254 Hoc
501 1228 543 1254 est
557 1229 659 1255 contra
676 1226 753 1261 illos,
771 1227 821 1262 qui
835 1226 933 1262 ipsam

151 1282 214 1303 non
227 1274 325 1302 solum
340 1274 401 1301 sine
416 1275 536 1310 peccato
557 1275 675 1309 natam,
698 1274 751 1301 sed
766 1273 854 1301 etiam
870 1273 932 1302 sine

151 1324 273 1358 peccato
286 1323 461 1358 conceptam
484 1321 594 1349 dicunt.
616 1323 723 1351 Contra
738 1330 813 1357 quos
827 1321 932 1349 beatus

151 1369 317 1397 Bernardus
339 1377 465 1404 arguens
482 1368 522 1396 ait
537 1370 570 1397 ³:
592 1368 642 1397 «Si
664 1371 730 1397 ante
753 1370 932 1404 conceptum

152 1424 240 1444 suum
264 1415 352 1443 Maria
373 1415 549 1443 sanctificari
566 1423 628 1443 non
656 1416 768 1451 potuit,
787 1416 931 1451 quoniam

152 1471 214 1492 non
228 1465 300 1498 erat,
316 1463 368 1491 sed
383 1471 438 1491 nec
452 1463 484 1490 in
498 1463 563 1499 ipso
580 1465 725 1499 conceptu
735 1465 856 1499 propter
866 1471 932 1499 pcc-

152 1512 269 1545 catum,
293 1510 376 1547 quod
391 1510 502 1546 inerat,
522 1511 609 1538 restat
628 1511 660 1537 ut
673 1512 740 1546 post
755 1512 932 1546 conceptum

151 1559 182 1586 in
194 1559 278 1586 utero
285 1559 348 1594 jam
359 1558 496 1592 existens,
510 1557 772 1585 sanctificationem
783 1557 931 1592 accepisse

151 1606 297 1640 credatur,
311 1613 378 1641 quae
394 1605 515 1633 excluso
530 1607 668 1641 peccato,
685 1606 817 1633 sanctam
832 1604 933 1633 fecerit

149 1652 341 1688 nativitatem,
358 1660 419 1680 non
433 1652 669 1688 conceptionem.
681 1652 711 1678 ⁶»

186 1700 322 1728 secundo
338 1699 488 1734 attendite,
505 1699 680 1734 charissimi,
697 1699 781 1734 quod
796 1699 931 1735 quaedam

150 1747 221 1776 felix
235 1755 344 1775 aurora
360 1748 402 1774 est
416 1747 505 1774 Maria
517 1747 639 1782 propter
654 1745 770 1773 felicem
783 1746 846 1781 ejus
861 1754 930 1781 pro-

150 1795 332 1831 gressionem
349 1794 379 1821 in
394 1793 459 1821 luce
484 1793 584 1828 gratiae
594 1814 604 1828 ,
621 1793 706 1828 juxta
730 1793 804 1820 illud
846 1803 852 1820 ;
867 1794 932 1826 Qaoe

150 1844 189 1870 est
201 1844 256 1869 ista
278 1849 337 1876 quoe
354 1841 529 1876 progreditur
548 1842 627 1875 quasi
652 1848 766 1874 aurora,
783 1842 836 1868 etc.
853 1841 932 1868 Sicut

151 1889 231 1917 enim
245 1888 296 1915 lux
312 1895 426 1915 aurorae
439 1886 629 1922 progreditur
648 1887 808 1914 crescendo
827 1887 856 1914 in
873 1888 931 1915 cla-

150 1935 250 1969 ritate,
267 1934 308 1962 sic
323 1933 412 1961 Maria
432 1933 679 1969 progrediebatur
693 1934 880 1969 proficiendo
901 1935 931 1962 in

151 1982 280 2010 claritate
306 1980 405 2016 gratiae
429 1982 457 2008 et
480 1980 567 2008 bonae
582 1979 658 2008 vitae.
681 1981 931 2016 progrediebatur

150 2029 253 2065 utique
268 2027 454 2064 proficiendo
478 2027 509 2054 in
534 2027 674 2065 omnibus
699 2027 854 2055 virtutibus
867 2029 930 2056 uni-

149 2075 316 2110 versaliter,
339 2076 370 2102 ut
393 2075 424 2102 in
443 2074 525 2102 omni
550 2074 691 2102 virtutum
711 2074 841 2103 claritate
857 2078 932 2104 esset

151 2122 237 2158 quasi
252 2130 360 2150 aurora
375 2129 557 2157 consurgens
583 2121 667 2157 apud
690 2129 739 2156 se,
755 2122 880 2158 pulchra
899 2125 931 2150 ut

151 2170 233 2197 Luna
243 2169 324 2204 apud
336 2169 500 2204 proximos,
514 2168 607 2197 electa
621 2170 652 2196 ut
666 2169 715 2196 Sol
730 2170 812 2205 apud
827 2171 929 2198 Deum.

152 2215 400 2251 Progrediebatur
414 2223 535 2251 quoque
556 2215 743 2251 proficiendo
762 2216 791 2243 in
807 2216 930 2252 quibus-

153 2263 224 2290 dam
248 2262 404 2290 virtutibus
427 2262 606 2298 specialiter,
631 2263 667 2290 de
692 2263 801 2298 quibus
827 2263 932 2292 beatus

152 2309 318 2338 Bernardus
341 2309 381 2337 ait
405 2309 444 2336 sic
463 2310 472 2326 Β
492 2318 525 2336 :«
537 2309 678 2337 Fervebat
705 2310 736 2337 111
770 2311 930 2346 quaerendo

153 2357 278 2393 gratiam
305 2357 399 2385 Mariae
424 2356 564 2391 charitas,
589 2357 767 2393 splendebat
788 2359 819 2386 in
843 2368 931 2388 carne

152 2404 323 2440 virginitas,
349 2404 380 2432 in
405 2404 551 2439 obsequio
575 2404 725 2433 humilitas
744 2406 928 2436 eminebat.»

186 2502 305 2532 11111101]
318 2521 326 2531 ,
342 2503 517 2531 xv111‚21.—
536 2502 544 2517 2
560 2502 628 2527 Psal.
647 2509 670 2532 L,
685 2505 708 2527 7.
724 2517 754 2521 —
770 2504 779 2520 ³
795 2506 881 2535 Bcru„
900 2506 934 2529 (υἱ

156 2537 249 2562 Canon.
270 2537 359 2569 Δηρὼ,
377 2537 450 2568 epist.
470 2543 574 2566 CLXle,
596 2541 653 2568 post
669 2539 737 2562 nied.
755 2553 784 2557 ——
800 2541 809 2556 ι’
826 2541 896 2572 Haec,
908 2543 933 2565 ct

156 2579 212 2603 quae
221 2575 372 2604 sequuntur,
384 2580 415 2597 ex
427 2573 456 2596 iis
472 2580 528 2604 quie
543 2581 557 2596 a
570 2574 638 2604 Papa
651 2574 694 2598 Pio
708 2581 743 2601 ix,
755 2576 795 2599 die
810 2578 822 2600 8
834 2577 933 2601 deceni-

155 2608 208 2631 bris
223 2610 292 2639 1854,
304 2609 408 2633 definita
420 2611 488 2638 sunt,
505 2610 675 2633 retractanda.
691 2623 720 2627 --
733 2611 740 2625 ⁵
757 2612 840 2639 Cant„
857 2619 890 2643 vi,
908 2616 930 2637 9.

157 2657 186 2661 -
201 2644 210 2657 ⁶
222 2645 354 2675 Bernard„
366 2653 391 2669 zu
402 2645 489 2670 Nallv.
500 2645 528 2669 B.
541 2646 617 2674 Mar.⁷
629 2647 658 2669 (le
668 2647 830 2678 aquoezlacta,
844 2655 932 2679 serm„

1717 179 1776 208 263

970 240 1104 279 *Harum
1127 240 1228 278 itaque
1256 241 1398 270 virtutum
1425 241 1572 277 claritate,
1602 243 1690 271 Maria
1722 243 1777 271 fuit

993 287 1078 323 quasi
1094 295 1203 316 aurora
1217 296 1399 325 consurgens
1410 288 1442 317 in
1453 288 1585 317 rutilanti
1597 289 1774 326 virginitate,

992 333 1118 370 pulchra
1130 335 1162 362 ut
1177 336 1257 364 Luna
1272 336 1302 363 in
1314 335 1434 364 micanti
1448 335 1623 371 humilitate,
1636 336 1730 366 electa
1743 340 1775 366 ut

993 380 1042 408 Sol
1055 380 1085 408 in
1101 381 1235 410 radiante
1251 382 1400 411 charltate.
1418 383 1499 411 Felix
1514 383 1565 418 qui
1579 383 1634 411 hos
1647 385 1704 412 tres
1718 384 1774 412 ful-

993 435 1080 462 gores
1090 448 1099 463 ‚
1117 428 1171 456 has
1189 430 1247 457 tres
1266 429 1386 458 virtutes
1406 429 1501 458 Mariae
1525 431 1642 458 secutus
1665 430 1772 467 fuerit,

991 482 1046 510 per
1060 483 1135 511 quas
1149 476 1214 512 ipsa
1227 477 1319 504 Deum
1332 478 1360 505 et
1373 477 1549 513 magistrum
1563 477 1699 505 omnium
1713 478 1773 506 vir-

994 523 1087 550 tutum
1096 523 1241 558 concepit,
1257 524 1379 552 testante
1392 524 1499 552 iterum
1510 524 1600 553 beato
1612 525 1774 561 Bernardo‚

992 568 1044 605 qui
1066 569 1107 597 ait
1121 570 1131 587 ⁷
1154 578 1160 597 :
1183 581 1195 594 a
1209 571 1288 598 Hanc
1312 571 1424 599 invenit
1446 571 1572 607 gratiam
1598 571 1688 608 plena
1709 573 1774 608 Jam

992 616 1096 651 grafia,
1114 617 1145 644 ut
1159 616 1299 645 charitate
1320 617 1449 653 fervida,
1464 618 1632 654 virginitate
1647 619 1773 656 integra,

991 663 1156 691 humilitate
1167 663 1283 699 devota,
1294 663 1377 692 fieret
1391 664 1453 692 sine
1468 665 1547 693 virili
1559 666 1772 695 commixtione

991 710 1127 746 gravida,
1143 710 1205 739 sine
1220 711 1359 739 muliebri
1377 711 1481 739 dolore
1496 720 1652 748 puerpera.
1665 723 1679 740 »

1026 757 1122 786 Tertio
1146 758 1285 786 attendite
1295 779 1304 793 ,
1331 758 1512 794 charissimi,
1536 760 1620 795 quod
1635 760 1772 796 quaedam

990 805 1060 834 felix
1076 814 1185 834 aurora
1199 808 1242 834 est
1262 806 1366 841 Maria,
1389 807 1511 842 propter
1534 805 1651 834 felicem
1675 809 1772 835 ortum

990 852 1065 881 Solis
1078 853 1205 888 Justitiae.
1220 853 1410 889 Solnamquc
1423 853 1541 888 justitiae
1553 852 1682 881 Christus
1698 855 1772 882 Deus

990 901 1099 934 noster,
1114 900 1264 928 mediante
1278 908 1387 928 aurora
1401 908 1455 928 sua
1470 900 1573 934 Maria,
1589 902 1670 928 ortus
1685 902 1728 928 est
1741 901 1772 928 in

990 946 1120 981 mundo3
1136 948 1217 974 ortus
1227 947 1328 983 utique
1346 947 1460 983 absque
1475 947 1537 975 ullo
1554 947 1669 983 peccati
1684 947 1772 975 nubi-

990 993 1020 1021 lo
1041 1003 1046 1021 :
1068 995 1191 1030 propter
1215 994 1299 1030 quod
1323 1003 1433 1023 aurora
1455 995 1508 1023 illa
1530 995 1619 1024 valde
1646 996 1771 1024 rutilans

989 1039 1044 1068 suit
1061 1041 1173 1069 oriente
1194 1041 1261 1069 Sole
1281 1050 1355 1076 suo,
1377 1042 1463 1077 juxta
1482 1042 1558 1070 illud
1577 1043 1587 1060 ⁸
1603 1051 1610 1070 :
1627 1044 1703 1071 Sicut
1724 1044 1773 1070 lua·

990 1096 1094 1115 auroroe
1110 1090 1210 1116 oriente
1224 1089 1283 1116 Sole
1298 1097 1375 1116 mane
1398 1090 1495 1124 absque
1515 1090 1630 1117 nabibus
1650 1091 1770 1125 rutilat,

990 1136 1043 1162 etc.
1060 1136 1122 1163 Lux
1141 1135 1229 1171 igitur
1244 1144 1359 1164 aurorae
1373 1138 1415 1164 est
1433 1136 1570 1164 sanctitas
1585 1136 1697 1172 Mariae,
1711 1145 1772 1173 qua

989 1182 1083 1218 ipsam
1111 1183 1255 1211 irradiare
1280 1184 1420 1219 dignatus
1450 1186 1493 1212 cst
1516 1193 1708 1221 processurus
1734 1186 1771 1213 de

988 1229 1053 1266 ipsa
1068 1229 1117 1258 Sol
1127 1230 1255 1266 justitiae.
1270 1232 1308 1259 De
1322 1231 1380 1259 hoc
1396 1231 1471 1259 bene
1487 1231 1591 1259 beatus
1605 1232 1771 1260 Bernardus

989 1277 1029 1304 ait
1042 1278 1052 1294 ⁹
1069 1287 1074 1304 :
1096 1278 1205 1305 «Recte
1217 1278 1351 1314 quidem,
1368 1287 1385 1306 0
1396 1279 1496 1314 Maria,
1512 1287 1627 1307 aurorae
1637 1279 1770 1308 officium

988 1324 1127 1360 implesti.
1145 1327 1207 1361 lpse
1223 1325 1302 1352 enim
1318 1325 1367 1353 Sol
1379 1325 1496 1361 justitiae
1512 1326 1549 1353 de
1570 1328 1596 1354 te
1614 1334 1771 1362 processu-

987 1380 1038 1398 rus
1054 1373 1151 1399 ortum
1167 1380 1255 1400 suum
1270 1372 1402 1408 quadam
1418 1373 1562 1400 matutina
1579 1373 1770 1401 irradiatione

988 1419 1172 1454 prseveniens
1184 1440 1192 1453 ,
1217 1419 1247 1446 in
1277 1421 1304 1446 te
1336 1419 1410 1447 lucis
1435 1428 1495 1448 suae
1521 1420 1621 1447 radios
1650 1420 1770 1457 copiose

987 1466 1175 1493 transfudit.»
1203 1467 1264 1493 Lux
1278 1466 1365 1501 hujus
1381 1474 1496 1494 aurorae
1510 1467 1685 1495 mirabiliter
1699 1468 1770 1495 ruti-

987 1512 1070 1540 labat
1084 1513 1195 1541 oriente
1209 1513 1276 1541 Sole
1291 1513 1405 1549 absque
1421 1513 1569 1549 nubibus,
1594 1514 1625 1542 id
1646 1516 1689 1542 est
1704 1523 1771 1543 nas-

987 1562 1069 1587 cente
1084 1560 1196 1588 Christo
1210 1560 1324 1596 absque
1339 1560 1492 1595 originalis
1510 1561 1623 1596 peccati
1639 1562 1771 1589 obscuri-

987 1608 1106 1636 tatibus,
1138 1610 1208 1635 Ecce
1233 1608 1282 1635 hic
1310 1608 1416 1635 dicitur
1427 1629 1436 1642 ,
1467 1608 1551 1643 quod
1576 1608 1626 1636 Sol
1654 1609 1769 1644 absque

987 1655 1119 1683 nubibus
1135 1655 1240 1690 oritur3
1263 1654 1332 1682 etin
1344 1655 1437 1682 Eaeodo
1454 1654 1560 1682 dicitur
1574 1654 1604 1690 ¹⁰,
1620 1655 1705 1690 quod
1719 1663 1768 1683 ru-

986 1702 1043 1729 bus
1062 1702 1176 1737 absque
1199 1702 1404 1729 combustione
1420 1701 1543 1736 ignitum
1570 1704 1598 1729 ct
1612 1702 1642 1729 in
1657 1704 1769 1730 Daniele

987 1749 1094 1776 dicitur
1106 1750 1137 1783 ¹¹,
1153 1749 1236 1784 quod
1252 1748 1328 1784 lapis
1342 1749 1404 1776 sine
1420 1748 1559 1776 manibus
1575 1749 1766 1778 abscinditur.

987 1796 1062 1830 Quid
1078 1804 1149 1831 ergo
1162 1804 1214 1831 per
1229 1796 1333 1830 solem,
1347 1796 1421 1832 quid
1435 1804 1489 1831 per
1503 1796 1614 1831 ignem,
1628 1796 1702 1832 quid
1715 1805 1769 1833 per

987 1843 1134 1879 lapidem,
1152 1843 1206 1870 nisi
1222 1843 1351 1871 Christus
1371 1843 1523 1877 signatur?
1547 1844 1609 1878 lpse
1627 1843 1707 1871 enim
1727 1847 1769 1872 est

987 1890 1032 1918 sol
1047 1890 1219 1917 illuminans
1234 1890 1430 1923 intellectum,
1456 1890 1532 1924 ignis
1551 1890 1715 1918 accendens
1728 1890 1768 1918 af-

986 1938 1096 1965 fectum
1108 1959 1116 1972 ,
1141 1937 1217 1972 lapis
1247 1937 1369 1964 firmans
1395 1944 1450 1963 nos
1475 1938 1577 1964 contra
1610 1937 1766 1965 defectum.

988 1985 1067 2018 Dico,
1084 1984 1169 2020 quod
1184 1984 1313 2011 Christus
1326 1985 1407 2011 ,10505
1422 1985 1464 2011 851
1479 1984 1524 2011 501
1539 1983 1712 2012 illuminans
1725 1985 1768 2012 in-

986 2031 1146 2066 tellectum,
1160 2032 1246 2066 juxta
1261 2031 1336 2058 illud
1351 2032 1496 2058 Malachioe
1511 2030 1530 2046 ¹²
1546 2040 1553 2058 :
1571 2031 1680 2059 Orz'etur
1694 2033 1768 2059 vobis

987 2080 1144 2106 timentibus
1159 2087 1252 2105 nomen
1278 2087 1364 2105 mcum
1387 2080 1426 2105 sol
1445 2078 1572 2112 jastitz'oe.
1599 2078 1671 2106 Vide
1696 2087 1767 2114 ergo

986 2127 1010 2154 51
1032 2127 1136 2154 timeas
1159 2125 1336 2159 Dominum3
1354 2125 1495 2161 scriptum
1517 2126 1630 2161 quippe
1653 2128 1695 2153 est
1714 2128 1736 2143 ¹³
1759 2135 1766 2154 z

987 2174 1041 2206 Qui
1057 2175 1133 2200 timet
1148 2175 1230 2200 Deam
1241 2194 1250 2206 ,
1265 2174 1337 2199 nihil
1348 2174 1472 2207 negligit.
1490 2174 1567 2208 ,Item
1582 2173 1710 2201 Christus
1726 2175 1768 2201 est

986 2221 1062 2255 ignis
1079 2219 1244 2247 accendens
1260 2220 1408 2254 affectum,
1425 2221 1457 2246 ut
1472 2220 1541 2248 dicit
1556 2221 1713 2256 Apostolus
1728 2222 1767 2249 ad

987 2268 1122 2295 chraeos
1142 2266 1161 2283 ¹²
1187 2276 1193 2293 z
1225 2268 1295 2294 Deus
1319 2270 1408 2294 noster
1431 2268 1504 2301 z'qnz's
1531 2275 1685 2295 consumens
1716 2272 1764 2296 est.

988 2315 1037 2342 llic
1058 2314 1134 2350 ignis
1149 2321 1211 2341 non
1235 2313 1331 2341 solum
1353 2313 1407 2341 fuit
1427 2313 1457 2341 in
1481 2314 1558 2342 rubo
1580 2315 1653 2342 uteri
1676 2315 1767 2350 virgi-

987 2362 1078 2395 nalis,
1103 2361 1154 2389 sed
1177 2361 1264 2389 etiam
1294 2361 1323 2388 in
1352 2360 1429 2388 rubo
1464 2361 1565 2389 devoti
1593 2362 1690 2389 cordis
1715 2364 1766 2389 est.

988 2411 1068 2437 Hunc
1079 2416 1208 2444 namque
1223 2409 1322 2443 ignem
1331 2410 1495 2443 senserunt,
1511 2409 1562 2444 qui
1577 2408 1715 2436 dixerunt
1727 2409 1746 2425 ¹5
1760 2418 1766 2436 ;

988 2514 1013 2530 11.
1025 2508 1048 2529 0.
1065 2505 1119 2522 —7
1140 2504 1213 2535 ibid,
1229 2506 1357 2528 11.12.-
1373 2505 1383 2521 ὃ
1401 2505 1418 2527 ΙΙ
1435 2505 1501 2534 Rey.,
1522 2507 1633 2533 xx111,4.
1652 2518 1682 2521 —
1697 2506 1705 2519 ⁹
1722 2505 1766 2529 Vel

989 2542 1102 2571 Ecbert.,
1116 2541 1215 2571 Deprec.
1226 2542 1249 2564 81
1259 2540 1441 2564 laad.a(lB.V.
1455 2541 1531 2568 Mar..
1541 2546 1566 2564 11.
1579 2541 1634 2564 4.-
1646 2541 1666 2557 ¹⁰
1674 2541 1766 2572 Ezecl„

991 2584 1034 2608 111,
1052 2579 1074 2601 2.
1093 2590 1121 2594 -
1144 2577 1161 2593 ¹¹
1188 2577 1260 2607 Dan„
1283 2582 1316 2607 11,
1337 2578 1375 2600 45,
1398 2590 1423 2593 ›—
1446 2577 1465 2592 12
1486 2575 1610 2606 lllulaclz.y
1631 2582 1665 2607 lv,
1690 2579 1712 2601 2,
1736 2590 1766 2594 -

988 2614 1007 2630 1³
1022 2612 1115 2642 Eccle„
1138 2618 1190 2643 vn,
1213 2614 1250 2637 19.
1267 2625 1297 2630 —
1323 2613 1339 2626 ¹⁴
1361 2611 1447 2643 Helua,
1468 2617 1521 2643 xu,
1544 2612 1583 2636 29.
1606 2625 1636 2629 —
1660 2613 1678 2629 ¹¹⁵
1698 2613 1785 2643 Lam,-

990 2654 1061 2679 rxiv,
1073 2649 1111 2672 32.

1789 769 1814 789 Β.
1824 768 1895 789 Maria

1801 805 1881 820 aurora

1787 831 1815 851 ob
1822 832 1893 852 ortum

1788 862 1895 890 50115105-

1788 893 1847 914 1111118.
