2029 3052
216 247 275 277 350

255 311 388 343 Juvenis
403 311 552 352 quidam,
570 309 778 341 Gerlandinus
793 309 936 346 nomine,
953 309 992 340 de

215 363 358 404 Ragusia
368 364 533 402 oriundus,
547 362 784 394 vindemiarum
794 364 940 403 tempore
951 362 991 393 ad

215 418 328 449 vineas
342 417 464 456 exiens,
481 426 554 448 cum
569 416 602 447 in
617 425 691 447 vase
705 416 842 455 vinario,
855 418 891 446 ut
905 417 992 446 utres

215 471 381 511 impleret,
399 471 461 502 sub
482 469 634 501 torculari
647 478 680 500 se
695 469 846 507 mitteret,
862 470 992 509 repente

215 524 425 564 praegrandes
445 523 566 563 lapides
579 547 587 561 ‚
607 522 702 553 motis
725 521 759 552 in
775 531 808 553 se
824 522 992 561 lignorum

216 577 381 615 struibus,
405 579 501 617 caput
528 576 628 617 ipsius
650 575 760 606 lethali
788 575 993 615 percussione

215 632 417 671 quassarunt.
449 630 620 662 Festinavit
654 629 807 660 continuo
837 631 926 669 pater
953 628 993 659 ad

214 684 319 715 filium
331 707 339 722 ‚
357 686 388 715 et
406 684 575 724 desperans
599 683 754 714 obrutum
774 691 839 713 non
854 681 990 722 adiuvit,

215 737 269 768 sed
293 745 368 768 eum
395 737 455 768 sub
480 746 594 776 onere,
611 737 692 768 sicut
706 736 842 774 corruit,
860 735 904 766 sic
917 734 991 765 reli-

215 790 294 830 quit.
312 790 531 822 Accurrerunt
546 789 725 830 expeditius
739 789 904 827 vinitores,
922 797 991 819 ma-

215 843 272 882 gni
293 843 442 875 clamoris
468 852 580 875 vocem
609 843 786 882 lugubrem
814 841 990 879 audientes,

214 896 381 937 multoque
403 906 475 928 cum
500 899 590 937 patre
608 895 699 936 pueri
711 895 819 926 dolore
832 894 991 934 completi,

215 952 426 982 extraxerunt
434 950 663 990 juvenemjam
677 951 841 980 mortuum
854 958 873 979 a
885 949 991 980 ruina.

216 1003 308 1035 Pater
327 1013 402 1035 vero
417 1003 534 1044 ipsius,
550 1003 623 1034 JEsU
640 1003 773 1042 pedibus
788 1002 990 1043 provolutus,

214 1056 380 1088 humiliter
398 1057 586 1098 precabatur
598 1081 607 1095 ,
625 1059 660 1087 ut
677 1056 779 1087 silium
805 1065 901 1087 suum
917 1056 990 1086 uni-

214 1120 288 1142 cum
303 1119 360 1150 per
374 1111 473 1141 sancti
487 1110 510 1141 F
513 1110 645 1141 rancisci
666 1109 791 1148 merita,
809 1111 858 1149 cuj
865 1119 902 1140 us
915 1112 993 1140 tunc

215 1164 405 1195 imminebat
419 1164 613 1201 solemnitas,
630 1163 689 1194 sibi
703 1163 833 1194 reddere
845 1163 993 1203 dignare-

214 1220 278 1248 tur.
296 1217 517 1257 Iugeminabat
529 1226 647 1258 prcceS,
662 1217 800 1248 vovebat
814 1217 916 1248 officia
929 1217 993 1257 pie-

214 1271 305 1308 tatis,
321 1272 352 1301 et
371 1271 469 1302 sancti
503 1271 562 1301 viri
587 1280 701 1310 corpus
723 1280 757 1301 se
784 1271 990 1301 visitaturum

214 1333 288 1355 cum
305 1325 380 1362 tilio,
398 1325 423 1354 si
440 1325 650 1355 suscitaretur
671 1334 689 1355 a
717 1325 863 1363 mortuis,
880 1334 990 1365 repro-

214 1378 311 1408 misit.
329 1378 448 1408 Mirum
464 1380 568 1409 certcl
586 1378 738 1409 continuo
753 1388 845 1419 puer,
857 1379 913 1419 qui
926 1381 991 1409 toto

214 1431 317 1462 fuerat
331 1441 461 1472 corpore
476 1434 715 1472 conquassatus,
735 1432 900 1462 restitutus
916 1432 991 1462 vitae

214 1487 245 1515 et
260 1485 396 1525 intcgrae
420 1486 577 1525 sospitati,
596 1486 741 1524 gaudens
764 1494 870 1516 coram
887 1485 990 1515 onini-

214 1538 274 1569 bus
304 1539 497 1576 exsurrexit,
523 1539 712 1579 plangentes
741 1539 931 1578 objurgans,
962 1541 992 1570 ct

214 1592 312 1623 sancti
334 1592 357 1623 F
360 1592 492 1623 rancisci
513 1592 675 1632 suffragiis
691 1592 765 1623 vitaz
781 1602 814 1623 se
830 1593 991 1623 redditum

214 1654 412 1676 asseverans.

255 1699 431 1736 Quemdam
453 1698 552 1729 alium
576 1701 740 1731 mortuum
767 1699 799 1729 in
824 1699 989 1730 Alemania

215 1753 389 1790 suscitavit,
408 1753 524 1792 dequo
543 1753 692 1783 dominus
716 1753 798 1793 Papa
818 1753 992 1792 Gregorius

215 1808 357 1845 tempore
382 1805 598 1836 translationis
628 1806 727 1846 ipsius
753 1807 853 1837 sancti
881 1808 993 1838 fratres

214 1867 343 1896 omnes,
361 1859 415 1898 qui
439 1859 476 1889 ad
502 1858 742 1890 translationem
761 1862 791 1890 et
813 1860 991 1899 capitulum

215 1915 450 1950 convenerant,
467 1922 523 1952 per
538 1913 732 1952 Apostolicas
754 1913 873 1944 litteras
889 1916 991 1945 certos

214 1966 366 2004 reddidit,
384 1967 415 1996 et
440 1966 627 2004 gaudentes.
656 1966 798 1997 Miraculi
825 1967 924 2006 hujus
942 1977 990 1998 se-

216 2019 294 2049 riem
309 2043 316 2056 ,
332 2019 407 2058 qnia
433 2019 593 2057 ignoravi,
621 2029 686 2049 non
710 2020 832 2059 scripsi,
860 2021 993 2051 credens

216 2073 327 2112 papale
344 2072 563 2103 testimonium
580 2073 684 2103 omnis
694 2073 877 2104 assertionis
892 2074 993 2105 excel-

217 2125 281 2156 lere
296 2126 559 2156 instrumentum.

294 2220 331 2246 Dc
350 2219 392 2245 his
411 2227 474 2253 quos
494 2227 511 2245 a
530 2221 622 2246 mortis
639 2220 757 2254 periculo
778 2220 914 2248 liberauit.

259 2286 293 2316 lu
313 2286 491 2316 confinibus
514 2286 612 2318 urbis.
636 2286 685 2316 vir
708 2287 837 2326 qnidam
866 2287 989 2326 nobilis,

218 2339 407 2378 Rodnlpllus
419 2339 560 2377 nomine,
578 2348 652 2369 cum
669 2339 730 2370 Deo
746 2340 859 2370 devota
880 2350 990 2379 uxore,

217 2393 328 2423 fratres
353 2392 491 2422 Minores
518 2402 576 2422 suo
606 2393 723 2432 recepit
747 2393 899 2433 hospitio,
928 2397 991 2425 tam

217 2446 438 2485 hospitalitatis
463 2446 583 2484 gratia,
609 2455 705 2484 quam
730 2446 810 2476 beati
837 2446 992 2478 Fraucisci

217 2499 396 2529 reverentia
408 2501 438 2529 et
451 2508 571 2529 amore.
588 2498 684 2529 Nocte
699 2508 775 2530 vcro
792 2500 843 2530 illa
857 2501 888 2530 in
904 2511 991 2531 sum-

216 2552 325 2582 mitate
346 2552 444 2582 turris
468 2552 630 2582 dormiens
652 2555 758 2582 custos
782 2554 890 2591 castri,
919 2564 990 2585 cum

211 2607 278 2645 j÷1m
291 2606 411 2644 jaceret
427 2614 522 2645 super
538 2608 658 2636 struem
680 2606 843 2644 lignorum
864 2607 898 2637 in
923 2608 990 2648 ipsa

215 2659 301 2689 muri
328 2659 505 2698 positorum
529 2659 705 2698 crepidine,
727 2659 868 2699 ipsorum
889 2661 992 2693 soluta

215 2721 381 2752 compage,
398 2712 558 2742 intectum
574 2712 680 2752 palatii
691 2713 822 2750 corruit,
837 2715 991 2746 etexinde

779 241 964 274 LEGENDA
985 241 1019 273 S.
1041 241 1256 275 FRANCISGI.

1047 317 1143 349 super
1172 311 1303 342 terram.
1332 309 1476 342 Excitata
1502 310 1542 342 ad
1566 309 1708 342 sonitum
1730 319 1821 344 casus

1045 363 1111 393 tota
1125 362 1256 402 familia,
1273 366 1305 395 et
1319 363 1458 395 custodis
1472 363 1629 394 intellecta
1644 364 1749 403 ruina,
1764 365 1820 396 do-

1046 416 1153 447 minus
1167 417 1272 456 castri,
1293 419 1324 448 et
1337 417 1478 455 domina,
1505 426 1580 448 eum
1596 417 1747 449 fratribus
1767 426 1823 449 ac-

1046 472 1227 501 currerunt.
1254 470 1283 501 Is
1309 479 1388 501 vero
1410 469 1467 511 qui
1489 470 1529 501 ab
1550 470 1614 502 alto
1637 473 1821 509 corruerat,

1046 523 1216 564 absorptus
1234 524 1338 555 fuerat
1358 526 1426 555 tam
1449 524 1608 564 profundo
1631 533 1762 565 sopore,
1787 527 1824 556 ut

1045 586 1104 608 nec
1135 577 1174 608 ad
1202 587 1314 608 casum
1349 577 1516 617 evigilaret
1551 578 1673 609 iteratae
1699 579 1822 618 ruinae,

1046 639 1105 661 nec
1128 631 1167 662 ad
1189 631 1361 671 strepitum
1382 631 1577 662 accurrentis
1596 631 1726 663 familiae
1748 641 1824 663 cum

1048 683 1198 715 clamore.
1223 683 1432 715 Trahentium
1457 685 1586 716 tandem
1604 687 1635 716 et
1654 684 1825 725 impellen-

1046 737 1128 768 tium
1158 737 1306 769 manibus
1329 738 1506 776 excitatus,
1538 739 1690 778 conqueri
1712 738 1821 779 coepit,

1047 791 1130 830 quod
1141 791 1225 822 dulci
1235 791 1346 822 fuisset
1358 792 1464 832 quiete
1472 792 1625 832 privatus,
1641 792 1724 823 inter
1736 791 1823 823 beati

1047 843 1206 876 Francisci
1227 845 1356 876 brachia
1372 846 1514 877 suaviter
1543 854 1686 877 asserens
1702 855 1734 876 se
1749 845 1822 877 dor-

1047 898 1153 929 misse.
1173 898 1252 929 Cum
1273 907 1349 930 vero
1365 899 1403 930 de
1424 908 1499 930 casu
1515 899 1643 939 proprio
1660 899 1824 930 doceretur

1047 952 1087 982 ab
1102 952 1182 990 aliis,
1197 955 1228 983 et
1243 952 1276 982 iu
1292 952 1357 983 imo
1372 961 1405 983 se
1421 952 1554 991 videret,
1576 953 1632 992 qui
1651 953 1685 983 in
1698 953 1761 984 alto
1772 954 1823 993 ja-

1047 1007 1166 1042 cuerat,
1181 1007 1312 1045 stupens
1328 1014 1396 1036 esse
1414 1005 1532 1036 factum
1554 1005 1640 1045 quod
1665 1005 1735 1035 fieri
1759 1013 1826 1036 non

1047 1060 1241 1098 perceperat,
1258 1058 1476 1098 poenitentiam
1492 1068 1526 1089 se
1545 1058 1704 1089 facturum
1717 1058 1758 1089 ob
1774 1067 1823 1089 re-

1047 1111 1222 1142 verentiam
1238 1111 1292 1142 Dei
1309 1113 1339 1142 et
1361 1111 1443 1142 beati
1461 1110 1620 1142 Francisci
1638 1120 1745 1142 coram
1758 1120 1826 1143 om-

1047 1165 1143 1196 nihus
1158 1165 1350 1206 repromisit.

1089 1219 1124 1249 ln
1140 1219 1247 1250 Castro
1263 1219 1392 1259 PophiS,
1409 1219 1494 1260 quod
1512 1219 1545 1250 in
1555 1219 1726 1259 Campania
1740 1219 1826 1259 posi-

1047 1276 1116 1304 tum
1131 1276 1187 1311 est,
1208 1274 1352 1304 sacerdos
1371 1273 1512 1314 quidam,
1529 1273 1669 1304 Thomas
1684 1273 1823 1312 nomine,

1047 1327 1177 1358 accessit
1200 1327 1239 1358 ad
1264 1327 1477 1367 reparandum
1504 1327 1642 1358 ecclesia}
1667 1326 1824 1357 molendi-

1047 1390 1138 1412 num.
1154 1381 1366 1412 Deambulans
1381 1383 1489 1411 autem
1512 1381 1638 1411 incaute
1661 1389 1750 1410 secus
1766 1389 1822 1410 ex·

1047 1436 1149 1465 trema
1174 1434 1307 1472 canalis,
1332 1443 1397 1474 quo
1420 1443 1543 1473 gurges
1572 1433 1750 1474 profundus
1771 1442 1823 1464 co-

1049 1488 1138 1528 pioso
1149 1488 1455 1524 ‹tenneliatinssuxm
1469 1487 1575 1518 subito
1586 1496 1661 1518 casu
1676 1486 1826 1518 cavilloso

1048 1541 1139 1580 ligno
1154 1541 1296 1572 intrusus
1316 1543 1373 1577 est,
1401 1542 1493 1580 cujus
1518 1541 1660 1581 impulsu
1684 1540 1827 1571 volvitur

1049 1594 1280 1625 molendinum.
1304 1595 1383 1626 Cum
1406 1595 1509 1634 igitur
1526 1596 1690 1625 consertus
1706 1595 1826 1633 Jaceret

1049 1648 1081 1678 in
1096 1648 1197 1687 ligno,
1224 1651 1254 1679 et
1277 1658 1372 1691 super
1396 1658 1430 1679 os
1455 1648 1569 1688 ipsius,
1594 1647 1669 1687 quia
1691 1647 1826 1687 supinus

1049 1704 1126 1739 erat,
1144 1711 1301 1741 aquarum
1314 1702 1452 1742 impetus
1469 1701 1649 1739 inundaret,
1668 1700 1760 1731 corde
1777 1702 1825 1731 ta-

1051 1764 1142 1793 men,
1168 1755 1243 1794 quia
1269 1755 1383 1792 lingna
1415 1764 1479 1786 non
1507 1756 1646 1794 poterat,
1681 1756 1826 1784 sanctum

1050 1807 1252 1839 Franciscnm
1279 1809 1424 1839 flebiliter
1452 1809 1630 1839 invocabat.
1666 1807 1725 1838 Per
1755 1817 1822 1838 ma-

1050 1870 1152 1901 gnum
1175 1871 1251 1892 vero
1278 1862 1415 1901 spatium
1437 1862 1482 1891 sic
1503 1861 1556 1891 illo
1575 1862 1710 1901 Jacente,
1736 1869 1772 1891 ac
1787 1861 1825 1891 de

1050 1915 1115 1945 vita
1136 1915 1233 1955 ipsius
1246 1916 1313 1955 Jam
1334 1915 1460 1955 penitus
1480 1914 1571 1945 sociis
1593 1914 1774 1954 desperatis,
1791 1914 1824 1944 in

1049 1969 1241 1999 contrariam
1257 1972 1379 2008 partem
1396 1969 1513 1999 molam
1525 1978 1599 1999 cum
1615 1968 1765 1999 violentia
1779 1977 1826 1998 rc,-

1050 2023 1279 2060 volvcrunt‚.et
1294 2023 1338 2053 sic
1361 2023 1480 2061 ejectus
1501 2022 1646 2053 sacerdos
1669 2021 1826 2061 palpitans

1053 2076 1256 2107 volutabatur
1269 2076 1300 2106 in
1312 2085 1403 2115 aqna:
1422 2077 1538 2105 meatu.
1556 2075 1594 2106 Et
1606 2083 1677 2105 ecce
1692 2074 1824 2114 quidam

1051 2130 1146 2160 frater
1160 2130 1272 2167 Minor,
1287 2129 1417 2159 indutus
1428 2129 1534 2159 tunica
1549 2127 1692 2164 candida,
1709 2129 1740 2157 et
1749 2127 1825 2157 fune

1050 2185 1240 2223 succinctus,
1257 2194 1330 2215 cum
1348 2193 1467 2223 magna
1488 2183 1645 2214 suavitate
1661 2183 1825 2222 arreptum

1050 2248 1106 2279 per
1120 2239 1286 2269 brachium
1306 2241 1397 2269 extra
1418 2238 1538 2267 ssumen
1558 2236 1679 2274 eduxit,
1697 2236 1823 2267 dicens:

1051 2292 1120 2331 Ego
1141 2301 1213 2323 sum
1237 2291 1438 2328 Franciscus,
1462 2299 1558 2330 quem
1579 2289 1744 2321 invocasti.
1771 2288 1826 2319 Ille

1050 2354 1126 2375 vero
1140 2345 1183 2375 sic
1194 2345 1344 2375 liberatus
1359 2345 1453 2375 nimis
1466 2343 1638 2383 obstupuit,
1653 2343 1826 2382 volensque

1050 2399 1167 2439 pedum
1184 2399 1283 2438 ipsius
1303 2399 1439 2429 osculari
1464 2398 1619 2437 vestigia,
1644 2397 1707 2427 huc
1731 2398 1825 2435 atque

1050 2452 1125 2482 illuc
1143 2452 1257 2482 anxius
1278 2452 1485 2489 discurrebat,
1501 2459 1650 2490 quaerens
1670 2459 1689 2480 a
1704 2448 1795 2480 sociis
1815 2459 1822 2479 ε

1051 2505 1109 2535 Ubi
1126 2508 1171 2536 est
1189 2506 1261 2536 ille?
1277 2515 1341 2545 quo
1356 2505 1432 2535 abiit
1454 2504 1603 2534 sanctus?
1619 2512 1681 2542 qua
1695 2502 1747 2533 via
1762 2501 1825 2532 dis-

1049 2559 1161 2589 cessit?
1178 2558 1240 2589 Viri
1258 2562 1364 2589 autem
1379 2559 1423 2588 illi
1438 2556 1620 2594 tremefacti,
1638 2555 1731 2595 proni
1746 2554 1824 2585 ccci-

1049 2612 1165 2643 derunt
1182 2613 1215 2642 in
1231 2614 1360 2651 terram,
1379 2611 1524 2643 sublimis
1544 2609 1597 2640 Dei
1619 2609 1757 2647 gloriosa
1771 2617 1824 2638 ex-

1048 2666 1193 2697 tollentes
1210 2667 1383 2706 magnalia,
1407 2667 1437 2696 et
1458 2665 1601 2696 virtuosa
1623 2663 1736 2693 merita
1759 2662 1821 2693 hu-

1051 2720 1135 2750 milis
1149 2720 1232 2751 servi
1247 2721 1327 2759 eJus.
