2029 3052
34 1008 128 1029 Fructus

34 1039 110 1060 Max-im

21 1076 128 1092 neeessa-

22 1101 70 1123 rius
101 1102 129 1123 ad

22 1133 130 1154 Ecclesiae

22 1164 130 1191 multiplj-

43 1195 110 1217 catio-

24 1233 84 1250 nem.

821 224 961 260 LECTIO
984 226 1092 260 XVIII.

141 295 274 326 omittere
280 306 288 332 3
304 298 427 334 propter
442 295 524 333 quod
539 295 615 325 bene
629 294 818 332 subjungItur
835 304 842 323 :
859 295 920 323 Om-

141 345 190 372 nia
211 352 382 380 quoecumque
397 345 491 380 saciet,
513 343 756 380 prosperabuntur.
778 342 830 370 Vel
845 344 921 371 certe

141 391 168 419 ei
184 391 236 427 qui
250 391 329 420 hunc
340 391 467 420 fructum
476 398 530 428 per
545 389 717 419 charitatem
731 389 840 425 tulerit,
857 397 921 417 om-

141 437 192 466 nia
205 438 472 474 prosperabuntur,
486 437 609 474 quando
624 437 681 465 sibi
696 437 797 465 omnia
818 436 849 464 in
868 436 923 465 bo-

142 494 216 514 num
236 486 477 523 cooperabuntur
500 485 548 521 (a),
573 485 646 514 sicut
666 485 807 522 scriptum
831 484 895 513 est²
913 493 919 512 :

141 533 257 567 Scimus,
272 535 401 569 quoniam
425 533 605 568 diligentibus
626 534 709 560 Deum
724 534 815 560 omnia
832 539 923 566 coope-

140 575 238 607 rantur
250 581 280 607 in
296 580 401 608 bonum.
418 581 521 608 Beatus
535 579 581 607 vir
596 579 647 616 qui
662 580 723 607 tam
737 579 865 616 perfecte
878 580 922 607 tu-

140 626 205 655 lerit
218 626 347 656 fructum
361 628 459 664 istum,
475 629 508 656 ut
526 629 643 664 tempus
658 635 745 655 suum
765 634 827 655 nou
843 628 922 655 tran-

141 675 202 703 seat
216 675 442 710 infructuosum,
464 676 497 703 ut
517 674 643 703 verbum
663 674 720 702 sibi
736 681 797 702 non
812 673 924 702 defluat

141 721 281 757 otiosum,
300 722 331 750 ut
349 730 424 758 opus
445 721 502 750 sibi
524 729 586 749 non
610 723 711 757 pereat
737 721 921 756 virtuosum,

140 768 241 805 sicque
256 769 292 796 sit
305 769 448 804 tanquam
462 767 579 803 lignum
592 767 773 796 fructiferum
788 767 924 804 spiritua-

140 814 216 850 liter,
231 814 490 851 quemadmodum
506 813 595 842 etiam
615 814 705 843 Maria
715 814 770 842 fuit
784 822 923 850 corpora—

140 861 216 898 liter,
236 863 274 891 de
296 871 356 899 qua
375 863 480 892 beatus
499 863 666 892 Bernardus
680 862 721 891 ait
734 862 745 878 ²
763 872 769 891 :
789 872 802 889 «
819 864 840 890 Ο
854 870 923 890 vere

140 909 256 945 lignum
278 910 354 946 vitae,
375 910 458 946 quod
477 910 576 939 solum
594 910 720 946 dignum
734 909 789 938 fuit
803 910 922 946 portare

141 956 243 984 salutis
256 957 401 985 fructum!
418 967 432 984 »

178 1003 311 1039 Decimo,
335 1004 508 1040 charissimi,
538 1004 721 1032 necessarius
747 1005 790 1032 est
812 1004 923 1032 fructus

143 1050 238 1079 Mariae
253 1051 427 1080 benedictus
443 1051 482 1080 ad
497 1051 776 1088 multiplicationem
791 1051 924 1080 Ecclesiae

145 1099 329 1127 universalis
352 1099 434 1128 Unde
457 1099 562 1128 dicitur
576 1100 586 1117 ³
602 1108 608 1127 ι
632 1101 669 1127 De
683 1101 776 1133 fructu
796 1108 924 1127 manuum

145 1154 254 1174 suarum
273 1148 411 1182 plantavit
434 1149 549 1175 vineam,
573 1147 711 1175 Dominus
730 1148 830 1182 Jesus,
850 1147 925 1174 sicut

145 1195 222 1223 bene
237 1194 344 1223 dicitur
356 1195 467 1223 fructus
481 1195 591 1223 ventris
601 1216 610 1230 ,
625 1195 695 1231 quia
711 1197 811 1223 ventre
827 1195 925 1222 conci-

145 1242 234 1278 pitur,
250 1244 278 1270 et
291 1242 366 1270 sicut
379 1242 456 1270 bene
469 1242 579 1270 fructus
591 1242 650 1270 oris
661 1242 779 1277 dicitur,
791 1242 862 1278 quia
873 1249 924 1269 ore

145 1289 288 1324 sumitur;
304 1289 344 1317 ita
357 1289 435 1317 bene
448 1289 559 1317 fructus
569 1297 713 1317 manuum
725 1289 842 1322 dicitur,
854 1288 925 1324 quia

144 1336 283 1364 manibus
298 1336 449 1364 bonorum
462 1344 587 1372 operum
600 1335 772 1372 acquiritur,
784 1335 924 1363 manibus

145 1391 266 1419 quoque
276 1383 510 1411 sacerdotalibus
518 1383 708 1411 ministratur.
719 1383 800 1410 Unde
813 1382 924 1410 fructus

144 1429 198 1458 iste
218 1430 389 1466 plenissime
404 1432 445 1458 est
459 1430 570 1458 fructus
584 1430 679 1458 Marioe
694 1439 700 1458 ι
722 1430 832 1458 fructus
847 1431 924 1457 certe

145 1477 253 1504 ventris
267 1477 329 1512 ejus
349 1478 401 1511 est,
418 1477 489 1513 quia
505 1477 541 1505 de
556 1479 657 1505 ventre
673 1477 736 1512 ejus
752 1476 924 1512 singularis-

145 1524 218 1552 sime
233 1527 319 1552 natus
334 1525 388 1559 est;
404 1524 514 1552 fructus
536 1524 624 1552 etiam
639 1523 697 1551 oris
708 1524 771 1559 ejus
786 1525 838 1557 est,
854 1523 926 1559 quia

146 1579 196 1599 ore
216 1572 279 1607 ejus
302 1571 472 1600 dulcissime
492 1571 728 1599 communicatus
738 1573 795 1606 est;
813 1570 924 1598 fructus

145 1626 267 1655 quoque
273 1627 416 1646 manuum
426 1619 488 1654 ejus
498 1620 550 1653 est,
560 1618 631 1654 quia
642 1618 782 1646 manibus
795 1618 859 1653 ejus
875 1617 925 1645 de-

144 1665 295 1694 votissime
311 1667 477 1694 attrectatus
492 1667 543 1693 est.
554 1667 591 1693 De
606 1665 771 1701 istoitaque
781 1673 924 1692 manuum

144 1712 240 1740 fructu
253 1713 351 1748 Maria,
368 1713 416 1741 vel
428 1712 578 1749 primitiva
587 1712 726 1746 Ecclesia,
743 1712 819 1739 sicut
837 1719 925 1747 expo-

144 1759 187 1787 nit
200 1759 311 1795 GIossa,
326 1760 470 1796 plantavit
489 1760 621 1793 vineam,
641 1759 672 1786 id
692 1761 748 1793 est,
765 1758 925 1786 Ecclesiam

145 1807 343 1834 universalem
362 1815 416 1842 per
437 1807 541 1834 orbem
559 1806 708 1834 diffusam.
732 1807 753 1834 O
769 1805 924 1842 quomodo

144 1852 281 1888 palmites
294 1853 383 1888 hujus
397 1853 501 1888 vineae,
517 1853 655 1880 videlicet
669 1852 771 1880 fideles
780 1852 925 1887 Ecclesiae,

145 1907 199 1935 per
209 1900 289 1927 hunc
302 1899 429 1928 fructum
444 1899 631 1936 multiplicati
647 1901 724 1933 sunt,
743 1899 815 1926 dum
830 1901 925 1927 recto-

144 1956 191 1976 res
207 1948 341 1976 Ecclesiae
355 1948 386 1975 in
401 1947 542 1975 cordibus
560 1947 695 1975 fidelium
707 1947 846 1975 eumdem
866 1946 926 1974 fru-

146 1997 226 2023 ctum
240 1995 430 2031 spiritualiter
445 1995 526 2022 nasci
546 1994 695 2022 fecerunt!
714 1995 783 2021 Hinc
802 1994 879 2022 bene
894 1994 925 2021 in

146 2041 261 2070 Psalmo
285 2042 412 2070 dicitur*
435 2051 442 2070 :
465 2043 592 2070 Fecerunt
614 2043 732 2075 fructum
756 2042 925 2075 nativitatis,

147 2092 171 2116 et
188 2089 324 2116 benediwit
335 2091 383 2124 eis,
397 2091 422 2116 et
436 2090 617 2124 multiplicati
626 2091 688 2115 sunt
698 2090 791 2115 nimis.
808 2089 840 2115 Et
854 2087 926 2123 quia

146 2135 273 2163 Ecclesia
284 2135 321 2163 de
336 2135 474 2163 omnibus
483 2135 721 2171 generationibus
731 2137 771 2162 est
782 2143 835 2171 per
846 2135 925 2162 hunc

147 2182 275 2209 fructum
289 2181 492 2218 multiplicata,
508 2182 576 2210 ideo
591 2181 691 2217 Virgo,
708 2182 787 2210 hunc
798 2181 925 2209 fructum

146 2229 316 2265 producens
323 2229 446 2264 ,merito
466 2229 504 2257 ab
521 2229 661 2256 omnibus
683 2229 926 2264 generationibus

146 2276 325 2312 praedicatur
339 2275 435 2304 beata.
452 2277 572 2311 Propter
586 2275 669 2311 quod
683 2275 759 2303 bene
773 2275 837 2312 ipsa
852 2276 923 2304 ait5:

147 2325 212 2351 Ecce
226 2325 297 2351 enim
312 2331 344 2350 em
360 2324 406 2350 hoc
422 2323 528 2350 beatam
545 2331 586 2350 me
603 2323 693 2350 dicent
713 2331 801 2351 omues
815 2331 925 2357 Genera-

147 2371 242 2398 tiones.
259 2372 297 2397 De
313 2370 422 2406 quibus
434 2369 533 2397 verbis
552 2369 678 2405 loquens
690 2370 865 2404 Bernardus,
883 2378 925 2397 in-

148 2417 227 2445 ducit
241 2417 361 2445 Mariam
382 2417 556 2453 loquentem
574 2416 615 2443 sic
628 2425 634 2443 :
654 2426 666 2441 «
677 2418 748 2444 Ecce
759 2417 822 2452 jam
836 2417 924 2444 video

148 2464 230 2498 quod
244 2463 374 2492 futurum
390 2466 432 2491 est
449 2464 480 2491 in
494 2471 552 2498 me,
574 2463 641 2499 quis
656 2462 766 2490 fructus
784 2464 926 2499 procedat

148 2509 185 2538 de
199 2518 258 2545 me,
273 2512 346 2547 quot
361 2513 388 2539 et
403 2512 514 2547 quanta
531 2510 613 2538 bona
631 2517 692 2537 non
705 2509 777 2537 mihi
791 2510 857 2545 soli,
873 2511 925 2538 sed

180 2596 187 2612 ¹
204 2596 282 2627 Rom„
296 2603 354 2628 vm,
376 2599 415 2621 28.
433 2611 463 2615 —
482 2598 491 2612 Ξ
507 2598 593 2627 Boin,
616 2597 641 2619 in
660 2595 720 2620 Aclv.
742 2596 821 2625 Dour,
846 2603 923 2619 serm.

150 2637 180 2660 11,
196 2638 222 2654 n.
239 2633 262 2655 4.
279 2645 309 2650 —
324 2633 428 2663 ³1¹7*0v.,
444 2640 516 2664 xxm,
534 2635 568 2657 16.
581 2646 610 2650 —
625 2633 634 2649 '0
648 2632 782 2662 Psal.ev1‚
799 2633 837 2662 37,
853 2633 924 2656 38.—

148 2667 157 2683 5
170 2667 238 2698 Luc,
251 2673 269 2697 1,
285 2669 322 2692 1ιῖ.
338 2681 368 2686 -
380 2669 389 2683 ⁵
404 2669 503 2699 Ezech„
517 2675 584 2699 xvu,
600 2670 638 2692 23,
654 2681 685 2685 -
702 2667 710 2683 ⁷
729 2667 832 2696 lucum„
846 2673 923 2697 xvm,

150 2705 186 2726 10.
203 2716 233 2720 —
247 2703 257 2720 Β
274 2704 354 2731 Pron„
370 2707 460 2735 x1,30.

1704 234 1757 267 291

979 296 1118 324 omnihus
1138 297 1380 332 generationibus
1406 301 1584 337 provenient
1602 309 1655 338 per
1670 311 1729 331 me.
1745 313 1759 331 n

1014 343 1186 380 Undecimo,
1204 345 1378 382 charissimi,
1393 348 1577 376 necessarius
1592 350 1634 377 est
1651 349 1762 378 fructus

978 390 1073 418 Marioe
1086 390 1258 420 benedictus
1274 393 1312 421 ad
1328 395 1573 424 restaurationem
1593 396 1685 424 ruinae
1700 405 1761 425 em—

978 437 1118 473 pyrealis,
1129 438 1231 474 ruinee,
1241 440 1374 476 inquam,
1382 441 1464 471 factoe
1474 443 1505 470 in
1518 442 1594 471 coelo
1605 451 1759 480 empyreo.

979 485 1017 512 De
1026 484 1083 512 hoc
1093 487 1195 514 notare
1210 494 1380 524 possumuS,
1397 491 1481 526 quod
1493 491 1633 519 Dominus
1645 491 1682 519 de
1697 499 1760 520 me-

980 531 1063 560 dulla
1079 532 1159 560 cedri
1179 534 1313 570 plantare
1329 537 1444 573 volens,
1466 537 1540 566 dixit
1559 547 1611 575 per
1630 539 1762 567 Ezechie-

979 578 1075 606 1em⁶z
1091 581 1125 607 In
1140 583 1228 608 monte
1242 583 1352 610 sublimi
1367 585 1453 612 Israel
1474 587 1605 620 plantabo
1626 587 1713 622 illud,
1736 589 1761 614 et

980 629 1100 661 erumpet
1116 629 1146 654 ut
1160 636 1276 664 germen,
1289 631 1313 657 et
1327 631 1414 664 faciet
1427 633 1559 665 fructum.
1576 634 1657 661 Mons
1672 633 1761 661 subli-

979 673 1035 701 mis
1046 675 1088 702 est
1095 674 1231 703 sublimis
1241 675 1293 704 illa
1301 678 1427 714 mansio,
1435 679 1571 708 sublimis
1580 680 1630 709 illa
1638 681 1763 709 societas

980 720 1166 757 angelorum,
1179 730 1245 758 quae
1263 723 1339 752 bene
1356 733 1443 753 mons
1461 727 1549 755 Israel
1565 727 1682 762 dicitur,
1692 728 1764 764 quia

979 767 1068 795 Israel
1080 770 1149 796 visio
1160 770 1209 797 Dei
1222 770 1439 807 interpretatur.
1457 774 1489 800 Et
1504 781 1572 801 ecce
1581 774 1679 809 angeli
1689 782 1763 802 sem-

979 821 1032 849 per
1051 817 1118 843 sunt
1136 816 1167 843 in
1181 816 1295 845 visione
1315 818 1376 855 Dei,
1400 821 1522 848 testante
1542 828 1578 849 eo
1601 821 1652 857 qui
1675 821 1715 849 ait
1733 822 1763 849 in

981 861 1141 897 Evangelio
1157 864 1300 892 Matthaei⁷
1314 874 1320 893 :
1335 866 1433 901 Anqelz'
1448 875 1536 895 eorum
1553 875 1657 903 semper
1670 869 1764 896 vident

977 908 1076 941 faciem
1089 910 1178 937 Patris
1191 913 1255 945 mei,
1271 913 1320 947 qui
1335 913 1365 940 in
1378 915 1449 941 coelis
1465 917 1514 942 est.
1528 915 1559 942 111
1571 914 1626 943 isto
1641 915 1763 943 sublimi

979 956 1090 990 monte,
1103 956 1133 983 in
1148 957 1202 985 ista
1214 958 1337 987 sublimi
1348 960 1526 996 angelorum
1538 961 1677 990 societate
1687 964 1762 990 Deus

978 1002 1124 1038 plantavit
1138 1003 1225 1040 illud,
1241 1006 1326 1041 quod
1343 1006 1380 1034 de
1394 1015 1493 1036 massa
1508 1009 1683 1044 perditionis
1707 1009 1763 1037 ele-

981 1049 1022 1084 git
1028 1059 1036 1084 ;
1054 1050 1208 1086 plantavit,
1225 1052 1358 1088 inquam,
1370 1054 1535 1083 medullam
1547 1055 1639 1090 cedri,
1649 1056 1763 1084 medul-

979 1095 1041 1124 lam
1055 1097 1171 1132 generis
1190 1098 1324 1135 humani,
1340 1100 1372 1128 id
1392 1103 1444 1135 est,
1461 1110 1565 1130 omnes
1580 1103 1687 1131 electos
1701 1103 1761 1137 Dei,

981 1151 1110 1179 quorum
1127 1145 1250 1180 quidam
1266 1146 1296 1174 in
1319 1155 1361 1181 re,
1376 1148 1499 1183 quidam
1517 1149 1547 1176 in
1563 1157 1614 1185 spe
1638 1150 1762 1185 plantati

977 1190 1040 1225 J'am
1048 1193 1114 1219 sunt
1124 1191 1154 1219 in
1168 1193 1303 1228 angelico
1319 1196 1460 1223 monte.O
1476 1203 1542 1223 vere
1557 1204 1646 1232 super
1660 1197 1762 1225 omnia

981 1237 1150 1272 diligendus
1163 1239 1285 1275 fructus,
1302 1242 1424 1277 propter
1447 1250 1538 1278 quem
1553 1244 1614 1271 tam
1629 1244 1763 1272 sublimi-

980 1285 1024 1312 ter
1036 1285 1187 1321 plantatur
1199 1287 1296 1314 omnis
1311 1288 1434 1316 electus!
1448 1289 1584 1318 Libenter
1605 1290 1683 1318 hunc
1704 1291 1763 1319 fru-

981 1333 1060 1358 ctum
1075 1332 1234 1360 Dominum
1254 1335 1389 1362 nostrum
1403 1336 1502 1363 Jesum
1518 1336 1664 1364 Christum
1693 1346 1762 1374 por-

979 1379 1041 1405 tare
1057 1387 1226 1414 possumus,
1238 1383 1359 1417 propter
1375 1390 1465 1418 quem
1481 1382 1556 1411 inter
1566 1384 1689 1419 angelos
1699 1385 1762 1420 jam

980 1424 1011 1452 in
1026 1434 1077 1461 spe
1092 1426 1215 1461 plantati
1230 1435 1347 1456 sumus:
1364 1429 1433 1457 huic
1449 1430 1537 1458 etiam
1557 1430 1665 1459 fructui
1688 1440 1762 1459 sem-

979 1480 1032 1508 per
1048 1473 1155 1507 gratias
1170 1474 1298 1509 agimus,
1309 1476 1354 1510 cuj
1361 1484 1393 1503 us
1405 1477 1499 1511 gratia
1512 1478 1688 1513 angelorum
1699 1479 1763 1506 uni-

980 1519 1148 1547 versitatem
1182 1521 1404 1557 reintegramus.
1432 1524 1513 1551 Unde
1539 1524 1627 1559 hujus
1651 1525 1762 1553 fructus

980 1568 1074 1594 mater
1083 1567 1254 1596 Mariabene
1265 1571 1361 1604 potest
1373 1570 1505 1605 gloriari,
1522 1574 1549 1599 et
1560 1572 1657 1600 dicere
1672 1573 1763 1601 verba

980 1612 1042 1647 illa,
1058 1621 1124 1649 quae
1140 1614 1243 1642 beatus
1261 1616 1437 1651 Bernardus,
1454 1618 1539 1653 quasi
1550 1626 1586 1646 ex
1602 1627 1653 1646 ore
1666 1619 1763 1647 Mariae

979 1659 1116 1695 loquens,
1133 1661 1173 1689 ait
1190 1671 1196 1689 :
1214 1673 1227 1686 <r
1240 1663 1447 1698 Angelicarum
1462 1665 1690 1700 generationum
1706 1674 1762 1693 nu-

979 1715 1078 1734 merus
1092 1716 1146 1743 per
1161 1717 1262 1736 meum
1277 1712 1451 1745 generatum
1475 1711 1714 1748 reintegrabitur,
1736 1715 1764 1741 et

978 1753 1136 1782 hominum
1152 1756 1314 1791 generatio,
1336 1765 1390 1793 per
1408 1758 1503 1786 Adam
1523 1759 1694 1794 maledicta,
1710 1768 1763 1796 per

980 1801 1170 1829 benedictum
1189 1802 1317 1830 fructum
1338 1805 1448 1832 ventris
1472 1805 1530 1833 mei
1558 1806 1598 1834 ad
1621 1808 1761 1835 aeternam

979 1847 1195 1876 beatitudinem
1209 1851 1442 1885 regenerabitur.
1455 1861 1468 1877 »

1016 1895 1209 1930 Duodecimo,
1223 1897 1398 1933 charissimi,
1414 1899 1596 1927 necessarius
1612 1902 1654 1928 est
1666 1900 1761 1928 Mariae

979 1941 1090 1969 fructus
1111 1942 1285 1970 benedictus
1313 1944 1352 1972 ad
1376 1946 1634 1981 perpetuationem
1659 1947 1761 1982 gloriae

979 1989 1136 2023 aeternalis,
1152 1998 1217 2025 quae
1232 1992 1341 2018 aeterna
1356 1999 1417 2018 non
1440 1994 1525 2027 esset,
1541 1992 1597 2020 nisi
1614 2001 1667 2029 per
1681 1994 1761 2021 hunc

979 2036 1106 2063 fructum
1121 2039 1355 2065 conservaretur.
1378 2038 1459 2066 Unde
1482 2039 1589 2067 dicitur
1598 2031 1634 2067 in
1650 2042 1761 2068 Prover-

980 2083 1032 2110 bz'z's
1045 2084 1055 2100 ⁸
1072 2092 1078 2110 :
1095 2084 1209 2111 Fructus
1217 2084 1301 2119 justi,
1314 2085 1418 2119 lignum
1432 2087 1505 2113 vitce.
1520 2086 1635 2121 Optime
1650 2087 1762 2115 fructus

980 2129 1033 2157 iste
1055 2130 1150 2157 dictus
1170 2132 1213 2158 est
1233 2130 1347 2166 lignum
1371 2131 1445 2166 vitre,
1470 2132 1541 2168 quia
1556 2133 1629 2161 sicut
1646 2134 1761 2169 lignum

979 2176 1034 2204 suit
1050 2177 1088 2204 ad
1104 2178 1341 2205 conservandam
1360 2178 1452 2206 vitam
1473 2179 1640 2208 naturalem
1663 2181 1693 2208 in
1708 2189 1761 2217 pa-

979 2224 1079 2251 radiso
1095 2224 1233 2257 terrestri,
1249 2225 1289 2252 sic
1312 2224 1442 2253 Christus
1461 2228 1503 2253 est
1526 2226 1566 2253 ad
1587 2235 1763 2256 conservan-

980 2271 1051 2299 dam
1071 2271 1163 2298 vitam
1173 2271 1340 2298 aeternalem
1351 2272 1380 2298 in
1402 2273 1541 2308 paradiso
1553 2274 1673 2302 coelesti.
1698 2276 1763 2303 Haec

980 2326 1051 2353 ergo
1073 2320 1153 2345 tanta
1173 2318 1272 2353 bona,
1294 2326 1360 2354 quae
1382 2327 1434 2354 per
1455 2319 1645 2349 benedictum
1669 2322 1762 2350 Mariae

980 2365 1107 2392 fructum
1122 2365 1343 2400 consequimur,
1359 2365 1532 2394 benedictus
1546 2367 1592 2395 ille
1606 2368 1762 2396 Anselmus

979 2411 1056 2439 bene
1072 2411 1208 2445 advertIt,
1224 2419 1292 2439 cum
1305 2412 1393 2439 dixit:
1412 2422 1424 2437 «
1438 2414 1500 2441 llaec
1516 2415 1597 2442 tanta
1611 2415 1693 2442 bona
1710 2423 1762 2451 per

980 2458 1172 2486 benedictum
1186 2458 1315 2486 fructum
1334 2459 1483 2487 benedicti
1499 2461 1606 2488 ventris
1620 2461 1762 2489 benedic-

980 2507 1015 2533 tae
1031 2505 1125 2533 Mariae
1140 2507 1376 2541 provenerunt.»

1017 2553 1062 2580 Sic
1077 2560 1159 2587 ergo,
1181 2552 1357 2587 charissimi,
1384 2553 1516 2588 audistis,
1541 2555 1696 2590 quomodo
1712 2556 1763 2584 be-

979 2599 1114 2627 nedictus
1129 2599 1240 2626 fructus
1253 2599 1349 2627 Mariae
1364 2600 1547 2628 necessarius
1561 2602 1684 2630 omnino
1700 2606 1760 2631 est:

979 2646 1087 2681 primo,
1109 2646 1147 2673 ad
1171 2646 1350 2682 expiandam
1374 2647 1494 2683 culpam
1515 2649 1692 2685 mortalem,
1717 2658 1761 2677 se-

1010 2706 1043 2734 (α)
1062 2705 1122 2728 Coet.
1140 2705 1200 2728 ellit.
1218 2709 1398 2736 cooperantur.

1793 354 1885 375 Fructus

1791 385 1867 406 Μαι-ἰῶ

1778 421 1882 437 necessa-

1777 447 1822 466 rius
1855 448 1882 468 ad

1777 480 1883 499 restaura-

1789 509 1871 530 tionem

1793 541 1863 562 ruina}

1789 577 1867 599 empy-

1790 605 1864 626 realis.

1790 1919 1883 1939 Fructus

1790 1950 1865 1970 Marias

1776 1986 1880 2001 necessa-

1787 2011 1832 2031 rius
1847 2011 1874 2031 ad

1776 2043 1885 2068 perpetui-

1797 2075 1863 2094 tatem

1777 2104 1860 2129 gloriae.

1809 2572 1881 2602 E'pilu«

1779 2615 1828 2635 gus.
