2029 3052
596 264 646 296 Dm
668 262 844 303 QUINQUE
864 260 1192 295 FESTlVITA'l'lBUS
1216 260 1335 293 PUERI
1359 258 1465 292 JESU.

221 335 306 377 quod
323 333 473 388 proponis
488 342 496 364 :
512 331 722 371 intolerabile,
740 331 826 372 quod
840 331 933 369 sacis;
951 330 1001 362 vi-

220 398 271 421 res
296 389 354 421 tibi
372 397 438 419 non
460 387 646 428 suppetunt,
675 386 812 417 virtutes
837 384 1001 416 naturales

221 443 383 480 deficiunt,
399 442 494 482 caput
506 440 725 479 confunditur,
738 439 822 471 oculi
832 439 1002 471 destruun-

220 499 285 537 tur,
317 495 519 528 infirmitates
555 494 769 526 diversimode
797 493 999 531 nutriuntur,

223 551 349 592 phtisis,
365 549 531 591 paralysis,
549 548 706 587 calculus,
723 549 754 579 et
769 547 898 587 vertigo
915 546 1003 587 capi-

221 605 272 645 tis,
300 604 469 636 oculorum
497 602 618 642 caligo,
642 611 798 633 sensuum
826 601 1000 639 habetudo,

221 659 353 691 rationis
373 656 584 696 obnubilatio,
608 657 639 688 et
659 656 780 688 virium
797 655 969 687 destructio
992 666 999 685 ι

221 713 272 745 his
286 712 436 744 omnibus
451 711 521 751 subj
527 709 643 748 acebis,
657 710 719 741 nisi
730 710 770 741 ab
778 709 925 750 incoeptis
935 709 1004 740 abs-

221 767 334 806 tineas,
351 768 383 797 et
397 765 566 797 commodo
582 764 740 805 corporali
751 764 890 804 amplius
900 763 1004 794 inten-

221 821 288 853 das.
304 820 430 852 Statum
446 821 541 851 tuum
555 828 622 850 non
637 819 748 850 decent
759 818 848 856 talia;
863 826 920 858 per
932 817 1003 848 haec

221 875 414 907 diminuitur
429 874 534 905 honor
550 874 637 912 tuus,
655 874 686 904 et
703 871 894 904 reverentia.
909 870 1004 902 Vides

222 929 308 970 quod
320 930 389 969 ¹iam
403 928 507 959 factus
523 928 570 958 est
585 926 742 966 magister
763 925 952 965 disciplinae,
972 926 1004 955 et

223 983 365 1015 medicus
388 981 540 1023 corporis,
564 980 621 1021 qui
647 989 705 1011 nec
728 988 834 1011 mores
857 978 1005 1019 proprios

224 1045 416 1078 componere
430 1035 534 1074 novit,
546 1043 605 1066 nec
619 1043 732 1065 curare
745 1033 908 1074 propriam
918 1032 1005 1063 infir-

223 1092 369 1123 mitatem
384 1090 521 1122 mentis‘?
535 1089 616 1128 Heu,
633 1089 709 1127 heu,
726 1089 805 1128 quot
820 1089 851 1118 et
867 1088 1005 1128 quantos

225 1146 392 1178 maledicta
407 1144 624 1176 mundialium
640 1142 771 1174 consilia
783 1141 1006 1182 supplantave-

223 1202 311 1238 runt,
328 1201 360 1230 et
375 1200 566 1239 conceptum
582 1197 616 1228 in
632 1197 678 1228 eis
694 1206 750 1237 per
765 1195 922 1236 Spiritum
936 1204 1007 1226 san-

223 1256 312 1285 ctum
328 1253 382 1284 Dei
396 1252 513 1284 Filium
528 1251 757 1283 extinxerunt!
784 1249 859 1281 Haec
883 1251 931 1280 est
952 1249 1006 1280 illa

224 1309 310 1349 potio
326 1308 444 1338 misera
458 1309 489 1338 et
504 1306 679 1343 mortifera,
703 1304 867 1345 persuasio
892 1303 1006 1335 diaho-

223 1362 294 1401 lica,
311 1370 384 1402 quae
407 1361 440 1392 in
460 1360 570 1392 multis
593 1359 793 1400 spiritualem
813 1359 1004 1397 conceptum

223 1416 366 1456 impedit,
390 1416 424 1446 in
450 1415 610 1455 plerisque
635 1414 825 1453 conceptum
850 1413 921 1451 Jam
949 1420 1007 1451 per

224 1470 424 1510 propositum
449 1469 636 1505 formatum,
663 1467 711 1499 vel
730 1476 787 1507 per
806 1468 920 1498 votum
937 1466 1005 1505 jam

224 1524 412 1565 perfectum,
429 1523 581 1554 interficit
606 1524 636 1553 et
661 1521 836 1561 extinguit.
855 1520 917 1551 Sed
932 1521 1007 1550 sunt

225 1580 255 1609 et
270 1578 339 1617 alii,
354 1577 410 1618 qui
423 1577 585 1614 videntur,
610 1577 641 1606 et
662 1575 742 1606 sorte
766 1577 854 1613 sunt,
878 1574 954 1604 boni
977 1576 1008 1605 et

224 1632 386 1672 religiosi;
404 1631 459 1663 sed
473 1632 592 1668 tamen,
614 1629 703 1661 salva
723 1637 837 1659 eorum
860 1637 1008 1660 reveren-

224 1686 281 1724 tia,
307 1685 406 1716 nimis
429 1684 544 1722 timidi,
560 1692 626 1714 non
642 1682 841 1713 attendentes
860 1681 1007 1712 nondum

225 1739 445 1772 abbreviatam
463 1747 597 1769 manum
610 1736 748 1774 Domini,
766 1739 803 1767 ut
817 1736 941 1768 salvare
955 1746 1008 1768 ne-

226 1796 333 1834 queat,
346 1802 404 1824 nec
412 1792 649 1824 considerantes
659 1790 804 1821 nondum
814 1790 1007 1822 diminutam

226 1848 376 1888 pietatem
392 1845 560 1884 Altissimi,
579 1845 658 1885 quin
674 1846 791 1884 juvare
806 1845 930 1882 valeat,
948 1845 1007 1876 ha-

228 1901 332 1933 bernes
346 1901 452 1933 zelum
463 1901 524 1932 Dei
538 1901 558 1938 ¹,
571 1899 628 1931 sed
641 1907 706 1931 non
720 1898 894 1930 secundum
906 1899 1009 1930 scien—

228 1956 319 1994 tiam,
335 1955 414 1986 dum
435 1963 475 1985 ex
494 1954 712 1994 compassione
732 1954 906 1994 corporalis
927 1954 1009 1984 alssi-

227 2009 359 2047 ctionis,
380 2008 432 2040 vel
451 2008 532 2039 forte
548 2017 589 2038 ex
605 2008 721 2038 timore
746 2007 903 2038 naturalis
923 2007 1009 2038 defe-

227 2063 358 2102 ctionis,
387 2062 465 2093 dum
491 2061 571 2093 alios
600 2061 710 2093 vident
734 2061 870 2092 viriliter
897 2070 1006 2101 agere,

227 2117 313 2157 quod
328 2116 389 2157 ipsi
401 2117 469 2156 Jam
487 2115 609 2147 dudum
625 2115 747 2146 bonum
761 2117 791 2145 et
803 2117 950 2146 sanctum
957 2116 1010 2156 jn-

228 2170 384 2208 dicabant,
409 2172 439 2201 et
461 2171 569 2200 tamen
582 2178 646 2200 non
662 2169 822 2200 audebant
842 2169 1006 2208 inchoare,

228 2224 396 2254 retrabunt
410 2223 558 2254 homines
573 2223 613 2253 ab
628 2223 779 2262 operibus
794 2223 1006 2262 perfectionis.

228 2277 417 2309 Dissuadent
439 2286 486 2315 ea,
509 2286 582 2317 quae
606 2277 767 2308 excedunt
792 2278 911 2307 statum
934 2277 1008 2308 vitre

229 2330 412 2362 communis
424 2341 431 2368 ;
447 2330 616 2361 destruunt
627 2332 736 2361 sancta
750 2330 880 2361 consilia
891 2331 1009 2362 divina}

230 2385 468 2425 inspirationis:
485 2393 624 2424 quorum
646 2384 777 2415 consilia
791 2385 915 2415 ratione
933 2385 1009 2415 vitae

228 2440 349 2479 quanto
365 2438 470 2477 magis
485 2439 559 2468 sunt
573 2437 755 2468 authentica
769 2438 820 2477 (a),
839 2440 925 2469 tanto
942 2448 1008 2469 ma-

231 2493 282 2532 gis
300 2492 510 2524 inveniuntur
530 2492 719 2532 periculosa.
744 2491 808 2522 Alii
831 2492 952 2531 dicunt,
980 2495 1010 2523 et

229 2546 370 2577 multum
393 2545 503 2576 callide
529 2554 569 2576 ex
592 2545 715 2585 antiqui
739 2545 839 2576 hostis
854 2546 1008 2577 adinven—

230 2600 315 2631 tione
336 2599 492 2640 objiciunt
517 2610 524 2631 2
549 2598 582 2629 Si
604 2599 695 2637 talia,
710 2599 763 2631 vel
777 2599 868 2639 talia,
883 2600 1008 2639 feceris,

230 2656 360 2685 sanctus
373 2656 403 2685 et
417 2654 532 2692 bonus,
550 2653 718 2693 religiosus
733 2655 764 2684 et
778 2653 912 2686 devotus
923 2655 1009 2694 ,iudi-

231 2709 364 2741 caheris.
378 2708 418 2740 Et
433 2718 508 2740 cum
524 2709 555 2739 in
573 2710 602 2740 te
615 2709 760 2740 nondum
773 2708 824 2747 sit,
841 2708 926 2748 quod
940 2718 1008 2740 esse

262 2773 272 2788 θ
287 2772 364 2802 Rom„
380 2778 406 2802 x,
423 2774 446 2796 2.

1781 263 1834 291 141

1056 329 1091 360 in
1105 329 1175 360 aliis
1190 328 1324 370 putaris,
1340 328 1374 359 in
1391 329 1564 368 conspectu
1584 326 1704 358 summi
1720 326 1840 359 Judicis

1056 384 1113 414 tua
1128 392 1248 423 magna
1266 382 1460 423 gravamina
1477 381 1527 422 (b),
1546 383 1576 413 et
1590 381 1751 412 horrenda
1767 390 1839 422 pec-

1057 439 1127 469 cata
1148 437 1382 476 cognoscentis,
1409 445 1484 468 reus
1508 435 1581 475 eris,
1605 437 1636 466 et
1659 435 1786 467 amittes
1802 436 1841 476 (c)

1058 491 1210 522 meritum
1235 491 1352 531 operis,
1378 493 1409 522 et
1433 489 1602 521 simulator
1622 491 1655 520 et
1672 489 1842 530 hypocrita

1057 544 1266 585 reputaberis.
1284 544 1372 576 Talia
1388 546 1419 576 et
1433 544 1550 575 similia
1567 543 1720 575 exercitia
1731 543 1842 574 dicunt

1058 599 1171 630 debere
1187 608 1256 630 esse
1270 599 1412 638 illorum,
1424 599 1482 639 qui
1496 598 1578 629 nihil
1592 597 1669 629 mali
1683 597 1839 636 fecerunt,

1057 653 1115 694 qui
1127 657 1233 684 sancte
1245 655 1277 684 et
1286 653 1472 684 innocenter
1485 653 1650 692 vixerunt,
1663 651 1719 692 qui
1733 651 1842 683 omnia

1058 709 1188 748 propter
1204 707 1303 738 Deum
1317 706 1529 746 dimiserunt,
1545 707 1599 747 qui
1616 708 1681 737 toto
1698 708 1841 746 tempore

1057 761 1132 793 vitae
1148 770 1216 793 suae
1232 761 1295 793 Deo
1318 761 1455 801 perfecte
1476 760 1692 792 adhaeserunt.
1722 760 1784 791 Sed
1810 761 1842 791 et

1057 815 1128 853 hos,
1156 816 1219 847 Deo
1241 815 1356 847 devota
1379 816 1411 846 et
1434 814 1549 845 dilecta
1572 814 1693 852 anima,
1721 814 1840 853 devita,

1059 871 1202 901 montem
1223 869 1358 901 ascende
1386 877 1459 899 cum
1495 868 1606 899 Maria.
1637 867 1755 899 Paulus
1778 876 1843 899 non

1060 923 1129 955 sine
1144 923 1278 964 peccatis
1294 922 1430 962 vixerat,
1448 932 1514 954 non
1534 922 1590 953 diu
1602 922 1666 953 Deo
1677 922 1842 961 servierat,

1059 977 1187 1017 quando
1203 977 1238 1008 in
1252 977 1384 1008 tertium
1399 976 1517 1008 coelum
1531 976 1727 1017 rapiebatur,
1742 977 1773 1007 et
1787 975 1844 1007 Do-

1060 1031 1187 1062 minum
1219 1031 1298 1062 facie
1335 1031 1373 1061 ad
1409 1031 1523 1061 faciem
1552 1029 1842 1070 contemplabatur.

1060 1085 1161 1116 Maria
1182 1084 1374 1124 Magdalena
1397 1086 1462 1115 tota
1483 1084 1633 1124 superba,
1658 1085 1725 1114 tota
1740 1083 1843 1114 ambi-

1061 1139 1151 1178 tiosa,
1183 1141 1249 1171 tota
1277 1139 1452 1170 mundanis
1480 1138 1679 1169 vanitatibus
1707 1139 1841 1177 intenta,

1062 1194 1168 1224 carnis
1178 1193 1405 1234 cupiditatibus
1415 1192 1531 1231 dedita,
1542 1201 1607 1223 non
1618 1192 1715 1231 longe
1725 1194 1795 1232 post
1805 1192 1845 1222 ad

1062 1248 1156 1288 pedes
1171 1247 1247 1279 Jesu
1267 1247 1350 1278 inter
1373 1246 1533 1287 apostolos
1553 1248 1677 1277 sanctos
1697 1246 1788 1284 sedit,
1812 1248 1844 1276 et

1062 1311 1136 1333 cum
1161 1301 1338 1332 intentione
1364 1301 1512 1333 devotam
1536 1300 1713 1331 doctrinam
1740 1300 1843 1340 perfe-

1063 1356 1175 1387 ctionis
1196 1356 1331 1388 audivit.
1357 1355 1466 1386 Prima
1492 1354 1640 1385 omnium
1661 1354 1695 1384 in
1719 1354 1844 1385 modico

1063 1412 1206 1450 tempore
1222 1409 1330 1441 videre
1346 1409 1446 1440 Deum
1463 1409 1592 1446 meruit,
1617 1408 1753 1449 aliisque
1770 1417 1841 1439 ver-

1063 1465 1104 1495 ba
1120 1464 1263 1496 veritatis
1278 1465 1461 1495 constanter
1479 1463 1654 1503 proposuit.
1672 1462 1742 1494 Non
1757 1463 1844 1494 euim

1063 1520 1109 1549 est
1129 1527 1340 1558 personarum
1362 1517 1446 1548 Deus
1469 1519 1625 1557 acceptor,
1647 1525 1712 1547 non
1735 1519 1847 1557 pensat

1063 1572 1262 1604 nobilitatem
1280 1571 1422 1611 generis,
1436 1580 1502 1602 non
1515 1570 1760 1601 diuturnitatem
1771 1572 1848 1601 tem—

1064 1626 1162 1667 poris,
1179 1635 1244 1657 non
1260 1625 1503 1657 multitudinem
1519 1625 1639 1665 operis;
1664 1625 1717 1656 sed
1737 1626 1843 1657 fervo-

1064 1690 1134 1712 rem
1149 1680 1350 1721 ampliorem,
1371 1682 1402 1710 et
1420 1679 1608 1710 charitatem
1622 1680 1779 1719 majorem
1793 1679 1849 1710 de-

1064 1737 1149 1767 votae
1168 1734 1295 1766 mentis.
1320 1733 1391 1764 Non
1411 1733 1498 1764 enim
1519 1735 1642 1773 pensat,
1666 1733 1769 1774 qualis
1789 1733 1848 1764 ali-

1066 1789 1194 1830 quando
1211 1788 1310 1826 suisti,
1328 1788 1382 1819 sed
1396 1787 1499 1828 qualis
1519 1796 1588 1818 esse
1610 1787 1726 1818 amodo
1751 1788 1849 1828 coepi-

1066 1843 1117 1874 sti.
1136 1842 1224 1873 Unde
1237 1842 1329 1873 aliter
1345 1841 1581 1872 consulentium
1596 1841 1727 1872 consilia
1741 1845 1847 1873 essent

1066 1897 1205 1927 multum
1229 1894 1503 1936 reprehensibilia,
1529 1894 1555 1924 si
1572 1903 1636 1924 11011
1652 1903 1844 1926 excusaren-

1067 1953 1118 1981 tur
1141 1950 1353 1990 simplicitate,
1377 1949 1449 1979 licet
1473 1957 1537 1979 non
1565 1948 1782 1988 approbanda.
1798 1948 1846 1980 'l'u

1066 2014 1157 2044 ergo,
1174 2013 1192 2034 0
1208 2004 1326 2041 anima,
1342 2003 1452 2034 divino
1467 2002 1587 2033 semine
1604 2002 1752 2042 gravida,
1769 2003 1846 2042 fuge

1066 2059 1192 2091 indocta
1207 2057 1348 2089 consilia.
1375 2057 1409 2088 Si
1434 2066 1500 2087 non
1520 2057 1618 2087 habes
1642 2057 1751 2087 oculos
1773 2056 1845 2097 lyn-

1067 2122 1150 2150 ceOS,
1166 2112 1232 2143 noli
1247 2111 1384 2151 abjicere
1399 2111 1572 2141 humanos.
1590 2110 1701 2141 Melius
1717 2112 1763 2141 est
1778 2119 1847 2151 par-

1067 2171 1132 2199 tem
1156 2168 1285 2204 habere,
1310 2175 1408 2206 qnam
1429 2168 1493 2196 toto
1515 2174 1632 2196 carere.
1660 2165 1780 2196 Malum
1802 2168 1848 2196 est

1067 2221 1199 2262 perdere
1226 2222 1355 2260 propter
1379 2219 1566 2259 perdidisse3
1593 2221 1624 2250 et
1644 2219 1779 2249 stultum
1802 2221 1850 2249 est

1067 2275 1151 2306 nolle
1166 2275 1319 2314 proficere
1335 2274 1464 2313 propter
1479 2273 1639 2303 defecisse.
1661 2272 1693 2303 Si
1709 2282 1774 2303 non
1790 2282 1845 2312 po-

1068 2332 1116 2360 tes
1129 2328 1245 2359 salvari
1260 2336 1315 2368 per
1329 2327 1557 2365 innocentiam,
1582 2327 1709 2358 studeas
1731 2326 1848 2358 salvari

1067 2391 1123 2422 per
1135 2381 1365 2422 poenitentiam.
1385 2380 1418 2412 Si
1435 2390 1499 2411 nou
1515 2383 1602 2420 potes
1619 2390 1687 2411 esse
1702 2380 1849 2411 Cathari-

1067 2446 1120 2473 na,
1137 2436 1189 2468 vel
1204 2435 1338 2474 Caecilia,
1362 2444 1425 2466 non
1450 2438 1636 2466 contemnas
1657 2444 1726 2465 esse
1750 2434 1850 2465 MarIa

1067 2489 1267 2529 Magdalena,
1284 2489 1337 2520 vel
1353 2488 1552 2529 AEgyptiaca.
1571 2489 1603 2519 Si
1618 2488 1781 2528 perdidisti
1793 2489 1847 2528 ju-

1067 2546 1244 2582 ventutem,
1268 2543 1334 2575 noli
1354 2544 1500 2574 amittere
1525 2545 1732 2574 senectutem.
1750 2542 1783 2573 Si
1800 2542 1848 2573 vi-

1067 2598 1142 2629 xisti
1164 2598 1198 2628 in
1223 2597 1321 2628 maris
1341 2597 1503 2636 fluctibus,
1522 2597 1669 2628 moriaris
1685 2596 1718 2627 in
1733 2596 1850 2626 littoris

1067 2651 1197 2683 finibus.
1215 2650 1317 2690 Igitur
1340 2650 1366 2680 si
1386 2652 1415 2681 te
1436 2650 1545 2689 sentis,
1562 2655 1670 2681 sancto
1688 2648 1850 2690 proposito

1100 2734 1131 2763 (a)
1149 2733 1189 2757 Al.
1205 2732 1355 2757 auctentica.
1367 2744 1398 2750 —
1413 2731 1445 2762 (b)
1460 2732 1520 2756 Cael.
1535 2732 1597 2756 edil.
1613 2732 1701 2763 gratia.
1716 2745 1745 2749 —
1763 2731 1791 2762 (c)
1809 2730 1849 2754 ΑΙ.

1070 2770 1172 2794 aillittis.
