2029 3052
675 208 725 241 DE
746 206 955 240 SANDALIIS
976 207 1282 243 APOSTOLORUM.

171 279 265 312 soleis
286 278 340 312 vel
358 277 529 320 petonibus
543 277 592 309 uti
602 276 686 318 jussi
699 278 786 308 sunt.
799 287 813 305 n
827 275 906 307 Item
916 274 951 306 in

170 333 254 365 libro
276 332 371 365 Josue
394 332 510 364 dicitur
527 332 536 350 ¹
560 340 568 363 ε
597 330 686 365 Solve
702 330 950 363 calceamentum

170 389 263 420 tuum
277 386 316 420 de
331 385 467 427 pedibus
478 387 556 425 tuis,
568 387 627 418 etc.
643 384 751 417 Glossa
765 395 772 416 z
798 396 812 414 (ι
827 383 865 415 Hi
876 384 951 415 sunt

169 441 276 482 pedes,
293 450 374 482 quos
388 441 467 473 lavit
485 440 589 473 Jesus.
608 450 624 469 1)
644 438 716 471 Νο11
731 441 838 470 autem
854 437 951 478 igno-

169 496 221 526 rat
241 494 413 535 prudentia
443 496 516 533 tua,
540 493 714 525 Dominum
742 491 851 524 Jesum
885 499 951 522 non

170 549 296 580 tamtum
320 548 415 589 pedes
438 547 655 590 apostolorum
683 545 875 587 spirituales,
897 545 952 577 sed

171 602 267 634 etiam
288 601 469 643 corporales
491 601 659 634 humiliter
685 600 835 632 abluisse.
863 599 952 631 Patet

170 656 267 688 etiam
282 658 444 698 postremo
460 665 517 697 per
531 655 712 696 gloriosum
725 653 841 687 Christi
854 653 952 694 signi-

170 709 277 742 ferum
294 709 515 749 Franciscum,
531 709 588 751 qui
602 708 724 750 Spiritu
737 709 846 740 sancto
858 716 949 740 reve-

169 763 256 796 lante
269 788 277 802 ‚
294 765 390 805 juxta
410 763 582 795 litteralem
595 762 793 794 intellectum
808 761 951 802 praedicti

169 818 340 859 praecepti,
363 817 509 849 ordinem
523 826 620 848 suum
637 819 668 848 et
683 816 834 857 regulam
857 815 951 847 insti-

170 871 248 911 tuit,
272 871 407 904 Domino
430 873 618 912 cooperante
634 873 664 903 et
681 877 858 903 sermonem
881 877 954 902 con-

170 926 324 966 firmante
349 926 552 966 sequentibus
570 925 676 966 siquis
690 925 712 964 ²,
730 926 761 956 et
777 925 872 956 etiam
887 933 953 955 ser-

171 979 270 1012 vavit.
290 979 330 1011 Et
350 981 445 1020 juxta
463 979 551 1010 hunc
574 978 771 1010 intellectum
792 987 849 1019 per
865 987 898 1009 se
913 979 950 1009 ad

171 1034 406 1075 providentiam
427 1033 530 1073 signis
549 1032 805 1073 praecedentibus
832 1032 952 1063 confir—

170 1088 346 1120 mationem
371 1087 490 1119 meruit
519 1087 675 1118 obtinere.
712 1085 869 1117 Caeterum
884 1109 892 1124 ‚
925 1086 953 1116 si

170 1143 331 1183 praecepta
351 1141 538 1181 evangelica
561 1141 600 1172 de
623 1149 690 1172 non
714 1139 878 1180 portandis
892 1139 953 1170 cal-

170 1196 343 1227 ceamentis
366 1195 575 1236 spiritualiter
595 1197 722 1226 tantum
741 1194 782 1225 ab
803 1194 953 1234 apostolis

171 1248 330 1280 intellecta
350 1249 480 1281 fuerunt
498 1251 530 1280 et
550 1250 693 1286 servata,
719 1257 798 1288 ergo
820 1250 852 1278 et
874 1247 953 1279 illud

171 1303 257 1343 quod
282 1303 404 1335 ibidem
424 1303 578 1335 inseritur
594 1303 604 1320 ³
621 1313 628 1334 ε
648 1303 754 1335 Gratis
769 1302 952 1342 accepistis,

170 1358 277 1397 oratis
303 1357 400 1397 date‚·
425 1359 456 1388 et
483 1357 563 1388 iilud
585 1357 595 1374 ³
619 1366 627 1388 z
656 1356 807 1396 Infirmos
831 1359 952 1393 curate,

171 1414 312 1444 mortuos
322 1412 476 1444 suscitate
485 1420 498 1452 ,·
507 1413 537 1442 et
545 1410 621 1442 illud
633 1410 658 1442 ¹⁹:
671 1410 777 1442 Nolite
788 1409 953 1450 possidere

172 1473 289 1497 aurum
302 1490 310 1503 ‚
328 1473 428 1506 neque
452 1467 635 1505 amentum,
656 1466 714 1495 etc.
743 1463 833 1501 Quod
856 1472 953 1504 quam

172 1519 386 1559 perniciosum
406 1519 461 1558 sit,
478 1521 509 1550 et
530 1518 726 1558 evangelicae
747 1517 876 1549 veritati
899 1517 954 1548 ad-

173 1581 316 1612 versum,
328 1576 385 1604 tua
397 1573 510 1613 peritia
520 1581 586 1604 non
598 1571 738 1611 ignorat.
750 1570 820 1609 Ubi,
831 1580 951 1611 quaeso,

172 1629 255 1658 esset
268 1627 348 1658 illud
368 1627 454 1658 Petri
466 1629 476 1646 ⁵
490 1634 498 1657 :
513 1627 691 1667 Arqentum
707 1628 735 1658 et
750 1633 867 1657 aurum
887 1631 953 1656 non

172 1684 220 1714 est
236 1680 320 1713 mihi
327 1681 344 1712 Ρ
359 1683 390 1712 et
404 1681 484 1712 illud
498 1680 508 1698 ⁸
527 1689 534 1711 :
551 1681 692 1712 Pecunia
707 1683 766 1712 tua
786 1682 889 1711 tecum
908 1679 953 1711 sit

172 1736 210 1767 in
221 1734 451 1775 perditionem,
464 1735 617 1774 quoniam
631 1733 751 1766 donum
763 1733 822 1765 Det
836 1733 952 1764 existi—

170 1790 271 1821 masti
288 1789 428 1829 pecunia
445 1787 608 1827 possideri
616 1797 629 1827 ;
643 1790 674 1818 et
694 1787 774 1818 illud
787 1787 797 1803 ⁷
820 1797 827 1817 z
846 1787 950 1818 Dans-

170 1851 229 1883 que
251 1842 304 1874 uu
327 1850 460 1874 manum
481 1843 582 1874 erexit
597 1849 682 1879 eam,
699 1841 734 1871 in
747 1840 951 1871 suscitatione

169 1896 336 1928 Tabithae‘?
353 1895 430 1927 Haec
451 1905 532 1935 ergo
553 1896 581 1926 si
599 1895 639 1926 ab
655 1894 804 1935 apostolis
821 1894 953 1926 fuerunt

168 1950 329 1982 intellecta
352 1949 393 1981 ad
413 1949 553 1981 litteram
566 1973 574 1987 ,
599 1951 630 1980 et
653 1950 799 1987 servata,
822 1957 902 1988 ergo
920 1950 952 1979 et

171 2005 252 2036 illud
277 2005 316 2036 de
339 2004 562 2035 calceamentis
576 2004 616 2035 ab
633 2003 781 2044 apostolis
795 2012 859 2034 non
872 2012 950 2043 por-

170 2059 288 2098 tandis,
305 2067 379 2099 quae
392 2058 553 2099 praedictis
568 2057 636 2089 sine
646 2057 751 2089 medio
761 2060 951 2089 connectun-

169 2115 235 2144 tur.
258 2112 417 2144 Praeterea
445 2111 545 2143 Graeci
568 2111 778 2152 praedicantes
800 2111 949 2151 Evange-

169 2167 270 2206 lium,
285 2175 366 2208 quos
384 2168 520 2197 cernunt
531 2165 701 2206 pecuniam
715 2174 780 2196 non
795 2166 948 2206 accipere,

170 2231 230 2253 nec
252 2221 406 2253 calceatos
429 2221 593 2259 incedere,
624 2220 677 2251 sed
707 2220 868 2259 sandaliis,
898 2220 950 2252 vel

170 2275 265 2307 soleis
279 2276 338 2312 uti,
351 2275 553 2316 Apostolicos
567 2277 768 2314 nuncupant,
780 2276 811 2306 et
819 2277 854 2306 ut
863 2274 952 2306 Chri-

171 2331 212 2362 sti
234 2330 407 2371 discipulos
440 2333 648 2361 venerantur.
679 2329 826 2360 Monachi
852 2329 949 2361 etiam

172 2384 282 2423 lndiae,
301 2384 384 2415 sicut
398 2384 450 2415 ille
464 2383 574 2415 retulit
589 2383 680 2421 mihi,
703 2384 759 2423 qui
773 2383 867 2422 vidit,
885 2383 949 2415 cal-

172 2438 346 2471 ceamentis
361 2448 426 2470 non
442 2439 593 2477 utuntur,
609 2437 704 2469 nudis
718 2437 852 2477 pedihus
866 2438 950 2469 ince-

171 2494 294 2525 dentes.
318 2492 394 2524 Haec
417 2495 527 2524 autem
548 2492 660 2533 scripsi
674 2494 739 2523 tuae
763 2493 897 2533 peritiae,
914 2496 950 2525 ut

172 2547 212 2578 de
239 2549 355 2579 caetero
379 2549 490 2579 contra
512 2548 558 2578 tot
584 2548 616 2578 et
639 2548 728 2578 tanta
756 2547 947 2587 testimonia,

207 2650 211 2662 ¹
227 2648 288 2680 los,
307 2654 332 2679 v,
349 2650 385 2673 16.
401 2661 432 2666 -
450 2648 460 2664 ²
474 2648 510 2672 Ex
529 2647 619 2678 Mare„
640 2653 701 2678 xw,
721 2649 760 2672 20.
776 2661 805 2667 —-
821 2648 831 2665 ³
848 2649 949 2680 Mami„

174 2690 202 2714 x,
217 2685 241 2708 8.
255 2697 286 2702 —
306 2684 316 2700 Α
332 2684 408 2714 ibid„
429 2685 452 2708 9.
468 2697 499 2701 -
517 2684 525 2699 ⁵
542 2683 608 2714 Act„
623 2689 671 2715 111,
689 2686 711 2708 6.
727 2697 758 2702 —
776 2685 786 2700 ὃ
806 2684 873 2716 Act„
892 2692 949 2717 vm,

174 2720 213 2744 20.
233 2733 262 2737 —
280 2719 291 2735 '⁷
307 2720 374 2750 Act„
398 2726 439 2751 lx,
461 2722 499 2744 41.
516 2733 546 2736 —
565 2720 573 2733 ⁸
591 2720 678 2750 Greg.‚
699 2720 802 2749 Moml„
822 2720 895 2751 epist.
918 2723 949 2746 ad

316 2774 390 2796 TOM.
414 2774 482 2797 XIV.

1724 220 1783 250 625

1006 276 1168 310 Christum
1192 281 1223 310 et
1249 280 1320 320 ejus
1339 280 1583 320 perfectissimos
1605 284 1784 326 discipulos

1006 340 1070 363 non
1094 331 1250 374 infames,
1265 335 1297 366 et
1310 335 1507 375 evangelicae
1528 337 1670 370 veritatis
1684 349 1783 381 regu-

1005 386 1090 426 lam,
1118 389 1154 419 ut
1181 388 1239 420 lux
1263 389 1483 431 clarissimam,
1510 393 1708 433 expositione
1731 397 1785 427 tua

1006 441 1141 481 mystica
1150 451 1215 474 non
1227 443 1387 477 obscures.
1397 445 1478 477 Nam
1488 447 1665 480 secundum
1673 458 1785 490 quam-

1006 493 1080 524 dam
1105 494 1248 527 Glossam
1274 506 1372 538 super
1400 499 1611 533 Mutthoeum:
1633 513 1647 531 α
1662 500 1786 534 Pravus

1007 549 1053 578 est
1071 548 1208 589 auditor,
1226 551 1281 591 qui
1301 552 1468 585 manifesta
1491 554 1563 586 vult
1582 555 1718 588 obscure
1733 556 1783 588 in-

1006 600 1117 642 telligi.
1132 613 1147 631 »
1168 602 1277 635 Innuit
1290 605 1387 637 etiam
1403 606 1578 647 Gregorius
1593 609 1627 640 in
1648 610 1784 643 Morali-

1007 654 1076 695 bus,
1102 656 1135 687 in
1151 656 1310 690 Prooemio
1330 659 1352 698 ⁸,
1369 661 1501 693 trifariae
1523 663 1689 704 scripturae
1713 674 1784 696 mo-

1007 709 1095 741 dum.
1114 709 1196 742 Sunt
1215 712 1302 743 enim
1317 722 1390 754 quae
1405 714 1554 748 historice
1576 717 1628 749 vel
1645 718 1685 749 ad
1700 718 1784 750 litte-

1007 772 1077 794 ram
1097 764 1234 805 intelligi
1247 770 1423 808 nequeunt,
1440 771 1476 800 ut
1490 769 1567 802 illud
1583 770 1641 803 Job
1655 774 1666 792 ⁹
1685 783 1692 802 ε
1709 772 1785 806 Sus-

1004 817 1162 857 pendz'um
1175 819 1269 860 eleqtt
1284 822 1396 854 anima
1412 831 1481 855 meu
1491 833 1504 864 ;
1521 827 1552 856 et
1570 825 1648 857 illud
1664 827 1686 845 ¹⁰
1707 837 1713 857 :
1732 827 1788 859 Pe-

1006 875 1076 904 reat
1090 872 1160 905 dies
1174 874 1212 906 z'n
1225 883 1291 915 qua
1304 879 1403 909 natus
1417 885 1499 910 sum.
1517 878 1671 916 Quaedam
1685 879 1785 912 histo-

1007 926 1083 963 rice,
1109 928 1289 968 moraliter,
1307 932 1338 961 et
1351 931 1523 971 allegorice
1547 932 1785 974 intelliguntur.

1009 979 1178 1021 Quaedam,
1196 982 1230 1013 in
1244 984 1363 1024 quibus
1384 986 1440 1026 qui
1455 995 1585 1019 sensum
1599 987 1713 1021 litterae
1726 999 1787 1021 ne-

1009 1033 1114 1073 gligit,
1131 1035 1276 1068 oblatum
1300 1038 1443 1070 veritatis
1461 1040 1520 1071 sibi
1535 1041 1646 1073 lumen
1660 1043 1789 1075 abscon-

1008 1086 1064 1118 dit.
1083 1087 1210 1121 Certum
1233 1093 1280 1122 est
1305 1094 1414 1124 autem
1438 1103 1479 1125 ex
1500 1095 1660 1135 praedictis
1687 1096 1787 1128 trium

1008 1141 1287 1182 Evangelisiarum
1301 1148 1473 1179 sententias
1496 1150 1644 1190 superius
1665 1151 1787 1192 allega-

1009 1197 1067 1236 tas,
1086 1206 1150 1229 non
1170 1198 1202 1229 in
1218 1200 1324 1240 primo
1339 1210 1469 1242 genere,
1486 1204 1541 1235 sed
1555 1204 1589 1235 111
1604 1206 1744 1238 secundo
1757 1209 1788 1238 et

1009 1252 1101 1283 tertio
1131 1254 1298 1287 contineri·
1328 1256 1506 1297 Caeterum,
1532 1260 1620 1299 quod
1648 1263 1788 1301 quatuor

1011 1305 1236 1348 Evangeiistae,
1259 1309 1389 1342 Joannis
1407 1311 1557 1353 Baptistae
1572 1313 1788 1346 humilitatem

1010 1360 1231 1393 admirabilem
1239 1364 1457 1404 praedicanteS,
1467 1366 1788 1409 introducuntipsum

1010 1414 1183 1455 dicentem,
1201 1417 1287 1457 quod
1308 1427 1373 1449 non
1390 1419 1430 1449 sit
1443 1419 1562 1459 dignus
1577 1421 1700 1454 solvere
1716 1432 1789 1454 cor-

1010 1468 1129 1507 rigiam
1144 1470 1432 1504 calceamentorum
1448 1473 1583 1513 Christi,
1600 1475 1667 1507 sive
1687 1476 1789 1517 ipsius

1009 1521 1220 1554 calceamenta
1241 1527 1368 1564 portare
1385 1537 1392 1558 :
1414 1528 1499 1567 quod
1515 1528 1722 1568 spiritualiter
1737 1531 1786 1562 in-

1010 1576 1222 1616 telligendum
1237 1579 1288 1618 sit,
1305 1589 1345 1611 ex
1360 1581 1476 1620 glossis
1488 1586 1672 1615 sanctorum
1686 1594 1789 1618 anno-

1009 1630 1082 1661 tatis
1105 1631 1223 1663 ibidem
1248 1633 1364 1665 clarius
1393 1635 1571 1668 innotescit.
1607 1637 1728 1670 Dicitur
1754 1640 1787 1672 in

1009 1683 1187 1724 Evangelio
1207 1685 1338 1718 loannis
1357 1689 1376 1705 ¹¹
1398 1699 1405 1719 ε
1423 1690 1494 1722 Non
1514 1699 1586 1723 sum
1606 1692 1729 1733 dignus
1750 1697 1787 1728 ut

1008 1738 1130 1770 solvam
1165 1740 1234 1779 ejus
1266 1743 1440 1783 corrigiam
1467 1745 1676 1779 calceamenti
1691 1772 1699 1785 ‚
1730 1749 1786 1780 ubi

1010 1791 1118 1823 Glossa
1131 1804 1137 1824 ε
1155 1805 1169 1823 (1
1183 1793 1253 1825 Νο11
1267 1795 1330 1826 ait:
1343 1795 1412 1828 Νο11
1426 1797 1547 1830 solvam
1558 1811 1566 1838 ;
1579 1801 1672 1833 solvit
1686 1803 1784 1842 enim,

1008 1847 1137 1886 quando
1152 1847 1257 1888 ipsum
1279 1850 1506 1891 manifestavit,
1523 1856 1553 1884 et
1568 1854 1606 1885 de
1620 1855 1786 1888 divinitate

1008 1902 1039 1931 et
1059 1901 1260 1933 humanitate
1285 1903 1385 1943 ipsius
1409 1905 1511 1937 multa
1536 1908 1661 1948 aperuit
1669 1920 1678 1948 ;
1705 1910 1783 1941 sed:

1008 1954 1079 1987 Non
1101 1963 1172 1987 sum
1194 1955 1335 1996 dianus,
1356 1958 1475 1991 scilicet
1497 1961 1553 1999 ait,
1570 1963 1646 2002 quia
1666 1964 1707 1995 ad
1725 1964 1787 1996 hoc

1007 2009 1171 2048 agendum
1195 2019 1228 2041 se
1251 2010 1426 2051 indignum
1449 2015 1585 2054 putavit.
1612 2027 1628 2045 1)
1650 2016 1729 2049 Item
1752 2018 1786 2050 in

1007 2062 1100 2094 Lueae
1115 2063 1292 2103 Evangelio
1307 2065 1423 2098 iterum
1438 2067 1554 2100 dicitur
1566 2070 1587 2086 ¹²
1603 2081 1610 2101 :
1627 2071 1699 2103 Non
1713 2080 1785 2104 sum

1007 2114 1128 2155 dignus
1154 2116 1271 2148 solvere
1300 2118 1475 2158 corrigiam
1503 2117 1795 2157 calceamentorum

1007 2168 1093 2209 eJ'us,·
1107 2169 1164 2200 ubi
1186 2170 1230 2201 ait
1251 2170 1359 2217 Glossa
1377 2172 1397 2189 ¹³
1415 2184 1421 2204 :
1443 2184 1457 2202 (ι
1474 2173 1544 2205 Non
1566 2184 1640 2207 sum
1665 2177 1784 2218 dignus

1008 2224 1199 2264 mysterium
1227 2225 1351 2256 solvere
1380 2226 1621 2270 lucarnationis‚
1647 2232 1699 2263 vel
1725 2242 1783 2264 no-

1007 2287 1083 2309 men
1107 2279 1215 2318 sponsi
1238 2288 1303 2310 non
1327 2280 1407 2311 mihi
1422 2290 1560 2322 usurpo,
1577 2293 1635 2315 nec
1649 2294 1784 2325 sponsus

1007 2332 1109 2371 credi,
1133 2332 1186 2363 sed
1210 2333 1333 2364 amicus
1348 2335 1456 2375 sponsi
1473 2336 1557 2368 volo.
1577 2348 1591 2366 >2
1607 2338 1686 2370 Item
1700 2339 1784 2371 Mar-

1007 2395 1063 2416 cus
1086 2386 1108 2405 ¹¹·
1135 2397 1141 2417 :
1162 2386 1233 2419 Non
1258 2395 1329 2419 sum
1349 2388 1470 2429 dianus
1493 2392 1702 2430 procumbens
1727 2394 1785 2427 sot-

1007 2447 1078 2472 vere
1093 2441 1267 2481 corrz'yiam
1276 2442 1560 2477 calceamentorum
1574 2446 1663 2486 ejus;
1678 2447 1785 2479 Hiero-

1006 2496 1158 2535 nymus¹⁵
1174 2506 1180 2526 :
1201 2496 1256 2527 «Id
1268 2498 1325 2535 est,
1343 2497 1572 2530 incarnationis
1581 2503 1783 2542 mysterium,

1007 2549 1136 2589 quando
1159 2548 1299 2581 Verbum
1329 2560 1402 2582 earo
1426 2552 1543 2584 factum
1573 2558 1630 2586 est.
1661 2567 1676 2584 n
1705 2556 1784 2588 Item

1008 2650 1114 2681 Leand.‚
1134 2658 1156 2674 c.
1174 2656 1212 2674 111.
1233 2652 1282 2668 ——2
1301 2651 1361 2682 Job,
1379 2658 1430 2683 vn,
1451 2654 1488 2678 15.
1504 2667 1534 2672 --
1550 2655 1572 2671 ¹⁰
1586 2656 1642 2685 Job,
1664 2662 1701 2686 111,
1716 2658 1739 2682 2.
1755 2670 1785 2676 —

1007 2687 1123 2718 1¹Joc1n.‚
1141 2692 1159 2716 1,
1175 2688 1213 2711 27.
1224 2701 1255 2705 —
1271 2688 1291 2701 ¹²
1307 2688 1373 2718 Luc,
1391 2694 1430 2719 111,
1447 2692 1523 2713 Mi.—
1541 2691 1558 2707 ¹³
1570 2692 1662 2723 Gloss„
1678 2700 1709 2717 ex
1722 2694 1784 2718 Bed.

1007 2724 1033 2746 in
1049 2723 1115 2749 Lunx,
1131 2724 1154 2746 ei
1172 2723 1195 2746 in
1210 2724 1317 2746 Jmm.-
1333 2724 1352 2740 ¹⁴
1367 2725 1456 2753 Μαι-0.,
1474 2732 1492 2755 1,
1509 2727 1530 2751 7.
1549 2741 1577 2745 —-
1594 2729 1612 2744 ¹⁵
1627 2729 1732 2753 Hieron.

1606 2776 1645 2805 40
