2029 3052
932 347 1190 389 EXPOSITIO

1708 388 1721 395 ι.

340 460 422 515 ΙΝ
474 460 864 517 REGULAM
915 462 1299 520 FRATRUM
1352 459 1776 524 MINORUM¹

890 747 918 784 A
928 745 956 783 R
964 745 987 783 G
996 746 1021 784 U
1030 746 1062 784 M
1072 746 1096 784 E
1105 746 1130 784 Ν
1139 747 1164 784 Τ
1174 748 1199 785 U
1207 747 1240 785 M

938 827 992 864 (Eae
1005 829 1069 857 edit.
1084 829 1189 865 Vatia.)

302 905 372 940 Hoc
395 907 601 953 Opuseulum
623 921 642 943 a
664 908 848 943 Trithemio
876 909 963 943 inter
990 909 1025 944 S.
1053 910 1296 946 Bonaventurae
1315 911 1484 958 Opuscula
1506 917 1767 948 connumeratur
1795 914 1862 949 alio

258 965 393 999 nomine
417 966 633 1012 inscriptum,
659 967 812 1002 videlicet
838 969 1098 1003 Constitutiones
1124 969 1260 1003 Ordinis
1287 971 1322 1004 S.
1349 971 1533 1005 Francisci.
1564 972 1603 1005 In
1632 984 1699 1017 quo
1728 972 1864 1018 quidem

258 1023 427 1069 opusculo
451 1025 530 1059 boni
553 1026 685 1060 Praelati
708 1030 839 1072 praestat
861 1027 1022 1070 officium,
1048 1028 1143 1073 cujus
1166 1031 1214 1061 est
1237 1028 1386 1063 subditos
1409 1029 1525 1064 docere
1541 1057 1549 1073 ,
1575 1030 1739 1075 dirigere,
1765 1030 1866 1065 corri-

258 1096 352 1129 gere,
379 1088 410 1118 et
434 1085 545 1118 fovere
572 1097 579 1118 :
607 1088 639 1118 et
661 1096 738 1118 eum
768 1085 837 1130 ipse
868 1085 1019 1119 Minister
1047 1085 1217 1120 Generalis
1246 1088 1298 1121 sui
1326 1087 1460 1122 Ordinis
1487 1089 1652 1132 extiterit,
1683 1090 1717 1123 id
1746 1089 1862 1130 efficit,

258 1144 339 1177 dum
363 1143 488 1186 regulae
511 1143 545 1176 S.
568 1143 674 1177 Patris
692 1143 857 1177 Francisci
878 1155 996 1178 sanum
1017 1156 1151 1178 sensum
1175 1145 1285 1179 tradit.
1309 1146 1395 1180 Huic
1416 1159 1494 1181 vero
1512 1148 1650 1182 editioni
1670 1149 1865 1194 praepositus

258 1206 306 1236 est
330 1202 471 1247 singulis
494 1201 657 1247 capitibus
681 1206 790 1236 textus
814 1202 917 1248 ipsius
941 1203 1064 1247 regulae
1089 1215 1149 1249 pro
1173 1204 1292 1250 majori
1314 1206 1545 1241 commoditate
1568 1207 1765 1251 legentium.

795 1385 1095 1428 CONFIRMATIO
1125 1386 1331 1428 REGULAE.

578 1469 777 1498 nononms
805 1470 1021 1498 EPISCOPUS
1052 1471 1210 1499 snnves
1239 1472 1459 1501 SERVORUM
1486 1474 1551 1502 om

297 1540 401 1568 Dilectis
417 1540 476 1568 filiis
490 1541 575 1569 Fratri
592 1542 733 1569 Francisco
743 1563 751 1577 ‚
766 1545 793 1569 et
807 1542 864 1569 aliis
879 1542 1017 1570 Fratribus
1033 1542 1065 1570 dc
1080 1543 1179 1571 Ordine
1194 1544 1318 1572 Fratrum
1333 1546 1465 1574 Minorum
1476 1569 1484 1581 ,
1504 1547 1617 1575 salutem
1628 1568 1636 1582 ,
1651 1550 1678 1574 et
1693 1546 1871 1583 Apostolicam

259 1585 480 1613 benedictionem.
498 1587 569 1614 Solet
583 1595 702 1614 annuere
718 1587 800 1615 Sedes
814 1588 964 1622 Apostolica
981 1588 1032 1623 piis
1048 1589 1130 1623 votis,
1151 1592 1177 1616 ct
1193 1589 1311 1617 honestis
1330 1592 1476 1626 petentium
1499 1592 1636 1620 desideriis
1654 1592 1773 1620 favorem
1792 1592 1873 1620 bene.

260 1631 348 1658 volum
364 1631 504 1665 impartiri.
523 1632 679 1667 Eapropter,
696 1633 782 1660 dilecti
800 1633 825 1659 in
840 1633 952 1660 Domino
966 1634 1020 1665 lilii,
1038 1634 1132 1661 vestris
1145 1634 1194 1668 piis
1209 1635 1332 1669 precibus
1347 1636 1475 1672 inclinati,
1487 1637 1594 1665 Ordinis
1608 1637 1688 1665 vestri
1704 1637 1840 1673 regulam,
1856 1646 1872 1665 a

261 1675 339 1702 bonae
361 1676 497 1703 memoriae
516 1677 670 1704 Innocentio
690 1679 761 1713 Papa
785 1678 979 1713 μιτιτάοεοεεοιυ
1006 1682 1084 1705 notro
1106 1680 1298 1714 approbatam,
1321 1685 1477 1709 annotatam
1500 1682 1693 1717 praesentibus,
1714 1683 1872 1710 auctoritate

260 1720 335 1748 vob1s
351 1721 500 1756 Apostolica
514 1722 718 1757 confirmamus,
735 1725 761 1750 et
776 1723 915 1758 praesentis
934 1723 971 1758 (a)
988 1724 1080 1758 scripti
1097 1724 1243 1759 patrocinio
1259 1726 1472 1762 commuuimus,
1488 1735 1548 1762 quae
1564 1727 1624 1754 talis
1637 1729 1688 1754 est.

275 1960 476 1997 EXPOSITIO
499 1961 820 1998 GONFIRMATIONIS
844 1962 1023 2002 REGULAE.

303 2052 501 2092 Quicumque
522 2051 604 2083 hanc
620 2053 762 2091 renatam
780 2055 882 2086 secute?
905 2054 1039 2093 suerint,

258 2114 328 2146 pax
338 2114 434 2146 super
445 2106 529 2145 illos,
542 2108 570 2138 ct
582 2107 804 2139 misericordia
813 2111 834 2137 Ξ.
849 2107 937 2139 Hane
947 2109 1040 2149 plane

261 2162 338 2200 puto
361 2160 525 2199 regulam,
557 2161 597 2191 ab
614 2160 794 2192 Innocentio
818 2161 903 2202 Papa
924 2162 964 2193 ΙΙΙ
981 2172 1040 2203 ap-

261 2214 440 2253 probatam,
457 2223 475 2244 a
490 2215 634 2254 sequenti
650 2214 790 2246 Honorio
805 2216 1039 2255 confirmatam,

262 2277 281 2298 a
293 2267 447 2306 Gregorio
473 2267 512 2298 lx
526 2267 728 2307 declaratam,
746 2271 782 2300 ut
805 2270 969 2308 funiculus
985 2271 1042 2303 cri-

261 2322 336 2361 plex
350 2324 360 2340 ⁸
376 2331 441 2352 non
456 2322 545 2353 facile
556 2323 786 2363 disrumpatur.
804 2323 866 2355 Nec
888 2326 993 2355 tamen
1009 2325 1041 2355 in

262 2376 457 2407 immensum
467 2376 691 2415 gloriabimur,
704 2378 757 2409 sed
768 2378 945 2409 secundum
956 2388 1042 2409 men-

262 2438 372 2459 snram
388 2430 522 2469 regulae,
541 2439 603 2470 qua
624 2440 754 2461 mensus
780 2434 826 2462 est
841 2432 932 2462 nobis
946 2432 1041 2470 Deus,

263 2492 302 2514 ne
318 2483 351 2514 in
376 2484 483 2524 aliqua
505 2484 565 2515 alia
589 2485 702 2524 regula
722 2486 911 2524 gloriemur.
938 2486 1042 2526 Hujus

263 2537 368 2576 igitur
383 2538 507 2577 regulae
523 2538 744 2569 rectitudinem
755 2564 762 2578 ‚
785 2540 866 2571 duce
887 2540 1020 2571 Domino
1033 2564 1040 2578 ,

264 2591 394 2622 brevius
418 2592 603 2631 declarabo,
632 2594 667 2623 nt
690 2593 730 2623 sit
754 2593 781 2623 ei
805 2594 1043 2625 adhaerentibus

264 2645 425 2683 solatium,
440 2650 470 2677 et
481 2647 723 2690 adversantibus
735 2647 874 2686 directio,
892 2649 947 2688 qui
962 2649 1041 2679 obli-

299 2709 305 2724 ¹
323 2708 364 2739 Cf.
386 2710 449 2733 Edit.
476 2711 568 2741 Vatic„
587 2717 628 2735 an.
652 2712 722 2739 1596,
739 2712 800 2735 tom.
822 2711 881 2742 vn,
899 2713 958 2742 ³313
983 2712 1042 2737 edit.

1095 1946 1166 1987 quis
1178 1948 1209 1977 et
1224 1946 1354 1977 reflexis
1368 1956 1440 1978 eam
1455 1947 1615 1979 intuentes
1629 1948 1740 1987 oeulis,
1759 1948 1875 1980 lumini

1096 2000 1276 2031 attribuunt
1291 2009 1424 2031 suarum
1440 2001 1555 2032 vitium
1579 2002 1795 2033 tenebrarum.
1812 2001 1875 2032 Re-

1097 2054 1175 2095 gula
1203 2055 1306 2094 igitur
1331 2055 1491 2095 epistolari
1517 2056 1611 2087 modo
1639 2066 1658 2087 a
1685 2056 1873 2088 salutatione

1097 2109 1213 2146 oritur,
1230 2109 1264 2139 in
1289 2109 1471 2140 narratione
1496 2109 1674 2149 deducitur,
1697 2112 1729 2141 et
1751 2110 1786 2141 in
1800 2119 1876 2141 con-

1098 2162 1239 2193 clusione
1257 2162 1457 2193 terminatur.
1477 2163 1511 2193 In
1527 2163 1716 2195 salutatione
1731 2164 1817 2195 enim
1828 2173 1875 2195 re-

1098 2217 1201 2256 fulget
1223 2217 1404 2257 Apostolica
1418 2217 1595 2255 clementia,
1614 2218 1663 2258 pie
1682 2218 1877 2258 pauperibus

1097 2271 1349 2302 condescendens
1357 2271 1449 2302 Deus,
1464 2271 1500 2301 ln
1508 2271 1690 2302 narratione
1700 2274 1782 2311 patet
1790 2272 1872 2312 Apo-

1098 2325 1207 2355 stoliea
1227 2325 1392 2365 sapientia,
1410 2325 1610 2365 perfeetionis
1628 2335 1790 2356 sumniam
1804 2326 1875 2356 bre-

1097 2378 1195 2410 vitate
1212 2378 1442 2418 perstringens.
1461 2378 1495 2409 In
1515 2379 1718 2410 conclusione
1739 2380 1809 2419 ejus
1830 2387 1876 2410 re-

1098 2432 1198 2472 fulget
1212 2432 1382 2463 auctoritas
1398 2432 1565 2472 potenUae,
1581 2442 1646 2473 qua
1660 2442 1769 2464 servos
1787 2432 1875 2464 Chri-

1099 2487 1137 2517 sti
1156 2489 1308 2526 perpetua
1324 2486 1461 2526 protegit
1475 2489 1651 2517 armatura.
1665 2486 1771 2518 Prima
1786 2496 1871 2526 pars,

1098 2541 1216 2572 seilicet
1230 2541 1389 2579 salutatio,
1406 2541 1485 2571 duas
1499 2541 1593 2572 habet
1607 2540 1786 2581 particulas,
1799 2542 1876 2581 quia

1099 2595 1240 2626 continet
1254 2595 1488 2633 salutationem,
1505 2597 1536 2625 et
1546 2593 1749 2634 sequentium
1765 2595 1875 2625 contir-

1099 2677 1203 2705 Venet„
1222 2683 1264 2700 an.
1280 2677 1339 2699 1755
1350 2694 1356 2705 ‚
1372 2678 1434 2699 lom.
1445 2675 1488 2703 Vl,
1501 2676 1605 2705 pnrt.11‚
1614 2681 1672 2705 pag.
1683 2675 1736 2699 3:12.
1749 2688 1778 2693 —-
1787 2676 1794 2690 ²
1811 2676 1877 2706 Gal„

1100 2719 1141 2743 vi,
1160 2714 1195 2736 16.
1208 2725 1237 2729 —
1251 2712 1261 2729 ³
1275 2712 1368 2742 Eccle„
1383 2718 1418 2741 iv,
1438 2711 1843 2742 12.—(11)Coet.ed1't.praesenti.
