2029 3052
211 222 271 252 554

207 287 261 319 lia.
285 286 367 319 Nam
391 286 419 318 si
445 285 548 327 ‘aliqui
573 285 693 317 habent
718 282 987 325 dispensationem

209 340 430 381 apostolicam,
455 339 542 380 quod
573 338 613 370 de
641 337 852 379 proventibus
883 335 986 368 eccle-

209 393 341 425 siasticis
364 393 487 434 possint
508 392 649 433 recipere
673 400 777 432 usque
805 390 846 422 ad
867 391 988 421 certam

209 457 372 480 summam
386 447 569 479 reddituum
581 454 777 484 annuorum,
786 444 848 476 hoc
862 453 928 475 non
940 444 988 474 est

209 501 430 543 accipiendum
460 508 626 531 summum
664 499 850 531 Pontificem
881 497 988 529 inten-

210 556 302 595 dere,
328 555 414 596 quod
436 553 587 585 concedat
613 553 707 584 alicui
732 552 920 592 simpliciter
942 552 989 582 tot

209 610 391 641 animarum
408 617 503 640 curas
514 607 678 647 colligere,
694 606 781 647 quod
800 606 839 637 de
859 605 988 636 illarum

210 662 418 704 proventibus
443 662 562 693 famem
585 669 654 692 suae
677 659 860 700 cupiditatis
889 658 989 700 possit

210 719 386 758 utcumque
398 716 561 757 mitigare,
573 717 604 747 et
617 715 744 748 animas
758 714 829 746 illas
839 714 908 745 sine
918 722 990 754 pas-

211 774 280 804 tore
295 771 475 812 relinquere
489 771 669 808 destitutas;
685 769 740 801 sed
753 769 793 801 de
806 768 877 800 aliis
891 767 988 799 eccle-

213 826 336 858 siarum
349 825 560 867 proventibus
574 823 680 865 potius
694 822 916 864 accipiendum
927 823 986 861 est,

214 884 251 912 ut
271 880 516 921 praebendarum
540 881 571 910 et
598 878 737 909 aliorum
760 876 990 908 beneficiorum

214 945 327 968 curam
341 944 407 967 non
420 933 609 966 habentium
624 933 819 971 animarum,
834 931 915 962 sicut
926 939 991 962 me-

212 990 308 1022 liores
321 991 353 1021 et
366 989 532 1031 peritiores
547 990 723 1029 exponunt.
740 986 893 1020 Videmus
903 985 990 1026 quod

207 1044 333 1085 ,iudices
352 1052 524 1075 causarum
547 1051 631 1083 saepe
655 1041 810 1073 mandant
828 1040 988 1081 plebanis,

211 1099 272 1130 sub
296 1107 392 1139 poena
411 1097 628 1138 suspensionis
649 1096 699 1127 vel
726 1094 990 1127 excommunica-

211 1153 307 1184 tionis
318 1153 388 1193 jam
401 1151 484 1190 latae,
508 1151 632 1192 aliquas
650 1149 841 1182 denuntiare
860 1148 989 1179 senten-

211 1207 272 1238 tias
286 1207 338 1238 vel
356 1205 482 1246 exequi,
504 1214 585 1245 quas
608 1203 794 1244 negligunt,
811 1204 842 1233 et
858 1210 991 1242 poenam

212 1261 392 1292 incurrunt.
416 1258 569 1291 Videmus
597 1257 683 1298 quod
712 1256 806 1288 multi
834 1255 993 1296 recipiunt

214 1316 341 1347 ordines
357 1316 468 1345 contra
488 1313 710 1353 episcoporum
731 1309 990 1351 prohibitionem,

212 1370 272 1401 sub
288 1378 382 1410 poena
394 1366 611 1408 suspensionis
625 1364 879 1405 promulgatam.
894 1362 992 1394 Vide-

212 1431 286 1455 mus
299 1422 385 1464 quod
397 1421 555 1453 scholares
567 1429 652 1460 saepc
666 1428 782 1450 manus
795 1418 944 1458 injiciunt
960 1417 993 1448 in

213 1477 352 1517 acolytos
366 1485 423 1516 per
438 1476 532 1514 iram,
552 1477 583 1505 et
605 1473 749 1504 incidunt
764 1472 798 1502 in
822 1479 990 1508 canonem,

213 1541 272 1563 nec
286 1532 400 1571 petunt
418 1529 661 1566 absolutionem,
686 1530 718 1559 et
732 1527 777 1558 sic
799 1535 992 1567 promoven-

215 1587 268 1616 tur
281 1585 321 1616 ad
335 1585 473 1622 ordineS,
489 1583 541 1614 vel
555 1582 708 1614 beneficia
722 1581 941 1619 ecclesiastica,
963 1582 994 1610 et

215 1639 400 1670 solemniter
413 1638 553 1668 officiant
568 1637 724 1675 ccclesias,
741 1637 771 1667 et
786 1636 992 1675 exequuntur

215 1693 342 1724 ordines
366 1691 536 1722 clericales.
564 1690 715 1722 Videmus
736 1689 824 1730 quod
848 1689 881 1718 in
910 1687 994 1718 clero

215 1747 348 1788 pluriini
369 1748 444 1777 sunt
466 1745 582 1776 notorii
605 1744 822 1780 fornicatores,
843 1742 876 1772 in
900 1741 995 1772 domo

216 1810 274 1832 sua
290 1800 340 1832 vcl
362 1800 423 1830 alia
443 1798 639 1830 concubinas
662 1797 826 1834 habentes,
850 1795 901 1827 vel
923 1794 996 1825 hinc

216 1855 290 1886 inde
305 1864 379 1886 cum
394 1854 540 1894 pluribus
563 1852 685 1883 notorie
703 1851 906 1882 fornicantes.
931 1849 995 1880 No-

217 1909 318 1940 torius
338 1910 447 1939 autem
469 1907 641 1938 fornicator
664 1905 791 1943 dicitur,
818 1905 912 1944 cujus
935 1903 996 1934 cri·

219 1972 293 1994 men
314 1962 403 1993 nulla
421 1961 506 1993 valet
529 1959 792 2000 tergix'ersationc
816 1958 922 1995 celari,
946 1956 994 1987 vel

219 2018 312 2056 cujus
327 2016 414 2047 testis
429 2019 476 2046 est
498 2014 645 2055 populus,
669 2013 723 2053 qui
748 2014 872 2043 constat
887 2021 928 2042 ex
943 2011 996 2042 de-

219 2081 288 2103 cem
308 2071 492 2102 hominibus
508 2070 684 2101 secundum
704 2068 869 2108 quosdam.
887 2067 998 2098 Omnis

220 2128 327 2156 autem
342 2125 485 2156 notorius
500 2124 670 2154 fornicator
689 2124 737 2153 est
757 2122 824 2161 ipso
836 2123 912 2161 jure
927 2130 997 2152 sus-

222 2189 349 2220 pensus,
363 2179 467 2219 quoad
483 2188 527 2216 sc,
546 2180 577 2209 et
589 2177 692 2218 quoad
705 2176 794 2207 alios.
811 2175 925 2206 Contra
940 2174 997 2204 ali-

221 2242 303 2274 quos
317 2233 412 2263 etiam
428 2242 445 2263 a
457 2232 524 2263 suis
539 2232 703 2272 episcopis,
720 2231 771 2262 vel
789 2230 928 2270 praelatis
944 2230 999 2261 do-

223 2287 299 2318 mini
325 2287 419 2326 Papae
449 2287 615 2326 aliquoties
638 2287 740 2317 fertur
764 2285 921 2316 sententia
942 2294 997 2315 ex-

222 2341 530 2372 communicationis.
553 2340 712 2378 Regulare
727 2339 823 2370 etiam
839 2341 896 2377 cst,
915 2338 999 2378 quod

223 2403 395 2435 suspensus
413 2404 431 2425 a
449 2396 535 2434 jure,
553 2394 603 2425 vel
629 2403 647 2424 a
665 2394 782 2433 judice,
801 2393 851 2424 vel
870 2401 999 2424 excom-

224 2449 418 2485 municatus,
443 2449 469 2478 si
491 2448 600 2487 recipit
619 2448 763 2478 ordinem
786 2456 925 2484 sacrum,
950 2446 1001 2477 vel

225 2503 382 2533 ministrat
398 2503 429 2533 in
446 2512 483 2537 eo
508 2502 700 2540 solemniter,
719 2504 765 2533 est
780 2503 849 2541 ,iam
872 2502 1000 2541 irregu«

224 2556 299 2587 laris
314 2557 424 2593 factus,
444 2566 462 2587 a
483 2565 548 2596 quo
572 2565 636 2586 non
656 2558 758 2596 potest
781 2555 914 2594 absolvi,
940 2555 1001 2585 nisi

226 2619 282 2650 per
297 2610 410 2641 sedem
425 2610 651 2651 Apostolicam,
668 2609 718 2640 vel
738 2610 776 2640 de
791 2611 817 2649 ej
825 2619 862 2640 us
875 2609 1002 2650 speciali

227 2664 386 2694 mandato.
414 2664 549 2702 Quidam
575 2666 684 2694 tanicn
711 2663 841 2701 volunt,
865 2663 950 2703 quod
975 2664 1001 2694 si

228 2717 286 2748 suit
305 2727 478 2757 suspensus
499 2728 517 2748 a
539 2719 624 2757 jure,
651 2726 713 2747 non
738 2727 756 2747 a
773 2717 890 2756 Judice,
917 2718 1000 2757 quod

619 216 754 256 QUARE
774 214 957 247 FRATRES
980 211 1157 245 MINORES
1168 210 1413 245 ,PRAEDIGENT

1042 282 1119 313 tunc
1141 281 1245 321 potest
1266 288 1375 312 secum
1398 287 1478 310 suus
1497 278 1664 319 episcopus
1690 278 1821 319 dispen-

1043 343 1126 373 sare,
1142 334 1221 375 quia
1243 334 1353 365 mitius
1372 333 1443 374 agit
1465 342 1569 365 canon
1587 341 1684 373 quam
1709 333 1821 364 homo.

1042 388 1196 421 Videmus
1215 388 1302 429 quod
1315 397 1399 428 saepe
1409 387 1534 428 judices
1557 386 1756 419 ecclesiastici
1775 386 1822 418 fe-

1043 444 1120 474 runt
1145 442 1485 474 excommunicationis
1512 440 1684 473 sententias
1710 442 1821 472 contra

1043 496 1181 529 formam
1190 495 1360 527 Decretalis
1371 495 1458 527 illius
1468 495 1644 528 innocentii
1652 494 1749 535 Papae
1760 493 1800 526 IV
1814 505 1822 525 z

1046 550 1124 582 Cum
1137 551 1183 583 sit
1195 549 1412 589 medicinalis,
1431 549 1487 581 ubi
1507 549 1646 581 dicitur:
1667 559 1682 578 «
1703 548 1824 580 Debent

1044 615 1206 646 congruas
1233 606 1427 647 praemittere
1457 605 1710 644 admonitiones,
1733 605 1825 646 prius

1044 670 1142 702 quam
1163 661 1304 702 aliquem
1329 660 1620 699 excommunicent,
1642 661 1675 691 et
1697 661 1824 691 senten-

1044 715 1105 747 tias
1118 716 1202 748 ferre
1215 716 1249 747 in
1263 715 1392 757 scripto,
1415 717 1447 747 et
1465 723 1595 746 causam
1612 713 1824 752 conscribere,

1045 771 1076 801 et
1089 769 1145 808 illi,
1162 772 1272 802 contra
1285 779 1383 811 quem
1398 770 1499 801 fertur
1512 768 1684 806 sententia,
1700 767 1827 808 copiam

1045 824 1152 865 scripti
1166 824 1252 856 illius
1265 825 1342 856 dare
1355 824 1437 855 infra
1446 825 1570 855 certum
1583 822 1779 860 terminum3
1796 823 1828 854 et

1045 878 1102 919 qui
1115 878 1207 910 aliter
1221 879 1282 910 fert
1297 879 1332 910 in
1351 878 1491 919 aliquem
1513 877 1824 909 excommunicatio-

1045 933 1095 964 nis
1109 932 1312 971 sententiam,
1327 934 1446 972 praeter
1463 931 1541 962 alias
1556 939 1680 972 poena-5,
1695 932 1744 962 est
1757 930 1828 971 ipso

1045 986 1127 1017 facto
1156 994 1334 1026 suspensus
1361 985 1401 1016 ab
1425 985 1577 1025 ingressu
1607 984 1747 1016 ecclesiae
1771 992 1829 1024 per

1046 1048 1202 1078 mensem,
1218 1039 1261 1071 ita
1271 1039 1357 1080 quod
1376 1039 1405 1070 si
1426 1039 1510 1070 infra
1535 1047 1680 1070 mensem
1701 1037 1830 1078 ingerat

1046 1102 1080 1125 se
1093 1093 1222 1133 divinis,
1240 1094 1309 1134 jam
1324 1094 1360 1124 fit
1373 1092 1575 1133 irregularis,
1591 1091 1677 1133 quod
1690 1100 1757 1123 non
1771 1099 1828 1131 po-

1045 1149 1106 1179 test
1119 1156 1195 1178 cum
1205 1147 1274 1188 ipso
1285 1156 1381 1188 super
1390 1147 1462 1185 hoc,
1476 1147 1537 1178 nisi
1550 1155 1606 1187 per
1619 1145 1735 1177 Sedem
1746 1145 1829 1186 Apo-

1047 1201 1190 1232 stolicam
1202 1201 1392 1242 dispensari.
1405 1212 1419 1229 υ

1088 1256 1169 1287 Sunt
1183 1256 1288 1288 adhuc
1306 1256 1447 1297 plurima
1459 1255 1687 1296 impedimenta
1700 1253 1828 1285 clerico-

1047 1319 1133 1349 rum,
1145 1319 1218 1351 quae
1233 1319 1301 1351 prae
1311 1310 1476 1341 nimietate
1488 1318 1554 1341 non
1569 1317 1759 1350 prosequor3
1774 1308 1829 1340 sed

1048 1374 1089 1396 ex
1114 1364 1165 1395 his
1189 1364 1298 1404 paucis
1322 1364 1448 1396 adverti
1470 1365 1589 1404 potest,
1612 1372 1712 1403 quam
1735 1362 1829 1394 multi

1047 1420 1123 1451 sunt
1137 1418 1263 1459 plebani
1277 1418 1393 1449 inistis
1406 1417 1561 1458 partibus,
1577 1417 1629 1449 vel
1643 1417 1730 1454 tales,
1745 1416 1795 1448 vel
1810 1419 1834 1448 a'

1049 1472 1178 1510 talibuS,
1204 1471 1255 1503 vel
1279 1471 1384 1502 taliter
1408 1472 1567 1512 promoti,
1591 1479 1649 1502 seu
1673 1470 1825 1510 instituti,

1048 1527 1104 1567 qui
1127 1525 1209 1556 nihil
1232 1525 1395 1566 potestatis
1413 1526 1446 1556 iu
1470 1525 1601 1565 ligando
1625 1525 1749 1555 animas
1774 1524 1828 1555 ha-

1048 1581 1124 1612 bent
1138 1582 1193 1611 aut
1207 1579 1369 1618 solvendo,
1387 1582 1422 1610 ut
1436 1580 1650 1619 cognoscatur
1667 1587 1766 1618 quam
1776 1587 1828 1609 ne-

1049 1635 1177 1666 cessarii
1206 1636 1281 1665 sunt
1306 1634 1418 1665 fratres
1442 1634 1475 1664 in
1504 1633 1641 1665 Ecclesia
1665 1632 1739 1669 Dei,
1769 1632 1828 1673 qui

1049 1689 1152 1720 vicem
1172 1687 1301 1719 illorum
1311 1687 1489 1728 suppleant,
1512 1689 1544 1718 et
1565 1687 1736 1717 animabus
1757 1686 1828 1717 sub-

1050 1742 1190 1780 veniant,
1208 1750 1281 1781 quae
1302 1741 1393 1772 aliter
1416 1743 1543 1781 possent
1568 1741 1681 1781 perire.
1703 1739 1828 1778 Quibus

1050 1796 1108 1827 etsi
1121 1796 1211 1827 nulla
1224 1795 1285 1826 alia
1306 1797 1486 1835 suppeteret
1505 1794 1686 1832 auctoritas,
1710 1794 1823 1825 collata

1050 1850 1226 1891 specialiter
1245 1859 1263 1881 a
1278 1849 1356 1881 Sede
1372 1849 1563 1889 Apostolica,
1587 1849 1638 1880 vel
1659 1848 1826 1889 episcopis,

1050 1905 1120 1945 ipsa
1135 1905 1359 1936 insufficientia
1376 1903 1451 1934 cleri
1472 1906 1502 1934 et
1526 1903 1703 1943 indigentia
1719 1902 1828 1943 populi

1051 1959 1148 1990 latam
1173 1959 1219 1990 eis
1241 1959 1343 1998 aperit
1366 1957 1514 1989 audiendi
1536 1957 1750 1988 confessiones
1774 1965 1828 1996 po-

1052 2013 1119 2054 puli
1140 2013 1334 2050 facultatem,
1360 2021 1434 2043 cum
1456 2011 1512 2049 illi,
1542 2010 1598 2051 qui
1621 2011 1748 2048 debent,
1772 2012 1829 2041 aut

1052 2067 1204 2106 nesciant,
1227 2069 1283 2098 aut
1301 2066 1478 2106 negligant,
1502 2068 1557 2096 aut
1577 2067 1737 2105 nequeant
1762 2073 1826 2103 eos,

1053 2122 1109 2162 qui
1124 2122 1184 2152 sibi
1206 2120 1367 2152 commissi
1382 2122 1467 2157 sunt,
1486 2127 1641 2158 congrue,
1660 2120 1696 2148 ut
1714 2118 1748 2148 in
1763 2117 1830 2158 plu-

1053 2177 1144 2208 ribus
1183 2175 1276 2207 saluti
1316 2183 1383 2205 suae
1416 2172 1602 2204 necessariis
1617 2196 1626 2210 ,
1659 2171 1826 2211 expedire3

1054 2239 1127 2261 cuni
1143 2240 1159 2259 e
1179 2229 1282 2260 tribus
1301 2236 1404 2259 unum
1426 2227 1466 2257 sit
1489 2226 1703 2257 necessarium
1720 2236 1727 2256 :
1745 2225 1828 2265 quod

1053 2286 1109 2315 aut
1124 2283 1310 2323 poenitentes
1328 2282 1539 2313 confiteantur
1554 2280 1628 2318 illis,
1652 2279 1708 2319 qui
1723 2281 1798 2310 sunt
1811 2288 1830 2310 a

1050 2338 1125 2377 jure
1137 2337 1289 2377 prohibiti
1304 2336 1354 2367 vel
1369 2335 1531 2375 suspensi;
1556 2336 1611 2365 aut
1626 2333 1732 2370 nobis,
1749 2342 1830 2373 quos

1055 2391 1193 2422 Ecclesia
1208 2390 1247 2421 ad
1266 2391 1327 2421 hoc
1342 2390 1438 2427 misit,
1458 2391 1494 2420 ut
1512 2388 1595 2419 clero
1616 2388 1715 2418 simus
1730 2387 1764 2417 in
1779 2386 1830 2417 ad-

1051 2445 1184 2485 Jutorio,
1200 2445 1255 2476 ubi
1270 2445 1330 2485 ipsi
1346 2445 1452 2475 minus
1468 2443 1645 2480 sufficiunt;
1662 2444 1719 2473 aut
1733 2440 1827 2472 nulli.

1054 2499 1136 2531 Nam
1152 2498 1239 2530 laicis
1257 2498 1397 2530 confiteri
1412 2506 1476 2528 non
1492 2497 1574 2535 licet,
1600 2505 1674 2527 cum
1696 2496 1830 2535 possunt

1056 2553 1166 2584 haberi
1181 2553 1328 2584 catholici
1348 2552 1534 2583 sacerdotes
1552 2550 1641 2588 Quod
1656 2549 1741 2580 enim
1757 2548 1830 2579 dici-

1055 2609 1119 2645 tur,
1132 2607 1215 2647 quod
1226 2607 1259 2637 in
1271 2606 1423 2637 extremis
1437 2605 1548 2636 debeat
1559 2604 1654 2634 homo
1668 2602 1747 2633 laico
1757 2611 1830 2633 con-

1055 2661 1149 2698 fiteri,
1165 2661 1191 2691 si
1206 2661 1400 2692 sacerdotem
1422 2668 1487 2691 non
1506 2658 1631 2694 babeat,
1650 2666 1716 2687 non
1731 2658 1777 2687 est
1791 2656 1830 2686 de

1056 2715 1250 2753 necessitate,
1266 2723 1340 2746 cuin
1357 2714 1454 2745 laicus
1475 2721 1539 2743 non
1560 2712 1675 2742 habeat
1695 2710 1830 2741 auctori-
