2029 3052
161 1656 235 1677 Eccle-

141 1689 224 1709 uiarum

141 1725 216 1740 couse-

129 1751 167 1774 iio.
179 1751 234 1776 ejus-

128 1788 171 1808 que
179 1787 237 1808 mya-

130 1813 193 1834 teria.

247 165 306 196 134

246 231 256 249 ¹
272 239 288 258 α
301 237 364 260 nen
379 228 506 267 percipit
524 236 561 259 ea
584 236 652 266 quee
666 228 717 258 Dei
736 230 816 264 sunt,
837 238 851 255 n
870 227 1030 257 intricatur.

244 277 328 307 Unde
338 276 448 306 mulier
461 276 553 306 debet
561 276 672 305 habere
685 277 827 304 velamen
836 282 927 312 super
941 276 1032 312 caput

244 333 334 354 suum
343 334 350 354 :
360 324 451 354 nam’
461 333 476 351 α
487 322 587 360 capilli
599 322 661 352 dati
668 321 771 351 suntei
777 330 835 359 pro
843 321 1002 351 velamine.
1013 332 1028 349 ι

245 372 352 411 Capilli
375 371 414 401 de
442 378 532 410 carne
555 371 730 405 nascentes,
751 369 877 398 subtiles
897 369 1032 398 carnales

244 419 426 455 affectiones,
446 420 476 448 et
489 424 631 447 erroneas
650 416 846 453 cogitationes
861 416 1029 453 designant.

245 469 287 496 De
300 466 385 496 tertio
405 467 416 484 ³
439 474 446 494 :
465 474 479 492 ει
499 466 566 494 Post
585 463 789 493 velamentum
809 465 910 493 autem
928 471 1032 492 secun-

246 515 332 550 dum,
346 512 586 547 tabernaculum,
600 510 685 549 quod
699 510 807 540 dicitur
820 511 926 540 Sancta
946 519 1032 540 sanc-

245 563 356 596 torum,
373 571 387 588 κν
412 562 480 596 etc.,
504 559 577 596 quia
596 558 716 596 spiritus
740 558 896 587 absolutus
918 558 958 587 ab
977 558 1032 587 im-

244 610 316 646 petu
323 607 431 642 carnis,
442 608 471 636 et
480 606 613 644 appetitu
619 605 826 641 sensualitatis,
838 605 929 634 libere
939 605 1032 634 fertur

245 655 285 684 ad
300 656 404 684 Deum.
429 655 463 683 Et
485 653 526 682 sic
550 654 642 690 patet,
658 653 733 690 quid
751 652 789 682 sit
803 651 880 681 illud
894 652 1032 682 taberna-

247 702 358 731 culum.

282 748 420 779 Secundo
443 748 609 778 videndum
627 749 681 783 est,
696 747 854 785 quomodo
870 747 980 775 debeat
993 746 1031 774 il-

247 797 303 827 lud
326 796 553 826 tabernaculum
579 795 766 825 sanctificari.
793 796 909 832 Corpus
931 795 1030 830 enim,

246 846 348 875 anima
355 846 509 882 etspiritus
518 844 732 874 sanctificanda
739 846 816 872 sunt.
830 844 849 861 ¹⁴
864 855 878 870 ιι
888 845 962 872 Deus
977 851 1031 872 au-

245 895 306 922 tem
321 893 404 930 pacis
422 892 583 922 sanctificet
597 900 652 921 vos
666 899 720 929 per
734 891 848 927 omnia,
863 893 895 919 ut
918 890 1033 927 integer

245 939 365 978 spiritus
379 941 484 973 vester.
501 939 646 968 anima'et
660 946 772 975 corpus
786 938 850 966 sine
865 937 988 975 querela
1000 938 1030 966 in

246 988 377 1017 adventu
400 987 516 1015 Domini
536 986 630 1015 nostri
648 987 716 1015 lesu
735 985 839 1014 Christi
858 987 1000 1014 servetur.
1016 996 1030 1011 υ

245 1037 360 1072 Corpus
374 1036 474 1063 autem
494 1033 743 1062 sanctificandum
760 1036 803 1061 est
819 1040 872 1069 per
886 1032 1032 1069 poenitcn-

245 1083 333 1117 tiam;
351 1081 471 1118 spiritus
487 1083 587 1110 autem
599 1088 653 1117 per
667 1079 855 1117 sapientiam.

282 1131 321 1158 De
335 1129 433 1166 primo
445 1129 515 1157 dicit
530 1128 671 1157 Dominus
685 1127 725 1156 ad
741 1129 860 1163 Moysen
872 1127 883 1144 ⁵
899 1136 906 1155 :

245 1177 285 1205 ad
300 1175 460 1213 populum,
483 1177 511 1204 et
534 1174 686 1204 sanctifica
703 1173 772 1202 illos
791 1173 878 1202 hodie
895 1182 902 1201 :
919 1175 947 1201 et
969 1181 1032 1201 cras

245 1224 346 1252 lavent
367 1222 555 1257 vestimenta,
577 1224 605 1250 et
623 1221 682 1249 sint
700 1221 795 1257 parati
818 1220 848 1248 in
873 1220 954 1248 diem
976 1222 1032 1248 ter—

245 1270 319 1298 tium
332 1279 338 1298 :
353 1270 383 1298 in
398 1269 446 1298 die
463 1269 542 1298 enim
556 1268 640 1297 tertio
652 1267 812 1296 descendet
828 1267 968 1296 Dominus
983 1275 1032 1295 su-

245 1325 298 1354 per
310 1319 443 1345 montem
452 1317 541 1344 Sinai.
556 1328 569 1341 υ
581 1317 650 1344 Tres
660 1315 724 1343 dies
738 1315 905 1343 referuntur
916 1315 953 1343 ad
976 1317 1033 1342 tres

245 1363 490 1398 illuminationes,
501 1371 570 1400 quae
581 1364 647 1391 sunt
661 1364 716 1390 tres
732 1362 909 1396 poenitentiae
925 1364 1032 1398 partes,

245 1419 299 1448 per
314 1419 389 1447 quas
412 1410 630 1444 illuminamur,
651 1409 724 1437 dum
745 1417 798 1446 per
821 1417 923 1438 veram
939 1409 1034 1446 pomi-

245 1458 368 1486 tentiam
388 1458 618 1486 sanctificamur.
636 1458 701 1485 llaec
724 1459 824 1484 nutem
840 1456 1033 1484 sanctificatio

247 1504 379 1533 consistit
402 1505 432 1532 in
457 1504 682 1532 mortificatione
704 1503 812 1538 curnis,
835 1511 903 1531 cum
923 1503 1033 1532 discre-

249 1552 337 1586 tione,
356 1551 600 1588 cumpunctione,
613 1559 681 1579 cum
696 1551 889 1579 exultatione.
902 1553 933 1579 ln
949 1551 1035 1586 cujus

248 1599 377 1634 signnm,
393 1599 423 1626 in
440 1598 714 1627 consecrationibus
741 1598 932 1626 cccl-’siarum
948 1598 1033 1634 poni-

250 1648 296 1674 tur
311 1646 395 1680 cinis,
410 1646 465 1680 sal,
482 1648 510 1673 et
526 1654 618 1681 aqua,
635 1648 662 1673 et
678 1645 791 1672 vinum.
808 1647 838 1674 ln
849 1646 946 1673 cinere
959 1654 1035 1673 mor-

250 1692 388 1726 tiiicatio;
406 1692 434 1720 in
450 1692 510 1720 sale
522 1692 676 1723 discretio:
695 1692 723 1720 in
736 1701 813 1728 aqna
828 1692 1035 1728 compunctio;

252 1739 281 1767 in
303 1739 373 1768 vino
399 1739 550 1767 exultatio.
579 1740 615 1767 lie
633 1739 729 1775 primo
745 1740 754 1755 ὓ
777 1748 782 1766 ;
804 1750 815 1764 α
840 1739 917 1767 Ciuis
937 1739 1035 1766 vitulae

252 1794 389 1822 aspersus
412 1787 582 1823 inquinatos
602 1786 763 1814 sanctificat
784 1787 821 1814 ad
848 1786 1035 1814 emundatio—

252 1841 320 1861 nem
341 1834 437 1861 carnis
457 1843 462 1860 :
480 1845 492 1859 n
511 1833 593 1869 qnod
612 1834 653 1868 lit,
670 1842 738 1861 cum
754 1833 949 1861 mortificatur
965 1841 1035 1861 caro

252 1889 285 1908 cx
304 1880 450 1908 memoria
463 1881 613 1917 praeteritae
625 1880 838 1907 delectationis.
853 1879 946 1907 vitula
957 1880 1036 1907 enim

252 1930 293 1956 cst
319 1927 431 1955 animal
461 1927 623 1962 lascivum
653 1930 681 1955 et
711 1927 783 1954 cinis
810 1928 943 1954 remant-t
971 1928 1037 1962 post

253 1975 352 2010 ignem
376 1976 537 2002 mortuum.
565 1976 601 2001 l)e
628 1974 760 2002 secundo
776 1975 785 1990 ⁷
803 1983 809 2001 ;
829 1986 841 1998 «
858 1974 935 2000 Sicut
957 1973 1038 2000 cxlii-

253 2021 357 2049 buistis
373 2021 509 2049 membra
524 2022 633 2049 servii-e
652 2021 858 2054 immunditiw,
881 2023 909 2047 et
930 2020 1038 2056 iniqui-

254 2068 304 2096 tati
321 2068 359 2095 ad
382 2068 585 2104 iniquitatem;
612 2068 650 2095 itu
672 2076 750 2095 nunc
776 2068 924 2101 exhibeto,
940 2078 952 2092 n
981 2070 1036 2094 etc.

255 2116 317 2142 llaec
334 2114 412 2142 enim
437 2115 574 2142 discretio
591 2114 732 2142 habenda
747 2117 789 2141 cst
805 2115 834 2141 in
854 2114 1037 2150 pmnitentia,

253 2164 284 2189 ut
300 2162 493 2190 mortificetur
507 2162 534 2189 in
565 2170 652 2189 carne
668 2162 751 2198 quod
771 2165 812 2189 cst
831 2162 960 2196 carnale,
978 2170 1038 2190 non

254 2211 373 2236 eruatur
401 2208 484 2244 quod
512 2210 553 2235 cst
573 2208 724 2245 spirituale
749 2208 795 2235 vol
815 2209 961 2243 naturale5
992 2209 1039 2236 vel

254 2255 419 2283 secundnm
443 2256 636 2291 quantitatem
660 2256 753 2291 culpae
769 2257 919 2292 praeteritu?
935 2257 1038 2284 morti-

255 2302 353 2330 ficatio
371 2303 405 2329 sit
421 2303 516 2329 carnis
537 2303 565 2329 in
583 2303 723 2338 operibus
740 2303 928 2338 pirnitentiae.
946 2303 1040 2330 Morti—

255 2349 373 2377 iieanda
390 2351 433 2376 est
455 2349 534 2377 enim
555 2357 635 2382 caro,
659 2357 694 2376 ne
711 2350 878 2385 superbiam
904 2349 955 2376 sed
979 2357 1038 2376 non

257 2398 299 2424 est
312 2397 548 2430 exterminanda,
565 2404 600 2424 ne
617 2397 744 2424 deticiat.
764 2399 794 2424 Et
810 2397 923 2424 sicutin
939 2405 1039 2424 conse—

257 2444 387 2471 cratione
399 2444 527 2471 ecclcsiae
539 2443 611 2471 cinis
622 2447 647 2471 e:
658 2443 700 2471 sal
714 2443 802 2471 simul
818 2444 986 2477 miscentur,
1001 2444 1039 2471 ita

926 1135 940 1152 α
951 1126 1032 1155 Vade

291 2529 409 2558 'lC‹1t·.,
429 2535 458 2557 li,
476 2530 512 2552 tt.
526 2541 553 2545 —
571 2528 721 2557 1Ηιίι1,,.κι,
741 2530 821 2552 iJ›.—
840 2529 1039 2559 ³12¹J011.,xxxi‚

258 2575 298 2588 -η,
323 2578 352 2582 -—
379 2569 382 2578 ¹
411 2566 416 2588 Ι
442 2565 531 2593 Tlnxs„
556 2571 579 2591 v,
720 2565 729 2579 ²·
752 2565 843 2592 lii-ul„
867 2571 924 2593 xm,
953 2568 988 2588 lu.
1011 2578 1035 2581 —-

258 2600 267 2613 ⁶
284 2600 367 2627 Helua,
388 2607 428 2631 ix,
445 2602 482 2624 iti.
500 2613 528 2618 —
548 2601 557 2616 ⁷
574 2601 651 2630 Rom„
671 2606 709 2629 vi,
733 2602 768 2623 121.
791 2614 813 2616 —
834 2600 843 2615 ⁸
860 2600 932 2629 ibid.¹
951 2606 1000 2628 xil,
1019 2603 1038 2625 1.

261 2649 285 2652 ν·
310 2638 317 2649 —'
337 2637 435 2666 Eua-li..
459 2643 552 2666 xxxvi,
576 2638 614 2661 25.
636 2649 665 2654 —
689 2637 708 2652 ¹⁰
732 2637 737 2659 1
762 2638 830 2666 Cin„
851 2643 888 2666 η,
911 2638 993 2660 10-11.
1010 2649 1039 2654 -—

602 2567 639 2588 2113.
664 2577 693 2582 ·-

401 160 451 194 DE
472 160 668 201 DEDIGAT„
690 159 812 194 INTER
833 158 1045 193 SERMONES
1066 158 1119 192 DE
1139 158 1305 193 SANCTIS
1327 159 1368 193 ΙΝ
1389 159 1586 202 commum,
1607 160 1714 195 XLVI.

1085 227 1118 256 in
1139 227 1313 266 poenitentia
1330 227 1522 258 mortificatio
1541 229 1572 258 et
1587 228 1728 261 discretio
1743 230 1872 268 conjun-

1085 276 1207 312 guntur.
1217 275 1229 293 ⁸
1241 284 1256 302 α
1263 275 1411 305 Obesecro
1425 283 1480 305 vos
1491 283 1548 313 per
1557 275 1796 307 misericordiam
1807 277 1871 314 Dei,

1085 323 1119 351 ut
1131 321 1295 352 exhibeatis
1308 330 1439 360 corpora
1451 324 1550 352 vestra
1563 323 1693 353 hostiam
1706 323 1869 361 viventem,

1084 371 1230 406 sanctam,
1238 370 1298 400 Dee
1309 370 1490 408 placentem,
1499 370 1679 400 rationabile
1689 371 1872 410 obsequium

1086 418 1227 446 vestrum.
1243 426 1258 444 i·
1278 417 1432 454 Adiungit,
1451 419 1481 447 et
1501 417 1767 448 sanctificationem
1779 419 1871 450 inter-

1086 464 1164 493 serit.
1181 465 1221 493 De
1231 463 1316 494 tertio
1330 465 1343 483 ⁹
1359 473 1368 493 ι
1381 474 1397 492 α
1406 464 1566 505 effundam
1579 473 1673 502 super
1689 473 1744 494 vos
1759 473 1872 504 aquam

1085 509 1244 546 mundam,
1262 513 1291 540 et
1309 511 1534 541 mundabimini
1554 512 1594 541 ab
1609 512 1751 542 omnihus
1769 513 1871 551 inqui-

1087 557 1234 586 namentis
1255 557 1369 586 vestris.
1389 568 1403 584 n
1424 560 1510 596 Aqua
1529 558 1611 588 enim
1632 560 1872 597 compunctionis

1086 606 1130 633 est
1142 611 1224 642 aqua
1236 604 1405 640 benedicta,
1419 612 1474 642 per
1488 613 1581 642 quam
1599 605 1830 644 sanctificamur,
1843 609 1874 638 et
1906 603 1912 610 “

1089 651 1253 680 abluuntur
1270 654 1403 689 peccata.
1419 652 1440 669 ¹⁰
1456 653 1576 690 «Neque
1589 652 1759 690 fornicarii,
1773 661 1872 692 neque

1086 698 1177 728 idolis
1190 698 1362 735 servientes,
1372 707 1470 737 neque
1485 699 1625 736 adulteri,
1639 708 1738 738 neque
1752 701 1870 737 moues,

1087 753 1185 783 neque
1201 746 1407 775 masculorum
1423 747 1644 784 concubitui-ee,
1665 755 1765 786 neque
1779 748 1870 784 flues,

1087 801 1185 830 neque
1201 793 1296 828 avari,
1311 803 1325 821 ιο
1342 796 1410 830 etc.,
1427 802 1577 831 «regnum
1591 795 1641 824 Dei
1654 795 1871 833 possidebunt:

1087 842 1115 869 et
1127 840 1190 869 haec
1203 840 1370 878 aliquando
1383 841 1508 878 quidem
1528 841 1633 876 fuistis,
1651 842 1704 871 sed
1718 842 1814 872 abluti
1827 851 1874 872 es-

1087 888 1134 922 tis,
1149 889 1178 916 et
1191 888 1363 917 sanctificati
1377 888 1455 918 estis.
1465 899 1478 915 u
1491 890 1530 918 De
1543 891 1650 926 quarto
1663 891 1684 908 ¹¹
1697 899 1704 918 :
1717 899 1730 916 ι(
1742 891 1774 919 In
1788 890 1873 919 omni

1087 934 1158 963 dato
1170 934 1297 964 hilarem
1310 934 1358 964 fac
1372 936 1488 964 vultum
1504 938 1590 964 tuum
1603 936 1655 973 (a),
1670 938 1699 966 et
1713 937 1744 965 in
1759 936 1874 966 exulta-

1088 981 1167 1010 tione
1181 982 1333 1011 sanctifica
1340 982 1472 1011 decimas
1480 986 1571 1012 tuas.»
1583 983 1604 1001 ¹⁸
1618 994 1631 1009 «ι
1639 983 1789 1020 Numquid
1796 983 1872 1013 ssen-

1089 1028 1161 1057 dum
1177 1031 1220 1057 est
1241 1029 1271 1057 in
1283 1030 1388 1066 quinto
1413 1037 1528 1065 mense,
1551 1029 1599 1058 vel
1619 1029 1803 1059 sanctificare
1824 1038 1873 1060 me

1087 1076 1196 1111 debeo,
1205 1076 1280 1105 sicut
1294 1076 1349 1105 feci
1361 1077 1426 1113 jum
1440 1077 1542 1106 multis
1555 1077 1662 1106 annis?
1671 1087 1684 1104 n
1702 1078 1776 1112 Quia
1790 1085 1874 1106 com-

1089 1123 1210 1160 punctio
1233 1131 1294 1152 non
1319 1123 1410 1152 debet
1434 1132 1497 1152 esse
1522 1123 1626 1159 nimia,
1645 1132 1682 1153 ne
1706 1127 1811 1161 vergat
1832 1125 1874 1154 ad

1089 1170 1346 1206 desperationem;
1363 1170 1417 1199 sed
1438 1170 1606 1206 moderata,
1625 1178 1687 1200 non
1709 1171 1873 1200 excludens

1089 1216 1312 1246 exultationem.
1328 1219 1360 1246 Et
1375 1218 1448 1246 sicut
1462 1218 1537 1246 cinis
1556 1220 1584 1246 et
1607 1218 1651 1246 sal
1671 1218 1761 1247 simul
1778 1226 1873 1256 pone-

1089 1265 1208 1300 bantur,
1225 1265 1265 1293 ita
1283 1265 1385 1293 vinum
1402 1267 1430 1294 et
1448 1273 1527 1302 aqua
1543 1265 1633 1294 simul
1653 1265 1826 1300 miscentur,
1841 1268 1874 1295 ut

1090 1314 1241 1349 computet
1264 1312 1340 1340 illud
1363 1313 1393 1341 in
1417 1313 1510 1346 bono,
1537 1312 1621 1349 quod
1643 1313 1756 1342 dictum
1780 1316 1823 1342 est
1842 1313 1872 1342 in

1090 1360 1170 1388 malo
1187 1362 1225 1387 ¹³:
1244 1370 1258 1386 α
1267 1359 1374 1388 Vinum
1385 1362 1470 1388 tuum
1483 1359 1608 1388 mixtum
1618 1362 1661 1388 est
1675 1367 1766 1397 aqua.
1774 1370 1787 1386 ι
1798 1362 1873 1389 Nam

1090 1407 1113 1435 si
1127 1407 1231 1435 vinum
1255 1407 1398 1442 desuerit,
1420 1407 1604 1435 contabescit
1627 1415 1679 1436 cor
1697 1415 1751 1444 per
1765 1407 1873 1444 despe-

1090 1454 1252 1489 rationem3
1268 1454 1292 1482 si
1312 1462 1391 1490 aqua
1410 1453 1546 1488 defuerit,
1566 1453 1729 1483 luxuriabit
1750 1454 1781 1482 in
1797 1462 1872 1492 prae-

1090 1501 1301 1537 sumptionem.
1315 1501 1335 1519 ¹⁸
1348 1511 1361 1526 ‹-
1371 1502 1426 1529 llas
1443 1501 1530 1537 igitur
1543 1501 1686 1529 habentes
1701 1501 1872 1538 promissio-

1092 1555 1154 1582 ncs,
1170 1548 1345 1582 charissimi,
1361 1548 1541 1576 mundemus
1555 1555 1610 1576 nos
1624 1548 1663 1576 ab
1679 1548 1761 1576 omni
1775 1548 1873 1585 inqui-

1092 1597 1233 1623 namento
1248 1596 1355 1630 carnis,
1370 1596 1554 1632 perficientes
1569 1594 1833 1624 sanctificationem
1843 1595 1873 1624 in

1093 1643 1197 1670 timore
1215 1643 1272 1671 Dei.
1292 1654 1304 1669 n
1324 1642 1410 1677 Quod
1432 1642 1507 1670 dixit
1525 1643 1720 1678 promissiones,
1748 1642 1875 1678 pertinet

1093 1688 1130 1716 ad
1143 1689 1244 1716 vinum
1261 1688 1466 1723 exultationis;
1483 1688 1566 1724 quod
1577 1688 1647 1716 dicit
1662 1690 1691 1715 in
1702 1690 1798 1716 timore
1815 1690 1874 1724 Dei,

1093 1736 1218 1771 pertinet
1243 1735 1282 1764 ad
1297 1744 1407 1772 aquam
1424 1735 1671 1771 compunctionis,
1688 1737 1718 1763 ln
1741 1736 1825 1771 cujus
1841 1735 1876 1763 fi-

1094 1791 1168 1817 gura
1184 1782 1321 1817 namuri,
1337 1782 1508 1810 sanctificati
1527 1782 1664 1816 Domino,
1683 1782 1713 1809 iu
1728 1782 1875 1818 principio

1094 1838 1154 1857 suie
1165 1829 1396 1857 consecrationis
1405 1837 1464 1857 non
1475 1831 1610 1865 poterant
1620 1828 1723 1857 hibere
1735 1829 1875 1864 vinum¹⁸3

1095 1877 1158 1911 sed,
1175 1876 1324 1913 completa
1339 1876 1578 1908 sanctificatione,
1594 1877 1739 1911 poterant.
1751 1877 1772 1894 ¹⁶
1790 1886 1802 1901 «
1818 1875 1876 1911 Vir,

1095 1924 1155 1951 sive
1169 1924 1287 1958 mulier,
1304 1931 1372 1951 cnm
1385 1923 1507 1951 fecerint
1519 1924 1633 1957 votum,
1650 1925 1680 1950 ut
1695 1923 1878 1951 sanctificen-

1095 1973 1151 2005 tur,
1169 1973 1195 1998 ct
1216 1978 1245 1998 se
1263 1970 1411 1998 voluerint
1428 1969 1552 1997 Domino
1567 1977 1752 2004 consecrare,
1767 1977 1785 1997 a
1796 1969 1876 2005 vino,

1096 2020 1123 2045 ct
1139 2017 1232 2052 omni,
1249 2017 1332 2053 quod
1355 2016 1501 2044 inebriare
1523 2018 1630 2052 potest,
1652 2016 1874 2044 abstinebunt.»

1096 2066 1127 2093 Et
1148 2072 1242 2100 prope
1267 2064 1356 2091 tinem
1381 2063 1511 2098 ejusdem
1534 2063 1636 2098 capitis
1657 2062 1774 2097 dicitur,
1795 2063 1877 2099 quod

1096 2111 1246 2147 completa
1261 2110 1494 2142 consecratione,
1510 2109 1585 2136 licite
1601 2111 1715 2145 poterat
1729 2117 1878 2138 nazaraeus

1096 2158 1199 2186 bibere.
1218 2158 1333 2191 vinum,
1351 2157 1421 2193 quia
1437 2156 1535 2184 coi—dis
1547 2156 1739 2192 compunctio
1756 2156 1878 2186 inchoe-

1096 2205 1184 2233 turin
1200 2204 1408 2237 amaritudine,
1424 2204 1595 2231 terminatur
1610 2203 1640 2230 in
1655 2203 1822 2232 dulcedine.

1132 2251 1268 2281 Secundo
1287 2251 1388 2279 anima
1407 2250 1619 2277 sanctificanda
1638 2252 1681 2278 est
1695 2258 1748 2286 per
1763 2249 1878 2278 miseri-

1097 2299 1241 2328 cordiam.
1260 2298 1400 2327 Animalis
1416 2298 1494 2325 enim
1511 2305 1578 2333 pars
1597 2297 1627 2324 in
1643 2296 1730 2325 nobis
1744 2297 1879 2332 subjecta

1096 2349 1138 2375 est
1154 2345 1317 2381 fragilitati,
1334 2345 1404 2381 quia
1415 2353 1432 2372 a
1443 2347 1542 2372 nostra
1555 2344 1708 2379 fragilitate
1723 2344 1877 2372 materiam

1097 2394 1242 2422 habemus
1265 2392 1459 2420 sufficientem
1475 2391 1540 2419 aliis
1565 2390 1734 2418 miserendi.
1749 2392 1758 2408 ⁷
1789 2401 1803 2416 ιι
1824 2391 1877 2425 Qui

1097 2441 1198 2468 timent
1211 2439 1378 2473 Dominum,
1396 2438 1608 2474 prwparnbunt
1621 2437 1714 2466 corda
1728 2445 1792 2471 sua,
1808 2438 1878 2466 etin

1099 2520 1114 2535 ¹¹
1135 2518 1226 2545 [stlat.
1247 2523 1323 2547 xxxv,
1348 2519 1383 2540 ll,
1402 2529 1431 2533 —
1451 2516 1470 2532 ¹¹
1489 2515 1572 2544 lodi..
1589 2521 1638 2545 xii,
1655 2515 1678 2539 3.
1693 2527 1723 2532 -
1742 2515 1763 2531 ¹¹
1777 2515 1836 2545 lsa„
1860 2521 1876 2545 ι,

1099 2556 1136 2578 22.
1159 2568 1183 2571 —
1210 2555 1226 2569 ¹·
1249 2554 1266 2576 ll
1291 2555 1358 2578 (mr.
1380 2558 1430 2582 xii,
1453 2554 1472 2576 l.
1494 2564 1523 2568 —-
1545 2552 1564 2567 ⁸⁵
1585 2550 1672 2580 Num„
1693 2556 1727 2582 vu,
1749 2552 1773 2581 3,
1793 2552 1832 2575 20.
1847 2563 1878 2569 -

1099 2591 1118 2606 ¹⁸·
1137 2590 1188 2614 ibid
1204 2609 1210 2619 ,
1227 2592 1278 2613 2-3.
1299 2602 1326 2606 -
1345 2588 1363 2605 ¹⁷
1384 2587 1470 2614 lit-cli..
1489 2593 1516 2616 ιι,
1533 2588 1570 2611 20.

1129 2638 1162 2664 (ιι,
1179 2636 1238 2659 caeet.
1255 2634 1314 2658 edit.
1333 2636 1401 2657 tuuc.
