2060 3052
100 1307 178 1326 Exem-

72 1337 141 1363 plum.

578 229 629 263 DE
650 228 846 263 PLURIBUS
868 228 924 261 SS.
948 227 1219 262 MARTYRIBUS.
1242 228 1375 262 SERMO
1398 229 1435 261 V.
1777 231 1816 261 59

195 303 332 342 opposita
355 300 496 332 ascendit.
522 299 618 328 Arbor
652 299 765 335 quanto
795 296 974 334 profundius

194 351 310 380 radices
323 350 354 378 in
370 351 480 378 terram
498 346 577 383 figit,
597 346 677 374 tanto
703 344 832 381 amplius
854 343 976 380 erigitur

195 406 322 427 sursum.
338 396 419 426 Unde
435 394 597 428 cucurbita,
623 400 690 429 quae
709 391 824 420 radices
839 390 975 420 modicas

196 449 278 476 terrae
291 443 398 481 infigit,
413 443 468 471 cito
484 441 584 470 deficit
598 442 625 469 et
639 439 744 469 arescit
762 449 768 468 z
785 439 826 467 sic
841 439 974 476 superbi,

195 494 266 531 quia
279 491 394 521 radices
411 491 443 519 in
456 489 563 518 humili
587 488 644 516 situ
668 494 730 515 non
751 488 878 524 ponunt,
899 486 975 514 citis-

194 541 267 570 sime
289 540 387 568 ruunt.
416 540 480 567 Non
505 537 584 566 enim
609 538 651 564 est
678 537 785 570 tutum,
811 534 864 563 sed
887 534 975 562 valde

193 587 324 622 stultum,
341 594 429 623 super
445 593 541 614 arenae
559 583 789 612 fundamentum
814 582 906 610 altum
921 589 976 618 po-

194 643 280 670 nere,
295 633 345 662 vel
359 633 477 662 elevare
490 631 645 670 palatium,
663 630 736 667 quia
743 629 807 658 ruit
825 629 864 657 ad
878 628 976 657 modi-

194 690 263 710 cum
278 681 426 718 aquilonis
441 679 611 716 impulsum.
630 677 711 705 Unde
726 677 841 705 Boetius
863 676 950 704 docet
970 681 975 695 ¹

194 737 283 766 super
295 727 408 756 humile
423 735 528 755 saxum
540 726 665 754 domum
680 724 900 759 collocandam,
914 731 976 751 non

195 784 284 814 super
306 777 439 803 montem
465 773 576 808 altum,
600 772 653 800 ubi
674 771 794 799 sortium
820 773 977 799 ventorum

194 823 322 861 patiatur
337 821 508 858 impulsum.
527 820 611 848 Fiunt
628 819 708 848 enim
720 827 797 855 saepe
811 818 932 854 fulgura
946 819 977 846 iu

196 869 361 904 montibus,
388 867 510 905 quando
532 867 638 904 quietae
662 867 730 894 sunt
751 865 854 894 valles.
881 866 976 899 Quare

195 917 314 954 superbi
331 916 442 944 similes
458 917 525 944 sunt
536 914 631 949 fumo,
642 914 694 950 qui
707 913 898 941 ascendendo
916 920 977 941 non

171 1000 174 1004 Δ
193 964 320 1002 proficit,
337 963 389 991 sed
404 962 503 990 statim
513 961 654 990 vanescit.
671 961 825 989 psalmista
838 959 848 975 ²
862 969 868 987 :
882 970 895 986 «
911 960 977 988 Vidi

192 1012 319 1048 impium
337 1009 591 1047 superexaltatum
614 1010 642 1036 et
657 1008 817 1042 elevatum,
840 1007 913 1035 sicut
929 1015 976 1035 ce-

193 1059 263 1087 dros
283 1058 386 1087 Libani
403 1068 410 1086 :
427 1060 455 1086 et
476 1056 608 1088 transivi,
625 1057 654 1083 et
676 1063 744 1083 ecce
770 1063 832 1082 non
853 1056 932 1082 erat:
951 1056 978 1082 et

192 1106 314 1143 quaesivi
330 1113 408 1139 eum,
426 1107 454 1132 et
475 1112 537 1132 non
554 1105 596 1131 est
612 1104 749 1131 iuventus
771 1102 855 1130 locus
871 1102 943 1137 ejus.
961 1112 974 1127 n

227 1153 322 1182 Tertia
337 1155 380 1180 est
391 1152 511 1187 justitia,
529 1159 594 1187 quae
609 1152 651 1178 est
666 1149 810 1186 poenitere
823 1149 976 1177 veraciter.

191 1202 304 1229 Justum
329 1202 371 1227 est
392 1199 482 1233 enim,
505 1200 537 1226 ut
562 1197 614 1234 qui
638 1201 750 1233 peccat,
773 1196 978 1233 poenitentiam

193 1249 271 1283 agat,
286 1247 419 1283 plangat,
435 1248 463 1273 et
477 1244 626 1281 gemendo
643 1252 673 1272 se
688 1244 805 1279 puniat,
817 1245 850 1271 ut
865 1245 922 1271 Deo
935 1252 980 1271 sa-

194 1295 325 1323 tisfaciat.
343 1296 416 1322 Nam
431 1294 459 1321 et
476 1293 576 1328 lupus,
595 1291 667 1319 dum
683 1291 719 1319 de
738 1292 824 1318 nocte
844 1291 883 1318 ad
907 1298 979 1318 cau-

192 1342 253 1370 lam
265 1341 357 1376 vadit,
373 1342 435 1368 uta
450 1340 574 1368 canibus
593 1339 694 1366 sentiri
709 1347 770 1367 non
790 1338 893 1375 possit,
909 1346 979 1366 con-

192 1391 237 1417 tra
257 1390 379 1416 ventum
398 1387 491 1421 vadit,
512 1395 565 1414 seu
585 1385 705 1421 incedit,
731 1388 759 1414 et
778 1386 868 1422 plane
892 1386 979 1414 valde

191 1436 275 1464 vadit
288 1445 295 1471 ς
312 1435 365 1462 sed
383 1434 407 1462 si
422 1442 492 1462 casu
507 1433 615 1470 pedem
629 1433 668 1461 ad
683 1433 816 1469 lapidem
830 1441 980 1469 percusse-

193 1483 238 1518 rit,
256 1484 283 1510 et
297 1482 450 1518 strepitum
462 1480 571 1516 fecerit,
585 1482 729 1516 tanquam
744 1480 795 1516 qui
808 1480 980 1515 offenderit,

193 1531 224 1559 in
245 1529 376 1566 seipsum
397 1531 542 1565 tanquam
567 1528 685 1556 sceleris
705 1527 784 1555 ultor
803 1527 939 1563 insurgit,
954 1530 982 1556 et

193 1577 302 1613 pedem
315 1576 366 1612 qui
381 1576 412 1604 in
428 1575 516 1612 culpa
531 1575 596 1609 fuit,
616 1575 728 1603 fortiter
752 1574 838 1602 dente
855 1575 979 1610 stringit.

193 1626 268 1660 Ergo
283 1623 307 1651 si
321 1623 362 1650 sic
377 1631 408 1650 se
424 1623 519 1650 bestia
542 1622 641 1658 punit,
663 1630 730 1658 quae
750 1622 901 1649 neminem
926 1622 982 1650 nisi

194 1671 322 1707 seipsam
338 1670 473 1704 offendit,
489 1669 564 1706 quid
585 1669 674 1697 debet
693 1669 790 1696 facere
810 1669 913 1704 homo,
930 1669 982 1705 qui

194 1719 297 1746 divina
317 1718 460 1746 mandata
485 1716 640 1752 confregit,
666 1717 840 1753 proximum
855 1716 937 1751 laesit,
955 1719 982 1744 et

195 1767 322 1803 seipsum
337 1765 490 1802 peccando
507 1764 661 1800 corrupit?
683 1766 730 1791 Est
753 1771 824 1799 ergo
840 1764 982 1799 poeniten-

162 1839 167 1843 .
196 1814 269 1841 dum
283 1813 436 1846 veraciter,
453 1821 521 1840 cum
539 1819 707 1848 peccamus.
725 1811 806 1838 Unde
827 1811 933 1839 dicitur
947 1813 956 1828 ³
974 1821 980 1839 :

199 1870 212 1886 «
228 1860 286 1889 Nisi
301 1860 503 1888 abundaverit
522 1859 633 1895 justitia
654 1860 757 1892 vestra,
777 1868 789 1885 >³
814 1860 868 1886 etc.
891 1858 935 1887 lui
951 1859 982 1886 in

197 1907 266 1935 solis
277 1907 470 1934 exterioribus
483 1906 686 1942 poenitentiam
700 1905 897 1933 ostendebant
909 1915 915 1939 ;
929 1906 981 1933 sed

199 1954 290 1982 corda
313 1953 465 1990 hypocrisi
494 1955 522 1981 et
546 1953 659 1980 malitia
682 1952 771 1988 plena
791 1954 883 1980 erant.
902 1953 982 1980 Unde

197 2001 338 2029 Dominus
354 2001 496 2028 assimilat
520 2009 570 2028 eos
592 1999 735 2036 sepulcris
757 2000 884 2028 exterius
900 2000 982 2027 ‹leal-

196 2048 284 2083 batis,
300 2048 353 2076 sed
367 2047 556 2076 immunditia
576 2048 653 2075 intus
670 2047 766 2083 plenis
782 2048 881 2075 &Vere
903 2047 982 2075 enim

198 2096 299 2129 homo,
316 2097 343 2123 et
357 2103 418 2123 non
429 2095 506 2130 fiete,
523 2095 611 2123 debet
621 2102 651 2122 se
666 2102 721 2130 pro
732 2096 853 2130 peccato
865 2095 981 2130 punire,

198 2142 307 2170 medici
325 2150 420 2176 more,
438 2143 490 2178 qui
509 2144 620 2177 {egroto
635 2149 695 2169 non
715 2141 819 2177 parcit,
837 2143 867 2169 ut
885 2142 982 2169 sanari

198 2189 299 2224 possit.
321 2191 403 2224 Nam,
420 2191 452 2216 ut
467 2189 610 2225 exemplis
632 2191 708 2223 utar,
736 2189 932 2225 Hieronymus
947 2189 957 2205 ⁵
974 2197 980 2216 z

203 2246 215 2261 «
232 2236 356 2264 Putridae
377 2244 478 2264 carnes
502 2235 632 2264 cauterio
649 2237 788 2263 curantur
808 2237 835 2263 et
851 2235 938 2270 ferro,
956 2239 983 2264 et

200 2291 313 2311 venena
338 2283 506 2319 serpentina
531 2284 672 2310 curantur
696 2283 839 2310 antidoto.
864 2293 876 2308 n
905 2283 983 2311 Sicut

201 2330 279 2358 enim
295 2329 397 2357 clavus
412 2330 497 2357 clavo
513 2330 676 2366 repellitur,
703 2330 743 2357 sic
770 2330 875 2365 majori
896 2330 982 2358 dolor

200 2377 305 2405 dolore
340 2379 469 2404 curatur.
505 2379 583 2404 Tunc
619 2377 698 2404 enim
730 2377 863 2404 medicus
896 2377 983 2405 mise-

200 2426 295 2458 retur,
335 2424 458 2460 quando
500 2431 561 2451 non
604 2423 698 2459 parcit
738 2424 922 2460 aegritudini,
953 2427 984 2452 ut

202 2474 328 2500 curetur.
354 2473 432 2499 Tunc
458 2471 537 2499 enim
561 2471 691 2499 crudelis
718 2474 801 2505 esset,
830 2472 853 2499 si
882 2480 984 2508 parce-

202 2521 263 2553 ret3
290 2519 361 2554 quia
386 2527 454 2546 eum
482 2519 549 2545 tunc
574 2517 731 2553 occideret,
757 2521 783 2546 et
804 2527 865 2546 non
895 2527 978 2547 cura-

201 2569 252 2594 ret.
279 2566 328 2594 llle
349 2574 420 2602 ergo
439 2566 495 2593 sibi
512 2565 615 2601 parcit,
633 2565 683 2601 qui
700 2573 768 2593 vere
786 2566 928 2600 justiliam
946 2566 982 2594 de

202 2621 232 2641 se
244 2613 322 2648 facit,
341 2615 367 2640 et
387 2613 450 2649 qui,
466 2612 630 2640 secundum
654 2612 751 2639 morbi
777 2613 981 2648 quantitatem,

236 2677 240 2689 ¹
259 2676 340 2705 Boet.‚
354 2675 383 2699 {Ie
399 2676 496 2700 Consol.
509 2675 612 2707 philost,
626 2676 669 2699 lib.
686 2676 838 2703 1Ι,ω811“,»1.
851 2689 881 2694 —
893 2677 900 2690 ²
911 2677 980 2700 Pxnl.

204 2716 296 2742 xxxvl,
318 2712 357 2736 35.
373 2725 390 2729 —
423 2712 433 2728 3
454 2712 555 2741 Nalm,
578 2718 599 2742 v,
624 2713 660 2735 ΞΟ,
679 2725 708 2729 -
732 2712 925 2743 ⁴11]i‹;i.,sx111‚
942 2714 980 2737 27.

1031 298 1195 326 curativam
1219 297 1402 326 medicinam
1430 298 1458 325 et
1486 296 1653 326 sanativam
1680 297 1813 335 apponit.

1031 346 1115 380 Nam,
1134 345 1209 374 sicut
1223 344 1381 382 Apostolus
1396 344 1468 373 dicit
1486 345 1496 361 ⁶
1517 353 1524 372 ε
1541 354 1554 371 α
1569 344 1597 373 Si
1617 344 1816 381 nosmetipsos

1028 391 1243 427 judicaremus,
1256 400 1318 421 non
1332 391 1434 428 utique
1447 391 1660 427 judicaremur.
1677 402 1690 418 »

1067 439 1176 473 Quarta
1188 439 1300 475 justitia
1320 442 1378 474 est,
1401 447 1462 476 qua
1483 440 1542 467 Deo
1557 439 1702 467 servimus
1716 445 1815 475 perse-

1031 488 1177 514 veranter.
1198 486 1274 514 Nihil
1290 487 1370 515 enim
1388 487 1468 515 valet
1490 486 1694 523 poenitentiam
1715 485 1816 513 incho-

1031 540 1092 568 are,
1107 534 1135 560 et
1149 541 1215 561 eam
1235 541 1328 570 usque
1352 534 1391 562 ad
1412 533 1548 562 medium
1573 533 1699 568 trahere,
1714 532 1816 561 sinon

1032 579 1107 608 adsit
1130 588 1331 616 perseverare.
1350 582 1424 608 Nam
1449 582 1477 609 et
1498 575 1673 617 leopardus,
1694 579 1816 617 quando

1031 630 1099 664 post
1113 626 1238 655 bestiam
1253 635 1369 656 currere
1390 627 1502 664 incipit,
1527 628 1550 656 si
1572 635 1643 656 mox
1666 635 1734 655 eam
1755 634 1817 655 non

1033 674 1166 710 arrIpiat,
1189 682 1324 709 gressum
1350 674 1423 710 figit,
1452 677 1480 702 et
1507 683 1568 703 non
1592 676 1817 712 perseveranter

1031 724 1099 758 post
1114 730 1180 750 eam
1195 722 1287 758 vadit,
1302 724 1329 750 et
1344 724 1412 750 tunc
1426 722 1562 751 laborem
1577 725 1775 760 assumptum,
1791 723 1819 751 et

1033 769 1158 798 bestiam
1173 769 1263 797 simul
1276 769 1382 806 perdit.
1407 769 1484 804 Quid
1504 770 1584 798 valet
1603 769 1730 798 domum
1751 770 1818 798 l’un—

1034 817 1116 852 dare,
1132 817 1259 854 parietes
1278 817 1368 845 fortes
1392 819 1421 845 et
1440 825 1559 852 grossos
1579 817 1703 853 erigere,
1729 817 1753 845 si
1773 826 1819 845 re-

1033 866 1174 892 maneant
1189 864 1251 892 sine
1273 864 1426 892 culmine?
1445 864 1579 901 Requirit
1600 872 1671 900 crgo
1694 864 1817 900 justitia,

1033 914 1064 940 ut
1079 920 1304 948 perseveremus
1325 913 1354 940 in
1373 911 1557 948 poenitentia,
1581 919 1636 939 nec
1658 911 1720 939 ulla
1742 911 1820 939 fran-

1034 967 1141 995 gamur
1159 967 1281 995 prorsus
1302 959 1420 995 inJuria.
1446 958 1526 987 Unde
1546 959 1592 986 vir
1611 960 1730 986 sanctus
1750 958 1821 987 dicit

1034 1008 1064 1035 iu
1082 1015 1210 1043 persona
1234 1006 1370 1034 omnium
1386 1006 1491 1034 talium
1513 1007 1522 1023 ⁷
1543 1015 1550 1033 :
1571 1015 1584 1031 «
1604 1007 1680 1033 Iram
1702 1006 1819 1034 Domini

1033 1054 1173 1090 portabo,
1189 1054 1260 1090 quia
1274 1053 1396 1089 peccavi
1407 1053 1444 1088 ei,
1461 1053 1557 1081 donee
1571 1052 1684 1094 judicet
1698 1052 1735 1089 (a)
1752 1061 1821 1081 cau—

1034 1109 1098 1130 sam
1115 1109 1225 1136 meam,
1240 1103 1268 1129 et
1283 1101 1334 1129 fiat
1345 1101 1495 1137 judicium
1508 1108 1619 1135 meum,
1632 1101 1660 1128 et
1671 1100 1761 1128 ducat
1772 1108 1820 1128 me

1034 1149 1064 1176 in
1080 1149 1188 1183 lucem,
1207 1150 1238 1176 ut
1252 1148 1372 1176 videam
1385 1147 1530 1183 justitiam
1546 1147 1619 1182 ejus.
1639 1159 1652 1172 »

1071 1196 1128 1225 Sed
1143 1197 1213 1223 nola
1229 1195 1277 1223 hio
1297 1195 1464 1231 diligenter,
1485 1195 1555 1231 quia
1577 1203 1595 1223 a
1616 1195 1737 1230 justitia,
1761 1203 1821 1231 qua

1034 1244 1168 1272 redimus
1184 1244 1224 1272 ad
1240 1246 1331 1272 Deum
1346 1244 1496 1278 velociter,
1517 1244 1607 1271 alieni
1627 1246 1695 1271 sunt
1715 1244 1821 1272 mundi

1035 1293 1186 1328 potentes3
1208 1299 1226 1319 a
1247 1291 1368 1326 justitia,
1395 1299 1455 1327 qua
1483 1291 1629 1319 servimus
1657 1291 1822 1326 humiliter,

1036 1339 1125 1366 alieni
1140 1340 1208 1365 sunt
1223 1340 1454 1374 praesumentes5
1471 1340 1499 1365 et
1514 1346 1532 1365 a
1549 1338 1676 1373 justitia,
1691 1346 1752 1374 qua
1767 1346 1822 1366 nos

1036 1386 1177 1423 punimus
1190 1385 1342 1420 veraciter,
1360 1385 1448 1412 alieni
1466 1387 1534 1412 sunt
1548 1384 1633 1412 multi
1649 1384 1775 1420 judiccS,
1794 1387 1822 1412 et

1037 1435 1180 1468 rectores,
1197 1432 1249 1460 sed
1266 1440 1283 1460 a
1296 1433 1419 1468 justitia,
1441 1440 1501 1468 qua
1517 1440 1573 1460 nos
1595 1434 1653 1460 Deo
1676 1432 1822 1460 servimus

1036 1482 1268 1516 perseveranter,
1286 1479 1376 1507 alieni
1396 1481 1464 1507 sunt
1488 1487 1591 1507 omnes
1616 1479 1655 1507 ad
1676 1479 1823 1506 vomitum

1036 1528 1224 1555 revertentes.
1251 1527 1320 1554 Dico
1344 1527 1443 1562 igitur,
1466 1526 1551 1562 quod
1572 1534 1590 1554 a
1612 1526 1735 1561 justitia,
1762 1534 1824 1562 qua

1038 1574 1238 1602 convertimur
1270 1573 1309 1602 ad
1338 1575 1430 1601 Deum
1457 1573 1608 1607 velociter,
1638 1573 1728 1601 alieni
1756 1575 1824 1600 sunt

1038 1621 1142 1649 mundi
1161 1622 1306 1657 potentes,
1329 1622 1401 1657 quia
1417 1628 1479 1649 non
1500 1621 1598 1648 solum
1617 1620 1656 1648 ad
1677 1620 1823 1656 poeniten-

1038 1669 1109 1698 tiam
1133 1676 1194 1696 non
1218 1668 1353 1702 veniunt,
1376 1667 1427 1695 sed
1449 1667 1579 1695 viventes
1604 1667 1771 1703 despiciunt
1796 1669 1824 1695 et

1039 1718 1241 1744 contemnunt.
1263 1716 1291 1744 Si
1313 1717 1412 1743 autem
1433 1723 1512 1742 nunc
1533 1715 1605 1743 tales
1628 1714 1823 1749 attenderent,

1040 1763 1114 1800 quid
1129 1764 1158 1791 in
1175 1763 1290 1791 inferno
1314 1763 1421 1791 dicturi
1439 1766 1517 1797 sunt,
1538 1763 1660 1799 quando
1683 1771 1772 1799 super
1793 1771 1823 1790 se

1039 1811 1179 1845 viderint,
1208 1819 1285 1846 quos
1315 1810 1505 1838 deriserunt?
1520 1810 1601 1838 Unde
1628 1810 1749 1846 Sapiens
1775 1811 1785 1827 ⁸
1816 1819 1822 1837 ι

1043 1868 1056 1884 «
1074 1860 1153 1886 Tunc
1168 1858 1287 1886 stabunt
1300 1858 1370 1893 justi
1381 1858 1410 1885 in
1422 1866 1532 1893 magna
1540 1857 1706 1885 constantia
1721 1857 1824 1884 adver-

1039 1915 1088 1933 sus
1104 1914 1164 1938 eos,
1182 1905 1234 1942 qui
1249 1913 1279 1933 se
1296 1905 1550 1940 angustiaverunt,
1575 1907 1603 1932 et
1623 1905 1674 1941 qui
1696 1905 1824 1933 abstule-

1039 1955 1107 1981 runt
1122 1953 1241 1981 labores
1258 1961 1373 1980 eorum.
1390 1954 1424 1980 Al
1438 1952 1481 1979 illi
1498 1952 1642 1984 videntes,
1659 1952 1825 1980 turbabun-

1039 2003 1085 2028 tur
1100 2001 1204 2028 timore
1220 1999 1367 2035 horribili,
1386 2000 1517 2027 dicentes
1532 2000 1609 2027 intra
1624 2007 1666 2034 se,
1681 1999 1824 2035 pceniten-

1039 2048 1111 2075 tiam
1130 2050 1248 2083 agentes
1267 2057 1273 2074 :
1298 2047 1319 2075 Ii
1336 2049 1414 2082 sunt,
1440 2055 1515 2083 quos
1535 2046 1700 2082 aliquando
1720 2046 1825 2074 habui-

1039 2103 1106 2123 mus
1122 2095 1152 2122 in
1168 2095 1308 2129 derisum,
1324 2094 1391 2122 etin
1402 2093 1627 2122 similitudinem
1639 2093 1823 2130 improperii.

1040 2144 1097 2170 Nos
1111 2142 1249 2169 insensati
1267 2142 1358 2170 vitam
1374 2141 1495 2168 illorum
1511 2140 1731 2168 aestimabamus
1746 2141 1824 2168 insa-

1040 2189 1132 2224 niam,
1153 2199 1166 2215 »
1185 2191 1238 2216 etc.
1261 2198 1273 2213 κ
1297 2191 1368 2216 Ecce
1394 2188 1549 2223 quomodo
1574 2188 1735 2224 computati
1757 2190 1825 2215 sunt

1040 2237 1115 2264 inter
1129 2236 1207 2263 filios
1223 2236 1282 2269 Dei,
1299 2246 1311 2261 u
1330 2237 1384 2262 cto.
1406 2237 1437 2262 Et
1457 2235 1636 2262 concludent
1658 2236 1761 2263 contra
1780 2244 1824 2262 se-

1040 2284 1121 2320 ipsos
1148 2283 1372 2310 conclusionem
1396 2282 1633 2313 irrevocabilem,
1664 2282 1794 2310 dicentes
1816 2292 1821 2310 :

1045 2341 1056 2356 «
1073 2332 1148 2365 Ergo
1164 2338 1218 2357 nos
1235 2329 1399 2357 erravimus
1415 2338 1431 2357 a
1446 2329 1494 2357 via
1510 2329 1650 2363 veritatis,
1669 2331 1697 2356 et
1715 2329 1759 2356 sol
1776 2329 1823 2356 in-

1041 2377 1208 2412 telligentiae
1222 2384 1284 2404 non
1299 2378 1341 2404 est
1357 2378 1437 2404 ortus
1451 2376 1548 2403 nobis.
1565 2387 1578 2402 »
1593 2378 1666 2411 Lege
1679 2378 1770 2403 totam
1780 2376 1824 2403 hi-

1041 2424 1160 2452 storiam
1181 2424 1213 2451 in
1231 2425 1386 2458 Sapientia,
1404 2423 1474 2459 quia
1490 2431 1579 2458 supra
1603 2423 1730 2450 modum
1749 2431 1823 2458 pras-

1041 2471 1177 2499 dicabilis
1193 2472 1246 2504 est,
1259 2473 1286 2498 et
1302 2471 1437 2506 pulchra,
1458 2472 1484 2498 et
1502 2470 1541 2497 ad
1560 2470 1762 2505 poenitentiam
1778 2470 1823 2498 in-

1041 2518 1169 2546 ductiva.
1186 2517 1333 2552 Secundo,
1350 2525 1367 2544 a
1379 2517 1500 2552 justitia,
1526 2525 1586 2552 qua
1606 2518 1664 2544 Deo
1678 2517 1823 2545 servimus

1040 2565 1200 2600 humiliter,
1220 2565 1308 2592 alieni
1325 2566 1392 2592 sunt
1406 2566 1628 2600 praesumenteS,
1647 2564 1698 2600 qui
1718 2565 1824 2592 nolunt

1043 2647 1068 2649 Ἀ
1086 2634 1094 2647 ⁵
1110 2633 1226 2663 Hieron„
1248 2633 1273 2656 in
1294 2633 1382 2661 Mida,
1407 2641 1428 2656 c.
1451 2639 1479 2656 11.
1496 2645 1525 2650 —
1548 2633 1556 2647 ὓ
1574 2633 1581 2656 1
1605 2632 1675 2663 Corn,
1694 2634 1771 2662 xisti.
1795 2636 1820 2649 ’ω

1040 2669 1049 2685 ⁷
1065 2668 1218 2698 Mz'cl1.‚vn,
1234 2671 1257 2692 9.
1273 2681 1304 2686 —-
1319 2669 1328 2684 ⁸
1343 2670 1412 2699 Sasu,
1430 2674 1454 2698 V,
1472 2670 1522 2692 i-GA

1073 2712 1105 2741 sa)
1124 2712 1184 2735 emt.
1202 2711 1262 2735 edil.
1274 2711 1383 2741 judicat.

1861 585 1939 604 Exem-

1833 618 1902 644 plum.
