2029 3052
861 194 991 228 CAPUT
1013 197 1094 229 VIII.

161 263 232 303 ,iam
248 262 330 294 mira
344 262 464 295 virtute
478 261 649 303 suppleret,
668 261 753 302 quod
768 270 827 293 nec
841 262 943 302 cibu5‚

165 325 224 347 nec
248 318 356 356 potus,
377 325 436 348 nec
457 316 571 348 domus
589 316 733 354 deesset,
750 324 824 347 cum
846 325 944 356 pecu-

165 370 228 401 niae
238 393 247 409 ,
266 371 296 401 et
317 370 414 408 artis,
433 372 464 401 et
478 372 602 401 naturae
616 369 748 401 facultas
765 369 922 401 defecerat
937 381 945 408 ;

165 424 268 456 multo
282 424 386 464 magis
398 424 452 455 illa
467 424 658 463 merebitur,
674 433 748 464 quae
763 424 878 455 usitato
894 425 944 456 di-

163 476 249 509 vinae
260 476 469 517 providentiae
482 476 593 508 ordine
604 476 819 507 communiter
830 485 943 508 conce-

163 529 294 561 duntur.
311 529 362 570 Si,
378 530 527 571 inquam,
550 532 648 571 petrae
668 530 792 561 siccitas
806 530 846 561 ad
861 540 942 571 pau-

163 584 247 624 peris
262 593 372 616 vocem
387 585 555 616 abundans
570 584 724 625 poculum
739 585 857 616 sitienti
873 594 947 626 pro-

162 637 285 678 pinavit
315 638 510 678 pauperculo
522 663 530 678 ,
554 638 599 669 nil
621 639 690 679 jam
721 638 805 670 inter
836 639 947 670 omnia

163 702 260 725 suum
288 694 460 734 denegabit
492 694 683 735 obsequium
707 695 759 726 his
769 719 779 734 ,
807 695 863 736 qui
887 705 946 736 pro

163 747 300 779 Auctore
314 748 461 780 omnium
479 749 588 780 omnia
601 749 823 789 reliquerunt.

423 863 566 897 CAPUT
590 864 680 898 VIII.

163 945 200 972 De
219 945 332 980 pietatis
352 945 470 980 affectu,
491 949 516 974 ec
536 947 668 981 quomodo
692 948 799 974 ratione
824 948 946 974 carentia

337 990 502 1019 videbantur
523 991 559 1018 ad
579 992 670 1026 ipsum
691 992 770 1026 affici.

203 1069 307 1102 Pietas
322 1081 399 1103 vera
411 1096 420 1111 ‚
442 1081 516 1112 quae
538 1072 716 1103 secundum
732 1071 923 1112 Apostolum
936 1075 944 1091 ¹

164 1124 201 1155 ad
218 1125 328 1156 onmia
342 1126 435 1164 valet,
454 1126 532 1157 adeo
547 1135 601 1157 cor
621 1125 781 1156 Fran01sci
797 1125 945 1165 repleve—

164 1179 224 1216 rat,
241 1187 277 1209 ac
289 1181 524 1219 penetraverat,
540 1182 576 1210 ut
592 1181 696 1210 totum
707 1179 871 1210 videretur
884 1188 946 1210 ser—

163 1240 243 1263 vum
275 1232 331 1263 Dei
354 1233 388 1263 in
413 1242 508 1264 suum
533 1233 714 1264 domimum
746 1233 941 1264 vendicasse.

163 1285 239 1317 Haec
253 1288 310 1326 est,
325 1296 399 1328 quae
411 1287 518 1328 ipsum
530 1297 587 1328 per
597 1287 800 1319 devotionem
814 1296 944 1318 sursum

163 1340 282 1379 agebat
297 1341 330 1371 in
345 1341 466 1380 Deum,
487 1351 543 1382 per
562 1341 816 1381 compassionem
839 1342 942 1371 trans-

164 1394 321 1425 formabat
336 1395 369 1425 in
384 1395 558 1433 Christum,
574 1404 631 1435 per
643 1395 944 1426 condescensionem

163 1448 338 1480 inclinabat
347 1449 386 1480 ad
398 1449 596 1489 proximum,
613 1451 644 1479 et
658 1458 714 1489 per
727 1448 944 1480 universalem

163 1502 418 1533 conciliationem
442 1503 482 1534 ad
508 1503 655 1543 singula,
680 1503 880 1542 refigurabat
904 1502 944 1533 ad

163 1555 354 1587 innocentiae
377 1558 507 1587 statum.
536 1556 681 1597 Cumque
707 1566 764 1596 per
784 1556 869 1587 hanc
892 1555 944 1595 pie

162 1612 348 1641 moveretur
362 1610 401 1641 ad
416 1611 535 1649 omnia,
555 1610 734 1650 specialiter
748 1612 857 1641 tamen
872 1609 940 1640 ani-

162 1673 231 1695 mas
247 1665 362 1696 Christi
382 1665 458 1696 Jesu
480 1665 638 1704 sanguine
653 1665 792 1705 pretioso
814 1664 940 1695 redem-

160 1720 231 1758 ptas
263 1728 337 1750 cum
359 1721 503 1750 cerneret
528 1719 691 1759 inquinari
720 1718 827 1758 aliqua
850 1718 941 1749 sorde

160 1773 291 1812 peccatI,
307 1775 395 1804 tanta
417 1773 629 1804 miserationis
651 1773 863 1804 teneritudine
884 1773 942 1803 dc-

159 1826 325 1866 plorabat,
350 1829 384 1858 ut
405 1836 458 1858 cas
474 1829 628 1867 tanquam
651 1829 753 1858 mater
768 1826 802 1857 in
818 1826 941 1857 Christo

159 1880 300 1920 quotidie
334 1880 518 1920 parturiret.
547 1880 585 1911 Et
617 1880 688 1911 haec
713 1889 809 1920 penes
833 1880 941 1920 ipsum

159 1943 256 1965 causa
274 1935 437 1975 praecipua
456 1935 631 1965 venerandi
652 1934 742 1965 verbi
766 1934 821 1964 Dei
843 1934 941 1964 mini-

159 1989 253 2026 stros,
270 1988 355 2028 quod
373 1997 484 2019 semen
500 1988 590 2018 fratri
604 1997 662 2018 suo
681 1988 840 2026 defuncto,
854 1987 942 2018 Chri-

160 2043 208 2072 sto
223 2041 370 2073 videlicet
382 2051 439 2081 pro
457 2041 677 2081 peccatoribus
696 2041 869 2079 cruxifixo,
885 2050 942 2080 per

158 2096 302 2136 ipsorum
326 2097 587 2136 conversionem,
610 2100 640 2128 et
655 2097 707 2137 pia
730 2097 941 2128 sollicitudine

158 2149 309 2181 suscitent
317 2151 338 2189 ²,
373 2152 404 2181 et
437 2151 569 2182 sollicita
597 2151 712 2191 pietate
741 2151 938 2190 gubernent.

160 2202 340 2235 Istiusmodi
357 2205 569 2236 miserationis
584 2205 726 2236 officium
741 2204 826 2236 Patri
844 2205 940 2236 mise-

158 2257 369 2289 ricordiarum
384 2259 471 2289 omni
481 2259 636 2290 sacrificio
645 2259 793 2290 firmabat
802 2259 841 2299 (α)
855 2268 941 2290 acce-

159 2311 244 2351 ptius
256 2335 264 2350 ,
298 2312 440 2342 maxime
472 2312 499 2342 si
530 2312 635 2343 studio
668 2313 762 2343 fuerit
792 2313 939 2352 perfectae

159 2365 321 2395 charitatis
335 2365 532 2405 impensum,
544 2367 579 2396 ut
594 2365 633 2395 ad
649 2365 681 2396 id
693 2366 855 2397 laboretur
867 2375 938 2396 ma-

160 2418 212 2457 gis
225 2419 384 2459 exemplo,
401 2428 499 2459 quam
512 2419 626 2456 verbo;
642 2420 747 2459 magis
757 2419 939 2460 lacrymosa

158 2481 269 2512 prece,
283 2482 380 2513 quam
396 2473 520 2513 loquaci
536 2482 693 2503 sermone.
713 2472 937 2512 Plangendum

158 2526 290 2565 proinde
299 2527 420 2557 dicebat
432 2526 686 2566 praedicatorem,
698 2529 852 2566 tanquam
861 2535 938 2557 vera

160 2579 274 2618 pietate
298 2580 480 2620 privatum,
504 2580 573 2612 sive
592 2580 698 2620 quiin
713 2579 938 2620 praedicatione

192 2659 229 2718 ¹51
253 2659 325 2691 nm„
350 2666 384 2691 iv,
405 2662 427 2686 8.
449 2674 479 2679 -
503 2662 513 2677 2
534 2661 614 2691 ΒΗΛ,
637 2666 698 2691 xxv,
719 2661 740 2684 5.
760 2672 791 2677 —
810 2660 818 2673 ³
835 2660 843 2683 1
860 2660 936 2690 aeq„

160 2700 191 2725 11,
222 2712 228 2720 .

1731 209 1789 240 319

1008 273 1073 296 non
1097 265 1279 299 animarum
1316 270 1434 310 quaerit
1456 271 1609 311 salutem,
1634 273 1688 305 sed
1714 283 1789 315 pro-

1005 318 1109 358 priam
1135 320 1282 360 laudem,
1307 323 1375 355 sive
1397 324 1453 364 qui
1477 325 1634 365 pravitate
1656 326 1793 360 destruit

1005 372 1092 412 vitae,
1112 375 1196 414 quod
1213 375 1349 408 aedificat
1370 378 1502 410 veritate
1521 379 1686 412 doctrinae.
1703 380 1789 413 Prae-

1004 425 1174 458 ferendum
1203 428 1280 460 huic
1301 430 1424 463 dicebat
1444 433 1577 464 fratrem
1599 433 1788 474 simplicem,

1004 480 1035 510 et
1050 479 1229 520 elinguem,
1246 483 1301 523 qui
1318 484 1401 516 bono
1418 486 1565 527 exemplo
1581 487 1659 519 alios
1674 497 1792 528 provo-

1002 535 1053 563 cat
1065 533 1104 564 ad
1119 534 1253 566 bonum.
1280 536 1362 569 Illud
1378 548 1507 580 quoque
1522 541 1659 572 verbum
1672 541 1682 558 ³
1702 553 1708 573 :
1726 543 1790 575 Do-

1002 594 1057 618 nec
1073 589 1194 620 sterilis
1212 591 1335 629 peperit
1345 592 1514 633 plurimos,
1533 594 1637 626 taliter
1652 604 1790 636 expone-

1003 640 1055 671 bat
1072 652 1078 672 :
1097 641 1231 682 SterIlis,
1248 643 1364 684 inquit,
1383 648 1430 677 est
1445 647 1542 678 frater
1556 649 1785 690 pauperculuS,

1003 694 1058 734 qui
1083 696 1258 734 generandi
1283 697 1318 728 in
1341 698 1479 731 Ecclesia
1503 701 1582 732 tilios
1606 712 1671 734 non
1690 703 1788 735 habet

1002 748 1154 780 officium.
1172 749 1229 780 Hic
1238 751 1339 790 pariet
1349 751 1513 793 injudicio
1526 755 1694 795 plurimos,
1711 758 1788 797 quia

1002 811 1082 841 quos
1098 812 1184 834 nunc
1199 804 1334 844 privatis
1354 807 1554 840 orationibus
1569 810 1727 842 convertit
1748 811 1788 842 ad

1002 855 1164 887 Christum
1177 882 1184 896 ‚
1203 867 1270 890 suae
1292 860 1405 899 gloriae
1430 864 1506 893 tunc
1518 863 1623 903 judex
1639 864 1785 896 ascribet.

1003 910 1079 946 Quoe
1094 911 1210 944 multos
1230 912 1322 946 habet
1338 915 1436 955 filios,
1456 917 1694 957 infirmabitur,
1712 919 1788 959 quia

1001 963 1191 1002 praedicator
1221 975 1326 997 vanus
1357 971 1388 999 et
1420 969 1559 1010 loquax,
1589 971 1646 1012 qui
1676 972 1787 1003 multis

1001 1026 1088 1047 nunc
1103 1019 1194 1058 quasi
1218 1029 1277 1051 sua
1298 1021 1418 1053 virtute
1437 1025 1555 1063 genitis
1574 1027 1705 1065 gaudet,
1733 1035 1787 1057 co-

1000 1074 1133 1109 gnoscet
1158 1075 1236 1104 tunc
1259 1084 1293 1105 se
1315 1075 1359 1106 nil
1383 1078 1503 1118 proprii
1523 1079 1642 1110 habere
1670 1080 1705 1110 in
1728 1081 1784 1111 eiS.

1003 1124 1082 1155 Cum
1114 1125 1214 1165 igitur
1248 1128 1432 1161 animarum
1465 1131 1600 1163 salutem
1628 1134 1788 1165 viscerosa

1001 1177 1118 1217 pietate
1134 1182 1306 1220 appeteret,
1325 1184 1356 1213 et
1378 1183 1500 1215 fervida
1515 1186 1719 1219 {emulatione
1734 1197 1784 1218 ze-

1000 1230 1091 1270 laret,
1110 1233 1312 1265 suavissimis
1337 1245 1370 1267 se
1393 1236 1516 1269 dicebat
1540 1239 1654 1279 repleri
1678 1241 1785 1272 odori-

1000 1284 1062 1315 bus
1073 1309 1082 1323 ,
1099 1288 1130 1316 et
1145 1288 1235 1326 quasi
1251 1292 1421 1328 unguento
1441 1292 1578 1331 pretioso
1594 1293 1693 1333 liniri,
1710 1304 1784 1326 cum

1000 1341 1183 1371 sanctorum
1212 1341 1348 1373 fratrum
1378 1353 1435 1384 per
1457 1345 1567 1377 orbem
1595 1347 1783 1380 distantium

999 1392 1157 1424 odorifera
1172 1395 1256 1426 sama
1268 1420 1275 1433 ,
1293 1397 1411 1428 multos
1426 1399 1551 1431 audiret
1566 1401 1605 1432 ad
1623 1402 1708 1433 viam
1724 1412 1783 1434 ve-

999 1446 1102 1478 ritatis
1118 1448 1237 1479 induci.
1255 1449 1294 1480 Et
1310 1450 1424 1482 talium
1441 1453 1553 1484 auditu
1568 1455 1732 1487 exultabat
1749 1457 1784 1488 in

999 1500 1125 1540 spiritu,
1144 1502 1418 1535 benedictionibus
1433 1507 1521 1537 omni
1537 1509 1719 1549 acceptIOne
1735 1511 1782 1541 di-

998 1555 1167 1594 gnissimis
1187 1555 1299 1587 fratres
1315 1557 1384 1588 illos
1397 1561 1617 1600 accumulans,
1635 1564 1692 1603 qui
1708 1573 1780 1596 ver-

998 1609 1049 1647 bo,
1067 1609 1118 1640 vel
1132 1619 1240 1650 opere,
1253 1611 1292 1642 ad
1308 1611 1423 1643 Christi
1438 1623 1582 1646 amorem
1595 1616 1781 1650 inducerent

998 1666 1188 1702 peccatores.
1218 1664 1270 1695 Sic
1300 1665 1396 1697 etiam
1421 1668 1476 1707 qui
1511 1668 1709 1709 Religionem
1731 1683 1781 1703 sa-

997 1726 1085 1765 cram
1102 1718 1220 1759 iniquis
1236 1719 1394 1751 violarent
1410 1722 1574 1762 operibus,
1591 1725 1785 1759 maledictio-

997 1771 1046 1802 nis
1068 1773 1137 1811 ejus
1164 1773 1392 1812 gravissimam
1422 1775 1631 1809 incurrebant
1654 1783 1783 1812 sentcn-

996 1825 1085 1856 tiam.
1109 1827 1158 1857 Ad
1182 1829 1224 1864 te,
1241 1827 1376 1859 Domine
1396 1829 1537 1870 (inquit),
1556 1834 1782 1875 sanctisssime,

996 1888 1014 1909 a
1027 1881 1092 1910 tota
1102 1880 1220 1911 coelesti
1239 1881 1340 1920 curia,
1355 1885 1385 1913 et
1399 1892 1418 1913 a
1430 1892 1481 1914 me
1493 1886 1628 1924 parvulo
1642 1889 1706 1927 tuo,
1720 1889 1783 1921 sint

996 1933 1177 1971 maledicti,
1205 1934 1261 1974 qui
1285 1944 1342 1966 suo
1366 1936 1451 1968 malo
1477 1940 1625 1979 exemplo
1647 1942 1780 1973 confun-

997 1986 1098 2025 dunt,
1116 1989 1146 2018 et
1160 1988 1338 2028 destruunt,
1356 1991 1440 2030 quod
1458 2001 1513 2031 per
1529 1996 1654 2025 sanctos
1670 1996 1781 2028 fratres

996 2040 1118 2071 ordinis
1145 2041 1242 2082 hujus
1270 2043 1453 2082 aedificasti,
1479 2048 1510 2076 et
1533 2047 1691 2080 aedificare
1714 2060 1780 2082 non

994 2102 1108 2125 cessas.
1126 2093 1227 2125 Tanta
1242 2096 1424 2136 frequenter
1446 2099 1646 2132 afficiebatur
1662 2105 1779 2134 moesti-

994 2147 1039 2177 tia
1061 2157 1160 2187 super
1180 2149 1328 2180 scandala
1351 2151 1561 2192 pusillorum,
1589 2156 1624 2185 ut
1645 2155 1778 2188 deficere

994 2209 1026 2231 se
1059 2203 1204 2241 putaret,
1229 2203 1291 2233 nisi
1323 2204 1441 2235 divinae
1466 2206 1576 2238 fuisset
1600 2208 1776 2242 clementiae

994 2255 1208 2285 consolatione
1242 2256 1407 2288 suffultus.
1432 2259 1512 2290 Cum
1544 2268 1652 2293 autem
1679 2266 1777 2296 semel

994 2308 1086 2338 malis
1101 2309 1247 2339 turbatus
1265 2313 1345 2341 esset
1368 2313 1534 2353 exemplis,
1552 2317 1582 2345 et
1597 2318 1694 2348 anxio
1710 2319 1775 2358 spi—

992 2362 1058 2392 ritu
1082 2362 1321 2395 misericordem
1354 2365 1482 2398 Patrem
1507 2373 1691 2408 precaretur
1717 2383 1774 2413 pro

992 2416 1074 2454 filiis,
1088 2426 1275 2456 responsum
1289 2418 1476 2459 huiusmodi
1493 2425 1669 2462 reportavit
1683 2436 1701 2456 a
1717 2426 1775 2458 Do-

993 2470 1080 2501 mino
1096 2481 1101 2500 :
1118 2471 1180 2501 Cur
1198 2474 1245 2510 tu,
1265 2482 1386 2513 pauper
1401 2474 1588 2515 homuncIO,
1607 2481 1775 2512 conturba-

992 2524 1035 2554 ris
1046 2525 1060 2554 i>
1076 2525 1126 2554 An
1142 2534 1203 2564 ego
1228 2527 1259 2556 te
1274 2535 1372 2566 super
1389 2528 1583 2567 religionem
1608 2540 1713 2564 meam
1730 2535 1775 2572 sic

993 2581 1151 2618 pastorem
1167 2579 1303 2619 institui,
1322 2583 1358 2611 ut
1369 2590 1419 2611 me
1432 2582 1639 2622 principalem
1651 2588 1773 2619 nescias

992 2642 1061 2664 esse
1076 2635 1267 2672 patronum?
1284 2634 1453 2666 Hominem
1467 2636 1645 2676 simplicem
1658 2641 1697 2672 ad
1713 2642 1773 2673 hoc

1025 2696 1056 2726 (a)
1073 2696 1130 2726 Leq.
1144 2696 1296 2720 affirmabat.
