2029 3052
133 1600 158 1619 Β.
167 1600 213 1619 Μα-

108 1630 139 1649 riu
153 1630 217 1650 nilec-

108 1663 170 1681 tuosu
177 1668 215 1688 per

115 1693 209 1713 charitu-

118 1725 169 1744 tem.

239 210 299 240 242

238 273 417 311 alloquitur;
439 273 530 304 Maria
551 276 645 310 qratia
666 275 750 311 plena
775 275 892 308 dicitur,
915 282 1019 312 super-

237 321 338 350 ventio
352 320 475 358 Spiritus
488 321 581 350 sancti
596 321 794 358 praemittitur;
807 321 897 350 Maria
907 321 939 350 in
953 330 1018 350 ma-

237 369 313 396 trem
341 368 457 397 Domini
479 369 652 404 assumitur3
680 368 770 398 Maria
790 369 853 404 jam
877 368 1018 398 omnibus

237 415 380 444 creaturis
394 415 584 452 anteponitur
590 425 599 451 ;
615 415 704 444 Maria
725 415 785 451 jam
808 415 933 444 domina
951 415 1018 444 coeli

237 463 266 490 et
281 463 364 490 terroe
373 461 513 503 eflicitur3
525 464 554 490 et
566 469 622 498 pro
633 461 680 490 his
693 461 835 490 omnibus
849 469 913 491 non
926 462 1018 492 extoi-

236 507 317 544 litur,
330 509 383 537 sed
396 509 428 537 in
440 509 486 537 his
499 508 640 537 omnibus
653 508 730 537 mira
741 509 907 538 humilitate
917 509 1017 545 depri-

235 555 336 590 mitur,
351 555 453 584 dicens
467 564 474 584 :
490 556 557 584 Ecce
570 556 673 584 ancilla
688 557 807 584 Domini.
823 556 943 592 Propter
959 555 1018 584 hoc

235 601 312 630 bene
327 601 367 630 ait
381 601 460 630 Beda
477 601 519 630 sic
534 604 542 620 ¹
560 612 566 630 :
586 612 599 628 «
620 602 710 631 Maria.
728 610 921 640 nequaquam
935 610 966 631 se
980 602 1017 631 de

235 648 323 676 donis
337 648 516 684 coelestibus,
533 649 618 686 quasi
633 657 651 678 a
661 657 692 678 se
704 649 767 678 haec
776 651 883 685 essent,
894 649 1015 685 extulit3

234 694 288 723 sed
315 697 347 723 ut
369 695 466 732 magis
488 696 645 733 magisque
677 696 764 725 donis
786 698 857 733 apta
880 699 955 724 esset
975 696 1017 724 di-

234 741 321 777 vinis,
347 742 378 770 in
401 743 536 772 custodia
552 743 727 772 humilitatis
751 751 886 779 gressum
911 743 1018 771 mentis

233 787 298 815 fixit
309 809 319 824 ‚
357 789 469 824 Angelo
498 790 682 826 respondens
707 799 713 818 :
748 791 814 818 Ecce
837 791 938 817 ancilla
967 791 1017 818 Do-

233 837 313 863 mini.
337 845 350 862 n
378 836 438 864 itoc
461 838 503 864 est
527 838 631 865 eontra
656 836 788 871 multos,
813 836 865 872 qui
896 835 927 864 in
946 844 1016 872 pro-

232 882 326 918 speris
345 884 374 910 et
391 882 570 918 honoribus,
586 883 638 919 qui
654 883 684 911 in
699 883 801 919 gratiis
816 884 844 911 et
858 882 1016 911 virtutibus

232 936 294 958 non
314 929 510 958 humiliantur
538 938 606 958 cum
631 930 722 958 Maria
749 933 778 958 et
799 938 867 958 cum
890 929 1015 965 Christo,

232 975 286 1004 sed
300 976 497 1005 intumescunt
511 985 580 1005 curn
594 978 652 1006 Eva
667 974 852 1006 etLucifero.
867 977 923 1005 Sed
939 978 1016 1005 certe

232 1023 326 1052 Marioe
339 1023 490 1052 humilitas
504 1032 566 1052 non
582 1024 681 1052 solum
693 1024 723 1052 in
738 1024 843 1059 verbo,
859 1023 911 1052 sed
927 1023 1015 1052 etiam

231 1069 262 1098 in
284 1070 362 1098 facto
386 1071 569 1106 declaratur-5
595 1079 656 1099 non
679 1071 777 1100 solum
803 1072 833 1099 in
858 1071 952 1100 verbo
973 1079 1014 1099 rc-

231 1117 306 1152 galis
326 1118 544 1155 responsionis,
572 1118 624 1146 sed
653 1118 684 1146 in
709 1118 786 1147 facto
813 1118 918 1154 legalis
942 1126 1013 1154 pur—

230 1165 370 1200 gationis;
389 1174 450 1194 non
467 1166 566 1194 solum
587 1166 618 1194 in
633 1167 738 1201 verbo,
754 1175 816 1203 quo
830 1175 860 1194 se
875 1166 1014 1194 humilia-

231 1212 272 1239 vit
290 1214 433 1249 tanquam
448 1212 589 1241 ancillam
603 1213 796 1249 servitricem,
816 1213 869 1242 sed
885 1213 973 1242 etiam
984 1214 1015 1241 in

230 1259 320 1293 tacto,
328 1267 389 1296 quo
399 1267 430 1287 se
441 1259 609 1288 humiliavit
623 1262 765 1297 tanquam
779 1269 862 1289 ream
873 1263 900 1288 ct
910 1269 1014 1297 pecca-

230 1306 342 1334 tricem.
367 1309 431 1343 ipsa
446 1308 526 1334 enim
548 1310 590 1335 est
604 1308 704 1342 Maria,
730 1308 767 1336 de
783 1316 842 1344 qua
861 1307 968 1335 dicitur
983 1307 1014 1335 in

232 1352 339 1381 Luca':
360 1354 501 1388 Postquam
518 1356 625 1390 impleti
643 1358 706 1382 sunt
721 1355 792 1389 (lies,
807 1357 861 1382 etc.
885 1359 907 1382 υ
927 1354 1012 1388 dura,

230 1401 258 1427 et
271 1399 372 1428 infelix
388 1401 542 1437 superbia!
565 1410 582 1429 ο
598 1402 728 1438 superba
755 1404 783 1429 et
805 1401 906 1429 infelix
931 1401 1013 1428 duri-

231 1446 269 1474 tia
283 1447 460 1483 peccatoris!
478 1455 545 1476 ecee
561 1449 649 1476 Maria
664 1449 777 1484 absque
794 1448 876 1476 omni
891 1449 1013 1484 peceato

229 1493 326 1529 legem
347 1494 438 1522 subiit
464 1495 663 1530 purgationis,
689 1498 716 1523 et
742 1498 772 1523 tu
795 1495 884 1523 miser
908 1495 1013 1531 plenus

229 1540 356 1576 peccatis
371 1549 432 1568 non
448 1541 491 1568 vis
506 1541 602 1577 legem
616 1542 716 1570 subire
732 1541 932 1570 satifactionis.

266 1587 347 1622 Vide,
373 1588 553 1623 charissime,
568 1589 649 1625 quod
672 1589 760 1617 Maria
781 1590 942 1617 atl'ectuosa
961 1587 1014 1615 suit

230 1643 282 1670 per
297 1634 478 1663 charitatem.
496 1637 560 1671 ipsa
576 1636 655 1663 enim
672 1639 713 1664 est
728 1636 817 1663 Maria
839 1636 874 1663 de
891 1644 950 1671 qua
966 1635 1013 1662 di-

231 1681 303 1709 eitur
318 1682 348 1709 in
363 1684 434 1709 Lura
451 1684 460 1698 ³
476 1691 484 1709 .·
502 1684 654 1716 Essurflens
670 1686 759 1710 ‹ttitcm
781 1684 883 1716 Μανία,
900 1684 967 1709 abiit
985 1684 1013 1708 in

230 1732 357 1756 montana
371 1738 428 1755 cum
441 1731 625 1763 festinatione,
640 1733 694 1757 ete.
719 1729 806 1764 Abiit,
831 1730 965 1764 inquam,
983 1730 1013 1755 ut

231 1775 371 1810 visitaret,
387 1778 417 1803 ut
431 1775 581 1810 salutaret,
606 1779 635 1803 ut
657 1776 833 1803 ministraret
856 1775 1011 1803 Elisabeth.

232 1822 301 1850 Vide
331 1822 486 1858 quomodo
508 1823 559 1850 illa
581 1823 708 1850 visitatio
731 1822 825 1850 Mariae
849 1822 937 1857 plena
960 1822 1013 1849 l'uit

230 1869 380 1897 charitate.
397 1872 426 1897 lu
442 1869 638 1905 descriptione
649 1869 729 1897 enim
744 1869 823 1896 illius
838 1869 1012 1896 visitationis

231 1917 318 1944 Maria
332 1919 435 1952 quater
451 1918 637 1952 nominatum
658 1918 686 1945 in
703 1926 762 1953 quo
779 1917 903 1945 charitas
918 1917 1012 1944 Mai-im

231 1963 268 1990 ad
285 1965 386 1998 Deum,
404 1964 479 1991 etad
501 1965 684 2000 proximum,
702 1965 818 2000 plenius
834 1964 1010 1991 declaratur.

230 2013 361 2041 Charitas
376 2013 503 2049 proximi
521 2013 608 2041 debet
631 2013 733 2041 haberi
750 2016 777 2041 et
796 2013 888 2041 foveri
911 2013 1009 2044 eorde.

231 2068 281 2087 ore
297 2062 323 2087 et
340 2068 428 2096 opere
444 2069 450 2087 ε
467 2060 555 2087 Maria
577 2063 675 2087 autem
691 2060 861 2087 charitatem
883 2059 1011 2095 proximi

231 2107 360 2134 habebat
394 2107 423 2134 in
447 2107 552 2141 corde,
579 2110 606 2134 et
632 2109 753 2143 propter
786 2107 842 2134 hoc
866 2114 1012 2141 exurgens

232 2153 319 2181 Maria
334 2154 405 2181 abiit
420 2153 450 2180 in
473 2156 614 2181 montana
633 2162 700 2181 cum
725 2153 918 2181 festinatione.
935 2153 1011 2186 Quid

232 2201 310 2226 enim
326 2208 391 2227 eam
407 2201 444 2227 ad
462 2201 593 2228 otlicium
609 2200 757 2228 charitatis
772 2200 908 2228 festinare
925 2209 1011 2235 coge-

233 2246 291 2281 bat,
308 2247 362 2273 nisi
380 2247 515 2281 charitas,
533 2256 598 2283 quie
619 2247 648 2274 in
671 2247 760 2274 corde
776 2248 838 2281 ejus
860 2247 1011 2275 fervebat?

232 2294 366 2328 Legimus
382 2295 463 2329 quod
486 2297 617 2329 pastores
633 2297 775 2321 venerunt
790 2294 957 2321 festinantes
972 2294 1011 2321 ad

232 2341 419 2376 praesepium,
445 2344 471 2368 et
493 2342 575 2376 quod
598 2341 683 2368 Maria
705 2341 777 2368 abiit
801 2350 867 2367 cum
893 2341 1010 2368 festina-

232 2388 310 2415 tione
326 2388 364 2415 ad
380 2387 571 2423 obsequium,
586 2391 612 2415 et
627 2388 709 2423 quod
725 2388 859 2415 Zachzeus⁴
873 2388 1010 2415 testinans

232 2434 384 2462 descendit
403 2434 442 2462 ad
461 2434 672 2470 hospitandum
690 2435 856 2462 hominum.
880 2436 924 2461 Vre
939 2443 1010 2469 ergo

232 2482 321 2508 tardis
336 2482 374 2509 ad
385 2489 476 2517 opera
491 2481 646 2508 charitatis.
658 2482 726 2508 item
742 2481 829 2509 Maria
840 2481 1009 2509 charitatem

232 2528 357 2563 proximi
375 2525 424 2556 ore
441 2528 558 2556 fovebat
577 2537 582 2555 :
599 2528 664 2563 ipsa
683 2529 761 2555 enim
778 2530 819 2555 est
833 2528 869 2555 de
885 2537 945 2564 qua
957 2528 1010 2556 ibi-

264 2605 269 2619 ¹
288 2604 359 2635 Bed.,
376 2604 406 2628 de
418 2604 550 2629 solemnit.
567 2604 670 2635 Deipar.
683 2604 782 2635 quando
798 2605 911 2628 visitavi!
925 2604 1010 2628 Elizu-

232 2640 295 2663 beth.
311 2653 340 2658 —-
356 2641 365 2655 ²
381 2641 447 2670 Luc„
465 2647 493 2671 u,
511 2643 550 2665 222.
566 2653 595 2658 —
610 2641 619 2656 ³
636 2640 709 2670 lbid.,
726 2646 744 2670 1,
759 2641 797 2663 39.
812 2653 840 2657 -
854 2641 863 2656 ⁶
877 2639 950 2670 ibid„
967 2642 1007 2664 ⁴¹11.

230 2689 259 2694 ——
273 2678 280 2690 ⁵
296 2676 399 2706 Maeui„
416 2680 592 2707 xxx-111,!).—
606 2677 616 2693 ⁸³
632 2676 707 2706 lbid.‚
723 2682 799 2705 mxxi,
814 2677 851 2699 49.
867 2687 897 2692 —
912 2676 921 2692 '¹
936 2676 1004 2706 Luc„

678 207 889 240 SPECULUM
910 206 1054 240 BEATAE
1074 207 1216 241 MARlAE
1236 207 1423 242 VlRGlNIS.

1074 275 1146 305 dem
1159 275 1268 305 dicitur
1279 275 1291 292 ⁴
1304 285 1312 305 ε
1332 277 1369 304 Et
1384 277 1489 310 rectum
1502 278 1552 309 est,
1571 278 1605 305 ut
1625 277 1736 307 oudini*
1748 280 1856 310 salutm

1073 324 1173 352 timiem
1186 324 1285 352 Murice
1303 322 1452 358 Elisabeth,
1475 324 1533 352 etc.
1555 322 1699 360 Charitas,
1717 324 1855 365 inquam,

1073 369 1203 406 proximi
1225 369 1466 405 salutationibus,
1483 371 1512 398 et
1529 369 1595 398 aliis
1609 369 1789 400 charitativis
1809 372 1856 402 lo-

1073 416 1244 445 cutionibus
1258 424 1378 454 semper
1396 417 1529 445 fovenda
1546 418 1599 445 est.
1626 417 1707 446 Unde
1728 418 1858 455 Angelus

1071 462 1211 491 salutavit
1233 463 1354 492 Mariam
1381 473 1391 491 .·
1411 463 1501 492 Maria
1522 463 1662 493 salutavit
1678 464 1828 494 Elisabeth
1847 475 1855 495 :

1072 509 1162 538 Filius
1175 509 1272 538 Mariae
1283 509 1421 538 salutavit
1431 510 1535 539 Marias
1545 513 1647 540 euntes
1657 511 1696 540 de
1705 511 1855 549 sepulcro,

1073 555 1176 584 dicens
1189 556 1249 584 illis
1262 556 1291 584 ⁸:
1309 558 1400 585 Aveia.
1417 557 1465 585 Vae
1479 557 1533 592 eis,
1547 557 1599 594 qui
1611 560 1733 596 propter
1751 558 1857 588 odium

1071 603 1281 632 salutationem
1300 603 1440 640 proximo
1459 606 1579 640 negant.
1601 605 1649 633 Voe
1667 606 1697 634 et
1719 605 1789 642 illis,
1803 606 1856 643 qui

1073 650 1178 679 dolose
1200 651 1374 688 proximum
1395 651 1541 687 salutant,
1565 651 1640 680 sicut
1661 652 1762 685 JudaS,
1787 660 1857 682 cum

1073 697 1149 726 dixit
1159 698 1170 714 ⁶
1185 706 1192 725 :
1205 699 1273 733 Ave,
1288 699 1383 726 Rabbi.
1406 699 1428 727 Ο
1443 706 1536 735 quam
1558 698 1684 728 dulciter
1703 699 1794 728 Maria
1807 707 1856 728 sa-

1071 744 1166 773 lutare
1179 744 1275 773 novit!
1291 746 1313 774 0
1327 745 1428 781 Maria,
1443 745 1575 781 digneris
1587 754 1643 774 nos
1659 754 1713 783 per
1729 746 1855 783 gratiam

1072 793 1152 820 tuam
1168 791 1306 820 salutare.
1323 794 1355 820 Et
1367 794 1444 821 certe
1459 792 1524 829 ipsa
1542 801 1597 822 nos
1611 793 1739 822 libenter
1748 794 1857 822 salutat

1071 838 1218 867 beneficio
1233 840 1262 867 et
1275 839 1490 872 consolatione,
1505 840 1530 868 si
1541 848 1596 868 nos
1609 848 1677 868 eam
1687 840 1857 878 frequenter

1071 886 1233 915 salutamus
1246 887 1366 915 servitio
1383 888 1411 914 et
1425 886 1569 915 oratione.
1591 887 1726 916 Libenter
1739 896 1796 917 nos
1810 896 1857 917 sa-

1070 933 1145 962 lutat
1167 941 1236 961 cum
1265 933 1377 969 gratia,
1401 933 1426 962 si
1451 933 1578 962 libenter
1601 942 1668 962 eam
1692 934 1856 964 salutamus

1071 989 1140 1009 cum
1156 981 1224 1015 Ave,
1241 981 1343 1010 Maria.
1359 982 1430 1009 ltem
1441 980 1531 1009 Maria
1545 981 1718 1010 charitatem
1733 989 1795 1010 non
1808 990 1856 1011 so-

1071 1027 1136 1055 lum
1162 1027 1253 1055 corde
1285 1027 1418 1056 habebat
1430 1049 1439 1062 ‚
1468 1035 1530 1056 non
1558 1028 1658 1057 solum
1691 1036 1742 1057 ore
1774 1028 1856 1058 fove-

1071 1074 1139 1109 bat3
1167 1075 1220 1102 sed
1247 1074 1335 1102 etiam
1362 1082 1452 1110 opere
1487 1075 1653 1104 exercebat.
1683 1076 1748 1112 ipsa
1775 1075 1856 1104 enim

1071 1122 1114 1148 est
1142 1121 1241 1156 Maria,
1258 1121 1295 1149 de
1318 1129 1378 1158 qua
1398 1121 1441 1149 ibi
1462 1121 1570 1150 dieitur
1583 1123 1616 1150 ⁷:
1633 1123 1740 1150 Mansit
1765 1125 1856 1151 nutem

1071 1169 1165 1195 Maria
1186 1177 1244 1196 cum
1274 1169 1325 1195 illa
1357 1170 1436 1204 quasi
1465 1169 1599 1197 mensibus
1626 1169 1723 1197 tribus.
1753 1169 1856 1199 Mansit

1071 1214 1209 1243 videlicet
1228 1223 1284 1251 pro
1309 1215 1471 1244 ministerio
1495 1217 1522 1243 et
1542 1215 1742 1244 consolatione
1761 1216 1854 1245 Elisa-

1071 1261 1151 1289 beth.
1178 1262 1255 1289 tFnde
1278 1262 1452 1290 Ambrosius
1466 1263 1476 1279 ⁸
1501 1272 1507 1290 :
1529 1272 1542 1288 ιι
1557 1263 1626 1296 Quae
1650 1264 1771 1299 propter
1787 1262 1854 1291 offi-

1071 1308 1150 1335 cium
1164 1311 1294 1342 venerat,
1308 1309 1407 1337 oiticio
1419 1309 1615 1338 inhaerebat.»
1629 1311 1701 1338 ltem
1711 1310 1801 1338 Maria
1814 1310 1853 1338 si-

1071 1357 1119 1382 cut
1131 1355 1161 1382 in
1172 1355 1312 1383 omnibus
1323 1356 1495 1384 charitatem
1507 1356 1611 1384 habuit
1619 1356 1658 1384 ad
1667 1356 1853 1393 proximum,

1070 1402 1110 1430 ita
1128 1410 1217 1438 super
1241 1403 1343 1431 omnia
1365 1403 1537 1431 charitatem
1557 1403 1663 1432 habuit
1683 1403 1724 1432 ad
1749 1405 1853 1432 Deum.

1071 1451 1135 1485 ipsa
1150 1449 1229 1477 enim
1244 1452 1286 1478 ost
1301 1450 1399 1485 Maria,
1423 1449 1459 1478 de
1481 1458 1541 1486 qua
1566 1450 1680 1478 ibidem
1701 1450 1830 1479 dieitur⁹
1845 1460 1852 1479 :

1071 1498 1230 1532 Mawit'ficut
1251 1499 1344 1524 αηίηια
1368 1505 1426 1524 mea
1453 1498 1603 1525 Dominum.
1624 1497 1743 1533 Anima,
1771 1497 1855 1534 quod

1070 1546 1159 1579 amnt,
1175 1545 1231 1572 hoc
1246 1545 1428 1580 magnificat,
1444 1547 1471 1573 et
1486 1545 1514 1572 in
1534 1545 1591 1573 boc
1607 1544 1728 1573 exultat.
1743 1544 1854 1574 idcireo

1070 1591 1171 1619 anima
1187 1592 1280 1619 Μαι-ἰὼ
1301 1593 1391 1619 Deum
1414 1591 1618 1620 decentissime
1639 1591 1854 1628 magnificavit,

1070 1638 1140 1665 etin
1158 1640 1215 1666 lieo
1236 1639 1402 1666 firmissime
1424 1638 1575 1673 exultavit,
1599 1639 1669 1674 quia
1690 1640 1780 1666 Deum
1800 1646 1855 1667 ex-

1070 1684 1275 1712 cellentissime
1300 1686 1417 1713 amavit.
1445 1686 1482 1713 lie
1507 1686 1591 1720 cujus
1616 1693 1718 1714 amore
1738 1685 1854 1714 bonum

1070 1733 1195 1760 verbum
1209 1733 1279 1760 dicit
1294 1734 1433 1769 magister
1448 1735 1531 1769 tingo
1548 1733 1584 1761 de
1599 1735 1704 1762 Sancto
1722 1733 1851 1762 Victore:

1072 1791 1084 1805 u
1102 1780 1186 1814 Quia,
1208 1780 1303 1816 inquit
1324 1781 1350 1814 ¹⁰,
1369 1781 1398 1808 iu
1421 1781 1510 1808 corde
1533 1781 1596 1816 ejus
1620 1789 1705 1809 amor
1730 1781 1853 1818 Spiritus

1069 1828 1160 1855 sancti
1176 1827 1364 1863 singulariter
1386 1828 1519 1861 ardebat,
1536 1828 1605 1856 idco
1627 1829 1657 1856 in
1680 1836 1768 1856 carne
1787 1829 1851 1864 ejus

1069 1873 1160 1902 virtus
1175 1874 1297 1910 Spiritus
1309 1875 1400 1902 sancti
1415 1874 1566 1902 mirabilia
1581 1875 1739 1903 faciebat.»

1104 1921 1198 1949 't'crtio
1213 1922 1292 1956 vide,
1309 1921 1490 1956 charissime,
1507 1921 1590 1958 quod
1605 1923 1694 1950 Maria
1708 1930 1848 1951 mansue-

1070 1968 1180 1996 tissima
1195 1968 1248 1996 l'uit
1265 1977 1318 2004 per
1334 1969 1492 2002 lenitatem,
1516 1969 1728 2005 patientissima
1748 1973 1851 1998 contra

1069 2024 1190 2043 omnem
1214 2015 1422 2043 adversitatem
1449 2025 1454 2043 ε
1486 2016 1549 2051 ipsa
1573 2016 1651 2044 euim
1676 2019 1718 2044 est
1745 2017 1849 2052 Maria,

1069 2071 1161 2098 quam
1182 2063 1300 2090 Simeon
1320 2063 1360 2089 sie
1384 2063 1602 2098 alloquebatur,
1625 2064 1699 2091 sicut
1720 2063 1750 2091 in
1774 2065 1850 2092 Luca

1069 2109 1176 2137 dicitur
1192 2110 1207 2124 '¹
1226 2118 1232 2136 z
1249 2110 1283 2136 Ee
1299 2110 1373 2136 ‹liaeit
1388 2110 1424 2136 ad
1443 2111 1561 2137 illm-iam
1578 2113 1688 2137 matrem
1701 2111 1774 2145 ejus:
1785 2111 1850 2138 Ecce

1066 2157 1172 2191 positus
1193 2158 1231 2183 est
1253 2157 1296 2183 Ιιιύ
1322 2158 1351 2183 in
1375 2157 1496 2190 ruinam,
1521 2160 1545 2183 ct
1575 2158 1604 2184 in
1631 2158 1851 2185 resurrectionem

1069 2204 1213 2229 mullorum
1226 2204 1253 2229 in
1269 2204 1364 2237 Israel,
1381 2206 1407 2230 et
1422 2205 1450 2229 in
1464 2205 1570 2237 signum
1580 2204 1624 2231 cui
1638 2204 1849 2238 contradicetur,

1069 2252 1093 2276 et
1114 2253 1187 2276 (uam
1213 2250 1300 2284 ipsius
1323 2251 1442 2276 unimam
1462 2251 1639 2284 pertransibit
1662 2250 1782 2285 yludius.
1799 2250 1849 2278 nic

1068 2296 1186 2330 gladius
1209 2296 1409 2324 acutissimam
1436 2296 1487 2323 tilii
1507 2297 1552 2324 sui
1575 2297 1760 2333 passionem,
1787 2297 1849 2324 sive

1069 2345 1194 2370 mortem
1201 2343 1355 2378 significat.
1364 2343 1484 2371 Gladius
1490 2343 1788 2380 corporalisauimam
1796 2351 1849 2371 nec

1069 2389 1202 2417 occidere
1221 2392 1326 2425 potest,
1348 2398 1401 2418 nee
1425 2390 1598 2424 vulnerare5
1617 2391 1658 2418 sic
1680 2389 1849 2418 acutissima

1068 2437 1170 2464 Christi
1186 2437 1295 2472 passio,
1312 2437 1378 2465 licet
1391 2437 1523 2465 animam
1536 2437 1631 2465 Μαι-ἰαὶ
1647 2444 1700 2473 per
1712 2444 1848 2472 compas-

1067 2484 1181 2511 sionem
1193 2484 1390 2519 pertransivit,
1407 2484 1501 2520 ipsam
1510 2486 1608 2512 tamen
1618 2491 1671 2512 nec
1682 2491 1734 2519 per
1744 2482 1848 2511 odium

1069 2531 1186 2565 occidit,
1203 2539 1258 2558 nee
1271 2539 1323 2567 per
1338 2530 1552 2567 impatientiam
1567 2530 1742 2559 vulneravit.
1759 2530 1848 2558 Maria

1068 2612 1089 2635 1,
1105 2607 1143 2630 lje.
1160 2618 1190 2623 —-
1208 2606 1216 2619 ⁵
1234 2605 1362 2634 Ambros..
1384 2606 1410 2629 in
1429 2605 1495 2634 Luc„
1510 2604 1553 2628 lib.
1575 2605 1610 2635 u,
1626 2612 1647 2628 c.
1664 2610 1682 2628 ι.
1699 2617 1729 2621 -
1747 2604 1757 2620 ⁰
1775 2604 1845 2634 Luc..

1069 2648 1085 2671 1,
1102 2642 1139 2665 Ιιιῐ.
1152 2654 1183 2658 -
1195 2641 1214 2658 ¹⁰
1226 2642 1289 2670 ling.
1303 2641 1334 2664 de
1346 2643 1372 2665 S.
1389 2641 1462 2671 Vict„
1475 2640 1505 2664 de
1516 2641 1582 2664 Mar.
1602 2640 1724 2670 Vri-yinit.
1736 2642 1843 2671 perpet„

1067 2685 1087 2700 v.
1109 2683 1139 2707 u,
1156 2678 1213 2706 post
1233 2678 1298 2700 med.
1318 2690 1342 2693 —
1363 2677 1379 2692 ¹¹
1401 2677 1468 2705 Luc..
1484 2682 1512 2704 ιι,
1531 2678 1570 2706 34,
1589 2677 1627 2699 35.

1871 1933 1973 1954 Mansue-

1865 1964 1918 1984 tudo
1924 1979 1930 1989 ,
1951 1965 1974 1985 et

1865 1996 1971 2021 patienti·

1867 2027 1891 2047 Β.
1924 2027 1971 2047 Μι-

1864 2057 1910 2078 τί..
