2029 3052
81 597 175 618 Fructus

77 628 162 650 ventris

82 661 105 682 M
109 660 161 681 arim

69 698 174 714 neeessa-

81 724 128 746 rius
134 724 162 745 ad

74 755 171 777 curatio-

69 793 121 809 nem
130 787 177 814 pla-

68 825 102 846 gae
109 818 176 846 origi-

68 850 134 872 nelis.

857 236 998 270 LECTIO
1020 237 1129 271 XVm.

188 316 256 338 cum
275 309 347 344 Deo,
362 315 430 336 cum
447 307 510 344 ipse
524 307 635 336 tructus
653 306 813 344 pacificans
836 305 872 334 sit
892 307 968 334 Deus

187 358 215 385 et
227 357 341 385 homo?
355 357 485 385 Testatur
495 355 584 390 Beda,
599 354 651 392 qui
663 354 704 382 ait
719 355 727 372 ¹
745 363 752 382 :
773 363 786 380 ιι
798 355 885 382 Terra
898 361 967 381 nos-

186 405 231 432 tra
246 403 330 432 dabit
343 402 471 432 fructum
485 410 582 438 suum,
599 401 669 438 quia
683 401 771 437 Virgo
786 400 885 435 Maria,
900 408 966 436 quae

187 450 224 479 de
240 452 317 479 terra
332 457 440 486 corpus
454 449 609 482 habuerat,
624 449 720 476 filium
740 448 840 484 genuit
861 447 968 476 divini-

187 499 244 526 tate
260 497 383 534 quidem
399 497 457 525 Deo
474 496 548 524 Patri
559 495 753 532 coaequalem,
769 495 822 524 sed
837 494 893 523 sibi
909 502 970 522 car-

187 543 233 572 nis
246 543 368 572 veritate
384 543 676 572 consubstantialem.
692 554 705 569 »

225 591 332 627 Tertio,
352 590 532 626 charissimi,
559 591 671 619 fructus
703 589 798 618 Mariae
824 588 968 618 benedic-

189 639 235 666 tus
256 638 439 667 necessarius
464 640 507 666 est
531 638 571 666 ad
593 637 777 666 curationem
794 637 891 673 plagae
909 635 969 664 ori-

191 685 298 721 ginalis
317 694 323 713 :
341 684 423 721 gravi
439 685 519 713 enim
537 684 638 720 plaga,
658 684 719 712 imo
739 683 881 719 gravibus
903 682 969 719 pla-

191 732 236 768 gis
263 732 372 765 homo,
399 731 532 759 incidens
560 731 591 759 in
621 731 767 766 latrones,
798 730 970 758 vulneratus

191 779 248 813 est,
275 778 347 806 dum
371 786 425 814 per
448 777 592 813 originale
613 778 768 813 peecatum
796 779 857 805 tam
877 784 970 804 caecus

189 825 229 854 ad
250 832 366 860 verum,
382 826 443 853 tam
458 824 594 852 infirmus
609 824 648 852 ad
667 824 800 858 bonum,
818 826 879 852 tam
900 832 970 860 pro-

189 879 245 900 nus
269 871 308 900 ad
331 871 445 899 malum
473 871 566 900 factus
590 873 641 899 est.
659 871 716 899 Sed
737 871 782 899 hae
803 871 899 907 plagae
917 878 970 906 per

189 918 268 947 hunc
287 918 416 946 fructum
433 919 584 946 sanantur.
596 920 627 947 ln
641 918 698 946 hae
722 918 845 954 quidem
867 917 970 946 vitain

188 967 271 1001 parte
287 967 428 993 sanantur
442 973 496 1002 per
508 966 648 1002 gratiam3
666 965 697 993 in
710 965 809 994 futura
823 973 895 993 vero
910 966 971 993 tota

189 1012 221 1040 in
235 1013 297 1041 toto
312 1013 496 1041 sanabuntur
511 1021 565 1049 per
580 1012 718 1048 gloriam.
734 1012 816 1040 Unde
838 1012 915 1040 bene
930 1011 972 1039 le-

190 1059 268 1094 gitur
291 1059 322 1087 in
343 1059 529 1095 Apocalypsi,
559 1059 644 1096 quod
666 1060 677 1076 2
705 1059 825 1094 Angelus
854 1059 972 1087 ostendit

190 1106 296 1134 ioanni
315 1107 417 1142 liqnum
438 1108 512 1140 vitae,
530 1115 580 1142 per
594 1115 693 1134 menses
714 1108 833 1142 singulos
857 1106 972 1134 reddens

191 1155 312 1187 fructum
323 1161 410 1185 suum,
425 1155 450 1181 et
463 1154 532 1187 folia
547 1155 617 1189 liyni
629 1154 666 1181 ad
681 1155 826 1181 sanitatem
840 1155 970 1188 qentium.

191 1201 316 1236 Lignum
336 1200 402 1228 vitae
417 1201 459 1228 est
477 1202 572 1229 mater
592 1200 659 1228 vitae
670 1200 774 1236 Maria;
789 1200 837 1228 vel
856 1200 972 1235 lignum

191 1247 258 1275 vitae
275 1249 318 1276 est
337 1247 454 1283 lignum
469 1247 580 1282 crucis;
606 1247 654 1275 vel
678 1247 767 1275 etiam
789 1247 905 1282 lignum
931 1248 973 1274 est

191 1294 255 1331 ipse
270 1295 372 1322 auctor
386 1294 453 1322 vitae
466 1295 548 1322 Jesus
567 1294 705 1330 Christus,
722 1294 775 1330 qui
798 1295 840 1321 est
862 1294 973 1322 fructus

191 1341 259 1369 vitae
276 1350 282 1368 :
302 1341 391 1376 hujus
405 1341 477 1369 folia
491 1341 624 1369 sanativa
637 1343 705 1369 sunt
724 1341 818 1369 verba
839 1343 866 1369 et
881 1341 974 1369 docu-

192 1390 293 1416 menta
307 1388 490 1416 aedificativa.
507 1388 535 1416 Si
553 1390 652 1417 autem
666 1388 800 1416 sanativa
814 1390 882 1416 sunt
902 1388 974 1416 folia

194 1436 268 1471 ejus,
285 1437 397 1471 quanto
412 1435 507 1470 magis
526 1435 676 1463 sanativus
696 1438 739 1463 est
759 1436 821 1471 ipse
843 1436 973 1463 fructus!

194 1483 228 1510 Ut
243 1490 313 1518 ergo
327 1490 381 1518 per
391 1483 470 1510 hune
481 1482 610 1510 fructum
623 1490 778 1517 sanemur,
798 1482 975 1510 accedamus

195 1529 235 1558 ad
249 1529 389 1558 arborem
401 1530 464 1565 ejus
471 1539 478 1565 ;
503 1529 690 1565 accedamus,
707 1530 841 1565 inquam,
859 1530 898 1557 ad
920 1531 975 1557 Ma-

194 1576 287 1612 riam,
318 1578 435 1604 orantes
464 1585 532 1604 cum
555 1577 705 1611 Anselmo,
733 1577 785 1612 qui
800 1585 889 1605 orans
909 1577 948 1604 ait
967 1586 974 1605 :

197 1633 212 1649 (ς
225 1623 339 1652 Exaudi
354 1631 411 1658 me,
432 1623 571 1658 Domina,
594 1632 666 1651 sana
688 1623 819 1652 animam
842 1624 919 1652 servi
934 1625 976 1652 tui

194 1670 357 1706 peccatoris
372 1678 425 1706 per
446 1670 586 1698 virtutem
607 1671 753 1699 benedicti
773 1670 885 1699 fructus
906 1679 977 1699 ven-

194 1717 256 1752 tris,
280 1717 332 1752 qui
352 1717 434 1745 sedet
459 1717 490 1745 in
511 1717 633 1746 dextera
653 1717 864 1754 omnipotentis
887 1718 977 1746 Patris

195 1763 250 1791 sui.
264 1773 277 1790 n

230 1812 351 1845 Quarto,
365 1811 543 1846 charissimi,
557 1811 668 1839 fructus
686 1812 782 1840 Mariae
803 1812 977 1840 benedictus

194 1857 378 1885 necessarius
393 1859 435 1885 est
448 1858 487 1886 ad
503 1858 717 1886 relevationem
730 1859 846 1894 inediae,
858 1859 919 1887 sive
934 1859 977 1887 fa-

194 1904 250 1932 mis
266 1904 414 1938 mentalis,
430 1912 478 1939 ne,
500 1907 622 1941 propter
641 1905 787 1933 defectum
808 1906 978 1934 nutrimenti

195 1951 336 1979 deficiant
350 1951 494 1980 animalia
509 1951 569 1979 Dei.
592 1954 714 1988 Propter
737 1953 821 1988 quod
835 1953 912 1981 bene
935 1953 978 1981 di-

195 2000 270 2027 citur
283 2007 300 2027 a
314 2000 463 2035 propheta
472 1999 553 2028 ι10010
567 2000 577 2017 ³
594 1990 602 2027 :¹
621 2001 713 2029 Nolite
724 2002 828 2035 timere,
845 2002 979 2028 animalia

194 2049 325 2082 reqionis,
345 2050 411 2083 quia
434 2049 655 2083 qerminaverunt
678 2050 797 2083 speciosa
818 2048 928 2080 deserti,
953 2051 978 2076 et

196 2095 301 2129 lignum
311 2096 407 2122 attulit
422 2097 542 2129 fructum
552 2103 640 2123 suum.
654 2097 813 2130 Desertum,
823 2095 906 2131 quod
916 2095 978 2123 sine

196 2141 311 2170 cultura
327 2142 476 2178 germinat
491 2144 519 2170 et
533 2143 644 2179 profert
658 2145 775 2179 pastum
792 2143 976 2178 animalium,

197 2188 315 2224 signare
329 2191 427 2224 potest
444 2190 577 2225 Mariam,
592 2198 659 2226 quae
679 2190 742 2218 sine
762 2190 876 2218 cultura
890 2190 979 2218 mari-

198 2235 249 2263 tali
265 2236 387 2271 protulit
404 2236 511 2271 filium,
528 2237 580 2272 qui
596 2238 638 2264 est
647 2240 748 2273 pastus
762 2239 898 2265 omnium
908 2237 979 2265 fide-

197 2281 283 2310 lium.
301 2282 371 2310 ldeo
385 2283 461 2310 bene
482 2283 519 2311 de
532 2283 595 2319 ipsa
617 2284 675 2311 dici
699 2286 794 2320 potest
815 2284 891 2313 illud
913 2287 979 2313 Eze-

200 2328 302 2356 chielis
317 2328 327 2344 ⁸
348 2338 355 2356 ;
374 2330 455 2357 Terra
476 2331 527 2357 illa
544 2331 656 2363 inculta,
682 2332 758 2364 facta
779 2334 816 2359 est
835 2334 865 2359 ut
887 2333 980 2360 hortus

200 2377 361 2411 voluptatis.
373 2376 511 2411 Speciosa
523 2376 611 2411 hujus
620 2377 712 2405 felicis
724 2378 831 2406 deserti
842 2382 909 2407 sunt
918 2387 981 2415 spe-

202 2422 283 2450 ciosa
307 2423 441 2458 germina
466 2422 629 2450 coelestium
658 2424 894 2461 desideriorum,
918 2434 981 2461 spe-

202 2469 288 2497 ciosae
302 2469 403 2497 herbae
417 2477 544 2506 operum
563 2469 725 2506 bonorum,
746 2472 871 2507 speciosi
894 2472 981 2501 flores

203 2515 346 2544 virtutum
370 2519 397 2545 et
424 2517 592 2552 donorum,
615 2518 749 2553 speciosa
769 2518 841 2547 folia
864 2520 981 2547 utilium

236 2574 244 2590 ²
256 2574 328 2605 Bed.,
339 2576 415 2599 Hom.
426 2577 491 2606 rest„
503 2577 528 2599 in
538 2575 663 2600 solemnit.
675 2577 703 2600 B.
716 2577 785 2607 νίν-9.
797 2578 871 2608 Mar„
885 2578 982 2609 quando

205 2608 322 2633 salutavit
339 2610 512 2635 Elizubetl1,—
525 2612 533 2625 ²
547 2611 631 2642 Apoc„
647 2618 711 2642 xxm,
727 2614 783 2637 2.—
794 2613 803 2629 ³
817 2614 890 2644 Joeli,
904 2620 929 2643 ιι,
941 2616 981 2638 22.

207 2657 237 2661 »-
250 2645 259 2660 4
276 2646 376 2676 Ezecli„
397 2654 492 2677 xxxvi,
517 2649 556 2671 3:¹3.
573 2661 603 2664 —
625 2648 634 2664 θ
647 2648 720 2677 λορίι,
746 2648 796 2672 loc.
817 2649 869 2679 jau]
896 2650 936 2674 cit.
953 2663 982 2666 —

207 2680 216 2696 ⁶
228 2681 313 2711 Rern„
327 2688 382 2713 sup.
395 2683 486 2706 Missus
496 2685 542 2712 est,
554 2684 624 2708 hom.
641 2690 678 2714 ιιι,
693 2692 717 2708 u.
732 2687 753 2707 ϋ-
764 2698 793 2702 -
805 2685 880 2709 ’11010
892 2689 981 2710 auctor

208 2723 284 2740 serm.
303 2723 336 2748 ix,
349 2717 378 2740 de
394 2719 483 2749 Temo,
500 2719 531 2743 al.
548 2726 619 2750 cxix,
633 2727 658 2743 0.
675 2729 698 2743 3
712 2734 740 2737 —
757 2720 847 2746 ⁸1²sal.
864 2727 925 2751 ινιι,
945 2723 981 2745 12.

352 2771 426 2793 ΊῸΜ.
450 2772 518 2795 MV.

1746 248 1805 279 289

1024 306 1195 343 verborum,
1208 309 1236 337 et
1249 310 1326 338 certe
1339 310 1490 347 speciosus
1501 310 1611 341 fruetus
1625 313 1735 342 ventris
1748 314 1804 349 sui,

1024 354 1076 390 qui
1092 356 1134 383 est
1153 357 1253 391 pastus
1270 357 1405 386 omnium
1418 358 1578 394 justorum.
1599 360 1688 389 Maria
1703 363 1745 389 est
1756 361 1806 389 de-

1025 402 1135 429 sertum
1145 401 1202 430 hoc
1212 403 1393 439 speciosum;
1407 405 1496 434 Maria
1506 414 1627 444 quoque
1635 408 1677 435 est
1689 407 1806 444 lignum

1023 447 1083 475 hoc
1097 447 1290 486 fructuosum,
1307 451 1344 479 de
1360 460 1420 488 quo
1437 452 1543 481 dicitur
1554 454 1582 482 ¹⁵:
1600 456 1635 482 Et
1649 456 1755 490 liqnum
1766 458 1808 483 al-

1026 495 1092 522 tulit
1110 497 1232 529 fructum
1246 506 1333 526 suum.
1350 500 1372 527 Ο
1392 507 1459 528 vere
1473 500 1644 529 mirabilem
1667 501 1806 538 fructum,

1024 548 1078 578 per
1090 550 1181 577 quem
1194 545 1254 572 tam
1268 544 1372 580 fames,
1390 554 1483 582 quam
1498 547 1559 576 sitis
1576 548 1727 578 relevatur
1741 550 1806 578 ani-

1025 596 1166 625 marum,
1195 591 1269 619 sicut
1292 593 1412 621 testatur
1439 594 1544 622 beatus
1572 596 1740 625 Bernardus
1766 596 1809 625 di-

1027 637 1116 664 cens⁶
1133 646 1139 664 :
1159 647 1172 663 (ε
1186 639 1285 666 Βο005
1299 639 1421 675 fruetus,
1437 641 1488 677 qui
1500 642 1668 672 animarum
1679 644 1809 673 esurien-

1026 683 1101 711 tium
1123 686 1150 713 et
1171 685 1331 714 sitientium
1359 695 1427 715 esca
1453 690 1480 716 et
1500 690 1589 724 potus
1610 692 1661 719 est.
1682 701 1695 718 n
1713 692 1808 721 Nolite

1027 738 1099 767 ergo
1110 731 1223 768 timere,
1237 733 1380 762 animalia
1392 734 1459 770 Dei3
1472 735 1564 764 nolite
1576 737 1690 774 timere,
1702 739 1807 768 fideles

1027 779 1140 814 Christi,
1156 780 1239 816 quod
1254 780 1354 809 inedia
1367 781 1520 818 deficiatis,
1536 792 1604 812 cum
1625 785 1715 821 plena
1739 794 1808 822 pas-

1027 833 1083 853 cua
1096 825 1127 853 in
1141 826 1268 861 deserto,
1279 827 1402 863 plenum
1423 829 1552 858 fructum
1573 831 1604 859 in
1626 831 1721 867 ligno,
1744 833 1808 869 ple-

1026 879 1101 899 num
1116 872 1204 901 etiam
1218 874 1364 910 pabulum
1384 875 1415 903 in
1434 877 1579 914 praesepio
1601 878 1746 907 habeatis.
1764 879 1809 908 Ait

1027 918 1107 946 enim
1127 919 1232 948 beatus
1250 922 1415 950 Bernardus
1435 932 1441 951 :
1462 933 1476 949 «
1495 925 1583 953 Natus
1602 925 1764 954 reclinatur
1778 927 1808 954 in

1026 966 1183 1003 praesepio,
1192 969 1223 996 ut
1232 968 1337 997 fideles
1348 977 1452 999 omnes
1461 971 1542 999 velut
1554 971 1630 1001 facta
1643 972 1679 1009 (a)
1693 973 1808 1002 anima-

1026 1012 1067 1042 lia
1091 1014 1187 1042 carnis
1207 1023 1267 1043 suae
1289 1016 1430 1045 alimento
1455 1017 1597 1047 reficeret.
1616 1030 1630 1046 »
1650 1022 1682 1048 Et
1703 1015 1810 1049 beatus

1027 1062 1205 1097 Augustinus
1226 1063 1267 1091 ait
1285 1064 1295 1080 ⁷
1316 1073 1323 1091 :
1340 1074 1354 1090 «
1370 1065 1391 1093 Ο
1411 1073 1542 1102 praesepe
1558 1066 1763 1103 splendidum,
1779 1068 1809 1095 in

1028 1116 1089 1144 quo
1106 1109 1198 1145 jacuit
1216 1110 1329 1138 foenum
1351 1112 1544 1148 animalium,
1565 1113 1618 1141 sed
1633 1114 1810 1150 angelorum

1028 1155 1183 1184 inventum
1198 1160 1241 1186 est
1254 1158 1401 1194 pabulum
1413 1160 1419 1186 1
1434 1169 1448 1186 n

1065 1203 1187 1239 Quinto,
1213 1205 1397 1241 charissimi,
1427 1207 1609 1236 necessarius
1633 1209 1676 1236 est
1699 1208 1811 1237 fructus

1029 1250 1124 1279 Mariae
1138 1251 1313 1280 benedictus
1326 1253 1365 1281 ad
1381 1253 1571 1282 evitationem
1586 1255 1637 1283 irae
1649 1255 1810 1292 judicialis,

1030 1306 1122 1334 quam
1132 1299 1233 1335 utique
1249 1302 1358 1328 certam
1372 1300 1463 1329 habet
1474 1302 1571 1330 omnis
1585 1303 1723 1338 injustus,
1738 1304 1813 1332 sicut

1028 1344 1168 1381 fructum,
1178 1354 1238 1382 quo
1246 1347 1433 1383 iramjudicii
1442 1349 1476 1385 (b)
1486 1350 1624 1384 evadere,
1633 1352 1747 1379 certum
1756 1351 1812 1379 uti-

1031 1400 1088 1428 que
1103 1393 1194 1421 habet
1215 1395 1312 1422 omnis
1325 1395 1430 1430 justus.
1448 1397 1529 1425 Unde
1551 1397 1582 1425 in
1604 1398 1720 1426 Psalmo
1742 1398 1814 1426 dici-

1030 1440 1097 1467 tur8
1115 1449 1121 1467 :
1139 1442 1170 1468 Si
1188 1443 1283 1476 utique
1298 1445 1337 1469 est
1351 1444 1454 1476 nucius
1469 1444 1552 1478 justo,
1571 1446 1667 1480 utique
1686 1448 1725 1473 est
1744 1447 1813 1473 Deus

1025 1486 1155 1521 judicans
1175 1496 1216 1516 eos
1235 1490 1265 1516 in
1281 1492 1364 1525 terra,
1383 1498 1445 1525 eOS‚
1467 1490 1499 1518 id
1515 1493 1567 1525 est,
1583 1492 1718 1527 injustos,
1740 1492 1814 1520 sicut

1032 1534 1153 1570 exponit
1168 1535 1279 1564 Glossa.
1294 1537 1419 1572 Injustos
1434 1546 1565 1574 namque
1575 1539 1722 1574 judicabit
1739 1541 1813 1567 Deus

1031 1581 1062 1608 in
1077 1583 1164 1616 terra,
1182 1582 1254 1610 dum
1269 1583 1300 1611 in
1316 1584 1430 1619 judicio
1444 1585 1514 1620 justi
1529 1585 1560 1613 in
1579 1594 1646 1614 aere
1662 1588 1757 1622 erunt,
1772 1587 1814 1614 in-

1029 1629 1099 1664 justi
1119 1637 1191 1657 vero
1212 1630 1243 1657 in
1267 1632 1344 1659 terra
1368 1633 1575 1668 remanebunt,
1597 1633 1668 1669 quia
1691 1634 1814 1662 terrenis

1032 1678 1134 1704 contra
1156 1678 1248 1705 Deum
1274 1678 1476 1712 adhaeserunt,
1503 1680 1543 1708 ita
1564 1682 1597 1708 ut
1623 1680 1720 1708 dicere
1746 1689 1815 1717 pos-

1032 1725 1096 1751 sent
1119 1725 1129 1740 ⁹
1147 1732 1154 1751 :
1174 1725 1299 1753 Adhoesit
1317 1727 1347 1753 in
1377 1728 1449 1754 terra
1473 1730 1565 1755 venter
1593 1730 1691 1755 noster.
1717 1728 1815 1756 Domi-

1033 1778 1088 1798 nus
1114 1780 1185 1807 ergo
1208 1772 1265 1808 ibi,
1291 1774 1366 1801 sicut
1387 1775 1489 1811 utique
1515 1777 1557 1803 est
1580 1775 1691 1804 fructus
1715 1776 1815 1804 suavis

1031 1817 1121 1853 justo,
1138 1819 1179 1846 sic
1200 1820 1301 1856 utique
1322 1821 1375 1848 erit
1395 1821 1489 1857 judex
1511 1822 1610 1857 gravis
1632 1823 1751 1858 injusto.
1770 1825 1816 1851 Vae

1035 1873 1106 1900 ergo
1123 1866 1175 1900 eis,
1191 1867 1241 1902 qui
1256 1867 1384 1896 fructum
1395 1871 1455 1896 tam
1470 1869 1678 1897 suavissimum
1693 1878 1816 1898 conver-

1033 1913 1099 1940 tunt
1113 1913 1170 1940 sibi
1181 1913 1210 1940 in
1219 1914 1367 1949 judicium
1379 1916 1608 1951 amarissimum,
1620 1917 1695 1945 sicut
1709 1917 1816 1946 dicitur

1034 1958 1065 1986 in
1089 1960 1172 1987 Amos
1193 1961 1211 1977 ¹⁰
1233 1970 1239 1988 :
1266 1961 1439 1990 Convertistis
1459 1964 1489 1990 in
1510 1964 1722 1992 amaritudinem
1735 1965 1816 2000 judi-

1034 2008 1115 2042 cium,
1135 2010 1160 2035 et
1173 2008 1293 2048 fractum
1310 2009 1430 2044 jztstitice
1449 2012 1478 2037 in
1499 2011 1675 2038 absinthium.
1696 2012 1816 2040 Fructus

1031 2054 1162 2090 justitiae,
1171 2056 1282 2084 fructus
1289 2057 1370 2092 justi.
1380 2059 1393 2086 J
1397 2060 1476 2086 ustus
1487 2060 1529 2086 est
1539 2060 1649 2088 fructus
1658 2060 1765 2096 Mariae,
1778 2060 1815 2089 de

1036 2109 1097 2137 quo
1113 2105 1190 2130 certe
1207 2103 1359 2133 Psalmista
1380 2106 1419 2133 ait
1434 2105 1450 2122 ¹¹
1469 2114 1475 2133 :
1490 2108 1604 2134 Justum
1619 2107 1747 2135 fructum
1765 2107 1816 2136 de-

1037 2148 1079 2176 dit
1094 2149 1137 2185 (c).
1149 2151 1235 2178 Terra
1247 2151 1346 2187 Virgo,
1362 2152 1434 2187 quia
1445 2154 1546 2180 veritas
1558 2154 1590 2182 de
1606 2157 1679 2182 terra
1691 2157 1751 2182 orta
1765 2157 1814 2182 est.

1071 2197 1173 2232 Sexto,
1213 2198 1393 2233 charissimi,
1428 2201 1610 2229 necessarius
1637 2204 1680 2230 est
1706 2203 1817 2230 fructus

1034 2244 1129 2271 Mariae
1141 2244 1315 2272 benedictus
1328 2245 1367 2273 ad
1382 2246 1603 2282 elongationem
1616 2248 1677 2276 sive
1688 2248 1817 2277 declina-

1034 2290 1147 2318 tionem
1158 2299 1256 2327 poenae
1268 2292 1452 2328 gehennalis,
1468 2294 1529 2322 sive
1542 2295 1645 2323 mortis
1659 2296 1816 2332 aeternalis,

1036 2338 1073 2365 de
1096 2347 1156 2374 quo
1182 2347 1332 2375 exponere
1354 2349 1528 2377 possumus,
1554 2344 1638 2379 quod
1658 2343 1764 2371 dicitur
1787 2343 1817 2370 in

1036 2385 1113 2413 libro
1134 2386 1231 2420 Requm
1249 2386 1270 2404 ¹2
1286 2396 1293 2414 :
1312 2389 1484 2422 Transferam
1499 2398 1544 2417 vos
1560 2392 1590 2417 in
1605 2394 1703 2418 terram
1717 2392 1818 2424 fructi-

1037 2434 1133 2465 feram,
1160 2435 1185 2460 et
1205 2434 1325 2467 fertilem
1342 2437 1412 2471 vini,
1435 2439 1534 2464 terram
1554 2439 1648 2473 panis,
1671 2441 1695 2465 et
1717 2438 1768 2465 olei
1789 2446 1819 2465 ac

1038 2481 1135 2513 mellis,
1149 2482 1173 2507 et
1188 2482 1296 2516 vivetis,
1310 2484 1335 2509 et
1348 2491 1400 2510 non
1414 2485 1577 2511 moriemini.
1594 2485 1624 2512 In
1639 2486 1748 2512 terram
1761 2486 1818 2512 Ma-

1037 2527 1097 2562 riae,
1110 2527 1156 2554 vcl
1165 2527 1195 2554 in
1204 2529 1312 2556 terram
1322 2529 1456 2557 Ecclesiae
1466 2531 1687 2566 transferentur,
1699 2532 1749 2567 qui
1758 2534 1827 2571 toto¹

1039 2617 1068 2621 —
1088 2606 1096 2617 Ἀ
1116 2604 1184 2628 Psal.
1207 2611 1274 2630 xmix
1286 2625 1293 2636 ‚
1312 2608 1351 2630 25.
1367 2620 1397 2626 -—-
1419 2609 1439 2625 ¹0
1457 2609 1543 2638 Amos,
1560 2615 1601 2639 v1‚
1617 2610 1654 2633 13.
1671 2623 1700 2628 —
1715 2610 1733 2626 1¹
1750 2609 1820 2634 Psal.

1039 2642 1151 2670 va1‚7,
1168 2642 1193 2664 et
1213 2647 1321 2673 Lme,
1341 2645 1378 2673 12,
1394 2646 1432 2668 13.
1449 2657 1478 2661 —
1497 2646 1514 2660 ¹2
1530 2646 1642 2676 1V11eq„
1657 2652 1734 2676 xvm,
1750 2647 1787 2669 32.

1073 2686 1105 2714 (n)
1123 2685 1182 2715 Ley.
1199 2686 1373 2711 rationabilia.
1382 2702 1410 2706 -—
1422 2689 1456 2719 (11)
1469 2690 1549 2720 Sumit
1575 2690 1664 2721 possit.
1675 2704 1706 2709 -
1718 2691 1748 2721 (c)
1760 2692 1820 2721 Leg-

1040 2721 1114 2744 Terra
1130 2721 1201 2745 (ladit
1218 2724 1328 2752 frua-lum
1349 2733 1427 2748 snam.

1647 2776 1679 2804 19
