2029 3052
254 227 314 258 558
957 222 1164 256 EXPOSl'I'IO

253 293 399 333 imperio,
420 295 451 325 et
469 293 588 326 decreto
602 292 741 333 midinis,
763 292 919 325 morietur
938 291 1030 324 homo

253 346 319 378 ille.
337 346 385 378 Ex
399 347 557 387 praedictis
570 348 665 387 patet,
682 346 767 387 quod
779 347 844 377 tota
856 345 971 386 regula
983 346 1032 376 est

255 400 444 431 mandatum
467 399 699 440 Apostolicum,
715 401 747 430 et
761 408 818 440 per
832 408 1031 439 consequens

254 453 478 484 authenticum
495 453 650 494 quidquid
663 453 695 484 in
711 462 749 484 ea
766 452 957 484 continetur.
978 451 1032 484 Se-

253 507 363 548 quitur
376 508 494 538 textus.

466 621 610 655 CAPUT
633 621 806 655 PRIMUM
820 636 824 640 ·

254 711 289 738 In
307 711 415 738 nomine
429 711 538 738 Domini
551 711 651 746 incipit
665 711 775 746 Regula,
792 713 817 738 et
833 711 892 737 vita
905 710 1031 737 Fratrum

567 755 596 782 M
601 756 717 782 inm-um.

294 832 437 873 Regula,
462 835 493 864 et
512 833 579 865 vita
601 833 761 864 Minorum
784 831 933 863 Fratrum
960 831 1031 863 haec

252 888 300 919 est
316 896 324 918 :
350 887 545 918 Sanctissimi
569 886 695 917 Domini
712 885 812 917 nostri
826 885 900 917 Jesu
916 884 1031 916 Christi

252 941 286 973 S.
307 940 522 981 Evangelium
545 940 727 978 observare,
750 939 889 970 vivendo
902 939 936 970 in
951 939 1030 970 obe-

251 994 381 1032 dientia,
399 994 467 1025 sine
487 993 625 1034 proprio,
641 995 673 1024 01
692 993 727 1023 111
748 993 902 1024 castitate.
918 992 1030 1024 Frater

251 1048 437 1080 Franciscus
453 1048 611 1088 promittit
632 1046 860 1084 obedientiam,
885 1048 917 1078 et
941 1055 1030 1078 reve-

251 1102 390 1133 rentiam
405 1101 540 1132 Domino
558 1100 652 1141 Papae
675 1099 835 1139 Honorio,
850 1109 887 1131 ac
902 1108 1030 1131 succes-

251 1156 377 1187 soribus
391 1156 460 1195 ejus
473 1154 624 1186 canonice
637 1154 841 1192 intrantibus,
866 1156 898 1185 et
921 1153 1030 1185 Eccle-

251 1209 307 1240 siae
323 1209 485 1240 Romanae.
503 1208 542 1240 Et
555 1208 609 1239 alii
630 1208 743 1240 fratres
756 1209 925 1239 teneantur
941 1207 1029 1239 fratri

252 1263 276 1294 F
277 1263 431 1301 rancisco,
447 1265 478 1294 et
490 1264 560 1303 ejus
574 1263 809 1294 successoribus
823 1262 961 1294 obedire.

530 1358 751 1386 Exposl‘rio.

293 1425 430 1465 Requla,
459 1427 488 1457 el
513 1426 584 1457 vita
602 1426 765 1457 Minorum
790 1425 943 1457 Fratrum
964 1424 1030 1456 ltoec

252 1482 308 1518 est,
323 1479 440 1510 seilicet
451 1479 582 1511 Domini
596 1480 700 1511 nostri
715 1479 800 1518 Jesu,
817 1478 946 1510 etc.11'1‹:
957 1478 1032 1509 sub·

252 1534 338 1565 ditur
353 1534 550 1565 confirmata*
562 1533 704 1564 veritatis
720 1533 871 1571 narratio,
888 1542 961 1573 quae
974 1541 1031 1563 ru-

253 1587 348 1619 bricis
362 1587 529 1619 duodecim
541 1588 740 1626 discernitur,
758 1588 813 1628 qui
829 1589 903 1618 sunt
913 1586 1031 1618 duode-

254 1642 316 1673 cim
332 1642 494 1673 durissimi
504 1641 634 1682 lapides,
645 1642 682 1672 de
695 1641 812 1682 quihus
820 1640 997 1672 dicitJosue
1009 1642 1029 1679 ¹,

254 1696 340 1736 quod
355 1695 521 1726 duodecim
535 1695 625 1726 electi
645 1695 705 1726 viri
720 1697 911 1735 acceperunt
932 1695 970 1726 de
988 1695 1032 1726 al-

254 1758 314 1780 veo
329 1749 487 1786 Jordanis,
512 1749 565 1779 ubi
586 1750 740 1779 steterunt
761 1749 960 1780 sacerdotum
980 1757 1032 1788 pe-

256 1803 321 1841 des,
339 1803 507 1834 duodecim
523 1802 653 1842 lapides,
670 1804 824 1842 ponentes
844 1802 876 1832 in
894 1802 963 1833 loco
983 1812 1033 1833 ca-

255 1859 409 1894 strorum,
433 1856 489 1887 ubi
504 1856 558 1887 illa
580 1858 672 1887 nocte
687 1856 838 1887 deberent
851 1857 951 1896 [igere
966 1858 1032 1887 ten-

255 1910 347 1941 toria.
366 1909 431 1941 Hoc
446 1912 493 1941 est
511 1910 627 1947 dicere,
648 1909 733 1949 quod
755 1909 869 1941 fratres
884 1909 1031 1949 Minores,

255 1966 408 2004 tanquam
431 1964 492 1995 viri
513 1973 531 1994 a
555 1963 690 1994 Domino
709 1972 787 1994 vero
810 1963 905 1994 Josue
918 1964 1008 1995 electi
1022 1966 1047 2003 ,'

255 2019 396 2049 volentes
420 2017 612 2058 pertransire
633 2016 816 2055 Jordancm‚
841 2019 872 2048 et
886 2018 1033 2048 festinare

254 2072 293 2103 ad
320 2074 437 2102 terram
464 2071 702 2111 promissionis,
735 2071 859 2111 eligant
879 2072 937 2102 sibi
957 2072 1034 2103 ‹luo—

253 2126 355 2157 decim
379 2125 565 2156 durissimos
588 2125 718 2165 lapides,
738 2125 768 2156 id
791 2128 848 2163 est,
866 2126 1033 2157 duodecim

254 2179 391 2219 capitula
412 2178 544 2218 Regulae
557 2203 565 2217 ,
602 2178 789 2218 evangelica
814 2181 844 2209 et
862 2180 1033 2219 apostolica

253 2232 409 2263 sententia
444 2233 648 2270 confirmata,
687 2233 725 2263 de
758 2233 826 2264 loco
853 2233 909 2264 ubi
937 2236 1031 2265 stete-

253 2290 329 2318 runt
349 2287 444 2326 pedes
466 2287 684 2325 sacerdotum,
701 2287 761 2318 hoc
780 2289 838 2325 est,
865 2287 905 2318 ad
926 2288 1032 2318 imita-

252 2343 374 2372 tionem
389 2341 555 2372 duodecim
572 2341 809 2381 Apostolorum.
828 2341 903 2372 Tres
918 2342 1031 2382 primae

254 2396 391 2427 rubricae
405 2395 510 2426 radios
529 2395 688 2434 recipiunt
705 2395 854 2434 orientis;
877 2398 942 2427 tres
961 2396 1032 2427 aliae

255 2451 424 2490 sequentes
439 2448 579 2489 pericula
593 2448 768 2479 excludunt
780 2450 952 2490 aquilonis;
969 2452 1033 2481 tres

255 2504 346 2535 tertio
362 2504 430 2534 loco
449 2503 558 2543 positae
573 2502 705 2534 obviant
727 2503 818 2534 malis
837 2504 877 2535 ab
898 2513 1029 2544 occasu3

254 2559 318 2588 tres
327 2557 446 2588 ultimae
460 2556 652 2588 australibus
663 2556 782 2588 deliciis
796 2560 873 2588 sunt
884 2558 1007 2589 refertae
1022 2570 1029 2589 z

286 2657 292 2673 ¹
308 2658 369 2685 Jesu,
387 2662 420 2687 iv,
436 2658 459 2680 3.
477 2669 504 2672 -
521 2656 529 2670 2
543 2655 628 2686 Dion.‚
646 2655 675 2679 dc
695 2655 754 2681 Coel.
771 2655 853 2681 Hier..
867 2664 890 2680 c.
907 2663 947 2686 111,
963 2658 986 2681 8.
1001 2671 1031 2676 --

255 2693 265 2709 ³
281 2693 363 2717 Locus
381 2693 558 2722 0011011105.-
573 2691 582 2707 ⁴
597 2692 605 2714 l
624 2691 694 2721 Tim„
711 2697 750 2720 VI,
766 2693 821 2716 7.—
839 2693 847 2706 ⁵
865 2692 895 2716 111
912 2693 981 2723 Rey..
995 2699 1031 2723 vr,

254 2730 293 2752 35.
308 2741 338 2746 ·—-
354 2729 363 2742 ⁰
378 2728 481 2758 Mutila,
496 2733 558 2757 xxv,
573 2729 611 2750 45.

1087 293 1125 323 ut
1139 291 1184 322 sic
1197 291 1269 322 haec
1291 290 1402 322 civitas
1421 290 1457 322 in
1470 291 1593 331 quadro
1606 292 1720 333 posita,
1746 297 1863 327 ornata

1087 344 1254 377 duodecim
1261 345 1372 386 portis,
1383 344 1502 376 scilicet
1507 345 1676 377 duodecim
1684 347 1862 387 apostolicis

1087 399 1284 439 margaritis,
1307 407 1373 430 non
1397 399 1508 430 timeat
1531 400 1669 440 potentis
1686 400 1860 441 insultum,

1086 459 1267 494 pauperum
1287 454 1320 484 et
1341 452 1532 493 sapientium
1547 454 1705 487 industria
1719 465 1862 488 commu-

1087 507 1164 538 nita.
1182 506 1293 538 Trium
1308 508 1415 539 autem
1430 507 1536 548 primo
1550 509 1742 549 positarum,
1757 509 1790 541 id
1803 511 1861 548 est,

1087 560 1292 592 orientalium
1299 560 1502 592 rubricarum
1512 561 1617 602 prima
1624 563 1799 594 summarie
1808 563 1864 595 Re-

1087 614 1240 655 ligionem
1263 615 1416 654 instituit;
1437 615 1576 647 secunda
1589 616 1629 647 ad
1643 626 1715 648 eam
1730 617 1863 650 venien-

1086 671 1134 700 tes
1147 668 1277 709 recipit3
1297 669 1391 700 tertia
1410 671 1552 710 receptos
1573 670 1710 702 interius
1725 673 1756 702 et
1771 673 1862 704 exte-

1086 722 1158 754 rius
1172 723 1302 754 instruit
1315 722 1491 763 disciplina.
1507 723 1546 755 Et
1563 724 1652 765 quia,
1670 726 1706 756 ut
1722 727 1808 765 patet
1822 733 1863 757 ex

1087 776 1236 817 Dionysio
1251 778 1273 816 ²,
1291 777 1467 809 substantia
1483 777 1671 810 hierarchiae
1687 779 1720 810 in
1737 779 1864 810 duobus

1087 831 1239 870 consistit,
1254 831 1374 863 scilicet
1382 832 1416 862 in
1426 832 1542 863 sanctis
1549 833 1794 872 perfectionibus
1805 833 1861 874 (a),

1087 887 1119 917 et
1131 885 1165 916 in
1181 885 1293 917 ordine
1311 885 1594 926 perficiendorum;
1615 886 1720 926 prima
1733 887 1773 918 ad
1786 896 1863 928 per-

1086 939 1183 971 fectos
1196 949 1254 980 per
1267 939 1492 978 obedientiam,
1508 939 1647 971 secunda
1659 940 1863 973 subditorum

1086 993 1126 1025 ad
1150 993 1299 1034 praelatos
1313 993 1347 1023 ³:
1369 992 1485 1024 idcirco
1508 992 1612 1033 prima
1632 993 1759 1024 rubrica
1782 993 1863 1026 duas

1086 1046 1183 1078 habet
1195 1048 1312 1087 partes,
1337 1055 1476 1087 quarum
1490 1046 1594 1087 prima
1608 1047 1783 1078 summarie
1796 1049 1864 1079 tan-

1088 1100 1136 1140 git
1158 1100 1256 1140 hujus
1279 1100 1487 1139 hierarchiae,
1509 1100 1540 1131 id
1555 1102 1616 1139 est,
1638 1101 1720 1132 sacri
1742 1100 1862 1133 ordinis

1085 1154 1326 1194 perfectionem3
1344 1154 1484 1186 secunda
1499 1153 1649 1186 describit
1671 1154 1864 1187 obedientia-

1085 1207 1149 1239 lem
1169 1208 1414 1247 ordinationem,
1432 1208 1476 1239 ibi
1493 1219 1500 1240 :
1522 1209 1639 1241 Frater
1658 1208 1861 1242 Eram-iscus.

1128 1261 1205 1293 Dicit
1218 1271 1299 1302 ergo
1315 1262 1438 1303 primo:
1451 1262 1584 1303 Regula,
1598 1265 1628 1296 et
1642 1263 1724 1295 vita.
1741 1262 1865 1303 Regula

1085 1324 1126 1347 ex
1141 1316 1202 1348 hoc
1217 1317 1343 1356 dicitur,
1358 1317 1435 1357 quia
1448 1320 1530 1350 recte
1544 1317 1640 1348 ducit.
1663 1316 1795 1348 Rectum
1808 1326 1864 1349 au-

1085 1372 1149 1401 tem
1163 1372 1221 1408 051,
1238 1371 1332 1411 cujus
1342 1370 1486 1401 medium
1499 1379 1563 1401 non
1574 1370 1640 1401 exit
1648 1370 1689 1401 ab
1699 1371 1863 1402 extremis.

1086 1423 1125 1456 Et
1139 1424 1216 1465 quia
1229 1424 1345 1456 dicitur
1359 1433 1415 1465 per
1429 1424 1616 1464 Apostolum
1627 1424 1655 1456 ⁵:
1672 1425 1765 1457 Nihil
1777 1426 1866 1459 intu-

1086 1478 1184 1510 limus
1199 1479 1236 1510 in
1246 1478 1329 1510 hunc
1346 1478 1512 1517 mundum,
1533 1478 1623 1511 haud
1638 1478 1773 1511 dubium
1787 1479 1866 1519 quia

1086 1541 1142 1565 nec
1157 1534 1285 1573 auferre
1298 1532 1380 1573 quid
1394 1540 1586 1573 possumus;
1601 1533 1655 1564 illa
1670 1542 1750 1573 ergo
1764 1533 1866 1565 veris-

1086 1587 1168 1618 sima
1183 1587 1298 1618 dicitur
1314 1587 1440 1627 regula,
1456 1595 1530 1627 quae
1538 1587 1639 1625 docet,
1653 1588 1691 1618 ut
1703 1589 1751 1618 est
1765 1586 1867 1627 possi-

1086 1640 1150 1672 bile
1165 1640 1197 1671 in
1213 1641 1289 1679 vita,
1305 1642 1524 1680 paupertatem
1538 1641 1751 1672 nudissimam
1761 1641 1866 1672 obser-

1087 1704 1187 1726 vare:
1211 1694 1281 1725 haec
1301 1693 1418 1733 regula
1444 1694 1539 1724 etiam
1561 1696 1607 1725 est
1629 1695 1717 1733 vila,
1744 1696 1782 1725 ut
1803 1696 1869 1725 tota

1087 1749 1222 1779 fratrum
1234 1748 1432 1779 conversatio
1439 1747 1569 1787 Reguiae
1579 1748 1766 1788 applicetur,
1774 1749 1869 1788 juxta

1088 1801 1118 1833 id
1133 1802 1219 1842 quod
1240 1801 1364 1841 legitur
1377 1801 1410 1832 in
1425 1802 1518 1832 tertio
1533 1801 1658 1839 Regum
1676 1805 1685 1821 ²⁵
1703 1813 1710 1832 :
1737 1802 1869 1842 Operuit

1088 1857 1198 1888 omnia
1220 1855 1354 1888 laminis
1377 1856 1497 1888 aureis.
1514 1856 1666 1888 Fratrum
1684 1856 1846 1888 Minorum
1858 1880 1866 1894 ,

1090 1910 1134 1941 sic
1147 1910 1305 1941 dictorum
1320 1909 1475 1948 absolute,
1492 1912 1529 1940 ut
1543 1910 1581 1941 de
1595 1909 1684 1941 nullo
1703 1910 1868 1950 dignitatis

1090 1964 1195 2003 gradu
1209 1963 1446 2002 contendentes,
1462 1972 1521 1994 nec
1536 1963 1597 1995 sibi
1608 1972 1725 1995 nomen
1736 1964 1867 1995 honoris

1088 2017 1226 2058 aliquus
1242 2020 1443 2058 usurpantes,
1461 2017 1611 2048 omnihus
1632 2026 1664 2048 se
1679 2017 1868 2048 humilitatis

1088 2080 1208 2110 amore,
1224 2071 1312 2102 salvo
1326 2071 1379 2102 Dei
1395 2071 1527 2110 honore,
1540 2071 1721 2111 subjiciant,
1737 2071 1777 2102 ad
1791 2070 1867 2102 nul-

1088 2125 1153 2155 lam
1166 2125 1372 2165 temporalem
1388 2125 1656 2164 magnitudinem,
1678 2126 1714 2155 ut
1731 2133 1868 2165 pauper-

1088 2178 1182 2217 rimi,
1206 2178 1380 2209 humillimi
1397 2180 1428 2209 01
1469 2178 1628 2219 purissimi
1642 2202 1651 2216 ,
1678 2178 1865 2219 aspirantes.

1088 2232 1167 2263 Dicti
1179 2235 1285 2264 autem
1297 2234 1426 2265 Fratres
1436 2233 1591 2271 Minores,
1604 2232 1642 2263 ad
1658 2232 1866 2264 imitationem

1087 2286 1216 2317 illorum
1233 2287 1271 2317 de
1287 2287 1406 2327 quibus
1432 2287 1547 2318 dicitur
1561 2287 1572 2303 ¹³
1590 2297 1596 2317 :
1616 2286 1777 2324 Quamdiu
1800 2294 1865 2319 non

1087 2340 1213 2378 fecistis
1228 2341 1289 2372 uni
1314 2340 1353 2372 [Ie
1376 2341 1555 2373 minoribus
1570 2340 1633 2379 his,
1650 2348 1704 2372 nec
1719 2340 1802 2372 mihi
1816 2340 1862 2379 fe-

1087 2394 1193 2426 cistis.
1210 2394 1330 2426 Eorum
1346 2395 1450 2434 igitur
1460 2394 1577 2434 regula
1591 2395 1661 2426 haec
1675 2396 1732 2432 est,
1748 2393 1864 2425 scilicet

1087 2447 1213 2479 Domini
1228 2449 1327 2480 nostri
1342 2449 1417 2480 Jesu
1431 2449 1544 2480 Christi
1560 2451 1705 2480 sanctum
1720 2449 1864 2488 Evange-

1086 2502 1168 2534 lium
1197 2503 1379 2534 observare.
1402 2503 1468 2534 Hoc
1490 2503 1605 2534 idcirco
1630 2503 1757 2541 dicitur,
1787 2502 1864 2543 quia

1087 2558 1152 2588 tota
1177 2557 1300 2597 regulae
1328 2557 1504 2588 substantia
1540 2557 1577 2588 de
1607 2557 1690 2588 fonte
1726 2556 1863 2587 trahitur

1087 2611 1283 2651 evangelicae
1303 2611 1462 2651 puritatis.
1487 2610 1556 2642 Non
1575 2612 1621 2640 est
1640 2619 1720 2649 ergo
1735 2610 1860 2650 regula,

1086 2667 1141 2696 aut
1155 2665 1222 2697 vita
1237 2665 1317 2704 haec,
1339 2674 1424 2697 nova
1437 2674 1504 2704 res,
1521 2664 1575 2696 sed
1590 2664 1800 2704 proculdubio
1814 2673 1862 2696 re-

1118 2729 1150 2759 (n)
1167 2728 1242 2752 Forte
1257 2728 1306 2760 leq.
1322 2728 1517 2759 perfectoribus.

2027 618 2029 622 .
2027 605 2029 611 r
2024 585 2029 598 2
2018 496 2029 576 „uA-³
