2060 3052
71 2162 150 2182 Exem-

43 2192 113 2219 plum.

626 236 676 271 DE
699 237 777 271 UNO
800 238 833 270 S.
857 237 1123 272 CONFESSORE.
1145 239 1277 273 SERMO
1299 238 1325 271 Ι.

165 308 220 337 tia:
238 307 394 345 qu‘omodo
410 307 491 336 aliud
503 305 685 342 sustentabit,
702 306 786 343 quod
799 306 830 335 in
845 315 876 336 sc
890 314 942 335 va-

163 363 237 384 num
252 355 355 391 existit,
377 357 450 384 etse
469 355 631 383 sustentare
652 362 714 383 non
732 356 854 392 potest?
869 357 942 383 Nam

164 404 284 439 domus,
298 403 346 432 vel
364 403 463 438 arbor,
488 402 562 431 dum
576 403 666 438 cadit,
681 402 772 431 aliam
787 403 942 432 cadentem

163 450 358 479 sustentabit?
371 451 399 479 et
413 457 474 478 non
492 450 611 487 potius,
628 450 701 478 dum
720 458 780 479 una
799 450 880 479 alteri
897 450 942 478 in-

163 498 281 534 cutitur,
304 497 423 534 gravior
443 505 528 526 casus
549 497 698 526 efficitur?
715 497 866 534 Numquid
881 505 942 526 non

163 546 224 574 tota
239 545 287 574 die
308 544 445 574 videmus
466 544 604 573 homines
626 553 723 580 ruere,
739 547 767 573 et
781 546 876 574 morte
892 545 943 573 de-

162 592 269 620 ficere?
284 594 358 629 Ergo
373 600 435 621 non
453 593 495 620 est
517 592 580 620 ullo
600 592 693 620 modo
713 600 781 629 spes
799 592 943 628 ponenda

162 639 193 667 in
207 639 339 675 homine,
355 639 409 667 scd
427 640 458 667 in
473 639 537 667 solo
557 639 657 667 stabili
678 641 824 668 Creatore.
840 639 848 656 ¹
866 641 943 667 «Bo-

162 694 235 715 num
251 688 294 715 est
314 694 433 723 sperare
454 686 486 714 in
500 686 644 721 Domino,
665 694 756 722 quam
771 694 890 722 sperare
912 686 942 714 in

162 734 357 770 principibus.
373 744 386 760 n
405 735 437 762 Et
450 733 481 761 in
503 733 562 761 alio
585 732 652 761 loco
667 733 677 749 ²
693 741 700 760 :
717 743 730 760 α
743 733 836 761 Nolite
851 732 943 761 confi—

163 781 232 809 dere
247 781 278 809 in
292 780 487 817 principibus,
503 779 535 808 in
554 779 622 808 filiis
636 780 804 815 hominum,
829 780 860 807 in
879 779 943 820 qui-

162 829 219 857 bus
232 836 294 856 non
310 830 352 856 est
374 827 463 856 salus.
485 837 499 854 »
516 827 562 855 Sic
583 835 655 863 ergo
674 828 794 856 Sanctus
815 827 867 855 iste
887 826 944 855 fuit

161 877 205 903 vir
218 883 271 912 per
285 877 396 903 rectam
411 874 633 903 ordinationem
647 874 687 902 ad
700 875 801 902 Deum.

197 922 344 958 Secundo,
360 921 414 950 fuit
428 924 472 950 vir
491 922 658 950 secundum
671 923 784 950 rectum
805 921 943 949 ordinem

162 970 202 998 ad
217 969 347 1006 seipsum
359 978 368 1005 3
385 971 413 998 et
426 969 483 997 hoc
498 969 750 1006 quadrupliciter:
767 968 876 1005 primo,
890 977 944 1005 per

162 1025 267 1045 veram
291 1017 503 1052 innocentiam,
525 1025 617 1053 quam
637 1016 780 1052 servavit3
799 1015 942 1050 secundo,

161 1072 215 1100 per
230 1071 332 1092 veram
355 1064 579 1099 continentiam,
597 1072 658 1100 qua
676 1063 778 1099 gulam
792 1062 941 1097 sraenavit;

162 1111 257 1143 tertio,
277 1119 331 1147 per
347 1111 525 1147 virginalem
539 1110 730 1144 munditiam,
747 1118 806 1146 qua
821 1117 943 1137 omnem

161 1157 297 1186 illicitum
312 1160 409 1186 actum
429 1157 544 1186 vitavit:
562 1160 668 1194 quarto
683 1166 766 1192 vero,
789 1165 843 1193 per
857 1157 943 1193 spiri-

162 1205 272 1232 tualem
287 1205 428 1240 Iaetitiam,
444 1213 505 1241 qua
519 1205 645 1233 Domino
659 1205 808 1240 J'ubilavit.

198 1251 267 1280 Dico
283 1251 366 1288 quod
382 1252 437 1280 suit
445 1253 489 1279 vir
503 1260 557 1288 per
571 1260 673 1280 veram
686 1252 839 1287 utriusque
850 1251 944 1279 homi-

161 1298 206 1326 nis
220 1298 429 1334 innocentiam,
452 1306 544 1335 quam
564 1298 703 1332 servavit,
725 1300 757 1326 ut
780 1300 854 1326 esset
869 1299 879 1315 ³
895 1298 944 1326 in-

161 1354 271 1374 nocens
300 1346 458 1381 manibus,
488 1348 515 1374 et
537 1346 652 1374 mundo
668 1346 774 1380 corde,
801 1345 852 1381 qui
881 1353 943 1373 non

161 1393 273 1430 accepit
296 1394 326 1421 in
348 1401 428 1421 vano
458 1393 591 1421 animam
621 1401 718 1428 suam,
747 1401 802 1420 nec
832 1393 944 1428 juravit

161 1440 192 1468 in
218 1441 286 1468 dolo
314 1441 453 1477 proximo
480 1449 545 1468 suo.
563 1451 576 1467 ι)
602 1442 635 1468 ln
662 1440 708 1468 his
726 1440 820 1468 tribus
848 1440 943 1468 consi-

161 1487 208 1515 stit
236 1495 306 1515 vera
334 1488 519 1523 innocentia,
545 1487 674 1515 scilicet:
693 1487 717 1514 si
740 1489 807 1514 sunt
830 1487 944 1515 munda

162 1542 269 1570 opera3
297 1535 320 1562 si
339 1535 452 1562 munda
472 1536 540 1562 sunt
561 1534 671 1569 corda,
698 1534 722 1562 si
742 1534 856 1562 munda
877 1536 945 1562 sunt

161 1582 262 1610 verba.
292 1582 366 1616 Quia
390 1590 459 1617 ergo
487 1582 540 1610 iste
564 1583 685 1610 Sanctus
711 1581 765 1609 fuit
793 1582 834 1609 sic
860 1582 944 1609 inuo-

161 1636 241 1664 cens,
255 1629 323 1657 ideo
339 1631 416 1657 totus
430 1629 555 1665 pulcher
570 1629 632 1657 fuit.
650 1631 682 1656 Et
696 1629 829 1664 signatus
845 1629 899 1656 fuit
912 1629 943 1656 in

162 1676 228 1711 Job,
244 1675 281 1704 de
295 1684 355 1712 quo
380 1676 488 1704 dicitur
506 1675 516 1691 t
540 1676 613 1704 «vir
633 1676 771 1712 simpleX,
792 1678 886 1704 rectus
909 1684 943 1704 ac

162 1723 268 1750 timens
283 1724 387 1758 Deum,
403 1726 430 1751 et
443 1724 586 1752 recedens
601 1732 618 1752 a
638 1724 727 1751 malo.
744 1734 757 1750 »
773 1725 805 1751 Et
824 1723 862 1751 de
882 1723 942 1751 Ab-

163 1770 258 1798 salom
274 1770 410 1803 dicitur-⁵,
427 1771 510 1807 quod
530 1781 542 1795 κ
557 1771 588 1799 in
605 1770 688 1799 omni
704 1770 792 1799 Israel
807 1779 867 1798 non
883 1773 945 1798 crat

162 1817 207 1845 vir
222 1817 358 1853 pulchior
368 1818 432 1853 illo,
448 1818 520 1854 quia
534 1826 551 1846 a
565 1818 667 1854 planta
682 1818 768 1854 pedis
788 1826 883 1854 usque
904 1818 943 1845 ad

163 1864 302 1892 verticem
317 1873 379 1892 non
394 1867 455 1893 erat
471 1865 502 1892 in
518 1873 553 1893 eo
569 1865 631 1893 ulla
643 1865 796 1893 macula.»
811 1865 867 1893 Sed
877 1865 943 1900 quis

163 1910 254 1938 hodie
268 1911 352 1939 talis?
367 1912 433 1947 quis
446 1920 507 1940 nou
518 1913 610 1948 turpis
626 1914 653 1940 et
668 1912 764 1940 foedus
774 1914 788 1939 ἰ)
804 1912 861 1940 Sed
874 1920 943 1939 vere

165 1957 361 1994 adimpletum
376 1960 418 1986 est
433 1959 509 1987 illud
524 1961 615 1994 Isaz'oe,
637 1961 739 1987 contra
758 1959 844 1993 illud,
860 1959 944 1995 quod

165 2004 202 2032 de
218 2005 357 2033 Absalom
371 2006 482 2034 dietum
498 2008 540 2034 est
554 2015 643 2043 supra
654 2007 663 2023 ⁶
681 2016 687 2034 :
710 2017 721 2031 α
736 2008 756 2034 Α
772 2006 876 2042 planta
890 2014 943 2041 pe-

165 2051 210 2079 dis
224 2061 318 2089 usque
338 2053 377 2081 ad
402 2054 542 2081 verticem
563 2062 625 2081 non
646 2056 688 2081 est
703 2053 764 2081 ulla
785 2053 894 2081 sanitas
913 2053 944 2080 in

165 2107 211 2133 eo,
224 2109 238 2125 »
256 2099 288 2127 id
313 2102 356 2127 est
378 2100 439 2128 ulla
456 2100 579 2128 virilitas
598 2100 637 2128 ad
657 2100 837 2128 servandam
858 2100 943 2128 inno-

164 2147 291 2176 centiam
313 2148 533 2184 baptismalem.
563 2148 645 2176 Unde
661 2148 768 2175 dicitur
783 2148 866 2184 quod
882 2156 944 2175 non

165 2196 207 2222 est
220 2195 274 2222 vir.
292 2195 414 2223 Servant
433 2195 610 2222 hirundines
625 2195 692 2223 loca
707 2203 761 2223 sua
774 2196 898 2230 munda,
916 2197 944 2223 et

164 2249 245 2277 apeS,
261 2243 288 2269 et
303 2242 410 2269 docent
424 2242 523 2278 pullos
539 2242 644 2278 ejicere
660 2242 696 2270 de
712 2242 790 2269 nidis
803 2244 943 2277 stercora,

164 2291 192 2316 et
206 2288 323 2323 fugiunt
344 2289 444 2316 omnia
467 2290 624 2317 immunda
646 2291 673 2317 et
691 2290 808 2323 foetida;
831 2292 857 2317 et
882 2298 944 2317 non

164 2337 247 2363 curat
260 2336 351 2363 homo
371 2335 482 2363 foedare
503 2344 588 2364 suam
608 2337 817 2371 innocentiam,
835 2338 862 2364 et
883 2345 946 2364 ma-

164 2382 263 2410 culare
278 2382 391 2410 vitam?
406 2383 415 2399 ⁷
440 2393 453 2408 «
464 2384 571 2411 Omnes
594 2383 833 2418 declinaverunt,
856 2383 944 2411 simul

164 2429 280 2457 inutiles·
299 2429 367 2457 facti
387 2431 470 2457 sunt:
494 2438 555 2457 non
575 2433 618 2458 est
637 2431 688 2467 qui
703 2430 790 2459 saciat
808 2431 944 2466 bonum,

163 2485 225 2504 non
242 2478 393 2513 estusque
409 2477 447 2505 ad
463 2485 567 2504 unum.
584 2487 596 2503 ›oe

201 2524 347 2558 Secundo,
363 2523 469 2551 suitvz'r
483 2532 535 2560 per
548 2524 769 2553 continentiam.
781 2527 876 2561 Turpe
891 2527 944 2560 est,

165 2573 197 2598 ut
210 2571 302 2599 homo
330 2573 408 2599 amet
430 2571 544 2606 gulam,
566 2579 620 2607 per
641 2580 732 2607 quam
748 2572 784 2599 de
804 2572 944 2608 paradiso

197 2645 204 2660 ¹
223 2645 288 2669 Paul.
306 2652 388 2677 cxvu,
404 2647 427 2669 9.
441 2660 471 2663 —
485 2646 495 2662 ‘2
510 2646 580 2670 Psal.
596 2651 672 2676 cuv,
687 2647 710 2670 2.
724 2660 750 2663 Ἀ
762 2646 773 2662 3
789 2647 855 2671 Psal.
868 2654 945 2678 xxm,

167 2681 444 2711 4.—-²J0b,1‚1‚—
462 2683 471 2698 ⁵
489 2682 661 2712 11Re9.,x1v‚
676 2683 715 2705 95.
732 2696 761 2699 —
778 2683 786 2696 (ἶ
806 2683 864 2711 lea¹¹
885 2690 902 2712 ι,
921 2685 943 2706 G.

167 2730 195 2734 —-
212 2717 218 2731 7
236 2716 303 2741 Psal.
324 2723 388 2747 xm,
412 2720 433 2741 3,
451 2731 480 2735 -
501 2717 510 2733 ⁸
526 2718 615 2747 Ecclzss,
632 2719 837 2748 xxxx·11,=12.—
855 2720 864 2734 ¹³
886 2720 945 2749 1511„

1744 242 1783 272 63

998 306 1108 343 ejectus
1133 310 1186 336 est.
1211 308 1358 345 Scriptum
1381 309 1423 336 est
1445 307 1525 336 enim
1539 308 1550 325 ⁸
1569 316 1575 336 :
1594 317 1609 333 «
1623 307 1696 336 Cum
1717 307 1782 336 viro

997 354 1138 390 religioso
1162 357 1253 384 tracta
1279 355 1316 384 de
1337 354 1484 392 justitia.»
1507 356 1546 382 De
1566 362 1626 391 qua
1643 354 1782 390 justitia?

997 402 1036 429 De
1050 409 1094 437 ea,
1111 411 1176 439 qum
1185 405 1228 431 est
1241 402 1318 439 gulae
1329 402 1473 439 punitiva,
1486 401 1664 430 subtrahens
1679 409 1781 438 super-

998 448 1070 483 flua,
1081 449 1200 478 tradens
1211 450 1236 479 ei
1249 450 1351 479 omnia
1361 448 1537 478 necessaria.
1548 449 1558 466 ⁹
1571 459 1586 476 α
1594 448 1716 477 Vocabit
1728 449 1782 477 Do-

997 495 1096 524 minus
1111 497 1186 525 Deus
1208 497 1392 526 exercituum
1415 497 1446 525 in
1468 496 1517 525 die
1539 496 1592 525 illa
1613 496 1653 525 ad
1667 496 1781 531 fletum,

998 543 1079 571 etad
1093 543 1257 580 planctum,
1281 545 1320 573 ad
1342 544 1506 578 calvitium,
1529 545 1557 572 et
1574 543 1613 572 ad
1628 543 1782 579 cingulum

998 591 1074 618 sacci
1091 600 1097 618 :
1115 593 1144 619 et
1159 599 1227 619 ecce
1243 591 1407 627 gaudium,
1422 593 1450 620 et
1463 591 1573 625 laetitia,
1594 590 1729 618 occidere
1744 589 1784 617 vi—

999 637 1087 673 tulos,
1103 639 1132 666 et
1148 638 1288 674 jugulare
1307 639 1424 674 arietes,
1441 638 1599 666 comedere
1615 645 1729 670 carnes,
1755 640 1784 665 et

997 684 1102 712 bibere
1119 685 1233 713 vinum.
1245 686 1266 703 ¹⁰
1278 687 1324 713 vae
1336 685 1386 721 qui
1397 687 1530 722 potentes
1544 685 1612 713 estis
1627 685 1666 713 ad
1680 685 1784 713 biben-

998 731 1072 760 dum
1086 733 1202 767 vinum,
1213 734 1241 760 et
1253 733 1307 761 viri
1319 732 1409 760 fortes
1424 732 1463 760 ad
1473 733 1648 761 sectandum
1660 732 1785 760 ebrieta-

998 780 1072 807 tem!
1082 790 1095 806 »
1106 781 1127 808 O
1137 782 1247 816 quanta
1257 780 1337 808 mala
1346 779 1517 808 ebrietatem
1526 782 1701 816 sequuntur,
1711 780 1783 808 dum

998 827 1072 855 ratio
1081 827 1272 860 subvertitur,
1283 827 1357 855 dum
1366 829 1476 855 secreta
1488 827 1591 855 omnia
1600 827 1780 861 revelantur,

999 873 1072 902 dum
1094 874 1199 902 omnia
1222 875 1320 911 turpia
1340 875 1584 910 committuntur,
1607 874 1680 902 dum
1703 874 1784 909 rixae,

999 922 1027 948 et
1043 929 1120 957 saepe
1133 921 1298 950 homicidia
1311 924 1488 957 generantur
1502 923 1508 949 1
1524 921 1606 949 Unde
1623 921 1729 949 dicitur
1739 925 1757 942 ¹¹
1775 930 1782 948 :

1001 978 1014 994 (ι
1029 968 1081 996 Cui
1095 968 1164 996 irae‘?
1179 968 1227 996 cui
1242 969 1334 997 rixoe?
1347 969 1394 997 cui
1409 969 1525 997 foveae?
1546 969 1592 997 cui
1608 969 1670 997 sine
1694 976 1784 996 causa

998 1015 1147 1043 vulnera?
1163 1016 1211 1043 cui
1232 1016 1369 1044 suffossio
1390 1016 1549 1045 oculorum
1561 1018 1575 1044 ἱ)
1602 1018 1704 1044 Nonne
1720 1015 1782 1051 his,

999 1062 1051 1098 qui
1066 1064 1219 1090 morantur
1234 1063 1265 1090 in
1280 1063 1361 1098 vino,
1378 1065 1405 1091 et
1416 1063 1537 1091 student
1550 1063 1693 1092 calicibus
1709 1071 1781 1099 epo-

999 1110 1120 1138 tandis?
1141 1111 1205 1138 Non
1226 1109 1263 1146 (a)
1279 1120 1292 1136 n
1321 1118 1405 1146 ergo,
1432 1113 1486 1138 etc.
1512 1113 1585 1140 Nam
1610 1118 1672 1138 non
1697 1110 1783 1138 multi

999 1158 1067 1184 sunt
1081 1157 1162 1192 anni,
1179 1166 1247 1185 cum
1258 1159 1334 1185 esset
1345 1157 1376 1185 in
1390 1159 1483 1185 Roma
1496 1166 1598 1186 servus
1613 1159 1641 1185 in
1653 1157 1722 1186 aula
1734 1165 1784 1185 cu-

996 1204 1117 1239 jusdam
1137 1204 1248 1238 militis,
1264 1204 1338 1232 dum
1353 1213 1421 1232 cum
1436 1205 1535 1232 multis
1551 1205 1615 1233 aliis
1630 1204 1782 1241 probaret,

1000 1251 1066 1287 quis
1081 1251 1181 1287 plures
1197 1251 1312 1280 biberet
1327 1252 1442 1286 calices,
1460 1255 1573 1288 septem
1592 1253 1635 1288 (ut
1650 1252 1785 1280 ferebant

1000 1299 1051 1334 qui
1064 1299 1197 1334 aderant)
1209 1299 1316 1326 calices
1328 1299 1442 1335 potavit
1454 1309 1460 1326 :
1477 1307 1606 1336 cumque
1617 1301 1702 1327 nocte
1715 1307 1784 1326 cum

1002 1354 1096 1382 porco
1112 1347 1447 1382 amplexatusjacuisset
1462 1347 1493 1374 in
1504 1346 1637 1382 stabulo,
1649 1346 1784 1382 sequenti

1000 1393 1060 1427 die,
1076 1401 1143 1421 cum
1167 1394 1252 1421 vellet
1271 1393 1368 1422 redire
1381 1394 1419 1422 ad
1431 1394 1565 1430 propria,
1581 1395 1609 1422 et
1625 1402 1693 1421 cum
1709 1395 1784 1421 esset

1000 1440 1031 1468 in
1050 1441 1108 1475 via,
1123 1440 1202 1468 oculi
1217 1441 1281 1476 ejus
1299 1449 1317 1469 a
1332 1441 1426 1478 capite
1441 1441 1630 1470 volaverunt.
1652 1443 1699 1469 Est
1713 1449 1784 1475 ergo

1000 1490 1094 1524 turpe,
1112 1489 1140 1515 et
1154 1488 1384 1524 reprehensione
1408 1488 1545 1524 dignum,
1567 1491 1598 1516 ut
1620 1497 1681 1517 non
1696 1489 1785 1516 absti-

999 1539 1067 1564 neat
1087 1537 1220 1564 humana
1242 1537 1322 1572 gula,
1339 1537 1391 1564 ubi
1415 1539 1537 1564 manent
1560 1537 1648 1564 bruta
1669 1537 1783 1572 jejuna.

1001 1585 1073 1611 Nam
1088 1583 1177 1619 lupus
1194 1586 1237 1611 est
1256 1584 1368 1611 animal
1388 1584 1476 1611 valde
1500 1583 1650 1618 gulosum,
1668 1586 1695 1611 ct
1709 1586 1784 1611 tam-

1001 1630 1053 1658 diu
1068 1630 1177 1658 famem
1193 1633 1307 1667 portat3
1326 1632 1354 1658 et
1368 1631 1392 1658 si
1414 1631 1541 1659 nimium
1558 1632 1657 1666 esurit,
1676 1634 1783 1659 terram

1001 1677 1172 1705 manducat.
1183 1678 1240 1706 Sed
1250 1678 1341 1706 homo
1352 1686 1413 1706 non
1421 1680 1517 1714 potest
1527 1680 1645 1715 portare
1656 1679 1780 1713 famem,

1001 1727 1028 1752 et
1042 1724 1216 1759 famescens,
1240 1733 1301 1753 non
1317 1727 1359 1753 est
1374 1727 1529 1753 contentus
1550 1734 1638 1761 pane,
1663 1726 1716 1754 sed
1740 1727 1784 1754 di-

999 1780 1086 1800 versa
1104 1772 1216 1800 fercula
1235 1773 1299 1801 vult
1320 1773 1442 1801 habere.
1466 1773 1586 1801 Nullum
1607 1776 1648 1801 est
1674 1774 1785 1802 animal

1000 1819 1039 1847 ita
1052 1819 1202 1855 gulosum,
1220 1820 1304 1856 quod
1326 1829 1387 1848 non
1402 1821 1438 1848 sit
1453 1822 1625 1848 contentum
1644 1829 1704 1849 uno
1728 1822 1785 1849 fer-

1001 1867 1069 1894 culo
1085 1867 1231 1902 carnium,
1248 1875 1302 1895 nec
1317 1869 1417 1895 tamen
1428 1870 1594 1903 coctarum,
1611 1868 1663 1896 sed
1679 1869 1783 1903 homo,

1001 1913 1048 1940 cui
1078 1913 1202 1941 donavit
1228 1916 1334 1942 natura
1356 1923 1389 1942 os
1414 1923 1560 1951 parvum,
1589 1916 1701 1951 appetit
1729 1915 1785 1943 fer-

1001 1961 1112 1995 culum,
1129 1964 1157 1988 et
1172 1961 1328 1989 ferculum.

1036 2008 1151 2042 Tertio,
1176 2008 1230 2036 fuit
1253 2011 1296 2036 νίν
1319 2017 1372 2044 per
1396 2009 1574 2044 virginalem
1599 2010 1783 2046 pudicitiam.

1000 2055 1086 2083 Nulla
1101 2057 1197 2091 major
1215 2055 1348 2090 virilitas,
1373 2065 1464 2092 quam
1487 2057 1510 2084 si
1532 2057 1625 2086 homo
1648 2059 1786 2094 eoncupi-

1001 2103 1125 2131 scentias
1146 2103 1279 2131 carnales
1304 2104 1409 2138 vincat,
1437 2106 1464 2131 et
1489 2105 1627 2132 continue
1662 2105 1785 2133 fraenum

1001 2153 1083 2180 carni
1098 2155 1201 2189 ponat.
1223 2154 1254 2180 ln
1270 2153 1352 2187 cujus
1368 2153 1465 2188 figura
1480 2155 1600 2181 Actuztm
1616 2155 1634 2171 ¹2
1653 2164 1659 2182 :
1685 2165 1698 2181 «
1713 2156 1785 2183 Cum

1002 2200 1140 2236 discipuli
1168 2200 1350 2227 intuerentur
1379 2200 1386 2235 (
1400 2200 1574 2236 Dominum)
1616 2201 1647 2229 in
1677 2203 1785 2230 coelum

1001 2248 1220 2283 ascendentem,
1238 2248 1298 2275 duo
1322 2248 1377 2275 viri
1402 2250 1542 2277 steterunt
1561 2250 1646 2284 juxta
1667 2250 1735 2277 illos
1756 2251 1786 2277 in

1001 2295 1132 2323 vestibus
1148 2295 1234 2322 albis.
1252 2306 1264 2321 n
1284 2295 1360 2328 Quid
1374 2304 1426 2331 per
1441 2297 1616 2325 vestimenta
1631 2297 1711 2332 alba,
1729 2298 1784 2325 nisi

1002 2342 1182 2369 continentia
1205 2342 1350 2377 figuratur
1361 2344 1374 2369 ⁸?
1402 2343 1491 2370 Color
1519 2344 1606 2371 albus
1632 2344 1786 2379 virginalis

1002 2389 1155 2416 munditiae
1170 2391 1211 2416 est
1227 2389 1439 2424 significativus
1457 2399 1463 2417 z
1481 2390 1566 2426 quia,
1592 2391 1665 2418 sicut
1686 2391 1786 2418 nullus

1003 2436 1086 2464 color
1106 2436 1228 2472 picturis
1247 2437 1419 2472 apponitur,
1443 2438 1490 2464 cui
1512 2446 1572 2465 non
1595 2438 1703 2466 albedo
1719 2439 1786 2466 sub-

1002 2485 1157 2518 sternatur,
1175 2483 1216 2511 sic
1232 2484 1316 2511 nulla
1338 2484 1430 2512 virtus
1446 2485 1571 2512 habetur
1588 2485 1722 2520 omnino,
1739 2486 1785 2513 cui

1003 2539 1063 2558 non
1079 2531 1183 2559 saltem
1204 2531 1369 2566 conjugalis
1394 2531 1575 2559 continentia
1597 2532 1783 2568 supponitur.

1003 2636 1072 2660 xm,
1096 2632 1177 2654 {aaa
1202 2643 1232 2647 -
1255 2632 1274 2647 l0
1299 2630 1373 2659 thim,
1399 2637 1421 2661 v,
1443 2633 1480 2656 ἓν.

1003 2668 1086 2690 29-31.
1108 2680 1133 2683 —
1155 2667 1170 2680 ¹2
1192 2667 1255 2693 Aet„
1274 2673 1292 2696 ι,
1313 2668 1349 2690 10.

1038 2721 1070 2749 ta)
1093 2720 1162 2751 i'uly-
1180 2728 1221 2750 uc,
1238 2721 1330 2744 sctlscwl
1348 2720 1467 2744 intucaris
1484 2721 1579 2746 viuum·

1504 2645 1534 2648 —
1560 2632 1580 2649 ¹¹
1603 2634 1684 2662 Proin,
1710 2638 1795 2662 xxiii,-

1828 1588 1905 1608 Exam-

1798 1619 1867 1646 plum.
