2029 3052
485 255 735 290 PSAL'rEnlUM
759 252 884 286 MAJUS
907 250 1048 283 BEATAE
1072 249 1210 281 MAmAE
1233 245 1419 279 VlRGlNlS.
1694 248 1747 278 20¹

185 327 307 364 Spiritus
318 326 397 355 enim
412 328 477 354 tuus
487 333 575 362 super
585 324 643 353 mel
659 322 752 352 dulcis
766 331 773 350 ι
791 323 818 350 et
831 321 920 349 heere-

151 374 226 403 ditas
241 381 330 412 super
343 372 403 402 mel
417 374 446 402 et
459 372 569 401 favum.
589 370 687 400 Gloria
699 368 785 404 Patri,
801 369 855 396 etc.

450 453 574 481 Psimus
591 452 618 480 ss.

188 515 322 552 Domina,
336 521 373 543 ne
388 513 419 542 in
433 513 531 542 furore
552 512 601 540 Dei
620 511 698 539 sinas
721 509 829 546 corripi
852 515 899 536 me
917 516 922 534 :

153 570 250 600 neque
264 562 294 590 in
308 561 352 590 ira
367 561 429 597 ejus
441 559 578 596 judicari.

189 611 307 646 Propter
320 608 465 636 honorem
485 605 612 635 nominis
627 604 678 639 tui,
696 603 819 632 Domina
834 611 839 630 :
858 609 925 638 pro-

153 657 271 693 pitietur
285 655 371 684 nobis
386 654 495 682 fructus
509 651 631 688 gloriosi
647 650 754 679 ventris
766 649 817 678 tui.

191 705 229 731 De
248 704 333 739 porta
361 700 456 734 inferi,
477 701 505 727 et
531 699 567 726 dc
597 699 696 726 ventre
719 696 819 733 abyssi
840 705 846 723 ε
871 695 926 723 tuis

154 750 261 779 sanctis
274 748 411 785 precibus
423 746 517 775 libera
532 754 596 774 nos.

190 795 363 833 Aperiantur
376 794 462 822 nobis
474 794 572 829 Januoe
583 791 767 827 sempiternae
781 799 787 818 :
799 791 831 818 ut
843 796 926 817 enar-

152 851 251 872 remus
265 842 296 870 in
311 843 452 870 aeternum
466 839 615 868 mirabilia
630 841 689 867 tua.

188 889 261 924 Quia
275 896 336 917 non
350 887 469 922 mortui,
484 894 581 922 neque
597 885 647 922 qui
670 885 699 912 in
720 884 834 912 inferno
849 884 926 917 sunt,

154 936 322 965 laudabunt
336 937 375 969 te,
392 933 532 962 Domina:
547 932 598 961 sed
611 931 662 968 qui
675 933 726 959 tua
735 930 828 966 gratia
838 930 928 957 vitam

152 985 291 1012 aeternam
305 981 488 1011 obtinebunt.
505 978 602 1008 Gloria
617 978 701 1013 Patri,
718 979 772 1006 etc.

455 1063 579 1090 Psmuus
599 1063 625 1088 7.

192 1122 315 1151 Domina
328 1130 406 1156 mea,
421 1122 452 1149 in
466 1123 493 1149 te
509 1120 624 1157 speravi
642 1129 648 1148 :
665 1120 702 1148 de
716 1119 841 1147 inimicis
857 1118 930 1146 meis

155 1170 250 1198 libera
264 1177 321 1204 me,
337 1169 470 1197 Domina.

190 1215 339 1245 conclude
364 1223 416 1243 ora
437 1215 531 1243 leonis
557 1216 583 1242 et
610 1214 710 1242 dentes
734 1213 815 1248 ejus:
850 1212 930 1240 labia

154 1262 392 1300 persequentium
407 1261 584 1296 constringe.

190 1311 254 1338 Non
275 1308 398 1337 moreris
420 1310 541 1344 propter
564 1314 673 1335 nomen
698 1308 782 1334 tuum
807 1315 813 1333 x
835 1305 930 1333 facere

155 1356 242 1384 nobis
257 1355 490 1384 misericordiam
505 1356 597 1382 tuam.

191 1403 336 1438 Splendor
350 1402 447 1430 vultus
465 1401 507 1429 tui
520 1401 631 1436 fulgeat
645 1408 733 1436 super
748 1407 818 1427 nos:
831 1400 863 1426 ut
874 1406 932 1426 scr-

156 1451 239 1477 vetur
253 1448 430 1476 conscientia
444 1449 544 1475 nostra
560 1447 641 1483 apud
653 1446 841 1474 Altissimum.

193 1494 219 1522 Si
233 1495 426 1529 persequatur
444 1492 581 1519 inimicus
601 1491 730 1518 animani
752 1498 860 1525 meam,
878 1492 933 1518 Do-

157 1539 248 1573 mina,
265 1537 413 1573 adjutorio
434 1538 484 1564 tuo
507 1536 653 1564 consorter
674 1544 680 1562 :
702 1543 739 1562 ne
759 1535 854 1563 vibret
871 1535 934 1570 glu-

158 1585 242 1613 dium
257 1592 344 1612 suum
363 1586 466 1612 contra
480 1591 538 1610 me.
556 1582 654 1610 Gloria
668 1582 754 1616 Patri,
770 1583 825 1609 etc.

460 1664 586 1690 Psuuus
605 1663 631 1690 8.

197 1725 330 1760 Domina,
347 1723 487 1752 Dominus
499 1725 598 1750 noster
612 1722 705 1750 factus
723 1722 766 1750 est
778 1721 865 1750 frater
881 1729 935 1749 no-

161 1774 218 1800 ster
232 1782 238 1800 :
256 1774 284 1799 et
297 1772 430 1799 Salvator
445 1771 553 1798 noster.

198 1821 230 1846 Ut
245 1818 321 1854 ignis
339 1818 368 1845 in
385 1817 473 1851 rubo,
490 1819 517 1844 et
530 1825 580 1844 ros
594 1816 625 1843 in
639 1816 746 1844 vellere
762 1824 768 1842 :
785 1814 938 1843 descendit

163 1866 193 1893 in
208 1867 233 1892 te
248 1867 389 1893 aeternum
404 1864 534 1891 Verbum
550 1864 608 1890 Dei.

198 1911 305 1947 Spiritu
327 1911 428 1937 sancto
451 1909 637 1937 fcecundante
655 1908 866 1936 :obumbravit
886 1908 939 1936 tibi

163 1959 255 1986 virtus
268 1957 415 1985 Altissimi.

200 2005 372 2034 Benedictus
396 2004 431 2031 sit
449 2003 660 2031 mundissimus
675 2005 834 2040 conceptus
850 2005 914 2030 tuus
932 2011 939 2029 ε

163 2051 336 2081 benedictus
351 2052 386 2079 sit
401 2053 503 2087 partus
518 2052 585 2077 tuus
601 2050 761 2085 virgineus.

200 2100 354 2128 Benedicta
370 2099 405 2127 sit
420 2099 566 2127 munditia
581 2098 676 2126 carnis
692 2100 747 2126 tuae
764 2107 770 2125 :
787 2097 943 2126 benedicta

165 2147 200 2174 sit
221 2146 347 2174 dulcedo
369 2145 576 2173 misericordiae
595 2145 693 2173 cordis
710 2145 760 2172 tui.
781 2144 878 2172 Gloria
894 2146 942 2172 Pa-

166 2193 212 2229 tri,
232 2195 285 2221 etc.

467 2262 592 2289 Pstmus
612 2262 637 2289 9.

203 2333 370 2362 Confitebor
386 2333 450 2366 tibi,
466 2332 601 2366 Domina,
618 2332 647 2359 in
662 2334 722 2360 toto
742 2332 831 2360 corde
850 2340 917 2360 meo
935 2342 941 2360 z

169 2383 196 2409 et
210 2381 340 2408 narrabo
356 2380 385 2407 in
400 2379 520 2415 populis
536 2379 656 2406 laudem
669 2381 695 2406 ct
708 2379 833 2414 gloriam
851 2381 941 2407 tuam.

204 2427 265 2455 Tibi
280 2427 359 2455 enim
375 2426 499 2454 debetur
513 2425 619 2460 gloria,
631 2427 658 2452 et
671 2426 831 2460 gratiarum
846 2427 940 2454 actio:

171 2476 199 2502 et
210 2482 267 2502 vox
281 2473 388 2501 laudis.

208 2520 356 2548 Invenient
380 2519 505 2555 gratiam
524 2520 692 2554 peccatores
720 2519 800 2554 apud
829 2521 919 2546 Deum
936 2528 942 2546 ;

172 2574 224 2602 per
238 2569 264 2594 te
279 2566 468 2593 inventricem
483 2565 582 2600 gratiae
598 2567 624 2592 et
637 2564 747 2592 salutis.

210 2613 359 2648 Respirent
374 2613 412 2640 ad
427 2612 641 2647 indulgentiam
661 2611 787 2638 humiles
801 2611 944 2647 poenitcn-

174 2661 216 2686 tes
231 2667 238 2686 :
254 2667 325 2686 sana
337 2659 525 2687 contritiones
542 2658 639 2685 cordis
654 2666 766 2686 eorum.

211 2708 241 2734 ln
260 2705 476 2741 pulchritudine
501 2706 592 2741 pacis,
614 2707 641 2732 et
665 2705 765 2741 requie
783 2705 922 2741 opulenta
939 2715 944 2732 :

978 317 1091 346 cibabis
1116 325 1170 345 nos
1192 317 1260 353 post
1280 315 1415 344 laborem
1437 312 1682 351 peregrinationis
1698 321 1754 343 no-

978 366 1052 393 stroe.
1069 364 1178 399 Gloria,
1195 366 1248 391 etc.

1275 442 1398 469 Peninus
1418 440 1459 468 10.

1016 506 1045 532 ln
1063 503 1186 531 uomina
1201 503 1320 531 confido
1338 512 1344 531 :
1364 504 1485 539 propter
1500 501 1689 530 dulcedinem
1703 501 1756 529 mi-

979 550 1146 578 sericordiae
1160 550 1288 578 nominis
1303 550 1357 577 sui.

1016 597 1096 625 Oculi
1112 597 1175 632 ejus
1190 597 1219 624 in
1233 603 1396 632 pauperem
1411 595 1572 632 respiciunt
1587 604 1595 622 ε
1611 598 1638 623 ct
1652 603 1757 623 manus

981 644 1043 680 ejus
1058 644 1095 671 ad
1111 643 1258 679 pupillum
1273 644 1301 670 et
1315 642 1437 669 viduam
1453 644 1520 670 sunt
1535 643 1666 670 extcnlae.

1017 691 1164 726 Exquirite
1180 690 1261 717 illam
1277 698 1293 717 a
1310 689 1461 724 juventute
1478 691 1572 717 vestra
1589 699 1595 717 ε
1613 689 1759 725 glorifica-

982 738 1024 766 bit
1038 746 1091 765 vos
1107 739 1172 765 ante
1187 737 1293 764 faciem
1308 736 1501 772 populorum.

1018 784 1216 814 Misericordia
1236 784 1313 811 illius
1333 784 1503 811 nostrorum
1527 782 1640 810 auferat
1660 782 1759 810 multi-

981 831 1114 860 tudinem
1138 832 1328 867 peccatorum
1348 840 1355 857 :
1382 832 1410 858 ct
1428 829 1648 857 foecunditatem
1673 828 1759 856 nobis

982 878 1112 906 conferat
1128 877 1312 905 meritorum.

1018 925 1147 953 Extende
1169 925 1208 953 ad
1227 932 1282 952 nos
1298 924 1453 952 brachium
1474 926 1568 959 tuum,
1587 923 1674 959 Virgo
1696 923 1760 958 glo-

982 973 1060 1000 riosa
1076 982 1082 1000 z
1099 974 1127 1000 et
1145 979 1181 1000 ne
1197 973 1312 999 avertas
1325 979 1342 999 a
1356 971 1444 999 nobis
1464 970 1629 1006 gloriosum
1645 969 1762 997 vultum

983 1021 1074 1047 tuum.
1089 1018 1196 1054 Gloria,
1213 1020 1267 1046 etc.

1280 1097 1406 1123 Psnuus
1425 1096 1469 1123 11.

1021 1161 1140 1189 Salvum
1162 1167 1209 1187 me
1231 1159 1287 1192 fac,
1313 1160 1400 1187 Mater
1421 1158 1551 1194 pulchrae
1574 1157 1762 1186 dilectionis:

985 1208 1050 1235 sons
1065 1206 1224 1234 clementiae
1242 1208 1269 1233 et
1284 1205 1389 1233 dulcor
1404 1205 1528 1241 pietatis

1022 1255 1131 1290 Gyrum
1144 1255 1225 1280 terrae
1235 1252 1300 1280 sola
1313 1251 1418 1279 circuis
1434 1261 1440 1278 :
1459 1253 1491 1279 ut
1510 1250 1669 1278 subvenias
1681 1250 1764 1278 invo-

987 1300 1122 1328 cantibus
1139 1303 1175 1327 te.

1022 1346 1152 1375 Pulchrfe
1175 1348 1242 1373 sunt
1266 1345 1320 1373 vioe
1343 1347 1398 1372 tuoe
1417 1354 1422 1372 :
1447 1347 1475 1372 ct
1492 1344 1600 1372 scmitae
1615 1345 1670 1371 tuae
1684 1343 1765 1380 paci-

987 1394 1059 1422 ficae,

1025 1442 1053 1468 ln
1070 1443 1096 1468 te
1110 1440 1234 1475 refulget
1248 1439 1360 1475 species
1374 1438 1512 1466 castitatis
1529 1446 1534 1464 :
1561 1437 1663 1465 lumen
1682 1436 1767 1472 jilsti-

989 1489 1045 1522 tiae,
1061 1490 1088 1515 et
1101 1486 1244 1523 splendor
1262 1485 1401 1513 veritatis.

1025 1534 1136 1562 Amicta
1150 1533 1238 1561 solari
1252 1533 1363 1560 lumine
1379 1532 1454 1558 sicut
1471 1531 1642 1558 vestimento
1663 1539 1669 1557 ε
1692 1530 1767 1557 (1υο-

991 1581 1088 1609 decim
1107 1580 1257 1608 stellarum
1279 1587 1390 1607 corona
1404 1578 1527 1606 rutilans
1542 1577 1678 1605 radianti.
1702 1577 1769 1605 Glo-

990 1628 1034 1656 ria
1049 1627 1134 1662 Patri,
1151 1629 1204 1654 etc.

1286 1703 1410 1729 PsALuus
1429 1702 1473 1728 102.

1029 1771 1197 1804 usquequo,
1223 1767 1356 1801 Domina,
1379 1765 1562 1794 oblivisceris
1582 1772 1628 1792 me
1647 1773 1653 1791 z
1669 1766 1696 1791 et
1710 1771 1771 1791 non

992 1816 1100 1843 liberas
1116 1823 1162 1842 me
1178 1815 1207 1841 in
1223 1814 1270 1842 die
1284 1813 1482 1841 tribulationis
1492 1814 1506 1840 *ἶ

1029 1864 1187 1897 Usquequo
1211 1860 1387 1888 exaltabitur
1413 1859 1548 1886 inimicus
1575 1866 1660 1885 meus
1683 1864 1771 1892 super

995 1909 1062 1936 me‘?
1077 1908 1208 1944 potentia
1223 1907 1336 1934 virtutis
1351 1909 1406 1933 tuae
1422 1907 1539 1933 contere
1554 1905 1660 1940 ipsum.

1032 1955 1118 1991 Aperi
1133 1955 1236 1982 oculos
1254 1953 1463 1981 misericordiae
1486 1954 1542 1979 tuae
1559 1961 1564 1978 :
1581 1959 1617 1978 ne
1638 1950 1773 1977 inimicus

997 2005 1094 2030 noster
1110 2002 1251 2029 adversus
1265 2008 1320 2028 nos
1332 1999 1500 2035 praevaleat.

1032 2048 1254 2083 Magnificamus
1283 2049 1309 2074 te
1338 2046 1438 2081 gratiae
1468 2044 1659 2072 inventricem
1685 2052 1691 2070 ;
1721 2051 1774 2078 per

998 2104 1089 2132 quam
1110 2094 1216 2122 saecula
1237 2095 1422 2128 reparantur.

1034 2142 1164 2170 Exaltata
1179 2149 1268 2176 super
1284 2140 1389 2167 choros
1406 2138 1599 2174 angelorum:
1616 2139 1681 2165 ante
1695 2137 1775 2164 thro-

999 2197 1070 2217 num
1086 2189 1133 2217 Dei
1149 2196 1201 2216 ora
1215 2195 1270 2223 pro
1286 2187 1383 2214 nobis.
1400 2186 1497 2214 Gloria
1512 2185 1598 2218 Patri,
1614 2186 1667 2212 etc.

1295 2274 1417 2294 rsumus
1434 2267 1476 2293 13.

1037 2330 1110 2357 Dixit
1130 2329 1270 2365 insipiens
1296 2327 1480 2356 adversarius
1504 2327 1601 2353 noster
1628 2325 1657 2352 in
1685 2324 1775 2351 corde

1000 2386 1075 2405 suo:
1099 2378 1257 2411 Persequar
1278 2377 1305 2402 et
1328 2373 1592 2409 comprehendam,
1612 2374 1639 2399 et
1664 2371 1774 2398 interfi-

1001 2425 1054 2451 ciet
1068 2431 1137 2451 eum
1151 2430 1256 2450 manus
1273 2429 1349 2448 mea.

1037 2472 1160 2504 Exurge,
1173 2468 1306 2501 Domina,
1317 2470 1344 2494 et
1353 2466 1481 2503 praeveni
1492 2474 1570 2498 eum,
1582 2466 1609 2492 et
1619 2464 1777 2500 supplanta

1002 2525 1070 2545 eum
1087 2526 1092 2543 2
1110 2517 1225 2543 destrue
1242 2523 1343 2542 omnes
1359 2515 1480 2541 conatus
1495 2512 1584 2539 illius.

1038 2565 1127 2591 Tuam
1142 2560 1393 2598 pulchritudinem
1409 2559 1455 2586 Sol
1478 2560 1505 2586 et
1518 2560 1597 2585 Luna
1615 2557 1772 2584 mirantur:

1003 2611 1055 2638 tibi
1071 2609 1211 2644 angelicae
1226 2609 1382 2644 potestates
1397 2605 1528 2633 serviunt
1543 2607 1570 2632 et
1585 2604 1775 2632 famulantur.

1038 2659 1098 2685 Tuo
1119 2658 1197 2683 tactu
1218 2654 1368 2683 lenissimo
1394 2654 1534 2679 sanantur
1562 2651 1694 2679 infirmi:
1727 2652 1777 2677 tuo

1005 2704 1097 2732 odore
1113 2711 1198 2731 roseo
1214 2701 1321 2730 mortui
1338 2700 1525 2728 reviviscunt
