2029 3052
133 257 194 288 270

130 331 195 352 rem
208 323 311 361 utique
330 323 362 353 in
380 325 513 361 gloriosa
526 326 658 363 corporis
677 326 910 363 pulchritudine,

129 369 259 400 fructum
273 372 389 401 veroin
397 373 580 410 voluptuosa
593 373 700 402 animae
713 373 908 403 beatitudine.

129 417 299 446 Notandum
314 419 403 448 etiam
418 421 470 454 est,
491 419 576 456 quod
592 420 758 449 seeundum
777 420 909 458 quadru-

128 463 239 500 plicem
254 465 360 494 florem
374 466 561 503 praedictum,
574 467 662 504 Virgo
676 467 766 496 Maria
780 467 911 504 quadru—

127 510 236 546 plicem
249 512 339 540 simul
352 513 457 542 habuit
469 513 576 542 florem
589 513 777 550 virginitatis,
796 516 825 543 et
833 513 909 543 fruc-

127 558 192 587 tum
206 558 405 588 foecunditatis
413 569 422 596 ;
438 561 527 589 simul
540 561 646 590 habuit
655 561 760 590 florem
773 561 910 590 honesta-

127 604 174 640 tis,
203 607 232 634 et
251 605 380 635 fructum
405 607 579 636 humilitatis
591 617 600 644 ;
629 608 718 637 simul
745 609 851 638 habuit
877 609 908 637 in

126 651 210 687 prole
219 652 326 681 florem
334 653 536 690 humanitatis,
548 657 576 684 et
589 655 719 684 fructum
735 656 906 692 divinitatis3

126 698 215 728 simul
227 699 332 728 habuit
350 700 456 729 florem
469 701 700 731 immortalitatis
719 702 751 731 in
766 710 906 739 corpore,

125 747 154 774 et
166 745 294 774 fructum
311 747 406 776 heatae
420 748 581 785 voluptatis
594 749 626 778 in
640 749 751 778 anima.
775 751 833 778 flos
847 749 905 786 igi-

125 793 173 820 tur
184 793 282 829 flores,
298 794 474 830 charissimi,
489 796 520 823 in
534 796 620 832 virga
632 797 767 833 virginea
788 796 906 832 deliga-

125 847 203 875 muS,
219 842 248 868 et
260 840 329 869 illos
342 849 439 871 novos
459 843 640 878 gaudiorum
655 843 744 872 flores
759 843 798 872 de
816 843 903 872 horto

124 886 259 923 virgineo
280 888 466 924 colligamus,
482 897 558 926 quos
572 889 656 926 vidit,
681 898 758 927 quos
772 890 905 926 collegit,

125 941 203 970 quos
217 934 305 963 nobis
325 935 548 964 commendavit
563 937 592 964 B.
609 937 775 966 Bernardus
793 939 814 972 ¹,
835 945 904 965 cum

125 980 164 1008 ad
179 981 299 1009 Mariam
318 981 446 1018 loquens
461 982 535 1011 dixit
553 993 560 1011 ι
577 985 709 1012 «Hortus
727 983 903 1013 deliciarum

123 1027 211 1055 nobis
237 1030 280 1056 est
302 1030 370 1056 tuus
395 1029 596 1058 sanctissimus
619 1033 729 1066 uterus,
752 1039 770 1060 ο
797 1031 902 1067 Maria,-

124 1073 195 1110 quia
209 1082 245 1102 ex
259 1082 295 1103 eo
311 1075 480 1112 multiplicis
497 1077 599 1112 gaudii
618 1078 707 1106 fiores
721 1078 904 1113 colligimus,

123 1120 240 1156 quoties
250 1121 410 1150 recolimus
420 1126 529 1158 mente,
544 1132 635 1160 quam
645 1132 755 1160 magna
769 1125 904 1153 multitu-

123 1167 164 1195 do
172 1167 339 1197 dulcedinis
349 1169 496 1198 immenso
507 1170 573 1198 orbi
581 1170 651 1199 inde
664 1172 872 1208 profluxerit.»
881 1172 903 1200 Ο

122 1213 211 1249 igitur
221 1214 391 1244 dulcissima
397 1217 485 1252 Virgo
497 1217 595 1253 Maria,
606 1226 674 1246 ecce
685 1226 754 1247 vere
762 1219 903 1247 Dominus

123 1263 230 1297 tecum,
247 1262 321 1290 sicut
335 1263 390 1291 ssos
403 1271 470 1291 cum
487 1264 570 1299 virga
593 1265 691 1301 ipsum
708 1265 901 1301 producente.

124 1309 178 1336 Fac
194 1317 265 1345 ergo
283 1331 291 1345 ,
307 1312 339 1338 ut
352 1310 441 1338 etiam
457 1311 597 1339 Dominus
618 1312 653 1340 sit
678 1320 808 1347 mecum,
839 1313 901 1340 imo

122 1355 290 1391 nobiscum,
305 1359 566 1394 eommunicetque
583 1359 670 1387 nobis
681 1360 785 1387 florem
801 1351 909 1395 istum,=

122 1403 280 1432 Dominum
294 1407 428 1432 nostrum
443 1406 541 1433 lesum
557 1406 711 1434 Christum.
728 1408 832 1435 Amen.

394 1504 530 1534 LECTIO
552 1506 630 1535 XIII.

123 1571 257 1604 Quomodo
273 1573 304 1600 B.
317 1573 410 1600 Μανία
421 1578 592 1609 comparetur
602 1576 712 1610 reyinoe,
723 1576 753 1602 iu
761 1576 900 1611 palatium

347 1624 403 1643 cum
417 1624 478 1652 rcqe
493 1617 670 1651 ingredienti.

158 1688 285 1714 Dominus
312 1690 412 1722 tecum,
440 1696 458 1715 o
488 1689 612 1717 Domina
639 1689 763 1717 Domino
789 1690 899 1717 charis-

119 1732 194 1761 sima
209 1755 218 1768 ,
257 1734 380 1762 Domino
416 1735 656 1763 familiarissima.
699 1737 827 1763 Dominus
864 1740 900 1764 te-

118 1790 178 1809 cum
192 1804 199 1814 ‚
229 1790 246 1810 o
271 1782 395 1811 Domina
429 1783 599 1819 aptissima,
630 1784 754 1812 Domino
786 1785 898 1820 dignis-

118 1829 203 1856 sima.
231 1831 360 1857 Dominus
390 1832 473 1857 tecum
495 1839 500 1857 :
534 1833 630 1858 tecum
665 1834 757 1866 certe,
796 1840 899 1860 secun-

119 1875 191 1903 dum
207 1876 289 1912 quod
314 1885 403 1912 supra
429 1877 540 1905 dictum
571 1880 626 1912 est,
653 1878 727 1906 sicut
758 1878 807 1906 Sol
829 1887 898 1907 cum

117 1931 226 1951 aurora
241 1924 339 1960 ipsum
354 1925 565 1960 praeveniente,
581 1926 655 1953 sicut
667 1926 721 1953 ilos
734 1934 802 1954 cum
814 1927 898 1963 virga

117 1970 213 2006 ipsum
229 1971 420 2007 producente,
430 1973 503 2000 sieut
518 1981 570 2001 rex
587 1982 654 2001 cum
662 1974 764 2009 regina
778 1974 806 2001 in
817 1974 898 2010 pala-

116 2017 188 2044 tium
204 2017 396 2052 ingrediente.
415 2020 481 2047 viso
497 2028 568 2055 ergo
589 2021 744 2056 quomodo
760 2022 847 2049 Maria
862 2021 898 2049 sit

117 2072 225 2092 aurora
240 2065 337 2093 Solem
357 2068 511 2101 aeternum,
533 2067 630 2095 Solem
648 2068 765 2102 justitia»
787 2077 897 2104 praeve-

116 2113 216 2148 niens;
243 2114 305 2141 viso
328 2123 449 2151 quoque
474 2116 628 2151 quomodo
651 2117 739 2145 Maria
760 2118 795 2145 sit
810 2118 897 2153 virga

115 2160 220 2188 florem
230 2164 382 2195 aeternum,
392 2163 495 2190 tlorem
510 2163 717 2191 misericordia¹
727 2165 893 2200 proterens5

114 2208 271 2235 videamus
287 2208 378 2236 modo
396 2209 550 2244 quomodo
572 2210 659 2238 Maria
673 2211 709 2238 sit
732 2211 834 2246 regina
855 2212 893 2239 ad

115 2255 223 2290 Regem
238 2257 399 2289 aetcrnum,
415 2256 452 2283 ad
470 2258 577 2291 Regem
595 2257 695 2293 gloriae
714 2258 891 2293 Ingrediens.

114 2301 203 2329 Maria
214 2309 296 2337 ergo,
308 2302 481 2336 charissimi,
491 2306 533 2331 est
543 2304 643 2339 regina
653 2304 702 2332 illa
713 2305 893 2340 ingrediens,

115 2347 151 2375 de
163 2356 222 2383 qua
238 2347 370 2383 dicitur’,
385 2349 467 2384 quod
482 2350 614 2385 ingressa
624 2354 665 2378 est
678 2352 780 2387 regina
794 2352 894 2380 sabba

114 2394 144 2421 in
165 2394 347 2422 Hierusalem
368 2403 435 2422 cum
456 2396 595 2423 comitatu
622 2397 714 2425 multo
730 2400 758 2425 et
772 2398 892 2426 divitiis.

114 2441 185 2468 Vere
208 2442 310 2476 regina
331 2444 373 2470 est
393 2442 497 2476 Maria,
517 2446 638 2471 testante
663 2447 689 2471 Β.
713 2446 889 2480 Augustino,

114 2488 165 2523 qui
186 2488 225 2516 ait
243 2489 253 2505 ³
271 2498 276 2516 :
295 2499 308 2515 «
321 2490 398 2517 llanc
413 2497 482 2517 vere
500 2490 644 2518 fateamur
658 2492 789 2526 reginam
802 2493 890 2521 coelo—

113 2542 190 2570 rum,
207 2543 261 2571 pro
277 2544 312 2564 eo
336 2537 418 2572 quod
430 2538 539 2572 Regem
553 2538 665 2573 peperit
681 2539 890 2574 angelorum.»

147 2620 152 2635 ¹
169 2619 214 2643 Vel
234 2618 343 2650 lechem„
362 2620 462 2650 Delu-ec.
483 2622 507 2643 el
525 2620 595 2645 laud.
615 2621 650 2644 nd
667 2621 694 2646 1³.
716 2622 741 2645 Γ.
763 2623 810 2650 Μ.,
825 2630 841 2646 n
868 2625 890 2647 4.

114 2667 143 2672 ·—
158 2656 167 2670 ²
187 2655 215 2679 ΙΙΙ
239 2655 306 2685 ltey„
326 2662 356 2686 x,
375 2657 397 2679 1.
413 2669 442 2673 —
464 2656 472 2670 ³
490 2657 524 2679 De
542 2658 637 2687 sance„
658 2664 735 2681 serm.
759 2664 837 2688 xxxv,
858 2659 890 2683 al.

113 2697 191 2713 serm.
208 2697 296 2720 ccxiii,
311 2698 336 2714 u.
350 2693 373 2721 2,
388 2691 412 2715 in
430 2693 547 2722 Appeud.
560 2693 648 2717 tom-V
661 2693 732 2724 Oper.
749 2695 774 2718 S,
793 2696 891 2725 Aug.—

114 2728 121 2740 ⁴
136 2728 218 2757 Proin,
239 2733 298 2756 xxv,
316 2729 377 2751 Ι..-
396 2734 402 2741 -·
418 2728 512 2758 llymu.
530 2728 562 2752 ad
577 2729 675 2758 Matut..
688 2729 714 2753 in
729 2730 794 2754 festo
807 2731 888 2755 Nativ.

566 258 777 292 SPECULUM
796 253 943 292 BEATAE
963 258 1107 294 MARIAE:
1129 259 1317 294 VIRGINIS.

966 327 1025 357 Sed
1039 327 1077 358 de
1090 328 1147 357 hac
1160 329 1266 366 regina
1285 329 1410 358 disserui
1424 329 1457 358 in
1471 337 1610 361 sermone
1625 341 1633 361 ε
1649 333 1751 365 Astrm

965 376 1072 411 regina,
1092 376 1166 412 ete.;
1189 375 1259 405 ideo
1278 384 1359 405 nuno
1375 377 1412 406 de
1428 377 1492 414 eJus
1504 378 1642 415 ingressu
1656 380 1749 410 disse-

964 421 1094 450 rendum
1114 424 1166 451 est.
1195 423 1452 453 Considerandum
1479 427 1525 454 est
1547 434 1641 463 ergo,
1664 427 1750 464 quod

964 469 1087 498 Mariam
1094 469 1321 506 ingredientem,
1329 471 1542 508 egredientem,
1551 473 1749 510 progredien-

964 517 1036 550 tem,
1058 518 1087 544 et
1111 517 1386 553 supergradientem
1410 517 1589 548 invenimus.
1609 522 1748 557 Egressus

965 563 1008 590 est
1021 564 1143 598 naturae,
1157 571 1333 599 progressus
1347 564 1458 600 gratiae,
1472 565 1623 602 ingressus
1633 567 1747 604 gloriae,

964 616 1173 646 supergressus
1197 609 1398 640 abundantiae.
1417 612 1540 648 Egi-essa
1563 615 1607 642 est
1623 622 1746 644 nascen-

965 655 1016 692 do,
1029 664 1187 693 progressa
1213 657 1412 694 proficiendo,
1427 658 1562 696 ingressa
1571 661 1748 698 pervenien-

965 702 1016 738 do,
1047 711 1238 740 supergressa
1271 713 1377 734 omnes
1410 708 1527 735 sanctos
1560 707 1744 738 excedendo.

963 751 1085 786 Egressa
1099 753 1142 780 est
1159 752 1222 780 sine
1245 755 1378 789 peccato,
1392 761 1551 790 progressa
1566 755 1629 784 sine
1643 763 1745 784 exem-

962 797 1025 833 plo,
1040 797 1174 834 ingressa
1192 799 1255 828 sine
1273 799 1440 836 obstaculo,
1466 809 1656 838 supergressa
1682 803 1745 832 sine

962 844 1100 874 termino.

998 893 1096 922 Primo
1118 894 1294 928 considera,
1317 895 1504 931 charissime,
1522 896 1606 933 quod
1629 896 1743 926 inveni-

961 948 1028 969 mus
1038 941 1160 970 Mariam
1175 941 1378 978 egredientem
1393 950 1448 980 per
1463 943 1644 972 nativitatem
1657 951 1743 972 suam

961 987 1024 1016 sine
1037 990 1171 1025 peccato.
1188 990 1253 1025 lpsa
1267 997 1400 1026 namque
1411 991 1508 1026 potest
1517 998 1580 1018 esse
1591 998 1643 1018 vas
1655 989 1743 1025 illud,

961 1035 999 1063 de
1013 1043 1074 1072 quo
1089 1036 1196 1064 dicitur
1209 1037 1219 1054 δ
1235 1045 1242 1064 :
1264 1037 1354 1071 Aufer
1367 1037 1518 1072 rubiginem
1533 1038 1567 1065 de
1581 1040 1702 1072 argento,
1717 1040 1744 1066 et

960 1083 1113 1117 eqredietur
1127 1091 1174 1111 vas
1188 1084 1377 1119 purissimum.
1395 1083 1512 1119 Rubigo
1527 1083 1580 1112 ruit
1592 1083 1690 1113 ablata
1705 1084 1742 1113 de

959 1132 1094 1165 argento,
1121 1131 1240 1166 quando
1265 1130 1304 1158 ab
1334 1130 1473 1166 originali
1505 1133 1624 1167 peccato
1654 1130 1758 1160 Μαι-ἰδ’

959 1176 1140 1204 sanctificata
1154 1176 1207 1204 suit
1223 1177 1252 1204 in
1263 1179 1347 1205 utero
1353 1187 1362 1212 3
1379 1179 1407 1205 et
1422 1180 1498 1206 certe
1509 1177 1550 1206 sic
1561 1186 1678 1214 egressa
1687 1181 1740 1214 est,

958 1225 1103 1260 tanquam
1118 1232 1170 1252 vas
1188 1224 1390 1260 purissimum.
1421 1225 1470 1253 llic
1494 1225 1739 1262 distinguendum

959 1272 1001 1298 est
1018 1279 1070 1298 vas
1084 1279 1205 1307 purum,
1222 1279 1275 1299 vas
1290 1271 1405 1308 purius,
1420 1274 1448 1300 et
1463 1280 1517 1300 vas
1535 1273 1738 1309 purissimum‚

959 1318 1013 1345 Vas
1025 1326 1132 1354 purum
1147 1318 1178 1346 in
1189 1318 1324 1354 ingressu
1337 1319 1401 1353 tuit,
1414 1319 1595 1355 quicumque
1607 1327 1643 1347 ex
1655 1322 1739 1348 utero

957 1365 999 1392 sie
1022 1365 1218 1393 sanctificatus
1238 1366 1390 1402 processit,
1412 1365 1497 1402 quod
1520 1368 1618 1394 tamen
1644 1367 1740 1395 fomes

958 1413 1017 1439 tam
1032 1411 1071 1439 ad
1086 1411 1222 1446 mortale,
1243 1420 1333 1448 quam
1349 1412 1388 1440 ad
1402 1412 1519 1440 veniale
1538 1415 1693 1449 peccatum
1709 1413 1739 1441 iu

956 1457 1022 1494 ipso
1047 1459 1208 1493 remansit,
1235 1458 1310 1486 sicut
1331 1459 1456 1494 quidam
1476 1459 1578 1488 dicunt
1599 1459 1687 1488 tuisse
1707 1460 1737 1488 in

956 1505 1110 1533 Hieremia.
1139 1506 1195 1533 Vas
1219 1507 1317 1533 autem
1341 1506 1445 1542 purius
1466 1506 1496 1534 in
1521 1514 1642 1542 egressu
1667 1506 1736 1542 fuit,
1781 1515 1860 1536 more-

957 1553 1139 1589 quicumque
1155 1562 1190 1581 ex
1206 1555 1290 1582 utero
1305 1553 1346 1581 sic
1368 1553 1568 1582 sanctificatus
1582 1555 1736 1591 processit,
1753 1546 1852 1599 ’,ἓξὲξ

956 1600 1039 1636 quod
1051 1600 1079 1628 in
1092 1600 1156 1636 ipso
1170 1601 1272 1634 someS,
1281 1601 1446 1629 secundum
1457 1601 1538 1637 quod
1550 1601 1686 1630 ductivus
1696 1606 1738 1631 est
1773 1609 1841 1629 Beata
1854 1593 1861 1604 ’

956 1646 994 1674 ad
1008 1647 1144 1675 effectum
1160 1648 1293 1675 mortalis
1308 1648 1433 1684 peccati,
1449 1648 1595 1676 extinctus
1610 1649 1673 1684 suit,
1684 1650 1737 1677 sed
1761 1641 1854 1692 Jv'gffi

956 1693 994 1721 ad
1008 1694 1120 1722 veniale
1132 1695 1282 1729 remamit,
1299 1695 1373 1722 sicut
1388 1695 1418 1722 in
1435 1695 1522 1723 beato
1537 1697 1649 1724 Joanne
1665 1698 1735 1732 Bap-
1773 1703 1838 1723 mode

955 1740 1030 1775 lisia,
1046 1741 1083 1768 de
1099 1749 1160 1777 quo
1175 1742 1253 1769 canIt
1269 1741 1396 1769 Ecclesia
1407 1743 1417 1758 ⁵
1432 1750 1438 1768 :
1455 1743 1496 1770 Ne
1508 1743 1560 1770 leri
1573 1744 1668 1771 saltem
1679 1752 1734 1770 ma·
1764 1733 1853 1785 {222²

954 1789 1044 1815 calare
1062 1790 1145 1815 risam
1169 1790 1273 1822 famine
1291 1792 1389 1824 posset.
1414 1790 1468 1817 Vas
1484 1797 1554 1825 ergo
1570 1789 1599 1817 in
1617 1798 1738 1826 egressu
1768 1798 1836 1817 terno

953 1835 1145 1870 purissimum
1160 1836 1213 1863 suit
1232 1836 1319 1864 beata
1341 1836 1441 1872 Virgo,
1463 1844 1528 1872 quoe
1543 1844 1577 1864 ex
1596 1839 1680 1865 utero
1696 1837 1736 1866 sic
1752 1828 1849 1880 „22³3-

953 1882 1134 1910 sanctiticata
1154 1883 1306 1918 processit,
1323 1883 1406 1919 quod
1422 1883 1451 1910 in
1467 1891 1513 1917 ea,
1536 1886 1567 1912 ut
1582 1884 1713 1912 creditur
1727 1905 1735 1919 ,
1751 1890 1802 1910 outi-

953 1929 1048 1957 fomes
1062 1929 1101 1957 ad
1114 1929 1250 1957 effectum
1275 1931 1334 1958 tam
1350 1930 1495 1964 mortam,
1509 1938 1600 1966 quam
1612 1931 1737 1960 venialis

953 1977 1065 2011 peccati
1078 1984 1138 2004 non
1154 1977 1306 2004 remansit.
1323 1979 1440 2012 Propter
1455 1977 1511 2006 hoc
1524 1979 1552 2006 B.
1571 1978 1737 2006 Bernardus

953 2023 992 2050 ait
1011 2024 1020 2039 θ
1039 2032 1044 2050 :
1066 2034 1078 2049 «
1095 2025 1154 2058 Ego
1178 2026 1261 2059 puto,
1286 2024 1369 2060 quod
1398 2024 1548 2061 copiosior
1564 2024 1734 2053 benedictio

951 2070 1191 2098 sanctificationis
1217 2071 1245 2098 in
1269 2079 1335 2098 eam
1360 2071 1556 2106 descenderit,
1581 2080 1646 2108 quse
1674 2079 1734 2100 non

951 2117 1048 2145 solum
1063 2117 1126 2152 ejus
1147 2120 1244 2145 ortum
1267 2117 1504 2153 sanctificaverit,
1527 2126 1632 2146 verum
1645 2118 1734 2146 etiam

951 2164 1041 2191 vitam
1057 2165 1120 2199 ejus
1140 2164 1279 2200 deinceps
1299 2165 1337 2192 ab
1358 2164 1440 2192 omni
1459 2166 1580 2200 peceato
1603 2165 1734 2194 custodi-

950 2211 991 2238 vit
1012 2211 1048 2247 (u)
1063 2211 1237 2239 immunem.
1253 2223 1266 2237 υ
1285 2211 1388 2239 Ablata
1401 2220 1472 2247 ergo
1486 2212 1623 2246 rubigine
1640 2212 1732 2248 origi-

949 2257 1025 2285 nalis
1033 2258 1154 2293 peccati,
1164 2266 1315 2293 egressum
1325 2260 1410 2286 estex
1425 2261 1508 2287 utero
1518 2267 1570 2286 vas
1580 2267 1690 2295 purum
1702 2260 1731 2286 in

950 2305 1104 2339 Hieremia,
1125 2313 1177 2332 vas
1199 2306 1301 2341 purius
1322 2306 1352 2333 in
1375 2308 1486 2334 Joanuc
1507 2307 1648 2343 Baptista,
1678 2314 1731 2335 vas

948 2351 1140 2387 purissimum
1155 2351 1185 2379 in
1202 2352 1300 2379 Maria.

983 2398 1118 2426 Secundo
1135 2399 1301 2434 considera,
1319 2399 1501 2434 charissime,
1517 2400 1599 2436 quod
1617 2399 1728 2427 inveni·
1773 2405 1849 2439 Gratia

948 2453 1014 2472 mus
1035 2445 1153 2474 Mariam
1175 2446 1415 2481 progredientem
1437 2447 1499 2474 sine
1522 2446 1659 2482 exemplo
1675 2454 1728 2481 per
1742 2435 1848 2491 θίὴζζζῖμ

947 2492 1081 2527 gratiam.
1109 2492 1188 2520 Unde
1211 2493 1240 2520 in
1264 2494 1421 2521 Canticz's7:
1441 2493 1505 2527 011ae
1522 2496 1560 2521 est
1582 2495 1646 2526 ista,
1668 2501 1727 2528 quae
1741 2502 1790 2530 qus
1809 2497 1847 2517 ha-

944 2539 1121 2574 progreditur
1145 2541 1225 2574 quasi
1246 2548 1345 2567 aurora
1371 2548 1542 2575 consurgens,
1560 2540 1676 2575 pulchra
1697 2543 1726 2567 ut
1741 2527 1847 2579 {³3¹ssssss

950 2587 1035 2621 Luna,
1052 2588 1135 2614 electa
1150 2589 1179 2614 ut
1199 2588 1265 2614 Sol?
1284 2587 1331 2614 llis
1353 2587 1446 2615 tribus
1459 2587 1625 2622 luminosis,
1641 2587 1723 2616 vide—
1740 2591 1769 2610 ¹³·

947 2654 972 2677 S.
983 2654 1056 2678 Joauv
1073 2654 1154 2684 Ilapt„
1168 2656 1226 2677 ante
1242 2654 1491 2678 emendationem—
1507 2655 1517 2671 ὅ
1531 2656 1616 2686 Rern„
1629 2655 1662 2679 ati
1674 2656 1725 2680 Ca-

946 2690 1026 2714 nom'c.
1047 2689 1134 2720 Luqd„
1151 2690 1223 2720 epist.
1240 2695 1346 2720 CLXXIV,
1364 2697 1390 2714 n.
1408 2691 1431 2714 5.
1450 2704 1476 2708 —
1493 2691 1503 2707 ⁷
1517 2690 1602 2722 Cant„
1618 2697 1652 2721 vi,
1668 2693 1691 2715 9.

979 2732 1012 2761 (a)
1030 2731 1104 2763 Apin!
1118 2732 1190 2755 Ber-n.
1208 2731 1423 2757 Suiictiticaret....
1440 2733 1589 2758 custodiret.
