2029 3052
624 182 781 216 CONTRA
801 181 1039 215 MAGISTRUM
1061 183 1306 218 GUILELMUM.

163 251 310 282 mentum
333 249 479 282 sublime.
505 249 786 282 Primum-suadet
807 252 936 289 natura,

163 305 341 337 secundum
365 304 541 345 Scriptura,
566 304 697 336 tertium
721 304 836 344 gratia.
865 303 938 335 Pri-

162 367 265 397 mum,
275 358 418 399 iuquam,
427 359 475 389 est
483 357 654 389 consilium
664 357 850 399 principale,
861 357 938 399 quia

161 413 248 444 viam
269 412 391 454 praebet
411 411 451 443 ad
473 411 545 443 alia.
567 411 647 444 Nam
669 411 838 444 abundans
857 421 938 453 pau-

160 468 266 507 pertas
279 465 419 506 disponit
431 465 470 497 ad
483 465 586 496 carnis
599 465 890 505 mortificationem,
906 467 937 497 et

160 520 198 551 ad
214 519 388 552 voluntatis
402 519 540 560 propriae
559 519 731 560 perfectam
747 519 938 559 abnegatio-

159 582 246 611 nem,
263 582 337 605 cum
358 573 439 604 nihil
460 572 521 604 sibi
541 572 691 612 detineat,
716 582 775 604 nec
791 573 936 611 domum,

160 636 218 658 nec
232 628 361 666 tectum,
378 635 435 658 nec
450 625 591 667 aliquam
602 635 682 658 rem.
699 626 746 658 Ad
761 627 865 668 ipsam
881 636 938 658 au-

158 683 224 712 tem
240 681 415 722 specialiter
437 680 523 712 viam
540 679 614 711 facit
633 680 703 720 ipsa
720 682 847 719 natura,
871 680 938 712 sive

158 735 313 774 instituta,
334 735 403 767 sive
416 735 516 775 lapsa.
539 734 620 766 Nam
640 735 738 766 homo
750 735 858 767 nudus
873 735 936 766 for-

158 790 263 820 matus
280 790 343 828 est,
359 789 401 827 et,
424 788 451 819 si
472 788 506 818 in
525 789 609 819 statu
624 787 679 819 illo
692 788 838 827 stetisset,
855 788 939 819 nihil

157 841 218 873 sibi
239 850 370 883 prorsus
393 841 644 882 appropriasset;
674 842 772 873 homo
792 851 870 874 vero
888 842 937 873 la-

157 904 235 936 psus
247 896 353 927 nudus
367 895 518 933 nascitur,
531 895 638 927 nudus
650 897 796 927 moritur.
816 895 854 927 Et
867 895 937 927 ideo

157 949 228 981 haec
241 949 418 981 rectissima
436 949 489 980 via
507 950 566 988 est,
584 950 620 980 ut
641 950 682 980 ab
699 950 850 981 extremis
872 958 938 980 non

157 1001 331 1041 declinans,
348 1003 506 1042 quantum
522 1004 625 1043 potest
637 1004 750 1034 natura
765 1003 840 1043 pati,
855 1012 935 1043 pau-

156 1065 214 1096 per
238 1059 269 1087 et
287 1057 394 1088 nudus
417 1056 551 1088 incedat.
568 1056 606 1088 Et
618 1057 680 1088 hoc
694 1058 741 1088 est
755 1057 839 1097 quod
854 1057 933 1088 dici-

156 1111 210 1140 tur
227 1114 235 1130 ¹
254 1121 261 1141 :
281 1110 377 1144 Nihil
401 1109 573 1142 intulimus
593 1111 629 1142 in
654 1110 738 1142 hunc
757 1110 915 1143 mundum
924 1121 937 1151 ,-

157 1162 247 1195 haud
262 1163 407 1201 dubium,
425 1164 505 1203 quia
521 1172 576 1196 nec
591 1164 718 1203 auterre
734 1164 816 1204 quid
829 1173 937 1204 possu-

155 1225 238 1249 mus.
254 1217 293 1248 Et
307 1226 348 1248 ex
361 1217 422 1248 hoc
436 1217 614 1248 concludit:
628 1218 784 1250 Habentes
805 1218 937 1250 alimen-

156 1273 201 1310 ta,
219 1273 250 1303 et
264 1270 380 1311 quibus
396 1272 554 1310 teqamur,
572 1273 630 1302 etc.
648 1271 714 1302 Hoc
732 1273 839 1302 autem
855 1272 936 1303 nihil

154 1324 272 1355 arctius
288 1324 341 1356 vel
362 1324 546 1364 pauperina
571 1333 669 1365 quam
686 1325 820 1365 simplici
845 1325 933 1357 victu

155 1380 186 1409 et
200 1377 399 1418 operimento
420 1380 700 1417 essecontentum,
718 1379 804 1419 quod
820 1388 861 1410 ex
876 1389 935 1410 na-

154 1432 237 1462 turae
259 1431 450 1462 documento
470 1432 640 1471 persuadet
663 1432 844 1472 Apostolus⁷
862 1434 932 1463 tan—

155 1492 254 1524 quam
270 1484 391 1515 bonum
407 1486 438 1515 et
457 1485 644 1524 perfectum.
661 1485 715 1516 Est
729 1486 824 1516 etiam
843 1486 934 1525 prin-

156 1537 276 1577 cipium
296 1537 546 1570 fundamentale.
572 1538 638 1569 Lex
659 1539 745 1570 enim
771 1541 863 1570 vetus
879 1539 936 1569 dif-

154 1590 213 1622 fert
225 1600 244 1622 a
257 1600 343 1623 nova
362 1592 398 1622 in
421 1592 493 1630 hoc,
511 1593 596 1633 quod
613 1592 667 1623 illa
682 1593 847 1631 timorem,
864 1593 934 1624 haec

153 1653 314 1683 amorem;
331 1645 385 1676 illa
396 1645 582 1686 temporalia
591 1646 762 1686 promittit,
776 1646 846 1677 haec
858 1648 935 1677 tem-

152 1698 274 1738 poralia
294 1700 497 1730 contemnere
516 1699 617 1730 docet.
644 1699 676 1730 Si
698 1699 799 1739 igitur
819 1700 934 1731 sunda-

153 1754 299 1783 mentum
314 1753 515 1793 perfectionis
531 1753 664 1784 civitatis
679 1753 733 1784 Dei
747 1753 932 1793 principali-

152 1807 201 1837 ter
215 1807 358 1837 consistit
382 1807 416 1837 in
439 1807 608 1846 charitate,
638 1809 669 1837 et
692 1806 747 1837 illa
769 1807 934 1847 potissime

152 1861 199 1890 est
212 1860 360 1900 perfecta,
377 1860 505 1899 quando
525 1860 630 1891 omnis
645 1859 826 1890 excluditur
842 1861 931 1900 cupi-

152 1912 245 1951 ditas,
259 1913 336 1952 quia
345 1922 508 1944 venenum
518 1913 681 1944 charitatis
697 1915 744 1944 est
758 1913 931 1953 cupiditas;

152 1965 236 1997 hanc
250 1969 359 1997 autem
369 1967 574 2007 cupiditatem
585 1967 717 1998 omnino
728 1967 812 1997 foras
824 1967 929 2007 mittit,

152 2019 226 2060 quia
244 2021 351 2051 omnia
365 2021 508 2059 omuino,
528 2023 559 2052 et
575 2031 625 2059 re,
645 2023 676 2052 et
697 2021 861 2052 voluntate
878 2031 931 2052 re-

152 2072 269 2113 linquit
286 2085 293 2104 :
309 2074 390 2105 sicut
413 2074 516 2106 radix
537 2075 681 2107 omnium
705 2074 862 2107 malorum
887 2079 933 2107 est

153 2127 319 2166 cupiditas
328 2128 352 2166 ²,
361 2128 405 2158 sic
414 2128 506 2159 radix
521 2130 552 2159 et
564 2129 758 2169 principium
768 2129 932 2169 perfectio-

153 2180 203 2210 nis
211 2182 256 2211 est
264 2181 604 2221 altissimapaupertaS.
616 2182 705 2214 Unde
714 2182 929 2222 Augustinus,

154 2234 276 2266 inlibro
287 2235 449 2275 octoginta
457 2236 557 2268 trium
567 2236 778 2276 quoestionum
788 2237 798 2253 ³
808 2248 819 2269 .·
835 2248 849 2266 «
856 2237 932 2268 Cha-

153 2288 255 2319 ritatis
270 2297 431 2320 venenum
447 2291 495 2319 est
509 2298 580 2329 spes
600 2290 875 2330 adipiscendorum
894 2301 931 2322 ac

153 2342 395 2373 retinendorum
418 2343 642 2382 temporalium
661 2355 669 2381 3
694 2344 930 2376 nutrimentum

153 2396 224 2435 ejus
247 2395 431 2426 imminutio
457 2396 654 2436 cupiditatis3
682 2397 831 2436 perfectio
859 2399 930 2437 eJus

153 2449 243 2480 nulla
257 2449 432 2490 cupiditas,
459 2449 590 2489 signum
612 2450 770 2489 profectus
784 2451 853 2490 ejus
868 2451 928 2481 im-

153 2503 290 2534 minutio
313 2503 457 2541 timoris,
483 2503 614 2542 signum
639 2503 840 2543 perfectionis
859 2506 930 2545 eJus

154 2555 262 2587 nullus
283 2556 379 2587 timor
396 2567 403 2587 z
418 2556 495 2597 quia
509 2560 520 2575 2
535 2555 638 2588 radia:
664 2558 806 2590 omnium
835 2559 931 2591 malo-

155 2617 227 2641 rum
239 2613 282 2643 est
292 2610 468 2650 cupiditas,
483 2612 514 2642 et
526 2612 535 2629 ¹·
543 2611 686 2651 perfecta
694 2611 835 2644 charitas
844 2614 930 2651 [oras

185 2672 194 2689 ¹
216 2673 224 2696 1
242 2673 312 2701 Tim„
342 2680 381 2705 v1,
409 2674 433 2698 7.
454 2686 486 2692 —
508 2674 516 2688 ²
541 2673 615 2705 ibid„
642 2675 680 2699 10.
700 2687 728 2692 -
745 2674 753 2688 ³
776 2676 858 2706 Aug„
885 2675 929 2701 lib.

300 2727 375 2749 rom.
398 2727 476 2751 ΧΠ,

1712 192 1771 222 369

994 251 1094 284 mittit
1102 253 1258 286 timorem.
1268 264 1282 283 n
1294 253 1351 285 llla
1360 253 1463 294 igitur
1472 256 1642 295 paupertas
1650 258 1697 288 est
1704 266 1773 298 per-

994 304 1176 345 fectissima,
1193 316 1267 347 quae
1283 308 1414 339 omnino
1435 308 1641 349 cupiditatem
1661 313 1770 342 exter-

995 358 1105 390 minat.
1123 358 1177 391 Est
1191 361 1402 392 nihilominus
1417 361 1663 395 fundamentum
1674 364 1771 396 subli-

994 420 1056 450 me,
1073 413 1148 453 quia
1163 423 1237 445 cum
1255 414 1373 455 duplex
1392 415 1431 446 sit
1446 415 1513 447 vita
1531 416 1570 447 ad
1591 426 1688 457 quam
1705 418 1771 449 dis-

993 466 1205 506 ponitgratia‚
1216 468 1334 499 scilicet
1347 469 1451 500 activa
1464 471 1496 501 et
1508 471 1767 512 contemplativa;

994 520 1098 551 activa
1111 520 1260 552 deorsum
1276 521 1419 561 ordinat,
1445 523 1500 554 sed
1523 525 1770 565 contemplativa

993 581 1124 604 sursum
1140 573 1173 604 in
1190 574 1306 605 coelum
1321 576 1428 615 erigit.
1446 575 1559 608 Nullus
1573 580 1681 609 autem
1701 579 1770 620 spi-

993 626 1074 658 ritus
1090 627 1193 667 magis
1208 628 1342 660 idoneus
1356 629 1395 660 ad
1411 629 1489 668 hoc,
1512 640 1609 671 quam
1631 632 1695 671 ille,
1712 633 1770 673 qui

993 680 1118 720 penitus
1141 682 1189 712 est
1210 684 1401 713 exoneratus
1425 683 1465 713 ab
1484 692 1580 715 onere
1606 687 1772 726 tempora-

992 734 1084 773 lium,
1102 735 1203 775 etqui
1219 735 1407 767 thesaurum
1431 745 1528 768 suum
1550 739 1656 770 totum
1677 740 1772 772 habet

992 787 1025 818 in
1047 788 1144 827 coelo,
1170 790 1201 820 et
1225 791 1318 830 cujus
1343 799 1483 830 regnum
1505 800 1570 822 non
1592 793 1640 823 est
1657 792 1696 824 de
1710 793 1773 824 hoc

993 842 1126 880 mundo,
1143 843 1199 883 qui
1214 852 1278 874 non
1293 843 1389 875 habet
1403 844 1454 875 hic
1470 847 1653 877 manentem
1665 847 1772 878 civita-

992 896 1069 933 tem,
1085 896 1140 927 sed
1158 896 1300 928 futuram
1315 897 1458 938 inquirit.
1481 898 1566 930 Talis
1588 902 1696 931 autem
1711 902 1770 939 est,

992 948 1047 989 qui
1062 949 1214 981 omnibus
1236 951 1371 982 terrenis
1393 951 1531 991 perfecte
1546 953 1768 985 abrenuntiat:

992 1005 1023 1033 et
1038 1003 1108 1033 ideo
1132 1003 1205 1034 talis
1223 1005 1293 1043 ,jam
1314 1004 1560 1038 fundamentum
1575 1007 1623 1038 sui
1640 1008 1772 1046 {aedificii

994 1055 1184 1087 collocatum
1200 1057 1295 1088 habet
1316 1058 1350 1088 in
1373 1059 1513 1091 excelsis.
1536 1060 1623 1092 Unde
1639 1061 1771 1102 Augus-

992 1110 1090 1149 tinus,
1102 1110 1228 1142 inlibro
1245 1111 1284 1143 de
1296 1112 1403 1151 Ayone
1420 1112 1623 1146 Christian0⁵
1634 1126 1646 1146 .·
1663 1126 1678 1144 «
1693 1115 1772 1147 Cum

992 1165 1132 1204 cognitio
1148 1167 1179 1195 et
1200 1165 1281 1196 actio
1300 1166 1431 1196 beatum
1453 1167 1617 1199 hominem
1638 1169 1769 1209 faciant3

991 1218 1074 1249 sicut
1094 1219 1128 1249 in
1148 1219 1329 1258 cognitione
1344 1220 1504 1251 cavendus
1527 1223 1574 1252 est
1594 1231 1683 1254 error
1695 1248 1703 1262 ,
1727 1224 1772 1255 sic

991 1271 1025 1302 in
1040 1273 1163 1303 actione
1179 1273 1320 1304 cavenda
1335 1275 1383 1304 est
1401 1275 1554 1314 nequitia.
1575 1286 1590 1305 υ
1605 1276 1697 1308 Errat
1716 1287 1771 1309 au-

991 1327 1068 1363 tem,
1085 1325 1110 1355 si
1121 1325 1193 1365 quis
1204 1327 1296 1365 putat
1307 1335 1339 1357 se
1353 1327 1521 1358 veritatem
1535 1338 1627 1368 posse
1638 1339 1771 1370 cognos-

992 1387 1081 1416 cere,
1105 1388 1177 1410 cum
1203 1379 1307 1410 adhuc
1330 1381 1478 1421 nequiter
1499 1382 1588 1414 vivat
1605 1385 1771 1424 :nequitia

992 1434 1101 1463 autem
1128 1435 1174 1464 est
1194 1435 1353 1466 mundum
1374 1435 1469 1467 istum
1495 1436 1647 1477 diligere,
1670 1442 1701 1469 et
1719 1448 1766 1477 ea,

991 1495 1064 1526 quae
1079 1490 1260 1519 nascuntur
1273 1491 1305 1519 et
1320 1491 1498 1529 transeunt,
1515 1500 1572 1531 pro
1583 1501 1704 1531 magno
1716 1493 1770 1524 ha-

991 1540 1076 1579 bere,
1094 1543 1124 1571 et
1139 1542 1373 1582 concupiscere,
1391 1545 1422 1574 et
1438 1553 1495 1584 pro
1510 1544 1561 1575 his
1575 1545 1719 1577 laborare
1734 1550 1770 1578 ut

990 1594 1208 1634 acquirantur,
1225 1598 1256 1626 et
1272 1595 1374 1627 laetari
1389 1606 1464 1628 cum
1479 1598 1726 1639 abundaverint,
1739 1603 1770 1631 et

990 1648 1103 1679 timere
1126 1658 1166 1679 ne
1184 1652 1335 1688 pereant,
1359 1652 1390 1681 et
1409 1652 1586 1683 contristari
1611 1662 1686 1684 cum
1711 1663 1768 1694 pe-

990 1703 1096 1732 reunt.
1119 1701 1173 1732 Ille
1196 1702 1300 1742 igitur
1323 1704 1488 1743 potissime
1512 1708 1560 1736 est
1581 1706 1715 1748 idoneus
1729 1708 1769 1738 ad

990 1755 1220 1786 contuitionem
1244 1756 1454 1797 sublimium,
1481 1761 1511 1789 et
1532 1760 1575 1790 ibi
1591 1760 1770 1792 sublimiter

990 1808 1151 1847 fundatuS,
1177 1809 1233 1849 qui
1247 1811 1294 1840 est
1309 1811 1556 1850 perfectissimus
1571 1816 1770 1855 contemptor

990 1862 1136 1893 ommuni
1152 1863 1299 1894 istorum.
1316 1863 1401 1895 Talis
1417 1868 1473 1904 est,
1490 1867 1546 1906 qui
1561 1869 1663 1899 totum
1678 1869 1769 1909 cogi-

990 1917 1092 1946 tatum
1119 1926 1215 1947 suum
1238 1918 1336 1957 jactat
1362 1918 1395 1949 in
1418 1919 1570 1959 Domino,
1589 1924 1619 1952 et
1638 1931 1768 1954 omnem

989 1969 1235 2001 sollicitudinem
1252 1995 1261 2009 ,
1288 1972 1343 2011 qui
1368 1973 1491 2004 nullam
1515 1983 1647 2014 prorsus
1671 1976 1768 2008 habet

988 2023 1230 2062 possessionem.
1258 2024 1312 2055 Est
1336 2025 1437 2064 igitur
1459 2027 1658 2066 perfectionis
1678 2029 1765 2060 chri-

989 2076 1101 2108 stianae
1116 2086 1174 2117 pro
1184 2078 1306 2110 Christo
1317 2079 1397 2109 nihil
1409 2080 1442 2110 in
1456 2081 1577 2113 mundo
1593 2083 1762 2122 possidere,

988 2139 1046 2161 nec
1066 2131 1099 2161 in
1115 2132 1297 2170 communi,
1314 2142 1372 2163 nec
1388 2132 1421 2163 in
1441 2135 1580 2174 proprio.
1603 2135 1689 2167 Idem
1704 2137 1763 2169 Do-

988 2184 1096 2215 minus
1116 2186 1356 2225 expressissime
1377 2188 1514 2219 consulit
1532 2199 1537 2219 :
1554 2189 1639 2221 idem
1654 2200 1764 2223 exem-

988 2238 1077 2278 plum
1097 2239 1128 2268 in
1148 2239 1319 2279 semetipso
1338 2240 1476 2271 ostendit
1493 2252 1499 2272 τ
1517 2242 1601 2273 idem
1626 2244 1764 2284 Spiritus

988 2294 1115 2323 sanctus
1130 2292 1163 2322 in
1179 2293 1294 2323 sanctis
1315 2293 1376 2324 hoc
1396 2294 1615 2335 multipliciter
1631 2307 1762 2338 persua-

987 2345 1038 2376 sit.
1056 2345 1135 2376 Nam
1150 2346 1335 2386 huiusmodi
1350 2347 1575 2380 arduissimam
1590 2354 1761 2391 pauperta-

987 2400 1062 2437 tem,
1081 2399 1162 2429 sicut
1183 2402 1346 2431 ostensum
1366 2403 1431 2439 est,
1448 2403 1616 2441 persuadet
1633 2407 1760 2446 natura,

988 2452 1162 2493 Scriptura,
1179 2455 1209 2483 et
1225 2454 1340 2493 gratia.
1358 2454 1529 2487 Persuadet
1545 2456 1696 2490 Dominus
1710 2460 1763 2491 Je-

988 2515 1041 2537 sus
1056 2506 1199 2537 Christus
1213 2507 1410 2547 instruendo,
1426 2512 1654 2551 conversando,
1668 2513 1763 2554 inspi-

987 2561 1098 2591 rando.
1116 2561 1192 2598 Quis
1207 2561 1294 2592 enim
1309 2562 1448 2602 spiritus,
1465 2564 1525 2594 nisi
1538 2564 1604 2604 Dei,
1621 2567 1692 2598 facit
1707 2568 1767 2599 ho-·

987 2641 1115 2665 LXXXIII
1128 2641 1228 2673 Qumt„
1244 2649 1268 2673 q.
1284 2648 1374 2673 xxxv,
1390 2650 1416 2667 n.
1438 2645 1460 2667 1.
1476 2657 1506 2662 —
1521 2645 1531 2661 ὁ
1545 2646 1553 2669 1
1567 2646 1648 2678 Joan„
1667 2653 1702 2679 iv,
1722 2650 1761 2674 18.

986 2690 1015 2694 —
1031 2677 1041 2693 ⁵
1054 2679 1130 2709 Aug„
1145 2678 1181 2702 De
1194 2679 1272 2709 Aqon.
1289 2678 1396 2709 Christ„
1412 2685 1470 2711 xm,
1489 2682 1526 2706 14.

1585 2731 1624 2760 24
