2029 3052
210 196 270 225 344

208 263 275 292 tam
289 259 452 291 insolitum
472 261 604 299 tamque
623 258 752 298 insigne
766 258 984 299 spectaculum

208 312 434 344 contuentibus
455 311 617 348 omnibus,
637 311 669 341 et
686 311 930 342 firmamentum
945 311 984 341 ti-

207 366 269 406 dei,
295 367 326 398 et
349 365 594 397 incitamentum
617 364 752 403 amoris3
784 364 986 396 audientibus

209 429 296 460 vero,
313 419 532 452 admirationis
545 418 690 457 materia,
702 419 734 449 et
745 418 893 450 excitatio
906 418 986 450 desi-

206 475 314 507 siderii
328 474 368 506 ad
381 474 566 506 videndum.
588 473 706 505 Audito
727 472 884 513 siquidem
897 475 986 504 tran-

208 529 273 560 situ
288 528 396 569 patris,
415 531 446 559 et
463 528 549 558 fama
563 527 679 558 diffusa
693 527 850 566 miraculi,
868 526 986 558 accele-

208 592 282 615 rans
304 583 442 624 populus
466 581 646 613 confluebat
668 581 708 612 ad
736 582 859 619 locum,
890 583 927 611 ut
954 581 985 611 id

207 638 350 669 cerneret
361 636 472 675 oeulis,
486 636 571 676 quod
582 645 601 667 a
613 635 734 667 ratione
745 635 881 666 dubium
891 643 986 665 omne

206 691 384 732 repelleret,
401 692 432 721 et
445 689 604 721 affectioni
623 689 780 729 gaudium
794 688 983 720 cumularet.

207 745 346 777 Admissi
359 746 434 776 sunt
447 744 552 784 igitur
565 743 755 775 Assisinates
769 743 855 774 cives
871 752 986 783 quam-

207 799 339 840 plurimi
354 799 393 830 ad
409 799 561 838 stigmata
574 797 629 829 illa
639 806 728 828 sacra
742 797 987 837 contemplanda

208 853 320 892 oculis,
336 855 368 884 et
379 852 470 883 labiis
478 851 660 883 osculanda.
680 850 766 882 Unus
775 853 884 882 antem
893 860 932 882 ex
941 851 987 882 eis

208 905 300 936 miles
321 904 451 945 quidem
473 903 630 934 litteratus
651 905 682 934 et
698 903 848 943 prudens,
875 902 987 934 Hiero-

207 967 327 999 nymus
341 958 483 995 nomine,
501 957 552 988 vir
575 957 686 997 utique
706 956 845 987 famosus
860 958 891 987 et
906 956 988 987 cele-

208 1013 276 1051 ber,
290 1022 363 1043 enm
379 1012 417 1043 de
436 1010 622 1051 hujusmodi
646 1010 743 1041 sacris
767 1011 869 1050 signis
893 1011 986 1041 dubi-

208 1068 323 1103 tasset,
346 1067 492 1106 essetque
516 1064 698 1095 incredulus
721 1064 813 1104 quasi
827 1063 981 1102 Thomas,

209 1119 384 1151 ferventius
411 1121 442 1150 et
466 1118 619 1150 audacius
646 1126 753 1148 coram
777 1118 929 1149 fratribus
957 1120 988 1149 et

209 1174 279 1205 aliis
293 1173 429 1211 civibus,
444 1172 594 1203 movebat
608 1171 727 1208 clavo5,
748 1171 910 1212 sanctique
919 1181 988 1202 ma-

209 1236 291 1265 nus,
315 1229 346 1258 et
372 1226 486 1267 pedes,
512 1227 543 1256 et
571 1226 652 1256 latus
678 1225 828 1255 manibus
852 1226 989 1265 propriis

210 1281 435 1318 contrectabat,
453 1282 488 1311 ut
505 1279 583 1310 dum
599 1278 772 1310 vulnerum
794 1279 908 1310 Christi
933 1289 989 1311 ve-

210 1335 295 1367 racia
310 1335 363 1365 illa
377 1335 472 1374 signa
483 1333 640 1374 palpando
656 1333 868 1372 contingeret,
885 1333 924 1364 de
939 1333 988 1364 sui

212 1391 242 1421 et
259 1388 403 1420 omniun]
415 1387 561 1418 cordibus
575 1396 671 1418 omne
685 1387 855 1417 dubietatis
872 1387 989 1417 vulnus

211 1444 402 1482 amputaret.
426 1441 558 1481 Propter
573 1441 658 1481 quod
674 1442 703 1470 et
720 1440 785 1480 ipse
806 1440 888 1471 inter
911 1440 990 1471 alios

212 1496 310 1535 hujtis
331 1494 473 1526 veritatis
496 1496 560 1524 tam
585 1494 847 1525 certitudinalitcr
869 1494 989 1533 agnita!

213 1549 299 1579 testis
322 1551 470 1579 constans
492 1547 694 1588 postmodum
718 1547 849 1578 effectus
872 1551 928 1586 est,
960 1551 990 1579 et

212 1603 301 1633 tactis
314 1602 518 1633 sacrosanctis
529 1603 716 1642 juramento
736 1602 887 1632 firmavit.
913 1602 987 1632 Fra-

212 1659 275 1687 tres
303 1659 410 1687 autem
435 1659 465 1687 et
488 1656 565 1694 tilii,
589 1656 644 1696 qui
667 1656 770 1686 vocati
796 1657 918 1687 fuerant
951 1657 989 1687 ad

212 1710 383 1741 transitum
400 1710 508 1750 patris,
525 1719 599 1741 cum
613 1710 700 1740 omni
719 1710 922 1741 multitudine
939 1720 991 1751 po-

212 1765 361 1805 pulorum
378 1766 503 1794 noctem
517 1764 615 1800 illam,
632 1763 663 1793 in
680 1772 743 1803 qna
757 1764 860 1795 almus
875 1763 990 1795 Christi

211 1820 371 1849 consessor
385 1818 528 1854 decessit,
545 1818 588 1849 sic
610 1818 726 1849 dlvinis
745 1818 894 1849 laudibus
909 1819 991 1849 dedi-

212 1876 335 1911 carunt,
361 1875 397 1903 ut
417 1882 481 1903 non
503 1873 725 1903 detunctorum
751 1873 913 1912 exequiae,
937 1873 990 1903 sed

212 1926 402 1966 angelornm
424 1926 568 1956 excuhiae
593 1926 788 1956 viderentur.
817 1926 908 1957 Mane
936 1937 992 1957 au-

213 1983 276 2011 tem
291 1980 384 2017 sacto,
403 1980 506 2010 turbae
521 1988 593 2020 quae
612 1983 839 2018 convenerant,
856 1981 991 2020 acceptis

212 2035 365 2065 arborum
390 2034 507 2072 ramis,
531 2036 560 2064 et
583 2044 750 2065 cereorum
775 2035 991 2075 multiplicatis

212 2088 398 2126 luminibus,
416 2098 490 2119 cum
511 2088 640 2128 hymnis
663 2091 691 2119 et
715 2089 842 2119 canticis
865 2098 990 2119 sacrum

213 2151 327 2182 corpus
340 2143 378 2172 ad
388 2143 546 2173 civitatem
559 2142 666 2172 Assisii
676 2143 868 2173 detulerunt.
880 2143 992 2173 'l'rans-

212 2198 324 2226 euntes
347 2205 423 2227 vero
444 2205 499 2235 per
519 2196 683 2226 ecclesiam
705 2196 812 2226 Sancti
836 2196 989 2234 hannani,

212 2250 245 2280 in
260 2259 324 2290 qua
339 2249 433 2288 virgo
447 2249 625 2279 illanobilis
639 2249 738 2287 Clara,
751 2259 837 2280 nunc
851 2250 992 2289 gloriosa

213 2304 357 2342 incaelis,
381 2305 456 2334 tunc
479 2303 599 2333 inclusa
623 2313 697 2334 cum
722 2304 905 2343 virginibus
922 2314 991 2334 mo-

212 2359 354 2397 rabatur,
380 2358 486 2398 ibique
507 2357 742 2396 aliquantulum
769 2359 988 2396 subsistentes,

213 2421 338 2442 sacrum
359 2421 484 2451 corpus,
508 2411 692 2450 margaritis
714 2411 891 2442 coelestibus
917 2412 990 2442 insi-

213 2466 353 2504 gnitnm,
372 2465 545 2495 videndum
557 2467 586 2495 et
598 2465 808 2496 osculandum
821 2466 918 2496 sacris
930 2466 990 2495 illis

213 2519 395 2557 virginibus
422 2519 618 2549 obtulerunt.
648 2518 871 2549 l'crvenienbfs
900 2520 989 2549 deni-

212 2582 273 2612 que
289 2572 328 2602 ad
344 2572 503 2602 civitatem
517 2581 589 2602 eum
602 2572 718 2611 jrrbilo,
735 2573 906 2611 prethsmn
919 2573 987 2603 the-

212 2635 355 2664 saurum,
372 2636 468 2665 quem
486 2626 664 2665 portabant,
688 2626 719 2656 in
735 2626 863 2656 ecclesia
883 2627 989 2657 Sancti

212 2680 338 2720 Georgii
361 2689 434 2710 cum
457 2680 545 2710 omni
567 2680 744 2711 reverentia
765 2680 985 2712 condiderunt.

772 190 904 223 LEGEN
905 190 958 223 DA
983 191 1017 224 S.
1038 191 1258 225 FRAthscl.

1042 259 1078 290 In
1092 268 1130 291 eo
1144 259 1302 301 siquidem
1315 260 1385 292 loco
1402 261 1557 302 puerulus
1567 261 1690 294 litteras
1700 263 1819 304 didicit,

1041 312 1150 353 ibique
1163 314 1367 355 postmodum
1381 314 1529 355 primitus
1544 316 1741 356 praedicavit,
1763 327 1821 358 po-

1041 368 1160 398 stremo
1174 367 1292 399 ibidem
1313 367 1421 399 locum
1443 367 1586 408 primum
1600 369 1716 410 quietis
1731 379 1821 402 acce-

1042 420 1097 460 pit.
1115 419 1254 451 Transiit
1268 423 1376 452 autem
1393 422 1586 453 venerabilis
1599 424 1689 463 pater
1703 432 1743 455 ex
1758 424 1821 456 hu-

1039 475 1096 514 jus
1111 474 1225 506 mundi
1238 475 1409 515 naufragio
1423 484 1509 507 anno
1528 476 1702 508 Dominicae
1717 477 1823 510 Incar-

1042 528 1180 559 nationis
1204 528 1373 561 millesimo
1398 529 1617 562 ducentesimo
1642 531 1823 571 vigesimo-

1042 583 1144 621 sexto,
1160 584 1275 622 quarto
1294 592 1394 614 nonas
1416 583 1567 623 octobris,
1585 584 1637 615 die
1651 584 1773 616 sabbati
1790 585 1824 616 in

1043 645 1130 674 sero
1147 636 1290 677 sepultus
1303 637 1336 668 in
1351 637 1402 668 die
1413 637 1584 669 dominico.
1601 638 1702 679 Coepit
1715 641 1824 671 autem

1043 691 1094 721 vir
1108 690 1220 722 beatus
1233 691 1395 730 continuo,
1411 692 1531 724 divinae
1546 693 1637 724 faciei
1649 694 1825 734 superirra-

1043 744 1150 776 diante
1163 747 1320 786 respectu,
1336 746 1466 785 magnis
1486 749 1517 778 et
1531 746 1642 777 multis
1657 756 1825 779 coruscare

1045 798 1224 837 miraculis,
1254 801 1292 830 ut
1319 799 1498 831 sublimitas
1527 800 1704 832 sanctitatis
1732 803 1802 842 ejus
1815 826 1823 841 ,

1044 861 1116 892 quae
1131 853 1199 893 ipso
1213 853 1340 885 vivente
1355 854 1386 884 in
1403 863 1498 886 carne
1513 855 1553 886 ad
1569 864 1696 886 morum
1724 855 1823 887 direc-

1044 906 1164 937 tionem
1180 916 1236 947 per
1251 909 1398 949 exempla
1415 909 1561 949 perfectae
1577 909 1710 949 justitiae
1732 909 1825 941 inno-

1044 962 1149 992 tuerat
1160 961 1292 1000 mundo,
1304 962 1358 993 illo
1364 963 1432 1002 jam
1440 964 1597 1002 regnante
1607 971 1680 993 cum
1690 961 1825 1001 Christo,

1045 1013 1082 1043 ad
1099 1022 1228 1045 omnem
1243 1015 1316 1046 fidei
1332 1015 1519 1046 firmitatem
1537 1024 1592 1055 per
1607 1014 1764 1046 miracula
1779 1015 1826 1046 di-

1046 1066 1130 1098 vinae
1145 1069 1294 1107 potentiae
1311 1070 1573 1110 comprobaretur
1588 1078 1605 1100 e
1619 1069 1711 1101 coelo.
1728 1068 1824 1100 Cum-

1045 1129 1107 1160 que
1122 1121 1155 1152 in
1169 1122 1302 1153 diversis
1319 1123 1406 1154 orbis
1427 1123 1570 1164 partibus
1591 1123 1732 1162 gloriosa
1757 1124 1826 1163 ejus

1046 1173 1217 1213 miracula,
1255 1175 1410 1216 largaque
1442 1185 1498 1217 per
1525 1176 1632 1216 ipsum
1656 1176 1825 1216 impetrata

1046 1227 1217 1266 beneficia,
1244 1230 1399 1269 plurimos
1418 1230 1457 1260 ad
1485 1229 1598 1260 Christi
1623 1229 1825 1261 devotionem

1045 1282 1263 1321 accenderent,
1280 1285 1311 1314 et
1326 1284 1365 1314 ad
1381 1283 1481 1324 ipsius
1495 1283 1594 1314 sancti
1610 1283 1824 1314 reverentiam

1046 1335 1232 1376 incitarent,
1258 1337 1506 1369 acclamantibus
1529 1339 1594 1368 tam
1622 1337 1744 1377 linguis
1757 1347 1823 1368 ser-

1046 1399 1192 1429 monum,
1217 1402 1313 1432 quam
1340 1401 1491 1432 operum,
1521 1392 1560 1423 ad
1585 1400 1680 1423 aures
1705 1393 1825 1423 summi

1046 1443 1206 1476 Pontificis
1217 1446 1337 1476 domini
1349 1446 1495 1485 Gregorii
1509 1446 1597 1484 noni,
1610 1454 1683 1486 quae
1697 1455 1753 1486 per
1763 1455 1827 1477 ser-

1047 1508 1124 1529 vum
1151 1509 1246 1530 suum
1276 1500 1479 1530 Franciscum
1504 1499 1585 1530 Deus
1611 1499 1823 1539 operabatur,

1046 1553 1210 1592 magnalia
1227 1556 1451 1593 pervenerunt.
1477 1553 1559 1584 Sanc
1577 1562 1651 1583 cum
1667 1553 1750 1584 idem
1766 1552 1824 1584 Pa-

1046 1608 1112 1636 stor
1128 1606 1273 1637 Ecclesiae
1288 1616 1351 1637 non
1367 1607 1472 1638 solum
1483 1616 1523 1637 ex
1538 1606 1696 1637 miraculis
1708 1607 1826 1637 auditis

1047 1662 1115 1700 post
1133 1663 1267 1691 mortem
1306 1670 1421 1692 verum
1437 1661 1533 1691 etiam
1549 1660 1776 1700 experimentis
1792 1661 1824 1690 in

1048 1714 1112 1745 vita
1128 1715 1227 1754 ipsius
1242 1715 1342 1745 oculis
1358 1715 1448 1753 visis,
1472 1717 1502 1745 et
1523 1714 1672 1745 manibus
1695 1716 1823 1744 contre-

1046 1768 1148 1806 etatis,
1166 1769 1365 1799 sanctitatem
1377 1770 1448 1808 ejus
1459 1768 1640 1799 mirabilem
1653 1767 1746 1807 plena
1762 1767 1824 1798 fide

1047 1822 1237 1852 certificatus
1251 1825 1456 1861 agnosceret,
1480 1832 1516 1852 ac
1540 1831 1595 1862 per
1611 1821 1670 1852 hoc
1690 1821 1723 1851 in
1738 1821 1826 1852 ecelis

1046 1875 1261 1914 glorificatum
1273 1885 1290 1905 a
1307 1875 1437 1905 Domino
1451 1875 1635 1905 nullatenus
1648 1874 1824 1913 dubitaret

1047 1932 1082 1959 ut
1096 1929 1236 1967 Christo,
1255 1930 1348 1968 cujus
1370 1931 1436 1959 erat
1453 1928 1607 1967 Vicarius,
1630 1928 1828 1959 concorditer

1047 1985 1175 2021 ageret,
1205 1983 1290 2013 hune
1316 1983 1347 2012 in
1376 1983 1468 2013 terris
1491 1983 1621 2013 reddere
1651 1981 1824 2018 celebrem,

1048 2038 1202 2076 tanquam
1239 2037 1327 2066 onim
1365 2036 1568 2067 veneratione
1596 2035 1827 2075 dignissimum

1049 2090 1099 2129 pia
1130 2090 1380 2121 consideratione
1414 2090 1580 2129 disposuit.
1616 2089 1664 2120 Ad
1698 2098 1826 2120 omnem

1046 2153 1173 2183 quoque
1204 2143 1425 2173 certitudinem
1458 2143 1634 2174 faciendam
1662 2142 1733 2173 orbi
1762 2145 1825 2174 ter-

1047 2206 1157 2228 rarum
1173 2198 1210 2228 de
1226 2197 1458 2235 glorificatione
1474 2197 1533 2227 vlri
1551 2196 1758 2234 sanctissimi,
1776 2197 1824 2226 in-

1048 2254 1144 2281 venta
1165 2250 1338 2288 miracula,
1362 2253 1390 2280 et
1415 2250 1590 2290 conscripta
1605 2274 1614 2288 ,
1638 2253 1669 2280 et
1694 2249 1826 2280 testibus

1046 2305 1166 2335 idoneis
1182 2304 1366 2344 approbata,
1381 2303 1560 2334 examinari
1576 2303 1648 2334 fecit
1663 2312 1718 2343 per
1734 2303 1802 2333 illos

1045 2359 1100 2398 qui
1116 2358 1224 2388 minus
1252 2358 1333 2388 inter
1358 2357 1537 2388 Cardinales
1562 2356 1751 2387 favorabiles
1766 2364 1821 2386 ne-

1047 2412 1134 2451 gotio
1151 2411 1351 2441 videbantur.
1376 2410 1499 2448 Quibus
1520 2411 1689 2450 diligenter
1704 2409 1822 2440 discus-

1045 2466 1100 2501 sis,
1121 2467 1151 2495 et
1171 2466 1210 2495 ab
1235 2465 1384 2495 omnibus
1405 2464 1604 2504 approbatis,
1622 2463 1660 2494 de
1685 2463 1822 2493 fratrum

1045 2528 1189 2556 suorum,
1208 2521 1237 2548 et
1258 2518 1403 2548 omnium
1425 2517 1642 2557 praelatorum,
1666 2516 1720 2555 qui
1746 2518 1823 2547 tnnc

1045 2575 1134 2603 erant
1149 2572 1180 2601 in
1195 2572 1293 2609 curia,
1311 2571 1458 2602 concordi
1479 2569 1607 2600 consilio
1628 2572 1658 2600 et
1677 2579 1819 2608 assensu,

1045 2625 1294 2657 canonizandum
1310 2624 1449 2654 decrevit
1465 2634 1471 2653 2
1498 2623 1691 2662 veniensque
1713 2633 1821 2663 perso-

1045 2680 1158 2711 naliter
1179 2679 1217 2710 ad
1233 2679 1392 2710 civitatem
1416 2677 1526 2708 Assisii
1547 2686 1631 2708 anno
1646 2676 1819 2710 Dominieae
