2029 3052
212 233 273 264 220

502 333 630 362 Psmus
644 332 706 361 ¹4¹.

250 396 327 424 Voce
345 402 415 424 mea
429 394 469 424 ad
489 395 646 424 Dominam
669 394 819 424 clamavi:
839 395 996 434 ipsamque

213 440 366 471 humiliter
379 441 554 479 deprecatus
570 450 647 471 sum.

249 488 346 518 Effudi
366 489 397 517 in
418 490 579 526 conspectu
599 489 663 526 eius
688 489 854 527 lacrymam
874 498 995 520 meam:

214 537 244 564 et
258 535 398 564 dolorem
411 544 514 565 meum
525 536 583 566 sihi
598 536 734 574 exposui.

249 582 407 612 Insidiatur
420 583 513 612 hostis
526 584 667 614 calcaneo
682 592 768 614 meo:
784 585 916 614 extendit
925 594 996 615 con-

215 632 259 658 tra
270 638 318 658 me
328 631 389 658 rete
403 638 501 659 suum.

249 677 367 713 AdJuva
381 685 440 712 me,
456 677 592 714 Domina,
614 686 651 707 ne
666 686 805 708 corruam
819 687 919 709 eoram
935 688 972 709 eo
987 689 994 709 :

212 723 260 752 sac
274 725 307 752 ut
320 725 489 753 conteratur
499 725 556 754 sub
569 725 698 762 pedibus
711 726 796 755 meis.

250 771 331 800 Educ
346 771 384 800 de
397 779 514 801 carcere
529 772 662 802 animam
674 781 790 802 meam:
809 775 839 802 ut
854 774 995 804 confitea-

212 820 259 847 tur
274 818 338 853 tibi,
355 820 384 847 et
403 819 512 856 psallat
527 821 586 848 Deo
601 819 668 849 forti
682 820 713 849 in
725 823 913 858 perpetuum.

249 865 348 894 Gloria
364 866 451 902 Patri,
464 868 519 895 etc.

501 950 628 977 Psunus
642 949 704 977 ΗΞ.

248 1009 390 1042 Domina,
416 1009 524 1038 exaudi
552 1010 718 1039 orationem
739 1018 857 1040 meam:
874 1011 994 1048 percipe

211 1056 267 1085 tuis
280 1057 403 1086 auribus
418 1057 668 1094 supplicationem
682 1066 792 1087 meam.

246 1106 416 1133 persecutus
426 1107 469 1133 est
483 1104 631 1141 malignus
652 1105 743 1134 vitam
756 1113 856 1134 meam
871 1115 878 1134 :
897 1105 992 1142 depo-

210 1151 268 1180 suit
281 1151 312 1180 in
325 1153 404 1180 terra
419 1152 676 1180 conversationem
693 1160 802 1181 meam.

247 1198 416 1235 Denigravit
439 1207 487 1226 me
509 1198 635 1234 caligine
650 1207 705 1227 sua
724 1208 731 1227 :
756 1201 784 1228 et
803 1200 938 1228 anxiatus
952 1202 995 1229 est

210 1245 298 1273 nimis
317 1245 436 1282 spiritus
451 1254 546 1274 meus.

245 1294 283 1321 Ne
306 1295 421 1321 avertas
442 1293 548 1321 faciem
566 1296 646 1322 tuam
663 1302 680 1323 a
700 1302 747 1322 me
771 1303 777 1322 ε
805 1297 911 1323 utnon
926 1303 993 1324 cor-

209 1348 295 1368 ruam
310 1348 377 1368 cum
391 1340 642 1369 descendentibus
653 1341 682 1369 in
698 1341 808 1369 lacum.

245 1389 347 1415 Emitte
364 1387 461 1416 lucem
477 1390 569 1423 tuam,
585 1390 613 1416 et
628 1388 754 1424 gratiam
772 1391 872 1417 tuam:
895 1392 923 1417 ct
947 1398 992 1418 re-

207 1442 281 1470 para
293 1434 392 1463 denuo
402 1435 494 1463 vitam
504 1443 614 1469 meam,
624 1438 651 1463 ct
662 1436 872 1465 conscientiam
881 1444 991 1465 meam.

243 1481 341 1510 Gloria
357 1474 443 1517 Patri,
459 1484 512 1510 etc.

498 1564 625 1591 Psimus
644 1564 702 1591 ¹43.

244 1623 400 1652 Benedicta
409 1624 458 1658 sis,
468 1625 602 1660 Domina,
614 1633 680 1662 qum
688 1626 807 1654 instruis
815 1635 917 1655 servos
927 1629 992 1656 tuos

207 1671 246 1699 ad
270 1671 405 1707 praelium
423 1681 428 1699 :
452 1673 480 1699 et
495 1680 546 1699 cos
570 1672 695 1701 roboras
711 1675 812 1701 contra
825 1674 990 1703 inimicum.

246 1718 371 1754 Fulgure
387 1720 414 1746 ct
428 1719 632 1747 coruscatione
649 1719 760 1756 dissipa
785 1721 869 1749 illum
885 1732 892 1748 :
910 1723 990 1750 mitte

203 1765 302 1800 jacula
319 1768 378 1801 tua,
395 1766 426 1793 ut
446 1766 616 1794 confundas
636 1766 731 1795 illum.

242 1812 376 1840 Clarifica
385 1813 421 1840 de
433 1813 493 1841 alto
508 1821 631 1841 inanum
643 1816 724 1842 tuam
737 1823 743 1841 ε
754 1817 903 1843 etcantcnt
914 1817 990 1844 servi

208 1860 248 1888 tui
261 1860 383 1888 laudem
399 1862 426 1888 ct
442 1860 570 1896 gloriam
588 1863 677 1888 tuam.

241 1907 328 1935 Eleva
350 1907 387 1935 de
404 1908 525 1935 terrenis
550 1908 737 1936 allectionem
762 1912 892 1938 nostram
918 1920 922 1925 ·
955 1911 990 1939 (lc

206 1954 393 1990 sempiternis
410 1954 523 1982 ‹leliciis
540 1956 627 1983 retice
641 1956 752 1983 viscera
769 1959 877 1985 nostra.

243 2002 519 2037 Concupiscentiam
536 2012 733 2039 supernorum
747 2006 874 2033 accende
887 2006 915 2034 in
928 2015 992 2034 cor-

209 2048 297 2076 dibus
313 2050 435 2076 nostris:
461 2050 540 2078 etde
560 2051 677 2085 gaudiis
698 2052 827 2087 paradisi
850 2053 921 2081 velis
937 2062 991 2083 nos

208 2103 351 2124 recreare.
369 2096 467 2125 Gloria
482 2097 568 2131 Patri,
582 2100 635 2125 etc.

497 2184 621 2210 l‘slmus
642 2184 702 2211 1⁴⁴.

243 2238 387 2267 Exaltabo
410 2241 447 2273 te,
472 2242 558 2268 Mater
575 2241 636 2268 Filii
653 2242 700 2269 nei
718 2252 723 2269 :
749 2245 775 2270 ct
790 2251 841 2279 per
856 2244 990 2280 singulos

208 2286 271 2314 dies
287 2286 413 2314 cantabo
429 2286 532 2314 laudes
552 2290 624 2315 tuas.

244 2333 451 2361 Generationes
478 2334 515 2369 (ιι),
538 2337 564 2361 ct
589 2335 691 2371 populi
718 2336 882 2365 laudabunt
898 2346 990 2375 opera

208 2382 273 2408 tua:
292 2382 318 2407 et
327 2380 562 2408 misericordiam
574 2384 653 2409 tuam
665 2382 766 2410 insulw
778 2386 987 2420 expectabunt.

243 2427 463 2455 Abundantiam
479 2427 609 2455 dulcoris
625 2429 665 2456 tui
680 2430 776 2463 angeli
793 2433 986 2460 cructabunt:

207 2477 234 2502 et
246 2475 421 2502 suavitatem
438 2477 517 2502 tuam
531 2475 621 2502 sancti
639 2478 885 2511 pronuntiabunt.

243 2521 323 2549 Oculi
339 2521 429 2549 nostri
445 2524 562 2557 sperant
578 2522 608 2549 in
623 2524 660 2555 tc,
675 2524 797 2552 Domina
815 2534 820 2552 :
842 2526 922 2554 mitte
933 2535 987 2555 no-

207 2569 252 2596 bis
269 2568 369 2595 cibum
382 2570 409 2595 ct
424 2576 522 2596 escam
539 2568 745 2598 delectantem.

243 2615 454 2643 Laudationem
476 2618 556 2643 tuam
577 2616 716 2652 loquatur
737 2617 836 2651 lingua
853 2628 918 2648 mea
936 2631 941 2648 ε
960 2624 988 2649 ct

207 2662 382 2690 benedicam
397 2664 423 2690 te
440 2663 468 2690 in
483 2663 623 2692 saeeulum
639 2664 747 2692 soeculi.

243 2709 341 2738 Gloria
356 2709 443 2744 Patri,
459 2712 514 2738 ete.

553 232 811 266 PSALTERIUM
833 232 961 267 MAJUS
982 232 1130 268 BEATAE
1150 234 1292 269 MARtAE
1313 235 1501 270 VIRGINlS.

1341 337 1469 366 Psauus
1483 337 1546 366 145.

1088 399 1206 435 Lauda,
1228 399 1330 429 anima
1349 407 1418 429 mea
1423 421 1433 436 ‚
1450 394 1614 431 ‘Dominam
1632 402 1834 438 :glorificabo

1053 453 1130 482 eam,
1146 446 1294 484 quamdiu
1307 447 1422 477 vixero.

1089 493 1183 523 Nolite
1198 501 1313 523 cessare
1327 502 1346 523 a
1358 494 1502 524 laudibus
1511 495 1592 532 eius:
1609 497 1638 525 et
1649 504 1704 534 per
1717 496 1835 534 singula

1052 542 1206 570 momenta
1219 541 1381 578 recogitate
1393 541 1487 571 illam.
1745 567 1747 570 .

1088 589 1162 617 Cum
1185 587 1288 617 exierit
1308 588 1428 625 spiritus
1451 596 1548 626 meus,
1570 590 1708 626 Domina,
1721 591 1759 620 sit
1780 591 1835 621 tibi

1053 635 1281 664 commendatus
1299 644 1306 664 :
1332 637 1360 664 et
1383 636 1413 664 in
1432 637 1511 665 terra
1536 637 1640 673 ignota
1661 640 1768 674 priosta
1790 638 1835 668 illi

1053 681 1205 711 ducatum.

1089 730 1153 758 Non
1167 729 1345 759 conturbent
1361 738 1431 759 eum
1443 730 1539 768 culpae
1553 730 1636 768 prius
1649 731 1832 762 commisse:

1053 784 1107 805 nec
1123 776 1288 814 inquietent
1301 777 1400 814 ipsum
1415 785 1556 807 occursus
1573 778 1774 815 malignantis.

1089 823 1201 853 Pei-duc
1215 832 1286 853 eum
1306 824 1347 853 ad
1369 826 1489 862 portum
1505 825 1665 854 salutarem
1679 835 1686 854 :
1702 826 1744 855 ibi
1759 834 1834 864 prae-

1051 870 1174 900 stoletur
1192 879 1295 900 secure
1319 871 1483 901 adventum
1503 873 1719 910 Redemptoris.

1088 918 1187 948 Gloria
1201 919 1288 955 Patri,
1303 921 1356 948 etc.

1339 1003 1467 1032 Psluus
1482 1004 1545 1031 146.

1087 1063 1216 1092 Laudate
1233 1064 1400 1098 Dominam,
1415 1064 1561 1101 quoniam
1574 1064 1673 1093 bonus
1687 1066 1732 1094 est
1751 1065 1833 1102 psal-

1050 1118 1132 1139 mus:
1145 1111 1294 1147 jucunda,
1307 1113 1335 1140 et
1349 1110 1461 1140 decora
1474 1111 1511 1140 sit
1522 1111 1563 1140 illi
1574 1114 1676 1141 nostra
1686 1111 1831 1142 laudatio.

1088 1159 1153 1194 ipsa
1168 1158 1248 1186 enim
1268 1158 1405 1187 medetur
1429 1159 1562 1188 contritis
1582 1159 1691 1188 corde:
1716 1161 1745 1188 et
1757 1159 1834 1189 reto-

1050 1207 1098 1232 vct
1113 1212 1163 1233 eos
1178 1208 1330 1241 unguento
1346 1206 1472 1243 pietatis.

1086 1253 1190 1288 Magna
1204 1255 1247 1281 est
1261 1253 1353 1281 virtus
1364 1253 1459 1282 illius:
1477 1256 1504 1282 et
1519 1253 1677 1283 clementia
1695 1254 1759 1290 ejus
1769 1253 1833 1283 nul-

1050 1298 1112 1327 lum
1128 1299 1250 1328 habebit
1266 1300 1366 1328 tinem.

1086 1346 1233 1375 Proecinite
1249 1347 1274 1374 ci
1291 1347 1320 1375 in
1335 1347 1514 1383 jubilatione
1533 1357 1539 1376 z
1558 1350 1586 1376 et
1600 1348 1631 1376 in
1645 1348 1831 1377 consessione

1049 1393 1199 1430 psalmum
1215 1394 1309 1422 canite
1325 1394 1378 1423 illi.

1086 1441 1304 1478 Beneplacitum
1324 1445 1366 1470 est
1380 1442 1406 1470 ei
1422 1450 1512 1479 super
1527 1443 1661 1472 timentes
1677 1445 1787 1473 Deum:
1803 1446 1832 1472 et

1049 1488 1078 1516 in
1094 1489 1136 1516 eis
1150 1489 1200 1525 qui
1216 1491 1336 1525 sperant
1351 1489 1380 1518 in
1396 1490 1601 1520 misericordia
1615 1491 1688 1527 ejiis.

1084 1534 1183 1564 Gloria
1199 1536 1284 1572 Patri,
1301 1538 1354 1564 etc.

1335 1620 1460 1647 Pslfflcs
1482 1622 1541 1647 147.

1084 1679 1195 1714 Lauda,
1210 1680 1401 1715 llicrusalcm,
1415 1681 1588 1710 Dominam:
1602 1681 1831 1717 glorificaillam

1048 1726 1147 1759 etiam,
1167 1735 1184 1755 o
1199 1727 1280 1755 Sion.

1084 1775 1147 1810 ipsa
1165 1775 1243 1802 enim
1259 1775 1401 1803 construit
1415 1783 1517 1804 muros
1532 1777 1614 1804 tuos:
1633 1777 1661 1804 et
1671 1776 1748 1805 filios
1763 1778 1829 1805 tuos

1048 1820 1206 1849 benedicit.

1084 1868 1180 1896 Gratia
1204 1877 1258 1897 sua
1285 1872 1311 1897 te
1339 1869 1529 1905 impinguat:
1550 1878 1715 1907 pacemque
1737 1871 1830 1900 donat

1048 1917 1178 1945 terminis
1194 1917 1260 1945 tuis.

1085 1965 1184 1993 Emisit
1208 1965 1336 1992 Verbum
1361 1973 1448 1992 suum
1471 1964 1634 1993 Altissimus
1655 1974 1661 1992 :
1688 1967 1715 1993 et
1739 1966 1829 1994 virtus

1047 2012 1109 2047 ejus
1124 2011 1316 2040 obumbravit
1330 2011 1381 2039 illi.

1084 2061 1226 2087 Leveinus
1250 2058 1340 2087 corda
1362 2062 1462 2087 nostra
1483 2067 1551 2087 cum
1572 2059 1712 2088 manibus
1734 2060 1772 2088 ad
1797 2060 1830 2088 il-

1048 2106 1106 2134 lam
1125 2116 1130 2134 :
1149 2108 1179 2133 ut
1194 2114 1280 2142 suam
1297 2105 1481 2134 influentiam
1496 2106 1666 2134 sentiamus.

1083 2153 1181 2181 Gloria
1199 2153 1284 2186 l‘atri,
1302 2155 1355 2180 etc.

1336 2235 1462 2262 Psamcs
1479 2235 1540 2262 14⁸.

1083 2295 1209 2324 Laudate
1230 2295 1385 2323 Dominam
1401 2298 1532 2323 nostram
1549 2295 1586 2324 de
1602 2295 1701 2324 ccrlis:
1718 2296 1829 2331 glorifi-

1045 2346 1108 2371 cate
1124 2351 1189 2371 eam
1206 2342 1235 2369 in
1251 2342 1382 2370 excelsis.

1082 2389 1210 2418 Laudate
1232 2398 1310 2423 cani,
1332 2397 1435 2417 omncs
1458 2390 1594 2418 homines
1619 2392 1647 2418 et
1669 2390 1825 2425 jumenta:

1045 2437 1182 2465 volucres
1200 2437 1278 2471 coeli,
1294 2439 1321 2465 et
1337 2437 1431 2473 pisces
1445 2437 1544 2464 maris

1085 2484 1212 2512 Laudatc
1234 2492 1310 2518 eam,
1327 2484 1374 2512 Sol
1391 2486 1418 2511 et
1434 2485 1513 2511 Luna
1527 2493 1532 2510 z
1552 2483 1660 2517 Stellae,
1683 2486 1710 2511 et
1726 2483 1827 2511 circuli

1045 2532 1243 2560 l'lanctaruin.

1081 2579 1214 2607 Laudate
1233 2587 1309 2613 cam,
1326 2578 1486 2606 Cherubim
1501 2581 1527 2606 ct
1542 2577 1693 2613 Seraphim
1710 2587 1717 2606 ;
1737 2578 1827 2607 Thro-

1044 2627 1074 2654 ni
1095 2628 1122 2654 et
1138 2626 1368 2660 nominationes,
1385 2628 1413 2653 et
1425 2627 1590 2653 potestates.

1093 2723 1117 2750 n)
1134 2721 1196 2745 Coet.
1212 2720 1273 2744 edit.
1290 2720 1430 2751 generatio.
