2029 3052
509 181 764 217 PSALTERIUM
787 179 913 213 MAJUS
937 179 1081 214 BEATAE
1102 183 1243 216 MARIAE
1264 182 1450 216 VIRGINIS.

208 251 399 281 Delectamini
421 251 452 280 in
470 252 613 281 laudibus
635 251 714 280 illius
735 259 743 277 ι
768 251 796 279 et
814 248 953 278 exaudiet

170 299 327 336 petitiones
342 299 440 328 cordis
455 300 553 329 vestri.

207 347 306 375 Melius
321 349 364 375 est
377 346 532 375 modicum
546 355 614 375 cum
630 346 725 382 gratia
740 345 837 374 illius:
858 352 951 382 quam

169 395 300 424 thesauri
315 395 446 431 argentei
462 397 490 423 et
504 394 620 431 lapides
631 393 762 431 pretiosi.

205 442 304 471 Gloria
319 450 437 478 semper
451 442 487 470 sit
501 441 565 476 tibi,
579 450 596 470 o
611 441 723 477 Regina
738 440 880 469 coelorum
897 448 903 467 :
925 441 953 468 et

168 489 199 517 in
214 489 277 518 ullo
294 491 427 526 tempore
441 489 504 518 noli
518 497 574 517 nos
588 487 734 517 oblivisci.

465 572 592 599 Pslmus
605 571 651 599 37.

199 631 341 667 Domina,
361 639 398 660 ne
417 631 448 659 in
468 631 568 660 furore
592 633 644 659 tuo
662 632 767 666 arguat
785 638 833 658 me
853 630 952 659 Domi-

168 687 243 707 nus:
260 678 348 707 nobis
361 678 481 707 veniam
496 678 597 706 obtine
614 678 652 706 de
667 678 805 714 peccatis.

205 729 237 756 ln
253 727 412 762 conspectu
433 727 485 754 tuo
508 725 545 754 sit
566 734 656 754 omne
679 726 859 754 desiderium
878 734 950 754 nos-

169 775 248 802 trum
261 783 267 801 :
284 781 352 809 spes
366 774 468 801 nostra
484 774 511 800 et
526 772 707 801 confidentia
720 775 830 801 nostra.

205 822 261 849 Cor
275 828 377 848 meum
397 819 606 848 conturbatum
627 822 669 848 est
693 821 723 848 in
744 828 792 848 me
809 829 815 848 :
840 820 951 848 recedit

168 867 221 895 lux
236 867 273 895 de
283 867 446 895 visceribus
460 866 545 895 meis.

203 914 342 942 lllumina
375 914 536 950 splendore
563 916 613 942 tuo
639 914 799 943 caecitatem
823 923 922 942 meam
942 924 948 942 :

168 959 306 988 dulcifica
321 959 443 987 dulcore
459 962 510 987 tuo
525 959 735 988 contritionem
748 968 857 988 meam.

205 1009 244 1035 Ne
258 1007 447 1043 derelinquas
462 1015 527 1041 nos,
544 1006 669 1035 Domina
687 1009 781 1035 mater
798 1007 847 1034 Dei
861 1016 867 1034 z
885 1015 951 1042 gra-

168 1055 209 1084 tia
222 1056 274 1083 tua
294 1057 321 1083 et
340 1055 432 1083 virtus
455 1055 491 1083 sit
510 1063 527 1082 a
545 1054 654 1083 dextris
676 1054 760 1083 meis.
781 1054 879 1082 Gloria
895 1056 949 1082 Pa-

168 1103 215 1137 tri,
232 1104 286 1131 etc.

465 1140 590 1171 Psmuus
604 1139 648 1166 38.

205 1197 269 1224 Dixi
287 1206 293 1226 ι
316 1196 488 1225 Custodiam
502 1197 566 1225 vias
581 1205 675 1231 meas,
690 1205 708 1224 0
724 1196 865 1224 Domina:
881 1204 949 1224 cum

168 1252 222 1281 per
236 1246 262 1272 te
274 1244 368 1279 gratia
383 1243 487 1271 Christi
503 1243 576 1271 mihi
593 1243 647 1271 fuit
662 1243 741 1271 data.

205 1291 329 1319 Dulcore
340 1293 390 1319 tuo
400 1290 595 1327 liquefactum
603 1293 645 1319 est
655 1299 706 1319 cor
715 1299 832 1319 meum:
847 1299 950 1319 amore

168 1341 219 1367 tuo
234 1338 417 1366 inflammata
432 1340 499 1365 sunt
515 1338 627 1366 viscera
641 1346 717 1365 mea.

203 1386 317 1414 Exaudi
337 1385 503 1413 orationem
518 1393 627 1420 meam,
645 1386 779 1421 Domina,
797 1387 824 1413 et
842 1385 949 1421 depre-

170 1433 316 1462 cationem
342 1441 440 1460 meam
464 1441 470 1459 :
497 1434 524 1460 et
547 1432 759 1461 contabescant
785 1433 950 1461 adversarii

169 1480 237 1508 mei.

204 1528 337 1557 Miserere
352 1528 411 1556 mei
427 1528 463 1556 de
479 1528 572 1562 coelis,
584 1530 612 1555 et
627 1527 663 1555 de
677 1527 831 1555 altitudine
851 1527 950 1555 throni

170 1576 212 1603 tui
229 1584 235 1603 :
252 1578 279 1604 et
294 1583 331 1603 ne
353 1576 506 1612 permittas
523 1583 570 1603 me
586 1574 617 1602 in
640 1574 718 1602 valle
736 1574 862 1602 miseriae
877 1582 948 1602 con-

169 1622 292 1651 turbari.

205 1669 325 1698 Custodi
339 1669 449 1706 pedem
459 1677 572 1704 meum,
588 1676 624 1696 ne
640 1668 767 1696 laedatur
784 1678 790 1696 :
808 1668 875 1696 etin
889 1668 950 1697 fine

170 1725 238 1745 meo
254 1717 290 1745 sit
304 1717 398 1753 gratia
411 1719 471 1744 tua.
488 1716 585 1744 Gloria
600 1715 686 1750 Patri,
701 1718 755 1744 etc.

466 1802 591 1828 PSALmus
606 1801 650 1828 39.

206 1861 369 1897 Expectans
385 1861 537 1897 expectavi
553 1861 678 1896 gratiam
694 1863 793 1889 tuam:
814 1863 842 1889 et
860 1860 952 1889 fecisti

170 1907 244 1936 mihi
259 1908 424 1936 secundum
439 1908 660 1936 multitudinem
671 1908 882 1936 misericordiae
896 1915 951 1936 no-

170 1955 258 1983 minis
274 1956 326 1984 tui.

207 2003 355 2031 Exaudisti
368 2011 471 2039 preces
484 2010 581 2030 meas:
599 2004 627 2030 et
641 2002 768 2030 eduxisti
779 2010 826 2030 me
836 2002 873 2031 de
884 2003 951 2031 lacu

170 2053 305 2088 miseriae,
320 2055 347 2081 et
360 2053 397 2080 de
414 2052 502 2080 fovea
517 2052 640 2080 inimici.

205 2100 292 2128 Multa
307 2102 335 2128 et
350 2100 498 2128 mirabilia
521 2103 589 2128 sunt
611 2100 691 2127 dona
713 2101 778 2134 tua,
802 2099 926 2127 Domina
944 2109 949 2127 ;

170 2148 419 2183 incomparabilia
429 2150 496 2175 sunt
508 2155 633 2175 munera
647 2147 808 2183 gratiarum
821 2148 949 2174 tuarum.

205 2195 340 2222 Exultent
354 2197 381 2222 et
393 2196 525 2223 laetentur
541 2196 670 2231 superte
687 2202 800 2228 omnes,
818 2194 869 2230 qui
885 2194 951 2221 dili-

171 2244 244 2277 gunt
258 2244 284 2270 te
302 2252 308 2270 :
326 2242 377 2278 qui
392 2243 520 2270 oderunt
532 2250 642 2270 nomen
657 2244 750 2274 tuum,
767 2244 906 2269 corruant
921 2241 951 2269 in

171 2289 330 2317 infernum.

207 2336 362 2364 Benedicta
377 2337 415 2364 sis
431 2337 461 2364 in
481 2338 633 2372 aetemum,
650 2336 792 2364 Domina:
810 2336 840 2363 in
860 2344 951 2363 saecu-

171 2383 234 2411 lum
250 2386 278 2412 et
292 2385 321 2411 in
337 2383 476 2411 saeculum
490 2384 598 2411 saeculi.
616 2383 713 2411 Gloria
730 2383 815 2418 Patri,
832 2384 884 2410 etc.

468 2466 594 2494 Pstuus
611 2468 654 2494 40.

210 2528 295 2555 Beata
317 2529 406 2556 Maria
425 2528 560 2563 intelligit
580 2535 667 2563 super
689 2535 817 2562 egenum
837 2528 865 2555 et
879 2534 952 2562 pau-

174 2581 292 2609 perem:
309 2575 339 2602 in
351 2576 414 2610 ejus
426 2575 568 2603 laudibus
583 2576 816 2611 permanentem.

210 2622 333 2650 Domina
355 2622 542 2658 angelorum,
561 2622 672 2657 Regina
698 2621 821 2648 mundi:
839 2620 952 2649 munda

174 2675 225 2696 cor
240 2677 340 2697 meum
354 2670 421 2705 igne
437 2670 547 2698 amoris
563 2672 590 2697 ct
605 2669 752 2697 charitatis
768 2671 832 2696 tuae.

1731 188 1790 217 205

1043 252 1083 279 Tu
1099 259 1129 280 es
1150 254 1244 281 mater
1258 250 1484 280 illuminationis
1499 251 1598 280 cordis
1613 252 1672 280 mei
1689 261 1695 280 ε
1713 254 1744 281 tu
1759 261 1790 281 es

1007 298 1107 326 nutrix
1121 298 1260 327 refovens
1274 300 1403 327 mentem
1418 306 1527 327 meam.

1043 347 1080 373 Te
1107 345 1187 382 cupit
1216 354 1250 374 os
1269 354 1371 374 meum
1398 345 1594 374 collaudare:
1623 348 1649 374 te
1674 347 1791 376 affectat

1007 400 1092 420 mens
1107 401 1175 420 mea
1190 393 1433 422 affectuosissime
1449 393 1597 421 venerari.

1042 441 1078 467 Te
1099 439 1248 468 desiderat
1271 440 1373 468 anima
1395 448 1463 468 mea
1484 448 1623 468 exorare:
1648 441 1719 477 quia
1733 441 1789 469 tui-

1006 486 1079 515 tioni
1097 488 1155 514 tuae
1177 495 1208 515 se
1228 487 1420 516 commendat
1442 489 1502 517 tota
1525 487 1690 517 substantia
1712 496 1788 517 mea.

1006 533 1104 562 Gloria
1118 534 1206 569 Patri,
1221 536 1274 564 etc.

1299 617 1426 645 Psumus
1445 618 1491 645 41.

1042 677 1304 712 Quemadmodum
1325 677 1476 706 desiderat
1499 686 1603 706 cervus
1633 679 1673 707 ad
1696 679 1791 707 sontes

1007 732 1154 761 aquarum
1172 735 1178 752 ε
1195 725 1235 753 ita
1250 725 1289 753 ad
1304 733 1439 753 amorem
1458 726 1542 752 tuum
1556 725 1675 754 anhelat
1691 726 1792 755 anima

1006 780 1082 800 mea.
1617 793 1620 796 .

1042 819 1115 853 Quia
1130 821 1161 847 tu
1173 828 1202 847 es
1217 819 1343 855 genitrix
1359 819 1426 847 vitae
1442 827 1515 847 meze
1528 829 1533 847 :
1551 821 1579 848 et
1595 820 1683 849 altrix
1698 823 1792 858 Repa-

1005 866 1111 895 ratoris
1123 866 1219 894 carnis
1235 875 1320 894 meae.

1042 914 1116 948 Quia
1132 916 1163 942 tu
1185 922 1215 942 es
1238 914 1372 942 lactatrix
1387 914 1546 942 salvatoris
1570 915 1677 943 animae
1696 924 1789 943 meae:

1006 961 1123 989 initium
1139 963 1166 989 et
1180 961 1247 989 finis
1261 961 1349 989 totius
1362 962 1465 989 salutis
1479 970 1564 990 meae.

1042 1008 1155 1036 Exaudi
1172 1016 1229 1043 me,
1244 1007 1378 1043 Domina,
1389 1009 1572 1036 mundentur
1583 1009 1686 1037 sordes
1696 1018 1770 1038 meze
1784 1019 1790 1038 :

1005 1055 1143 1083 illumina
1162 1064 1220 1090 me,
1245 1055 1380 1089 Domina,
1403 1057 1435 1083 ut
1456 1055 1639 1084 illustrentur
1662 1057 1791 1085 tenebrae

1005 1111 1088 1131 meae.

1042 1151 1226 1178 Accendatur
1249 1158 1350 1178 amore
1375 1152 1426 1178 tuo
1452 1152 1535 1186 tepor
1555 1158 1639 1178 meus
1666 1160 1672 1178 :
1697 1151 1791 1186 gratia

1006 1199 1056 1227 tua
1073 1198 1236 1234 expellatur
1249 1200 1352 1233 torpor
1367 1205 1461 1225 meus.
1482 1197 1579 1226 Gloria
1595 1197 1681 1233 Patri,
1698 1200 1752 1226 etc.

1303 1281 1429 1308 PsALmus
1448 1280 1492 1307 42.

1042 1341 1146 1370 Judica
1154 1350 1212 1376 me,
1227 1341 1361 1376 Domina,
1373 1344 1400 1369 et
1416 1342 1548 1371 discerne
1560 1350 1680 1370 causam
1691 1350 1790 1371 meam

1007 1390 1044 1417 dc
1069 1391 1155 1425 gente
1176 1397 1318 1425 perversa
1339 1398 1345 1416 :
1371 1397 1388 1416 a
1412 1391 1546 1425 serpente
1567 1389 1700 1425 maligno
1723 1392 1750 1417 et
1773 1398 1791 1418 a

1007 1436 1137 1465 dracone
1152 1436 1289 1472 pestifero
1305 1436 1400 1464 libera
1419 1444 1477 1464 me.

1042 1485 1148 1512 Sancta
1162 1483 1338 1511 foecunditas
1353 1485 1403 1511 tua
1419 1483 1571 1519 disperdat
1590 1492 1657 1511 eum
1675 1494 1682 1511 ι
1703 1484 1790 1512 beata

1006 1531 1158 1567 virginitas
1173 1532 1224 1558 tua
1239 1532 1371 1558 conterat
1383 1532 1471 1566 caput
1486 1531 1559 1565 ejuS.

1043 1580 1154 1606 Sanctae
1175 1585 1285 1614 praeces
1308 1579 1365 1605 tuae
1390 1578 1586 1605 corroborent
1608 1586 1663 1606 nos
1687 1580 1790 1606 contra

1007 1634 1077 1653 eum
1100 1635 1106 1653 z
1130 1627 1231 1653 sancta
1251 1624 1356 1652 merita
1380 1627 1430 1652 tua
1456 1625 1627 1653 exinaniant
1651 1625 1790 1653 virtutem

1006 1673 1079 1708 eJ'us.

1044 1721 1265 1748 persecutorem
1279 1719 1385 1747 animae
1400 1727 1473 1746 meae
1486 1719 1568 1747 mitte
1581 1719 1612 1747 in
1627 1719 1789 1755 abyssum:

1007 1769 1114 1804 puteus
1126 1766 1277 1794 infernalis
1292 1766 1436 1801 deglutiat
1450 1774 1519 1793 eum
1539 1766 1698 1794 viventem.

1044 1817 1104 1850 Ego
1128 1816 1227 1842 autem
1251 1816 1278 1842 et
1301 1814 1402 1841 anima
1424 1822 1491 1842 mea
1514 1814 1545 1841 in
1564 1816 1641 1842 terra
1666 1814 1789 1850 captivi—

1008 1862 1073 1890 tatis
1088 1870 1162 1889 meae
1179 1861 1356 1889 benedicam
1381 1869 1491 1888 nomen
1512 1863 1596 1888 tuum
1618 1871 1623 1888 :
1649 1863 1677 1888 et
1698 1861 1790 1896 glori-

1008 1909 1105 1937 ficabo
1117 1910 1144 1936 te
1153 1909 1183 1936 in
1196 1908 1303 1936 saecula
1315 1908 1501 1936 saeculorum.
1519 1907 1617 1936 Gloria
1631 1909 1718 1944 Patri,
1735 1910 1790 1936 etc.

1304 1992 1429 2018 PSALmus
1448 1991 1493 2018 43.

1045 2052 1179 2086 Domina,
1192 2051 1314 2079 auribus
1328 2051 1434 2079 nostris
1445 2051 1615 2079 audivimus
1632 2060 1637 2078 :
1652 2052 1679 2079 et
1693 2053 1791 2087 patres

1008 2099 1100 2127 nostri
1115 2099 1365 2126 annuntiaverunt
1380 2098 1476 2125 nobis.

1044 2146 1117 2180 Quia
1132 2145 1294 2173 ineffabilia
1305 2148 1372 2172 sunt
1386 2145 1489 2172 merita
1505 2146 1555 2172 tua
1570 2153 1576 2172 :
1593 2147 1619 2173 et
1634 2145 1719 2173 valde
1732 2147 1791 2173 stu-

1008 2194 1108 2230 penda
1123 2192 1271 2220 mirabilia
1286 2194 1345 2219 tua.

1045 2240 1179 2274 Domina,
1196 2239 1428 2267 innumerabiles
1443 2242 1510 2267 sunt
1529 2240 1649 2268 virtutes
1664 2242 1720 2268 tuae
1740 2249 1746 2268 z
1764 2242 1791 2268 et

1008 2287 1231 2316 inaestimabiles
1247 2286 1457 2314 misericordiae
1473 2289 1538 2314 tuae.

1045 2335 1159 2369 Exuha,
1184 2335 1284 2362 anima
1305 2342 1383 2369 mea,
1406 2336 1434 2362 et
1453 2334 1550 2362 laetare
1571 2335 1601 2362 in
1625 2335 1676 2362 illa
1693 2344 1699 2362 :
1721 2335 1791 2370 quia

1009 2383 1103 2410 multa
1118 2382 1199 2409 bona
1212 2383 1279 2409 suut
1293 2381 1499 2409 laudatoribus
1514 2383 1688 2418 praeparata.

1047 2429 1201 2457 Benedicta
1212 2428 1260 2463 515,
1274 2429 1386 2463 Regina
1401 2429 1544 2456 coelorum
1557 2432 1584 2456 et
1594 2429 1788 2464 angelorum:

1010 2479 1037 2505 et
1050 2476 1264 2504 benedicantur
1275 2484 1292 2503 a
1308 2478 1365 2504 Deo
1381 2468 1551 2504 laudatores
1564 2476 1790 2511 magnificentiae

1009 2527 1074 2552 tute.
1092 2524 1190 2552 Gloria
1202 2524 1288 2559 Patri,
1305 2525 1358 2551 etc.

1305 2607 1431 2634 PSALmus
1449 2606 1494 2633 44.

1047 2666 1193 2694 Eructavit
1219 2674 1269 2694 cor
1295 2675 1395 2694 meum
1422 2666 1547 2694 verbum
1572 2667 1707 2701 bouum,
1732 2667 1789 2693 Do-
