2029 3052
230 197 270 228 76
596 193 806 227 SERMONES
828 194 879 227 DE
897 193 1064 227 SANCTlS
1083 194 1125 229 IN
1145 195 1340 230 comitum.
1362 196 1484 230 xxvn.

230 264 331 301 posset
337 261 442 292 reduci
447 262 533 299 quod
538 262 570 291 in
579 261 640 291 fine
649 262 821 292 chananaeoe
829 269 1010 299 responsum

231 311 284 345 est,
304 309 425 345 scilicet,
445 311 478 338 ut
499 317 588 338 orans
601 317 663 338 non
681 309 795 338 hmitet
812 309 842 338 in
863 308 936 344 fide,
955 309 1010 337 sed

230 356 356 386 fideliter
370 357 482 392 credat,
502 364 596 394 seque
609 358 707 394 speret
719 357 921 393 accepturum,
938 356 1010 393 quia

232 403 374 432 Dominus
387 403 489 432 docuit
502 404 543 432 ita
557 411 619 432 esse
629 403 794 432 orandum¹
810 412 844 431 :a
854 403 1009 441 Quidquid

231 450 450 488 postulaveritis
463 450 627 486 eredentes,
643 450 802 487 accipietis,
815 451 844 479 et
857 449 908 479 fiet
921 450 1010 480 vobis

231 505 250 526 a
261 499 344 527 Patre
362 505 442 526 meo.
457 508 472 525 n
491 498 542 526 Et*
558 506 566 526 ε
585 507 600 524 ι(
614 497 742 526 Postulet
762 499 861 526 autem
879 497 911 526 in
930 497 1010 533 fide,

232 544 307 574 nihil
323 545 461 574 hoesitans
477 554 484 573 :
506 545 559 582 qui
576 545 676 573 autem
696 543 820 580 haesitat,
842 544 947 573 similis
967 546 1011 573 est

231 591 334 621 fluctui
348 591 450 628 maris,
465 601 480 618 ι)
497 593 552 620 etc.

268 640 388 674 Quarto,
408 638 503 668 oratio
523 639 612 667 debet
630 646 693 668 esse
714 638 865 674 continua,
879 640 921 674 ut,
936 638 1012 667 sicut

232 694 388 722 nunquam
403 685 502 714 deficit
513 694 627 723 pugna,
641 686 683 715 sic
693 693 848 723 nunquam
860 693 1010 714 cessemus

233 735 332 770 petere
341 733 586 762 misericordiam.
597 735 766 771 Numquam
777 733 872 769 mites,
883 733 1010 762 existens

234 780 265 808 in
290 788 412 817 pugna,
433 780 556 817 deponit
575 788 660 809 arma
683 782 750 809 ante
776 780 929 809 obtentam
950 780 1011 808 vic-

233 827 349 856 toriam.
372 827 430 856 Sed
452 835 536 856 arma
558 829 659 856 nostra
683 830 751 856 sunt
771 828 931 860 orationes,
947 827 1012 864 qui-

233 874 291 903 bus
311 876 415 903 eontra
441 874 646 903 adversarium
669 882 854 912 pugnamuS‚
875 876 903 903 et
936 874 1012 902 divi-

231 929 304 950 num
329 921 473 950 auxilium
506 922 708 958 impetramus.
727 924 822 958 Ergo,
849 924 1011 958 antequam

232 969 404 1004 vincamus,
430 977 544 997 cessare
573 969 612 997 ab
636 969 752 997 orando
772 977 833 997 non
853 968 1011 997 debemus.

233 1016 339 1044 Verum
365 1018 433 1044 ante
457 1018 584 1044 mortem
612 1016 696 1045 nulla
718 1018 797 1045 certa
820 1018 862 1045 est
876 1016 1010 1050 victoria,

233 1063 302 1099 quia
326 1070 443 1099 semper
459 1064 548 1091 restat
574 1071 676 1100 pugna
697 1073 702 1090 :
731 1071 803 1099 ergo
815 1063 854 1091 ab
875 1063 1010 1091 oratione

230 1117 291 1138 non
316 1112 359 1138 est
381 1110 558 1138 cessandum
582 1112 649 1138 ante
674 1113 810 1139 mortem.
837 1110 918 1139 Unde
940 1110 1011 1138 dicit

230 1156 388 1193 Apostolus
410 1157 421 1174 ⁸
443 1167 450 1184 :
475 1167 488 1183 α
509 1157 577 1185 Sine
597 1157 813 1185 intermissione
835 1159 955 1185 orate.»
981 1158 1013 1185 Et

231 1203 383 1238 Dominus,
394 1204 424 1232 in
438 1206 572 1232 nostrum
585 1204 767 1241 exemplum,
778 1198 972 1241 pernoctabat
983 1203 1012 1231 in

230 1250 443 1279 orationibus‘.
471 1251 551 1279 Unde
574 1253 601 1279 et
623 1251 676 1279 filii
696 1251 782 1279 lsrael
803 1251 942 1279 dicebant
963 1252 1012 1279 Sa-

231 1297 321 1325 mueli
330 1298 358 1325 ¹⁵:
374 1308 386 1323 a
395 1300 457 1326 Non
468 1306 562 1326 cesses
569 1306 625 1334 pro
638 1298 725 1326 nobis
736 1298 774 1326 ad
787 1299 877 1326 Deum
889 1306 1008 1326 orare.»

229 1345 287 1373 Sed
314 1344 388 1373 forte
417 1345 497 1374 dices
521 1355 527 1373 :
554 1345 714 1379 Quomodo
744 1354 866 1382 possum
894 1354 1012 1382 semper

230 1394 337 1420 orare?
352 1393 502 1429 Numquid
524 1401 586 1421 non
609 1401 728 1421 necesse
744 1395 787 1421 est
804 1393 985 1421 manducare
997 1395 1011 1421 i?

230 1439 378 1476 numquid
402 1447 463 1468 non
483 1447 601 1468 necesse
623 1443 665 1468 est
688 1440 848 1468 laborare?
863 1440 1011 1477 numquid

230 1494 290 1515 non
306 1495 381 1523 opus
395 1487 542 1515 habemus
557 1488 710 1515 dormire?
734 1487 789 1516 Sed
813 1487 942 1521 attende,
966 1496 1010 1515 se-

230 1534 362 1562 cundum
383 1535 578 1570 Augustinum
599 1535 623 1568 ⁶,
639 1534 721 1570 quod
744 1543 804 1562 nou
827 1534 934 1562 desinit
957 1542 1010 1562 un-

230 1589 322 1618 quam
345 1589 441 1615 orare,
457 1581 508 1617 qui
528 1589 588 1609 non
611 1581 717 1609 desinit
739 1581 923 1610 benefacere.
945 1582 1012 1609 l‘lus

231 1631 273 1656 est
287 1628 365 1656 enim
385 1636 470 1656 orare
490 1629 578 1656 corde
595 1631 622 1656 et
639 1637 739 1665 opere,
760 1638 850 1665 quam
871 1637 932 1656 ore.
948 1631 1011 1657 Non

232 1683 303 1711 ergo
320 1683 405 1703 orare
421 1675 538 1710 desinit,
554 1675 605 1711 qui
622 1675 796 1703 benefacere
813 1684 872 1703 non
889 1676 1010 1703 desistIt.

232 1722 312 1750 Unde
326 1722 372 1750 vir
383 1725 512 1756 sanctus,
527 1723 588 1749 sive
603 1723 637 1750 sit
653 1730 790 1758 operam,
808 1723 868 1750 sive
884 1723 1011 1750 maudu-

233 1778 312 1804 cans,
329 1769 390 1797 sive
414 1769 576 1804 dormiens,
601 1778 668 1797 cuin
690 1770 743 1798 ista
765 1770 866 1798 omnia
891 1772 1012 1806 propter

233 1818 324 1844 Deum
339 1816 436 1851 saciat,
452 1818 484 1844 ut
501 1817 611 1845 servire
629 1819 686 1845 Deo
706 1817 812 1845 melius
828 1817 936 1851 valeat,
957 1817 1011 1844 uti-

233 1872 291 1900 que
307 1872 424 1900 semper
443 1866 516 1892 orat.
538 1864 581 1892 Ad
602 1864 657 1892 hoc
679 1864 757 1892 enim
779 1864 899 1899 dormit,
916 1867 945 1892 ut
960 1873 1013 1900 po-

233 1914 292 1939 stea
312 1911 418 1938 melius
437 1911 467 1938 in
484 1911 603 1938 servitio
628 1911 674 1938 Dei
700 1911 822 1946 vigilare
842 1912 947 1947 possit5
973 1912 1012 1939 ad

233 1958 289 1986 hoc
310 1958 481 1992 manducat,
501 1960 532 1985 ut
554 1960 611 1985 Deo
632 1959 747 1992 serviat,
771 1961 801 1986 ut
817 1958 936 1995 pondus
952 1967 1012 1994 pm-

234 2006 360 2033 nitentiae
383 2007 499 2041 portare
511 2005 617 2032 valcat.
634 2005 700 2033 Sine
712 2005 756 2032 his
767 2006 856 2039 enim,
873 2014 940 2033 cuin
957 2006 1014 2033 sint

234 2053 271 2079 dc
287 2052 455 2079 necessitate
478 2055 599 2085 natui'u’,
625 2060 684 2079 non
701 2061 859 2088 possumus
879 2055 936 2080 Deo
954 2061 1015 2080 scr—

236 2099 307 2126 vire.
326 2100 400 2133 Ergo
420 2107 537 2134 semper
557 2101 597 2126 est
622 2099 781 2133 orandum,
807 2100 877 2136 quia
896 2108 1013 2135 semper

235 2145 491 2180 benefaciendum,
507 2148 533 2173 et
545 2147 603 2174 Deo
615 2154 730 2182 semper
742 2146 942 2174 serviendum.
957 2146 1012 2173 Sed

235 2192 282 2220 hic
298 2195 340 2220 est
355 2193 530 2227 notandum,
548 2193 630 2228 quod
647 2194 669 2220 si
693 2193 830 2221 volumus
847 2202 941 2227 orare,
963 2196 1014 2222 ‹le-

236 2240 341 2267 bcmus
364 2247 419 2266 nos
442 2240 523 2275 prius
544 2248 721 2275 praeparare,
747 2242 847 2269 omnia
868 2243 1013 2272 exteriora

237 2287 392 2319 dimittere,
406 2289 432 2313 et
444 2286 482 2313 ad
494 2286 629 2314 intimum
642 2287 732 2314 animi
745 2288 895 2323 reducere,
912 2290 1012 2326 ibique

237 2334 338 2362 oculos
356 2333 454 2361 cordis
469 2333 507 2360 ad
527 2334 617 2360 Deum
633 2334 770 2369 dirigere,
787 2339 814 2362 et
832 2336 903 2364 nihil
919 2337 1013 2372 aliud,

237 2390 327 2417 quain
344 2381 380 2408 de
396 2381 453 2408 D‹·o
473 2381 612 2415 cogitare.
639 2381 717 2408 l'nde
744 2382 849 2410 dicitur
865 2385 873 2399 ⁷
892 2393 897 2411 :
917 2395 928 2409 κ
943 2388 1013 2413 Ante

237 2429 403 2457 orationem
424 2436 558 2464 praepara
573 2429 704 2456 animam
719 2431 810 2464 tuam,
832 2434 858 2458 ct
876 2432 935 2460 noli
951 2442 1013 2461 csse.

270 2526 274 2541 ¹
299 2525 375 2548 Mar-c.
396 2531 424 2555 x,
448 2526 491 2553 Ξῖ,
512 2525 596 2555 quoad
617 2532 728 2548 sensum.
746 2539 773 2542 —
791 2527 801 2542 ⁹
816 2527 877 2555 luc..
900 2534 920 2555 ι,
941 2530 963 2552 6.
983 2543 1013 2547 -

238 2559 513 2589 ³1Tl1ess.v,17.—
532 2560 540 2576 ὅ
554 2560 763 2589 L11».,x1,12.—
778 2562 786 2577 ⁶
802 2561 807 2584 Ι
823 2563 890 2592 lizy„
908 2569 957 2591 Mi,
974 2567 1012 2588 ll.

239 2608 267 2612 -—
288 2597 296 2609 ὕ
313 2596 366 2619 lino
386 2598 516 2618 auctorent
539 2602 616 2619 serm.
640 2602 681 2624 LV,
704 2596 736 2619 al.
764 2602 786 2619 iv
813 2597 877 2621 iuter
898 2599 968 2623 luun.
986 2602 1013 2626 li.

239 2639 264 2655 n.
281 2634 304 2661 l,
319 2631 391 2662 Oper.
412 2632 474 2661 Aug.
493 2631 607 2662 Append.
632 2634 694 2655 tom.
712 2632 755 2662 w,
771 2632 814 2656 uhi
828 2633 935 2663 legitur:
950 2627 1014 2660 Vere

239 2667 307 2692 novit
324 2669 390 2691 recte
405 2667 498 2696 vivere,
520 2667 562 2698 qui
579 2670 646 2691 reste
665 2668 737 2691 novit
757 2675 840 2692 orare.
858 2683 885 2687 —
898 2671 906 2686 7
926 2672 1013 2702 ticeli„

1065 263 1140 294 sicut
1153 264 1257 302 homo,
1280 265 1334 303 qui
1352 266 1445 295 tentat
1467 267 1596 294 neuma
1619 266 1668 295 Est
1684 272 1758 302 ergo
1774 272 1848 302 pur-

1065 311 1166 348 ganda
1180 312 1282 342 anima
1295 312 1408 342 orantis
1421 321 1441 342 a
1452 313 1547 342 tribus
1563 321 1571 341 :
1585 311 1698 350 primo,
1711 319 1730 341 a
1741 312 1848 341 mentis

1065 358 1194 388 elatione
1201 368 1210 395 ;
1219 359 1364 396 seeundo,
1375 368 1394 389 a
1405 359 1502 389 carnis
1516 359 1732 395 delectatione,
1749 358 1847 392 tertio,

1065 405 1105 435 ab
1119 406 1256 436 exteriori
1271 407 1478 444 occupatione.
1492 409 1652 444 Nunquam
1670 406 1752 435 enim
1763 407 1848 443 pote-

1065 453 1103 481 rit
1116 453 1211 483 oratio
1226 455 1286 483 Deo
1299 462 1363 483 esse
1379 455 1472 490 grata,
1483 453 1509 482 si
1518 454 1614 483 oranti
1627 453 1745 482 affuerit
1758 453 1847 482 elatio

1065 500 1182 536 mentis,
1196 501 1221 528 si
1236 500 1392 530 delectatio
1407 501 1515 537 carnis,
1531 501 1556 529 si
1565 500 1706 538 cogitatio
1716 500 1758 529 rei
1772 502 1847 529 tem·

1065 547 1177 584 poralis
1195 550 1224 577 et
1245 547 1409 577 familiaris.
1433 548 1502 576 Dico
1516 547 1612 585 quod,
1633 549 1795 585 antequam
1807 547 1847 576 ad

1066 594 1233 624 orationem
1257 595 1398 630 accedas,
1422 594 1584 632 purganda
1609 596 1653 624 est
1681 595 1784 623 anima
1807 594 1847 623 ab

1066 641 1148 670 omni
1173 641 1302 671 elatione
1322 642 1430 671 mentis
1452 650 1507 679 per
1530 649 1631 670 veram
1650 641 1849 670 humilitatem

1067 688 1175 718 cordis.
1192 688 1312 718 sienim
1323 690 1398 718 Deus
1407 689 1544 726 superbis
1558 689 1676 723 resistit,
1692 687 1849 726 quomodo

1067 744 1119 765 eos
1132 739 1251 765 orantes
1265 736 1408 765 exaudit?
1424 736 1506 765 Unde
1521 735 1695 773 exemplum
1706 736 1828 773 ponitur
1838 736 1849 753 ⁸

1067 785 1105 814 de
1121 785 1240 814 duobus
1254 785 1438 820 hominibus,
1453 784 1506 822 qui
1516 784 1719 813 ascendebant
1728 784 1759 812 in
1773 785 1848 812 tem-

1066 833 1152 869 plum
1167 834 1199 861 ut
1213 834 1350 861 orarent:
1367 840 1445 861 unus
1464 831 1640 867 Pharisaeus;
1656 831 1730 859 alter
1749 830 1848 860 Publi-

1067 888 1168 909 canuS.
1185 880 1347 909 Pharisaeus
1365 880 1529 917 superbus3
1552 879 1731 908 Publicanus
1750 878 1850 907 humi-

1066 928 1113 963 lis,
1129 927 1180 965 qui
1195 927 1284 964 longe
1298 927 1406 961 stabat,
1420 929 1524 964 pectus
1533 926 1728 964 percutiebat,
1742 925 1848 955 oculos

1067 983 1129 1003 non
1137 975 1267 1010 levabat,
1276 977 1304 1003 et
1316 974 1552 1003 misericordiam
1565 973 1745 1011 postulabat.
1759 973 1816 1002 Sed
1831 981 1848 1002 e

1068 1030 1212 1051 converso
1226 1022 1399 1057 Pharisaeus,
1415 1023 1561 1059 quantum
1580 1022 1707 1058 poterat,
1722 1028 1849 1057 corpore

1066 1069 1307 1106 approximabat,
1329 1069 1421 1098 eorde
1441 1068 1572 1105 superbo
1594 1068 1710 1103 orabat,
1733 1067 1764 1096 in
1783 1075 1851 1096 ora-

1066 1117 1146 1145 tione
1160 1124 1215 1145 sua
1229 1116 1310 1144 bona
1321 1116 1463 1152 jactabat,
1480 1117 1508 1144 et
1528 1115 1703 1152 proximum
1717 1116 1852 1143 contem-

1066 1163 1166 1192 nebat.
1187 1163 1348 1192 Pharisaeus
1366 1163 1456 1199 igitur
1473 1164 1612 1200 peccator
1638 1162 1772 1197 recessit,
1797 1161 1850 1190 ubi

1067 1210 1244 1238 Publicanus
1257 1218 1357 1244 omne,
1369 1209 1452 1246 quod
1463 1209 1555 1246 petiit,
1566 1208 1737 1245 impetravit
1745 1218 1753 1244 ς
1765 1208 1848 1245 quia,

1067 1258 1141 1285 sieut
1164 1257 1235 1285 dicit
1258 1257 1480 1293 Augustinush
1508 1267 1522 1282 u
1537 1255 1623 1284 facile
1647 1257 1777 1284 meretur
1800 1264 1850 1284 ve-

1067 1306 1159 1338 niam,
1175 1305 1226 1341 qui
1239 1313 1275 1333 ex
1290 1304 1456 1332 reverentia
1471 1311 1502 1332 se
1516 1303 1661 1332 subtrahit
1676 1303 1715 1332 ab
1725 1303 1844 1332 altari.»

1068 1353 1086 1367 ¹⁰
1097 1352 1210 1382 «Oratio
1217 1351 1400 1380 humiliantis
1406 1351 1551 1386 se,nubes
1559 1353 1703 1387 penetrat,
1713 1353 1741 1379 et
1751 1351 1849 1380 donec

1066 1400 1304 1436 appropinquet,
1326 1407 1386 1427 non
1408 1398 1628 1427 consolabitur:
1645 1400 1673 1426 et
1686 1406 1747 1426 non
1763 1406 1846 1426 reee-

1068 1447 1110 1475 dit
1123 1447 1172 1483 (n),
1188 1447 1284 1474 donec
1299 1446 1422 1482 aspiciat
1435 1445 1617 1480 Altissimus;
1633 1448 1661 1473 et
1675 1445 1744 1474 ideo
1755 1445 1850 1474 Domi-

1068 1501 1123 1520 nus
1138 1499 1198 1520 non
1214 1491 1377 1527 elongabit.
1394 1501 1407 1516 n
1425 1491 1444 1507 ¹¹
1460 1501 1473 1516 ιι
1488 1490 1624 1527 Respexit
1637 1490 1667 1518 in
1684 1490 1851 1518 orationem

1067 1538 1238 1572 humilium,
1254 1540 1281 1566 et
1296 1546 1357 1566 non
1368 1538 1477 1574 sprevit
1488 1545 1589 1574 preces
1600 1545 1715 1565 eorum.
1728 1547 1741 1562 ι
1761 1537 1852 1566 Habet

1068 1586 1167 1614 nescio
1183 1585 1257 1622 quid
1273 1585 1389 1613 latentis
1401 1585 1514 1612 virtutis
1530 1592 1588 1612 vox
1604 1583 1700 1611 dulcis
1715 1587 1742 1612 et
1757 1583 1852 1612 humi-

1067 1633 1112 1667 liS,
1131 1633 1169 1660 ita
1180 1634 1211 1660 ut
1227 1632 1368 1660 iratorum
1391 1632 1518 1668 impetus
1533 1631 1658 1666 frangat,
1675 1633 1701 1658 et
1716 1630 1755 1658 ad
1766 1638 1850 1659 man-

1067 1679 1254 1707 suetudinem
1270 1679 1369 1707 ducat.
1387 1679 1406 1694 ¹²
1425 1690 1438 1704 u
1460 1678 1589 1706 Verbum
1606 1677 1693 1706 dulce
1709 1677 1851 1714 multipli-

1068 1729 1113 1754 cat
1128 1726 1250 1760 amicos,
1272 1728 1299 1754 ct
1319 1725 1432 1761 mitigat
1455 1725 1600 1753 inimicos.
1614 1735 1626 1749 n
1646 1726 1677 1752 Et
1692 1725 1798 1753 iterum
1811 1724 1848 1753 ¹⁸:

1070 1784 1083 1799 n
1104 1773 1267 1809 Responsio
1290 1773 1389 1801 mollis
1411 1772 1518 1807 frangit
1543 1772 1627 1799 iram.
1654 1782 1667 1796 ι)
1696 1771 1849 1806 Secundo,

1068 1821 1167 1849 anima
1183 1823 1225 1849 est
1247 1819 1404 1857 purganda
1418 1820 1456 1847 ab
1473 1819 1555 1847 omni
1571 1818 1766 1846 delectatione
1789 1826 1852 1846 car-

1068 1870 1135 1896 nis:
1153 1875 1319 1904 numquam
1339 1867 1418 1895 enim
1443 1867 1520 1894 bene
1546 1869 1621 1901 orat,
1644 1865 1697 1902 qui
1721 1865 1853 1893 carnalia

1068 1915 1188 1951 cogitat,
1201 1915 1262 1942 sive
1279 1923 1368 1950 quem
1383 1922 1452 1941 caro
1468 1913 1594 1941 delectat
1611 1921 1617 1940 :
1634 1912 1713 1940 unde
1728 1920 1782 1940 nec
1798 1912 1852 1940 im-

1068 1965 1163 1999 petrat
1177 1970 1193 1989 a
1219 1963 1276 1989 Deo
1294 1961 1377 1996 quod
1400 1960 1540 1997 postulat.
1559 1962 1576 1976 ¹⁸
1598 1971 1612 1986 n
1624 1961 1696 1988 Cum
1711 1958 1852 1996 multipli-

1068 2009 1204 2037 caveritis
1219 2009 1367 2036 orationes
1383 2010 1505 2040 vestras,
1521 2015 1582 2035 non
1598 2007 1775 2035 exaudiam:
1791 2014 1851 2034 ma-

1069 2065 1124 2083 nus
1140 2055 1218 2083 enim
1236 2057 1336 2083 vestrae
1349 2054 1444 2090 plena’
1455 2057 1522 2081 sunt
1537 2053 1692 2089 sanguine.
1705 2065 1717 2078 »
1738 2054 1767 2080 ln
1782 2060 1850 2080 san-

1068 2103 1169 2138 guine,
1190 2101 1340 2130 carnalem
1358 2100 1584 2128 delectationem
1604 2099 1746 2135 intellige.
1771 2098 1850 2126 l'nde

1070 2150 1158 2177 etiam
1174 2149 1278 2176 orabat
1295 2148 1440 2184 Propheta
1454 2148 1474 2164 '⁵
1490 2157 1496 2175 x
1515 2159 1528 2173 (ι
1544 2147 1647 2175 Libera
1670 2154 1717 2174 me
1734 2146 1770 2174 dc
1784 2153 1851 2174 san-

1068 2196 1218 2231 guinibuS,
1236 2196 1320 2229 nem,
1337 2196 1411 2222 Deus
1427 2194 1527 2222 salutis
1546 2202 1628 2222 meze.
1644 2203 1656 2219 ι)
1675 2192 1850 2229 Exemplum

1069 2243 1104 2270 de
1121 2243 1177 2271 hoc
1200 2242 1298 2278 accipe
1317 2242 1354 2269 de
1369 2242 1465 2269 Judilh
1478 2242 1510 2274 ¹⁶,
1526 2241 1577 2268 ubi
1593 2239 1790 2276 diciturquod
1804 2241 1851 2268 Ju-

1069 2289 1131 2317 dith
1152 2289 1249 2325 primo
1271 2297 1301 2315 se
1326 2288 1445 2316 lavabat
1469 2288 1497 2315 in
1520 2287 1599 2315 fonte
1623 2296 1707 2323 aquae
1719 2308 1726 2321 ,
1754 2288 1782 2314 ct
1809 2285 1850 2314 sic

1069 2336 1247 2363 ascendebat
1271 2335 1396 2363 adorare
1421 2336 1521 2362 Deum.
1543 2334 1664 2362 Ciconia
1690 2335 1849 2369 postquam

1069 2383 1154 2411 fuerit
1172 2382 1348 2416 adulterata,
1371 2382 1432 2409 sive
1456 2389 1543 2409 carne
1559 2381 1680 2413 foedata,
1699 2380 1737 2408 ad
1753 2380 1849 2407 virum

1070 2439 1129 2458 nou
1145 2430 1350 2463 auden-edire,
1365 2430 1419 2457 uisi
1435 2430 1515 2466 prius
1531 2430 1593 2458 lota
1607 2437 1700 2465 aqua3
1717 2428 1849 2456 similiter

1071 2525 1146 2545 xviii.
1160 2520 1198 2542 233.
1214 2532 1242 2536 —
1258 2518 1268 2533 ⁸
1287 2519 1354 2542 Luc..
1371 2524 1433 2541 xviii
1445 2537 1450 2547 ,
1472 2521 1498 2542 10
1520 2520 1612 2548 etseq.
1630 2530 1658 2534 —
1672 2517 1682 2533 ⁹
1699 2517 1803 2545 August.
1819 2529 1849 2534 -

1072 2556 1090 2571 ¹¹⁸
1107 2555 1195 2580 Eri-li..
1213 2560 1291 2583 xxxv,
1307 2555 1387 2577 :lt—2¹2.
1405 2567 1434 2571 —
1452 2555 1469 2569 ¹¹
1488 2553 1554 2577 I’sal.
1573 2559 1607 2583 ei,
1627 2554 1661 2576 18.
1683 2565 1711 2570 —
1727 2553 1745 2567 ¹²
1759 2551 1847 2579 Ecca..

1071 2597 1106 2620 xi,
1125 2592 1146 2613 5.
1167 2602 1195 2606 —
1216 2590 1233 2604 ¹¹⁴
1250 2590 1330 2615 Ριιιικ,
1353 2595 1395 2618 Μ’,
1414 2592 1435 2613 t.
1450 2589 1676 2619 —¹⁸lsc1.,1,15.
1694 2601 1723 2605 -
1744 2587 1764 2603 ¹⁸
1779 2586 1847 2611 Psnl.

1071 2633 1094 2658 L,
1110 2628 1147 2650 10.
1162 2639 1191 2644 -
1208 2627 1226 2641 ““”
1243 2625 1340 2656 ludim,
1358 2632 1382 2656 x,
1398 2628 1420 2651 3.

1103 2671 1137 2699 (a)
1161 2670 1234 2701 l'uly.
1252 2670 1374 2695 discedet.
