2029 3052
733 212 1004 248 COLLATIONES
1026 212 1138 246 OCTO.

126 293 214 327 turae,
235 289 317 327 quod
339 285 542 325 superbiendo
561 283 714 319 amiserat,
735 281 906 312 obediendo

125 334 257 375 recipiat.
273 346 288 364 »
304 336 339 364 Et
352 334 426 364 infra
441 343 449 364 ε
463 343 477 361 α
489 331 608 363 Accedit
622 330 764 360 nimirum
778 328 908 366 discipli-

125 385 200 414 natis
226 382 362 412 moribus
385 382 502 411 bonum
529 380 660 413 naturae,
685 385 747 414 quo
774 376 908 405 redditur

126 432 218 460 homo
233 429 332 459 suavis
351 430 380 458 et
397 428 492 464 mitis,
507 427 600 456 homo
618 425 682 454 sine
702 423 840 462 querela,
858 431 908 452 ne-

127 478 239 508 minem
263 476 512 511 circumveniens,
540 472 693 502 neminem
718 470 888 501 concutiens
899 491 908 505 ,

126 525 279 555 neminem
292 523 414 558 laedens,
429 521 543 551 nemini
557 529 588 550 se
602 519 848 557 superextollens,
859 519 910 546 aut

126 572 293 610 praeferens
314 571 323 589 ¹
343 571 365 600 O
388 578 480 608 quam
504 567 700 605 compositum
720 565 821 597 reddit
843 573 908 594 om-

127 627 196 648 nem
212 618 346 655 eorporis
365 618 488 653 statum,
504 623 559 645 nee
574 622 636 644 non
655 615 684 642 et
701 613 807 642 mentis
824 612 911 641 habi-

127 668 201 702 tum,
211 665 381 703 disciplina!
395 664 546 694 Cervicem
554 660 708 696 submittit,
717 660 802 697 ponit
810 667 911 696 super—

128 713 241 749 cilium,
256 712 409 750 componit
425 711 552 746 vultum,
569 709 642 746 ligat
660 707 774 743 oculos,
790 706 910 736 cachin-

127 769 184 790 nos
198 760 327 796 cohibet,
343 759 458 796 stringit
475 758 588 795 gulam,
602 756 680 785 iram
693 755 788 790 sedat,
802 754 912 784 format

128 809 286 838 incessum.
301 816 315 835 »
333 808 407 835 Nam
422 805 460 834 de
473 803 630 834 monachis
644 802 805 838 ordinatis,
822 803 850 830 et
863 801 909 829 in-

129 854 273 884 ordinatis
281 875 290 891 ,
305 853 376 883 dicit
391 852 486 881 abbas
504 852 605 880 Pastor
619 849 661 878 sic
677 859 683 878 :
704 859 718 876 «
732 849 787 884 Qui
802 856 911 885 queru-

129 903 211 932 losus
232 904 285 939 est,
307 900 472 930 monachus
488 907 551 928 non
570 898 622 927 est.
639 897 694 932 Qui
715 895 859 925 malitiam
880 895 911 923 in

130 950 221 979 corde
239 948 376 984 tenuerit,
394 946 558 976 monachus
571 953 634 974 non
649 945 701 973 est.
721 943 776 978 Qui
793 943 911 972 iracun-

131 997 187 1026 dus
201 998 254 1033 est,
267 995 433 1025 monachus
447 1001 509 1022 non
523 994 575 1022 est.
591 991 646 1027 Qui
659 991 753 1020 elatus
768 992 795 1019 et
808 990 912 1019 verbo-

131 1053 181 1073 sus
196 1045 253 1079 est,
267 1042 431 1072 monachus
446 1049 508 1070 non
527 1041 581 1069 est.
597 1039 651 1074 Qui
666 1047 734 1067 vere
750 1039 792 1066 est
806 1045 911 1066 mona-v

131 1091 214 1127 chus,
229 1098 346 1127 semper
361 1092 404 1118 est
420 1089 607 1122 mansuetus,
621 1086 758 1120 humilis,
773 1085 912 1114 charitate

131 1139 253 1176 plenus,
268 1139 296 1167 et
309 1138 448 1166 timorem
466 1135 515 1164 Dei
537 1142 653 1171 semper
671 1135 699 1162 et
717 1132 830 1170 ubique
852 1140 912 1169 pree

164 1213 171 1230 ¹
188 1214 276 1243 Rern„
297 1212 332 1237 ad
349 1211 480 1244 Sophiam.
498 1210 576 1242 vz'rq„
596 1209 671 1241 epist.
693 1214 774 1239 cxlii,
795 1215 821 1232 n.
844 1209 867 1232 5.
883 1219 912 1225 —

134 1249 227 1274 ²Joan.
249 1248 334 1279 Clim.,
353 1247 420 1273 Scal.
438 1246 541 1278 Parad„
555 1245 628 1278 grad.
650 1251 668 1276 t,
689 1251 714 1269 n.
730 1246 753 1269 6,
766 1257 797 1263 -
810 1244 821 1261 ⁸
838 1243 912 1274 ibid„

134 1292 161 1310 n.
176 1286 216 1315 ³0,
232 1284 258 1309 in
272 1284 317 1309 fin.

1688 213 1746 242 645

964 280 1059 310 oculis
1079 281 1185 317 habet,
1209 283 1241 310 ut
1262 288 1324 310 non
1349 281 1460 317 peccet.
1485 290 1498 306 n
1524 280 1594 308 item
1619 281 1747 308 ioannes

964 327 1060 357 abbas
1073 328 1182 358 montis
1196 327 1276 357 Sinai
1291 327 1361 356 dicit
1373 327 1383 344 ²
1399 336 1405 355 :
1421 337 1434 353 α
1449 325 1609 355 Monachus
1624 327 1677 361 est,
1693 325 1747 362 qui

964 375 1061 404 solum
1075 383 1143 412 quae
1165 375 1214 404 Dei
1231 376 1298 403 sunt
1317 374 1394 411 agit,
1415 373 1538 410 cogitat,
1557 374 1586 402 et
1603 372 1748 410 loquitur,

964 422 1077 451 Christo
1093 422 1192 451 unitus
1206 422 1237 450 in
1251 422 1333 451 omni
1348 423 1499 458 tempore,
1513 420 1598 456 1000,
1615 422 1643 449 et
1656 427 1749 456 nego-

965 469 1016 498 tio.
1024 469 1181 498 Monachus
1189 471 1242 505 est,
1248 468 1390 498 violentia
1397 459 1510 496 naturae
1520 466 1691 496 indesinens
1700 467 1747 503 (a),

966 518 993 545 et
1012 516 1146 545 custodia
1168 524 1308 545 sensuum
1324 515 1498 543 indeficiens
1521 514 1566 551 (b).
1590 513 1749 543 Monachus

966 565 1021 599 est,
1047 563 1261 592 sanctificatum
1281 570 1404 599 corpus,
1427 563 1625 598 expurgatum
1648 569 1698 596 os,
1723 562 1751 589 et

965 610 1133 640 illuminata
1153 619 1248 639 mens.
1267 620 1280 637 »
1301 611 1333 638 Et
1355 609 1431 638 infra
1446 610 1456 627 ³
1473 619 1479 637 :
1501 619 1514 634 u
1530 610 1563 637 Et
1581 608 1648 646 quis
1663 608 1750 644 putas

966 659 1010 686 est
1027 657 1124 686 fidelis
1140 660 1168 686 et
1185 657 1317 694 prudens
1334 656 1519 686 monachus?
1532 656 1587 690 Qui
1602 655 1659 684 sub
1678 655 1750 683 obe-

967 705 1093 740 dientia,
1109 705 1308 741 subjectione,
1324 707 1352 733 et
1364 704 1469 733 labore
1485 703 1651 740 doloreque
1667 702 1749 731 calo-

966 760 1030 781 rem
1043 761 1130 781 suum
1142 752 1269 781 custodit
1281 751 1548 788 inextinguibilem,
1563 752 1591 779 et
1603 758 1698 786 usque
1711 749 1750 778 ad

966 809 1056 830 suum
1075 801 1185 830 exitum
1201 800 1302 836 ignem
1316 799 1378 836 igni
1393 799 1539 836 adjicere,
1555 800 1582 826 et
1601 797 1750 826 fervorem

966 847 1087 883 fervori,
1102 849 1130 877 et
1146 855 1281 876 amorem
1299 846 1405 882 amori,
1426 847 1455 875 et
1471 845 1654 874 desiderium
1671 844 1749 873 desi-

968 895 1068 931 derio,
1090 897 1118 923 et
1139 894 1372 923 sollicitudinem
1395 892 1589 922 sollicitudini
1614 890 1749 929 quotidie

967 950 1030 971 non
1048 942 1181 970 cessavit.
1197 953 1208 968 »
1230 941 1311 970 Unde
1327 943 1354 969 et
1368 940 1535 969 Bernartius
1552 949 1558 968 :
1578 949 1591 965 «
1611 938 1663 968 llle
1681 946 1750 967 vere

968 991 1011 1017 est
1025 989 1207 1024 monachus,
1225 989 1276 1025 qui
1291 988 1483 1016 devotionem
1497 988 1576 1015 tenet
1593 986 1624 1014 in
1639 986 1732 1014 choro
1742 1006 1750 1019 ,

967 1036 1139 1073 patientiam
1157 1036 1187 1063 in
1209 1035 1354 1072 capitulo,
1371 1034 1560 1070 disciplinam
1579 1033 1610 1061 in
1627 1033 1748 1064 labore,

968 1083 1193 1111 meditationem
1204 1082 1236 1110 in
1247 1082 1384 1117 lectione,
1397 1081 1546 1110 fervorem
1559 1081 1590 1108 in
1605 1080 1750 1114 oratione,

968 1130 1130 1159 castitatem
1143 1130 1173 1158 in
1188 1129 1358 1164 tentatione,
1373 1128 1564 1158 tolerantiam
1576 1127 1608 1156 in
1622 1126 1752 1157 adversi-

969 1179 1037 1213 tate,
1052 1177 1248 1206 humilitatem
1262 1177 1293 1206 in
1307 1177 1515 1214 prosperitate.
1532 1186 1545 1201 »

1003 1241 1035 1272 (α)
1058 1241 1100 1266 Al.
1127 1240 1253 1266 violentus
1272 1241 1298 1265 et
1319 1240 1437 1265 assiduus
1458 1240 1557 1265 naturae
1581 1238 1702 1263 domitor.
1721 1250 1751 1256 —-

971 1277 1007 1310 (b)
1022 1276 1064 1302 Al.
1081 1277 1189 1308 pervigil
1203 1283 1324 1302 sensuum
1339 1278 1433 1301 custos.

668 1796 770 1821 FlNIS
801 1796 891 1821 ΤΟΜΙ
924 1795 1057 1821 DEClMl
1085 1795 1225 1824 QUART!
