2029 3052
191 198 250 228 312

755 192 944 226 LEGENDA
965 192 999 226 S.
1020 192 1241 227 FRANCISCI.

190 263 312 305 queris,
327 264 360 296 et
372 262 448 295 talia
461 263 566 295 filium
581 261 667 295 Petri
681 261 896 294 Bernardonis
913 261 968 294 de·
1019 263 1166 303 ,iusmodi
1178 263 1358 304 proterebat
1372 275 1380 296 :
1396 263 1494 296 Filios
1504 266 1536 296 et
1546 263 1629 296 filias
1637 264 1744 297 adhue
1753 264 1810 298 ha-

191 318 242 349 cet
253 317 377 350 audire.
409 316 450 349 Ut
469 318 579 349 autem
597 325 631 348 se
653 316 776 348 caeteris
794 315 971 357 despicabi-

190 371 255 404 lem
268 371 426 412 redderet,
447 380 513 403 non
534 370 683 412 parcebat
704 369 828 409 rubori,
843 370 923 411 quin
935 369 972 401 in

190 424 416 466 praedicatione
439 434 547 457 coram
569 424 660 456 omni
683 423 804 465 populo
824 423 972 464 proprios

191 479 410 512 manifestaret
423 480 575 512 defectus.
590 479 712 511 Accidit
737 478 848 518 semel,
868 480 905 510 ut
922 478 972 510 in-

192 533 342 565 firmitate
357 535 524 573 gravatus,
540 533 686 574 rigorem
699 531 900 565 abstinentiae
913 541 973 573 pro

191 587 410 629 recuperanda
417 587 552 619 sanitate
564 587 727 619 modicum
736 586 906 619 relaxaret.
918 586 972 618 vi-

191 641 283 673 ribus
297 643 406 673 autem
428 641 569 682 corporis
582 643 759 682 utcumque
778 640 953 681 resumptis
964 663 973 678 ‚

192 704 291 728 verus
299 695 350 727 sui
358 696 568 736 contemptor,
586 695 625 726 ad
634 694 773 736 propriae
784 695 891 726 carnis
905 693 973 725 ani-

193 751 299 781 matus
313 749 523 790 opprobrium
540 759 547 780 :
565 748 636 780 Non
651 750 711 787 est,
728 748 844 789 inquit,
861 756 976 779 conve-

192 803 297 842 niens,
314 804 352 835 ut
366 803 506 844 populus
532 802 748 834 abstinentem
770 810 822 833 me
845 801 972 840 credat,

193 858 224 889 et
238 866 302 898 ego
321 866 338 888 e
360 856 520 888 contrario
541 855 712 888 carnaliter
732 855 860 887 reficiar
875 855 908 886 in
926 864 976 886 oc-

193 911 290 943 culto.
309 910 456 942 Surrexit
464 911 644 951 propterea,
654 911 771 941 sanetae
783 909 975 940 humilitatis

193 965 309 1006 spiritu
328 964 565 1002 inflammatus,
595 966 626 995 et
648 964 683 994 in
705 963 810 1004 platea
837 963 977 994 civitatis

193 1019 306 1050 Assisii
328 1019 447 1060 populo
471 1019 663 1056 convocato,
689 1017 875 1048 solemniter
899 1026 975 1048 cum

195 1073 346 1104 fratribus
356 1071 478 1110 multis,
489 1080 571 1112 quos
581 1080 689 1102 secum
704 1070 894 1108 adduxerat,
912 1079 977 1101 ma—

191 1128 298 1168 j0rem
312 1125 456 1157 introivit
465 1124 643 1163 eeclesiam,
655 1124 795 1164 funeque
807 1123 847 1154 ad
857 1123 976 1155 collum

195 1180 306 1220 ligato,
322 1179 448 1211 nudum
458 1188 533 1210 cum
549 1177 756 1209 femoralibus
770 1177 845 1208 solis
860 1177 891 1208 in
905 1187 979 1209 ocu·

195 1234 234 1265 lis
247 1233 393 1265 omnium
412 1242 445 1264 se
459 1232 542 1263 trahi
558 1232 702 1272 praecipit
715 1240 818 1272 usque
833 1231 873 1262 ad
896 1231 975 1271 tapi-

196 1287 280 1326 dem,
299 1287 331 1318 in
349 1296 414 1327 quo
429 1286 646 1317 malefactores
670 1285 822 1326 puniendi
846 1294 978 1316 consue-

197 1342 310 1373 verant
324 1340 482 1371 collocari.
505 1340 608 1380 Super
627 1349 725 1379 quem
751 1339 978 1377 conscendens,

198 1395 270 1426 licet
285 1394 511 1435 quartanarius
521 1395 614 1431 esset,
631 1395 659 1424 et
672 1393 795 1430 debilis,
811 1393 915 1424 acerbi
929 1393 982 1423 t'ri-

200 1448 291 1489 goris
307 1450 448 1488 tempore
459 1456 533 1478 cum
549 1446 649 1478 multo
668 1446 779 1486 vigore
793 1446 891 1477 animi
902 1455 982 1486 prze-

199 1502 327 1540 dicavit,
351 1501 620 1541 audientibusque
643 1500 764 1531 cunctis
788 1500 925 1531 asseruit
948 1510 982 1531 se

201 1565 265 1587 non
282 1558 434 1597 tauquam
450 1554 649 1595 spiritualem
665 1554 890 1585 honorandum
904 1555 980 1592 sore,

201 1609 348 1650 quinimo
374 1611 526 1649 tauquam
551 1608 724 1645 carnalem,
749 1610 781 1638 et
801 1608 981 1647 glutonem,

202 1664 242 1695 ab
258 1663 407 1694 omnibus
423 1662 704 1694 contemnemlum.
726 1661 829 1699 igitur
844 1662 897 1701 qui
913 1672 984 1692 con-

203 1719 371 1754 venerant,
399 1719 462 1747 tam
486 1716 611 1755 ingenti
631 1715 699 1746 viso
714 1715 904 1755 spectaculo,
928 1715 983 1745 ad-

204 1771 312 1802 mirati
327 1772 414 1809 sunt,
432 1772 462 1800 vt
476 1770 552 1810 quia
571 1769 670 1809 ipsius
687 1769 904 1800 austeritatem
917 1770 985 1807 Jam

204 1826 373 1863 noverant,
384 1823 553 1854 devotione
565 1822 759 1862 compuncti,
773 1822 986 1852 humilitatem

204 1878 388 1919 hujtismodi
406 1877 510 1917 magis
525 1876 759 1914 admirabilem,
773 1886 869 1916 quani
887 1876 987 1906 imita-

205 1932 333 1964 tabilem
350 1932 600 1973 proclamabunt.
620 1930 703 1961 Licet
717 1932 823 1961 antem
838 1930 866 1959 id
880 1929 987 1968 magis

206 1987 351 2017 videatur
366 1987 550 2026 portentum
568 1985 663 2015 fuisse
679 1984 778 2014 instar
794 1983 988 2024 prophetalis

207 2039 359 2077 vaticinii,
372 2049 468 2079 quam
479 2038 676 2078 exemplum,
685 2041 791 2068 tamen
800 2047 875 2068 vere
884 2039 925 2076 (ιι)
937 2037 988 2068 do-

207 2096 394 2125 cumentum
419 2092 523 2123 extitit
545 2091 733 2122 humilitatis
750 2092 904 2131 pert'cctae,
923 2100 988 2130 quo

209 2147 323 2179 Christi
339 2148 474 2177 sectator
491 2146 661 2176 instruitur
676 2145 868 2175 transitoria}
885 2145 988 2175 laudis

209 2202 406 2242 praeconiuni
437 2201 550 2231 debere
580 2202 803 2237 contemnere,
837 2199 989 2229 tumentis

208 2266 337 2298 quoque
362 2256 523 2296 jactantiae
552 2255 763 2295 comprimere
793 2255 909 2284 fastum
920 2278 928 2292 ,
960 2257 990 2284 et

209 2310 419 2342 fraudulentae
436 2309 648 2339 simulationis
661 2308 863 2339 mendacium
877 2308 988 2338 consu-

209 2368 288 2396 tare.
314 2364 413 2395 Multa
430 2362 559 2403 quidem
580 2362 611 2391 in
630 2362 715 2392 bunc
730 2362 860 2392 modum
874 2362 991 2401 saepius

210 2418 354 2456 faciebat,
372 2419 407 2448 ut
420 2416 560 2447 exterius
584 2418 737 2455 tanquam
759 2426 814 2446 vas
830 2416 991 2455 perditum

211 2474 311 2510 fieret,
341 2474 372 2502 et
399 2470 657 2502 sanctificationis
686 2470 833 2509 spiritum
860 2470 991 2500 interius

211 2526 394 2566 possideret.
422 2523 576 2555 Studebat
590 2523 673 2553 bona
691 2523 814 2553 Domini
831 2523 880 2553 sni
899 2532 991 2554 arca-

212 2590 254 2611 no
278 2580 412 2620 pectoris
435 2578 587 2615 condere,
605 2577 716 2608 nolens
736 2580 842 2616 pati—re
864 2577 989 2616 gloriae,

212 2634 295 2674 quod
318 2636 421 2673 posset
443 2632 564 2663 occasio
582 2641 650 2662 esse
671 2632 785 2662 ruina».
812 2631 890 2662 Nam
906 2641 991 2672 saepe

212 2697 286 2718 cuin
312 2688 546 2718 beatificaretur
560 2696 579 2716 a
595 2685 750 2726 pluribus,
779 2686 911 2715 verbum
928 2685 988 2716 liu-

1023 316 1101 348 bere
1124 325 1251 358 possem
1269 328 1277 349 :
1299 317 1398 350 nolite
1421 317 1554 350 laudare
1577 317 1619 359 (b)
1644 326 1807 351 securum.

1025 369 1125 402 Nemo
1138 370 1330 412 laudandus,
1354 373 1448 413 quus
1467 372 1609 404 incertus
1628 373 1677 404 est
1690 372 1808 405 exitus.

1026 423 1090 456 Ista
1109 424 1240 465 quidem
1259 425 1465 458 laudantibus
1471 435 1482 466 3
1499 426 1540 457 ad
1555 435 1589 457 se
1607 427 1717 457 autem
1739 425 1784 458 sic
1799 437 1807 458 :

1025 477 1156 510 Latroni
1171 478 1197 509 si
1212 480 1301 510 tauta
1315 479 1503 511 contulisset
1521 479 1717 519 Altissimus,
1733 488 1812 520 gra-

1026 531 1090 562 tior
1106 533 1136 563 te
1145 531 1237 571 foret,
1252 531 1431 564 Francisce.
1449 532 1578 565 Dicebat
1590 533 1745 566 fratribus
1755 543 1813 566 sae-

1027 593 1068 625 pe
1084 595 1091 616 :
1109 584 1151 616 De
1165 585 1253 617 omni
1267 594 1318 625 eo,
1334 586 1421 628 quod
1434 588 1581 627 peccator
1590 588 1704 628 potest,
1719 596 1815 619 nemo

1028 637 1090 669 sibi
1102 638 1196 670 debet
1211 639 1323 681 iniquo
1344 640 1503 681 applausu
1520 639 1670 672 blandiri.
1696 640 1810 672 Pecca-

1029 694 1089 732 tor,
1115 693 1170 733 ait,
1195 694 1344 735 jejunare
1369 697 1484 735 potest,
1511 703 1616 734 orare,
1645 694 1812 736 plangere,

1029 755 1223 788 carnemque
1245 748 1409 789 propriam
1433 757 1612 788 macerare3
1635 748 1698 780 hoc
1711 748 1815 780 solum

1031 810 1097 832 non
1114 804 1226 842 potest,
1241 801 1375 834 Domino
1395 801 1514 833 scilicet
1535 811 1594 833 suo
1613 811 1681 833 esse
1700 802 1814 834 fidelis.

1031 854 1068 886 ln
1084 855 1145 887 hoc
1159 855 1268 896 itaque
1283 855 1503 896 gloriandum,
1530 855 1557 886 si
1571 864 1666 887 suam
1682 855 1816 888 Domino

1029 908 1168 949 gloriam
1187 908 1366 947 reddimus,
1390 909 1434 948 si,
1452 909 1588 941 fideliter
1615 909 1792 941 servientes
1806 933 1814 948 ‚

1029 963 1102 1004 ipsi,
1121 963 1277 1004 quidquid
1297 963 1404 1003 donat,
1428 963 1632 995 ascribimus.
1649 963 1690 996 Ut
1707 966 1817 996 autem

1030 1017 1176 1058 pluribus
1201 1017 1304 1048 modis
1326 1017 1511 1057 negotiator
1532 1017 1585 1048 hic
1605 1017 1818 1057 evangelicus

1031 1070 1222 1110 lucraretur,
1230 1080 1267 1102 ac
1275 1073 1377 1102 totum
1386 1080 1526 1112 praesens
1533 1073 1659 1112 tempus
1665 1071 1819 1103 conflaret

1032 1125 1066 1156 iu
1082 1125 1246 1164 meritum,
1265 1134 1330 1156 non
1353 1127 1418 1156 tam
1438 1134 1575 1166 praeesse
1591 1125 1704 1164 voluit,
1719 1134 1819 1166 quam

1033 1179 1175 1217 subesse,
1200 1188 1257 1210 nec
1280 1181 1346 1210 tam
1369 1179 1668 1219 p1·aecipert³‚(1uanl
1694 1188 1817 1219 parere.

1036 1231 1154 1262 Idcirco
1169 1231 1331 1262 Generalis
1343 1231 1458 1262 cedens
1469 1232 1583 1270 officio,
1598 1232 1818 1264 Guardianum

1037 1285 1137 1325 petiit,
1153 1286 1203 1325 cuj
1211 1295 1246 1316 us
1262 1285 1419 1316 voluntati
1436 1294 1491 1325 per
1504 1285 1613 1317 omnia
1627 1286 1817 1326 subjaceret.

1036 1337 1116 1369 Tam
1142 1338 1229 1369 euim
1254 1339 1386 1370 uberem
1413 1339 1574 1370 asserebat
1596 1342 1714 1371 sanctae
1741 1340 1818 1372 ohe-

1037 1393 1165 1424 dientia:
1182 1394 1334 1431 fructum,
1347 1395 1381 1423 ut
1395 1393 1452 1431 eis,
1465 1393 1613 1433 quiJugo
1626 1393 1727 1434 ipsius
1740 1393 1821 1426 colla

1037 1447 1287 1485 summitterent,
1309 1447 1352 1477 nil
1368 1447 1523 1487 temporis
1537 1447 1605 1478 sine
1619 1447 1709 1479 lucro
1731 1450 1818 1479 tran-

1038 1501 1114 1532 siret
1132 1512 1138 1531 :
1159 1501 1244 1531 uude
1266 1504 1295 1531 et
1319 1500 1419 1537 fratri,
1442 1510 1516 1531 cum
1533 1510 1596 1541 quo
1618 1503 1686 1532 erat
1709 1501 1822 1533 solitus

1039 1556 1097 1593 ire,
1115 1564 1242 1595 semper
1261 1554 1476 1585 obedientiam
1488 1555 1672 1594 promittere
1686 1564 1819 1586 consue-

1039 1611 1139 1646 verat,
1157 1611 1187 1640 et
1203 1617 1341 1640 servare.
1358 1608 1441 1639 Dixit
1456 1608 1627 1648 aliquando
1642 1609 1734 1639 sociis
1749 1620 1755 1640 ;
1775 1609 1823 1640 In-

1041 1665 1088 1693 tcr
1102 1663 1163 1693 alia
1180 1687 1187 1700 ,
1204 1672 1277 1702 quae
1295 1662 1467 1701 dignanter
1491 1662 1589 1701 pietas
1608 1662 1685 1693 mihi
1708 1662 1819 1694 divina

1040 1717 1206 1753 concessit,
1233 1716 1315 1746 lianc
1336 1716 1474 1755 gratiam
1497 1715 1642 1754 contulit,
1667 1716 1755 1756 quod
1780 1717 1824 1747 ita

1042 1770 1214 1810 diligenter
1234 1770 1356 1800 novitio
1379 1769 1476 1800 unius
1497 1769 1586 1800 horre
1605 1769 1780 1807 obedirem,
1797 1769 1824 1800 si

1043 1824 1121 1854 milii
1138 1823 1339 1854 Guardianus
1350 1823 1491 1860 daretur,
1509 1823 1590 1853 sicut
1602 1823 1826 1863 antiquissimo

1043 1880 1074 1908 ct
1084 1878 1312 1908 dis-cretlssimo
1324 1877 1422 1907 fratri.
1436 1876 1591 1907 Subditus
1605 1876 1726 1916 (inquit)
1739 1877 1826 1908 Prae-

1045 1932 1144 1963 latum
1167 1940 1263 1962 suum
1288 1940 1353 1961 non
1374 1930 1539 1961 bominem
1556 1930 1756 1961 considerare
1772 1931 1827 1961 de-

1046 1986 1108 2024 bet,
1125 1985 1178 2016 sed
1203 1984 1307 2021 illum,
1324 1993 1380 2024 pro
1396 1984 1489 2022 cujus
1512 1985 1558 2013 est
1577 1992 1687 2014 amore
1701 1984 1826 2024 subJec-

1045 2042 1107 2070 tus.
1125 2040 1250 2076 Quanto
1272 2038 1357 2068 enim
1382 2037 1650 2077 contemptibilior
1667 2037 1828 2077 praesidet,

1046 2096 1132 2124 tanto
1145 2093 1250 2131 magis
1265 2091 1430 2122 humilitas
1439 2091 1616 2121 obedientis
1629 2090 1740 2131 placet.
1750 2090 1829 2122 Cum

1046 2157 1123 2179 vero
1151 2146 1218 2177 vice
1241 2145 1379 2185 quadam
1402 2147 1601 2184 quaereretur
1621 2144 1660 2175 ab
1683 2153 1732 2182 eo,
1757 2144 1831 2185 quis

1046 2203 1127 2232 esset
1154 2209 1249 2231 verus
1273 2198 1423 2229 obediens
1449 2197 1658 2237 judicanduS,
1687 2198 1830 2238 corporis

1049 2255 1165 2286 mortui
1191 2253 1435 2284 similitudinem
1462 2261 1518 2292 pro
1542 2252 1690 2292 exemplo
1716 2261 1830 2292 propo—

1047 2310 1110 2340 suit
1128 2318 1134 2339 :
1153 2308 1253 2346 Tolle,
1272 2307 1386 2347 inquit,
1404 2315 1521 2346 corpus
1543 2306 1702 2344 exanime,
1727 2308 1758 2336 et
1773 2305 1826 2336 ubi

1049 2362 1212 2403 placuerit,
1229 2371 1322 2401 pone.
1342 2361 1467 2392 Videbis
1484 2370 1546 2391 non
1561 2369 1744 2400 repugnare
1758 2368 1827 2389 mo-

1049 2419 1130 2454 tum,
1148 2424 1210 2446 non
1228 2423 1433 2445 murmurare
1449 2414 1558 2452 situm,
1575 2422 1640 2444 non
1655 2412 1829 2443 reclamare

1048 2469 1229 2499 dimissum.
1259 2466 1346 2504 Quod
1375 2466 1400 2495 si
1423 2468 1582 2496 statuatur
1607 2465 1639 2495 in
1659 2463 1828 2501 cathedra,

1048 2532 1113 2554 non
1128 2523 1201 2559 tilla,
1220 2522 1272 2552 sed
1295 2521 1358 2551 ima
1378 2519 1535 2559 respiciet.
1562 2518 1594 2549 si
1610 2517 1780 2548 collocetur
1796 2517 1829 2548 in

1049 2586 1203 2618 purpura,
1218 2575 1315 2615 duplo
1330 2573 1488 2614 pallescet.
1504 2572 1571 2609 llic,
1584 2572 1638 2609 ait,
1652 2581 1747 2603 verus
1758 2572 1831 2603 obe—

1049 2632 1139 2662 diens
1155 2632 1211 2667 cst,
1229 2629 1284 2669 qui
1301 2637 1357 2659 cur
1380 2628 1557 2663 moveatur,
1576 2634 1640 2656 non
1655 2625 1826 2665 diJudicat5

1083 2694 1115 2724 (ιι)
1132 2694 1193 2717 σιω.
1209 2692 1269 2716 edit.
1289 2698 1366 2714 verae.
1381 2702 1411 2707 -—
1428 2688 1460 2719 (h)
1476 2687 1564 2719 Suppl.
1582 2687 1654 2713 velut.
