2029 3052
45 781 122 801 Exem-

17 811 88 838 plum.

494 234 547 267 DE
567 233 604 267 Β.
626 232 867 272 SEMPERQUE
888 232 993 266 VIRG.
1018 231 1159 264 MARlA.
1182 231 1315 265 SERMO
1338 229 1392 265 ΙΙΙ.

134 302 302 339 tegerrima,
330 304 357 332 et
383 303 488 340 spiritu
516 301 709 330 sanctissima.
736 311 750 328 n
774 301 916 338 Hierony-

134 358 201 378 mus
217 350 225 366 ¹
242 359 249 378 :
270 350 325 379 «Si
345 349 501 386 diligenter
522 349 672 385 inspicias,
694 349 768 377 nihil
789 350 832 389 est
853 356 917 376 om-

134 397 207 425 nino
223 397 348 433 virtutis,
368 397 502 433 nihilque
525 396 729 433 speciositatis,
753 395 827 423 nihil
846 403 915 424 can-

136 444 218 472 doris
239 446 268 473 et
288 444 401 480 gloriae,
420 443 503 480 quod
528 452 590 472 non
607 451 642 472 ex
664 451 698 471 ea
716 442 915 479 resplendeat.

137 492 205 522 Erat
219 491 299 519 enim
313 491 415 519 multis
430 490 590 519 candidata
610 490 784 519 meritorum
805 490 918 518 virtuti-

136 538 204 574 hus,
221 540 250 567 et
264 538 405 566 dealbata
423 538 492 566 nive
513 538 681 573 candidius,
699 537 918 574 simplicitatem

137 585 344 614 columbinam
367 585 398 613 in
421 585 562 614 omnibus
588 587 810 621 repraesentans.
835 594 849 611 n
876 586 919 612 Ex

137 632 194 661 hac
215 633 295 661 enim
317 632 411 661 multa
432 632 654 669 pulchritudine
680 632 760 667 vitoe,
782 631 919 660 virtutem

137 679 244 708 habuit
257 680 424 708 adamantis
435 689 444 707 ε
459 680 530 716 quia
551 680 625 708 sicut
646 679 770 708 adamas
785 679 823 716 (a)
839 679 878 707 ad
889 687 919 707 se

138 726 250 756 ferrum
265 727 363 762 trahit,
375 727 416 755 sic
431 727 519 762 Virgo
533 728 635 755 sancta
644 727 684 755 ad
698 735 728 755 se
744 727 868 755 deduxit
882 727 920 755 de

138 774 274 810 supernis
288 774 418 802 Verbum
432 774 491 802 Dei.
509 775 590 802 Unde
601 774 766 802 Bernardus
781 775 791 791 ²
806 783 813 801 :
832 783 847 800 «
862 773 921 801 Vir-

138 829 177 857 go
195 821 287 857 regia,
303 822 429 857 gemmis
444 823 549 850 ornata
567 821 721 856 virtutum,
739 821 920 857 geminoque

138 869 244 897 mentis
263 871 292 897 et
306 869 440 906 corporis
455 869 586 898 candore
608 868 798 906 praefulgida,
821 870 848 896 et
868 868 920 896 de-

139 924 218 951 core,
234 917 331 953 specie
345 925 399 945 sua
414 919 442 946 et
457 916 681 954 pulchritudine
705 917 736 944 in
753 916 921 945 coelestihus

138 964 269 1000 cognita,
285 965 430 993 coelorum
451 964 566 993 civium
584 964 617 993 in
637 973 667 993 se
688 964 865 1001 provocavit
880 963 922 992 af-

137 1011 247 1039 fectum
262 1013 290 1040 et
301 1014 471 1048 aspectum;
488 1012 528 1041 ita
541 1014 574 1040 ut
588 1012 675 1048 Regis
691 1012 825 1040 animum
836 1011 875 1040 ad
890 1019 921 1039 se

139 1058 304 1094 inclinaret,
320 1059 470 1087 coelestem
484 1059 622 1088 nuntium
635 1059 674 1088 ad
688 1068 719 1087 se
733 1059 770 1087 de
785 1059 922 1095 supernis

140 1106 320 1134 educeret.»
339 1108 371 1135 ln
391 1107 448 1135 hac
472 1107 561 1143 igitur
580 1108 668 1135 tantae
689 1107 922 1135 conversationis

139 1154 243 1189 gratia,
259 1154 311 1182 etsi
331 1162 398 1182 eam
413 1162 449 1182 ex
463 1156 524 1183 toto
539 1154 647 1193 imitari
667 1162 729 1182 non
751 1162 921 1190 possumus,

139 1200 284 1228 debemus
313 1203 413 1229 tamen
441 1210 507 1229 eam
532 1201 617 1237 sequi
634 1223 643 1236 ,
673 1204 819 1237 quantum
844 1201 923 1229 vale-

138 1255 217 1282 mu5‚
241 1249 273 1275 ut
291 1256 359 1276 cum
380 1256 415 1276 ea
434 1249 545 1276 habere
567 1248 742 1276 laboremus
765 1248 871 1276 meniis
896 1250 924 1276 et

139 1295 273 1331 corporis
288 1296 461 1331 castitatem,
481 1295 588 1324 mentis
605 1295 813 1330 humilitatem,
831 1295 880 1323 Dei
895 1297 923 1323 et

138 1342 268 1377 proximi
283 1343 469 1378 charitatem,
485 1344 515 1370 in
529 1343 661 1371 adversis
672 1343 818 1379 patientiae
830 1342 921 1370 firmi-

139 1391 237 1424 tatem,
262 1393 289 1418 et
311 1391 539 1427 perseverantiae
559 1390 692 1418 inbonis
712 1390 922 1426 longanimita-

139 1438 207 1465 tem.
225 1439 298 1465 Nam
323 1440 351 1465 et
370 1438 537 1465 Bernardus
555 1437 626 1465 dicit
640 1438 650 1454 ³
665 1448 673 1465 .·
692 1446 705 1463 ι(
723 1437 749 1464 Si
766 1437 811 1464 vis
826 1437 855 1464 in
871 1437 921 1464 ad—

138 1484 231 1512 versis
247 1485 309 1520 ejus
324 1484 483 1520 impetrare
498 1484 685 1520 suffragium,
698 1484 767 1512 vide
783 1492 820 1512 ne
836 1484 920 1512 dese-

139 1539 187 1559 ras
197 1531 288 1568 ipsius
299 1532 531 1560 conversationis
545 1532 726 1568 exemplum.
739 1541 753 1558 >³
769 1532 826 1559 Sed
836 1531 922 1559 multi

140 1581 208 1607 sunt
222 1579 332 1607 similes
347 1579 470 1615 porcis:
491 1579 589 1615 potius
615 1579 741 1607 inveniri
762 1579 867 1607 volunt
890 1579 921 1606 in

139 1626 213 1662 luto,
231 1635 322 1663 quam
337 1627 368 1655 in
383 1627 492 1663 domo;
516 1629 544 1655 et
566 1627 665 1663 potius
685 1627 716 1654 in
735 1627 802 1654 loco
818 1626 920 1654 foetido

140 1676 168 1702 et
181 1674 290 1710 lutoso,
307 1683 399 1711 quam
416 1675 446 1702 in
460 1674 586 1703 floribus
608 1677 635 1702 et
655 1674 801 1702 odoribus
825 1673 921 1709 plenis

138 1721 223 1750 locis.

175 1770 296 1804 Quarto,
313 1770 438 1798 Domina
456 1771 555 1798 nostra
576 1769 681 1798 habuit
704 1769 830 1805 gratiam
853 1777 921 1797 con-

139 1820 339 1845 summantem
360 1817 391 1845 in
411 1826 464 1845 sua
488 1817 621 1854 corporis
637 1819 665 1845 et
680 1817 785 1845 animae
805 1816 919 1852 glorifi-

139 1866 265 1894 catione.
282 1865 358 1894 Nihil
376 1867 418 1893 est
432 1866 511 1893 enim
528 1865 610 1893 aliud
626 1865 733 1900 gloria,
750 1873 840 1901 quam
857 1873 922 1900 gra-

139 1912 179 1940 tia
207 1914 423 1940 consummata.
452 1912 534 1940 Unde
556 1912 594 1940 de
618 1912 674 1940 hoc
696 1914 792 1948 potest
811 1912 920 1948 exponi

139 1959 215 1987 illud
230 1960 240 1976 δ
257 1968 262 1987 :
281 1970 294 1985 ι(
315 1959 416 1987 Mulier
441 1959 570 1995 gratiosa
593 1959 723 1986 inveniet
748 1959 885 1994 gloriam.
904 1969 916 1985 n

140 2008 172 2034 Et
179 2007 246 2034 licet
253 2007 289 2034 sit
295 2006 436 2034 omnibus
443 2006 499 2034 hoc
509 2014 679 2040 commune,
689 2006 812 2033 Domina
821 2007 920 2033 tamen

139 2056 250 2089 nostra,
261 2054 334 2082 sicut
344 2055 375 2089 (b)
389 2062 493 2081 omnes
503 2056 651 2081 creaturas
660 2053 806 2089 praecessit
816 2053 845 2080 in
856 2061 921 2088 gra—

139 2101 190 2135 tia,
203 2102 244 2129 sic
259 2103 286 2129 et
296 2101 444 2137 praecedet
461 2101 491 2128 in
503 2100 608 2136 gloria.
627 2101 722 2134 Quare
733 2108 852 2128 neccsse
866 2102 919 2135 est,

140 2150 172 2176 ut
187 2148 238 2184 qui
251 2148 316 2176 vult
335 2156 353 2176 a
372 2149 430 2175 Deo
451 2148 576 2183 gratiam
594 2147 764 2183 impetrare,
785 2147 824 2175 ad
843 2147 921 2175 hanc

140 2195 344 2223 mediatricem
363 2195 484 2223 accedat
509 2194 701 2222 devotissimo
718 2195 808 2222 corde
826 2205 833 2221 :
850 2194 921 2230 quia

141 2250 209 2270 cum
224 2242 259 2269 sit
272 2242 382 2277 Regina
394 2242 482 2270 totius
495 2241 714 2274 misericordiae,
732 2241 806 2269 nihil
823 2242 920 2269 omni-

140 2297 179 2317 no
195 2289 309 2317 hahens
326 2289 356 2316 in
370 2297 463 2324 regno
475 2289 603 2324 justitiae,
623 2289 697 2317 nihil
716 2289 825 2325 potenti
839 2290 922 2325 pote-

139 2336 177 2364 rit
196 2336 355 2371 denegare.
371 2337 454 2370 Nam,
470 2337 502 2363 ut
517 2336 684 2364 Bernardus
699 2337 708 2352 ⁵
725 2336 774 2371 ait,
796 2346 807 2361 «
822 2344 840 2364 a
854 2344 921 2376 pec7

141 2385 238 2411 catore
259 2385 362 2418 rogata
378 2383 503 2410 ostendit
531 2383 602 2410 Filio
627 2385 728 2419 pectus
753 2384 780 2410 et
803 2383 919 2411 ubera:

141 2431 229 2459 Filius
244 2432 343 2459 autem
360 2430 434 2458 Patri
449 2430 526 2458 latus
541 2431 569 2457 et
582 2430 722 2458 vulnera:
734 2438 826 2466 quare
838 2430 922 2458 nulla

141 2479 237 2513 potest
260 2486 323 2505 esse
347 2477 477 2513 repulsa,
498 2476 552 2504 ubi
574 2478 616 2504 tot
634 2479 812 2504 concurrunt
829 2476 922 2504 chari-

142 2525 207 2553 tatis
224 2525 361 2560 insignia.
384 2535 397 2551 n
419 2524 501 2552 Unde
525 2524 564 2552 ait
583 2523 740 2560 Apostolus
754 2524 764 2540 ⁶
781 2534 787 2552 z
805 2533 819 2549 «
835 2526 921 2551 Acce-

143 2571 249 2600 damus
265 2581 332 2600 eum
348 2572 460 2600 fiducia
476 2571 515 2600 ad
535 2572 674 2599 thronum
697 2571 796 2606 gratiae
814 2572 887 2606 ejus.
906 2582 918 2597 u

176 2647 182 2663 ¹
199 2647 303 2672 Hieron.
320 2661 349 2665 —
367 2648 377 2664 ²
394 2647 526 2678 Bernard.,
542 2654 618 2678 super
635 2647 726 2670 Missus
741 2648 790 2675 est,
806 2646 876 2670 lions.
893 2652 920 2676 11,

144 2690 169 2707 n.
189 2684 211 2707 ⁶2.
227 2695 253 2699 ›-
272 2683 371 2713 311)ἱά.,
388 2690 413 2707 n.
433 2685 469 2707 Π.
488 2697 513 2700 ae
530 2684 540 2700 ⁶
555 2684 688 2712 Prozv.,x1,
706 2683 788 2705 16.-
803 2682 813 2697 ¹⁵
835 2682 921 2711 Born„

145 2720 171 2743 m
194 2718 280 2742 Νιιίιύ.
304 2720 334 2742 Β.
358 2721 421 2743 Mar.
445 2719 538 2750 Semta,
558 2727 582 2742 11.
606 2720 630 2749 Ἴ,
651 2718 734 2749 quoad
761 2724 873 2741 seusium.
891 2731 919 2734 ›—

284 2772 347 2795 TOM
352 2787 359 2795 .
382 2773 437 2795 Klv
443 2787 450 2795 .

1692 235 1751 266 113

970 303 1044 329 Nam
1059 302 1087 329 et
1101 301 1166 338 ipsa
1185 301 1226 330 ait
1240 302 1249 319 ⁷
1267 311 1273 330 :
1295 310 1309 328 «
1325 302 1357 330 ln
1377 309 1424 329 me
1447 300 1545 329 omnis
1568 301 1662 337 gratia
1683 301 1751 330 vitae

971 350 999 376 et
1012 348 1142 376 veritatis
1161 357 1167 376 :
1185 349 1215 376 in
1234 357 1282 377 me
1299 349 1396 377 omnis
1419 356 1485 385 spes
1500 348 1567 377 vitae
1583 350 1611 377 et
1628 349 1752 378 virtutis.

971 395 1100 423 Transite
1112 403 1182 431 ergo
1193 396 1231 424 ad
1240 404 1288 424 me
1300 404 1405 424 omnes
1416 395 1466 432 qui
1477 396 1683 432 concupiscitis
1694 404 1753 432 me,

972 444 1000 470 et
1014 443 1257 478 generationibus
1272 443 1346 471 meis
1364 443 1581 480 adimplemini.
1596 454 1609 470 »
1628 445 1752 472 Bernar-

973 489 1030 517 dus
1052 490 1062 506 ⁸
1085 499 1091 517 :
1113 499 1126 515 «
1146 490 1273 523 Quando
1294 490 1429 519 misereri
1454 499 1516 519 non
1536 490 1645 527 poterit
1667 492 1756 519 Mater

973 536 1196 573 omnipotentiae.
1207 538 1222 565 ἰ)
1236 538 1360 574 quando
1377 538 1510 566 misereri
1525 538 1655 566 noluerit
1670 537 1757 574 Regi-

974 591 1013 612 na
1028 584 1266 612 misericordiae?
1285 593 1337 613 cur
1356 585 1396 613 ad
1410 585 1532 614 Mariam
1546 584 1648 621 fugere
1668 585 1757 622 trepi-

975 631 1026 659 dat
1047 631 1179 659 humana
1198 631 1365 667 fragilitas?
1386 633 1517 661 Revolve
1538 635 1630 661 totam
1651 632 1757 661 seriem

975 679 1206 715 Scripturarum,
1230 681 1257 707 et
1275 679 1299 707 si
1315 679 1389 716 quid
1407 687 1557 716 asperum,
1572 680 1596 707 si
1611 679 1685 716 quid
1700 680 1758 707 du-

975 734 1042 754 rum
1053 726 1202 754 inveneris
1213 726 1244 754 in
1255 727 1355 762 Maria,
1365 726 1506 763 deinceps
1513 730 1680 763 suspectam
1691 735 1759 755 eam

976 774 1102 810 habeas,
1122 776 1150 802 et
1173 774 1213 802 ad
1236 782 1304 802 eam
1323 774 1464 802 accedere
1486 774 1626 802 verearis.
1645 776 1755 810 Tota,»

975 820 1083 857 inquit,
1101 831 1115 847 «
1128 823 1171 849 est
1186 821 1292 856 dulcis,
1308 824 1369 850 tota
1384 821 1493 857 suavis,
1505 823 1567 849 tota
1581 822 1758 857 misericors,

978 869 1120 897 omnibus
1139 869 1267 898 offerens
1286 870 1333 899 lac
1349 872 1377 898 et
1391 869 1504 899 lanam.
1519 880 1532 897 n
1547 871 1697 906 Rogemus
1712 878 1759 898 er-

977 923 1027 952 go,
1044 917 1099 945 etc.

1269 990 1398 1021 SERMO
1421 991 1470 1021 ΙΙΙ.

1013 1063 1082 1096 Ave,
1108 1063 1201 1097 qratia
1222 1063 1303 1098 plena
1326 1064 1345 1091 ⁹.
1370 1065 1430 1091 Mos
1445 1063 1570 1091 inolevit
1587 1063 1760 1099 antiquitus,

977 1116 1073 1145 usque
1097 1109 1136 1137 ad
1161 1112 1294 1138 nostram
1308 1112 1435 1145 aetatem,
1449 1111 1497 1138 vel
1512 1111 1552 1139 ad
1570 1112 1672 1139 nostra
1691 1113 1762 1138 tem-

977 1163 1052 1192 pora
1066 1157 1230 1185 successive
1245 1157 1402 1192 deductus,
1420 1160 1448 1186 et
1467 1159 1509 1186 est
1524 1158 1588 1194 ipsa
1604 1159 1761 1186 consuetu-

978 1203 1048 1230 dine
1063 1204 1258 1240 approbatus,
1276 1206 1304 1232 et
1319 1205 1403 1241 quasi
1429 1204 1459 1232 in
1478 1207 1617 1233 naturam
1640 1213 1763 1233 conver-

978 1258 1039 1285 sus,
1053 1253 1085 1278 ut
1100 1251 1168 1278 illos
1187 1251 1246 1279 oris
1267 1251 1366 1279 officio
1382 1251 1556 1285 salutemus,
1574 1252 1684 1288 quibus
1708 1253 1762 1280 bo-

978 1305 1051 1325 num
1067 1298 1246 1334 appetimus.
1266 1299 1394 1334 Angelus
1414 1307 1485 1335 ergo
1500 1302 1618 1328 sanctus
1633 1300 1670 1327 de
1686 1300 1761 1328 coelo

976 1345 1110 1379 veniens,
1126 1345 1199 1373 dum
1214 1346 1253 1373 ad
1269 1346 1402 1374 clausam
1416 1346 1565 1382 Virginem
1581 1347 1679 1382 intrat,
1694 1355 1760 1375 eam

978 1392 1147 1429 approbato
1165 1393 1227 1428 Jam
1249 1401 1334 1421 more
1356 1393 1472 1428 salutat,
1490 1396 1517 1421 et
1531 1394 1562 1421 in
1575 1394 1669 1422 verbo
1686 1402 1763 1430 prae-

977 1440 1067 1467 misso
1085 1440 1147 1467 duo
1163 1440 1337 1468 denuntiat:
1350 1440 1448 1476 primo
1462 1440 1541 1468 enim
1556 1449 1655 1475 suum,
1671 1449 1762 1477 quem

978 1486 1069 1514 habet
1083 1486 1122 1514 ad
1138 1486 1301 1522 Virginem,
1319 1490 1463 1515 monstrat
1481 1488 1637 1523 affectum;
1654 1497 1763 1516 secun-

979 1534 1018 1561 do
1034 1542 1106 1562 vero
1122 1534 1152 1561 in
1169 1534 1285 1569 Virgine
1298 1536 1443 1563 monstrat
1453 1535 1552 1570 gratiae
1563 1536 1763 1571 complemen-

977 1583 1051 1609 tum.
1066 1581 1198 1609 Primum
1215 1582 1292 1617 tacit,
1310 1590 1377 1610 eam
1393 1582 1608 1610 officiosissime
1628 1583 1759 1611 salutan-

978 1628 1036 1663 do;
1055 1628 1108 1656 sed
1130 1629 1295 1657 secundum
1311 1629 1458 1665 adjungit,
1474 1637 1540 1657 eam
1554 1630 1677 1665 plenam
1691 1638 1760 1665 gra-

978 1676 1017 1704 tia
1031 1676 1235 1712 praedicando.
1254 1677 1385 1704 Primum
1399 1677 1463 1711 fuit,
1475 1677 1504 1704 in
1515 1677 1628 1713 Angelo
1644 1686 1761 1706 annun-

977 1723 1077 1758 tiante,
1094 1723 1239 1751 indicium
1254 1724 1445 1759 eximietati53
1462 1725 1628 1752 secundum
1638 1733 1720 1759 vero,
1733 1726 1761 1753 in

978 1771 1096 1806 Virgine
1125 1771 1303 1805 admirante,
1331 1771 1386 1798 fuit
1405 1771 1525 1807 signum
1554 1772 1762 1808 insignissimae

979 1816 1139 1851 dignitatis.
1163 1816 1260 1844 Primo
1283 1824 1353 1852 ergo
1373 1817 1522 1853 praemittit
1540 1817 1759 1853 salutationem,

977 1872 1046 1891 cum
1062 1863 1102 1891 ait
1120 1873 1125 1890 :
1143 1864 1210 1891 Ave.
1228 1864 1364 1891 Secundo
1379 1872 1450 1891 vero
1467 1864 1617 1892 donorum
1633 1865 1760 1901 plenitu-

978 1911 1080 1938 dinem
1104 1910 1305 1946 praeostendit,
1326 1919 1395 1938 cum
1419 1911 1489 1939 dicit
1512 1921 1517 1939 :
1544 1912 1641 1940 Gratia
1666 1914 1759 1948 plena.

977 1959 1085 1985 Verum
1103 1957 1175 1993 quia
1195 1957 1225 1984 in
1241 1958 1433 1986 Sermonibus
1450 1958 1485 1986 de
1501 1959 1564 1994 ipsa
1584 1959 1759 1988 salutatione

978 2005 1040 2040 ejus
1056 2005 1125 2032 satis
1140 2005 1257 2032 videtur
1269 2005 1380 2033 dictum
1391 2014 1464 2040 csse,
1474 2014 1552 2034 nunc
1564 2010 1697 2043 superest
1710 2016 1759 2035 so-

977 2051 1040 2079 lum
1057 2051 1094 2079 de
1111 2051 1173 2086 ejus
1188 2052 1374 2088 plenitudine
1389 2054 1563 2081 Sermonem
1584 2054 1663 2081 hunc
1688 2063 1758 2082 con-

978 2100 1088 2132 texere,
1105 2099 1176 2134 quia
1196 2099 1233 2126 de
1254 2099 1348 2135 gratia
1369 2100 1483 2127 dictum
1503 2103 1545 2128 est
1564 2101 1593 2128 in
1613 2102 1760 2137 superiori

977 2146 1128 2173 Sermone.
1146 2147 1193 2173 Est
1208 2154 1279 2182 ergo
1296 2147 1473 2181 notandum,
1486 2151 1630 2183 quantum
1641 2149 1680 2176 ad
1691 2157 1762 2184 prae-

978 2200 1045 2220 sens
1060 2192 1178 2227 sufficit,
1194 2193 1278 2229 quod
1293 2193 1483 2229 distinguitur
1497 2194 1652 2231 plenitudo
1666 2196 1760 2232 tripli-

978 2240 1048 2267 citer
1064 2249 1070 2267 ;
1087 2239 1196 2267 scilicet
1208 2240 1317 2275 primo,
1333 2241 1489 2277 plenitudo
1504 2242 1685 2270 sufficientiae
1700 2243 1760 2270 sive

978 2288 1077 2323 gratiae
1086 2288 1272 2322 necessariae3
1287 2288 1432 2323 secundo,
1447 2289 1602 2324 plenitudo
1616 2290 1760 2318 excellen-

978 2335 1023 2362 tiae
1038 2336 1070 2371 (c)
1088 2335 1290 2371 praerogativae
1306 2335 1464 2371 virgineae3
1482 2337 1584 2371 tertio,
1604 2338 1759 2373 plenitudo

977 2382 1192 2417 redundantiae,
1205 2382 1265 2410 sive
1280 2382 1526 2418 supereffluentiae
1536 2384 1643 2412 divinae
1659 2387 1759 2420 poten-

978 2429 1032 2457 tiae.
1046 2429 1216 2465 nico‚quod
1225 2429 1482 2465 primaplenitudo
1495 2431 1688 2465 sullicientiaee,
1699 2433 1760 2460 sive

978 2476 1087 2511 gratita,
1104 2476 1141 2504 ad
1155 2476 1280 2504 salutem
1296 2477 1480 2512 necessariae,
1505 2481 1546 2505 est
1561 2479 1760 2507 communiter

979 2523 1114 2551 omnium
1130 2523 1355 2559 salvandorum,
1378 2525 1450 2560 quia
1473 2525 1534 2552 sine
1554 2525 1611 2553 hac
1631 2525 1760 2562 plenitu-

978 2610 987 2626 ‘3
1004 2609 1089 2640 Heben,
1110 2615 1144 2640 1V,
1164 2611 1199 2634 16.
1222 2624 1250 2628 -
1270 2612 1276 2625 7
1298 2611 1385 2640 Eccli¹5
1409 2617 1477 2635 xxiv.
1500 2614 1581 2637 ets-26.
1599 2627 1627 2630 —-
1646 2614 1655 2629 ⁸
1674 2615 1759 2645 Boni„

979 2652 1057 2669 sorni.
1085 2646 1110 2668 in
1138 2646 1262 2670 Dnmz‘m'c.
1289 2648 1336 2677 ins.
1363 2648 1444 2671 Oetam.
1471 2648 1608 2680 Asszunpt„
1633 2657 1658 2673 11.
1686 2652 1708 2673 2.

978 2682 988 2697 ⁹
1003 2682 1050 2705 Luc
1064 2700 1070 2709 v.
1084 2688 1103 2711 1,
1119 2683 1157 2705 28.
1169 2695 1199 2699 —
1211 2683 1244 2713 (a)
1262 2683 1317 2713 Ley.
1334 2690 1448 2714 magnes.
1465 2696 1495 2702 —
1508 2684 1538 2715 (ὁ,
1556 2685 1615 2709 Coel.
1633 2685 1694 2710 edit.
1711 2689 1760 2710 cte.

980 2718 1149 2748 ——(1·)Stq¹pl.
1165 2716 1225 2743 siu-2

1595 2772 1613 2800 8
