2060 3052
120 1209 201 1230 Exem-

92 1240 162 1267 plum.

121 1493 199 1513 Exem-

92 1523 162 1551 plum.

120 1876 199 1896 Exem-

91 1905 162 1933 plum.

731 180 781 214 DE
802 179 881 213 UNO
902 176 1105 212 MARTYRE.
1129 175 1262 209 SERMO
1284 176 1322 209 V.
1798 178 1837 207 45

218 251 385 281 Bel-nardus
401 252 410 270 ¹
427 259 434 279 :
452 258 467 278 «
488 251 586 279 Bonus
609 249 694 278 miles
718 257 786 278 suas
806 248 912 285 plagas
936 255 998 275 non

218 299 324 335 sentit,
349 299 423 328 dum
447 296 571 333 benigni
586 296 670 325 ducis
684 296 811 325 vulnera
824 296 963 324 intuetur.
981 304 996 321 »

218 347 300 376 Unde
315 346 448 383 sequitur
461 345 492 373 in
507 343 680 373 auctoritate
695 343 847 380 praemissa
861 344 872 360 ²
888 351 894 370 :
912 351 926 368 (ι
941 343 997 369 Re·-

218 394 344 430 cogitate
368 401 454 428 eum,
470 391 522 429 qui
539 391 630 420 talem
644 391 780 419 sustinuit
794 390 937 418 adversus
953 397 998 417 se-

217 440 317 477 ipsum
337 439 619 474 contradictionem,
639 439 672 466 ut
692 445 754 466 non
773 436 916 465 deficiatis
938 435 999 464 ani-

217 487 274 517 mis
292 488 404 516 vestris.
425 496 439 514 »
456 486 525 521 Quis
545 485 630 514 miles
651 485 752 514 deficit
771 484 802 512 in
821 483 921 519 bello,
945 483 998 511 ubi

216 542 317 570 regem
330 542 418 562 suum
430 533 538 562 viderit
549 541 604 570 pro
626 541 656 560 se
677 532 888 560 vulneratum?
910 532 1000 559 Num-

217 582 292 618 quid
309 590 365 618 pro
387 589 418 610 se
438 582 481 610 est
499 581 671 609 vulneratus
689 579 793 608 Jesus‘?
813 581 901 614 Nam,
925 578 999 606 sicut

217 629 288 658 dicit
302 629 390 658 isaias
401 630 411 646 ³
425 638 432 658 ε
446 637 460 655 «
475 630 539 665 lpse
554 629 653 656 autem
666 627 839 656 vulneratus
854 628 896 654 est
910 633 999 662 prop-

216 678 260 704 ter
274 676 443 713 iniquitates
467 676 599 709 nostras,
624 676 652 702 et
675 674 788 703 attritus
813 675 855 702 est
876 674 999 709 propter

216 723 328 752 scelera
350 724 462 751 nostra.
482 732 496 750 »
513 724 585 750 Item
597 722 628 749 ¹⁹:
650 731 663 748 κ
680 723 712 750 Et
735 721 877 749 Dominus
900 719 1000 756 posuit

216 778 306 807 super
320 778 388 798 eum
404 769 540 798 omnium
554 771 689 798 nostrum
699 769 880 805 iniquitates.
893 767 998 795 »Unde

215 817 381 846 Bernardus
397 817 407 834 ⁵
424 826 431 846 ε
450 816 556 851 «Quid
581 816 692 851 fecisti,
718 815 918 844 amantissime
942 816 999 843 Do-

215 865 317 894 mine?
332 865 406 901 quid
423 863 611 899 commisisti,
627 863 761 892 Salvator
780 863 876 898 hone,
901 864 934 890 ut
957 862 999 890 sic

212 911 411 947 Judicareris?
436 920 502 949 quae
526 919 616 940 causa
638 912 706 946 tua,
734 919 801 947 quae
823 917 904 938 noxa
926 910 998 937 tua?

215 960 277 995 Ego
294 967 360 987 sum
374 958 417 987 tui
432 966 521 987 causa
536 958 660 993 doloris,
677 966 733 994 ego
749 958 838 994 culpa
853 959 908 985 tuae
924 957 1000 985 occi-

215 1006 322 1041 sionis,
337 1013 393 1041 ego
406 1005 553 1041 passionis
567 1007 623 1033 tuae
638 1005 725 1037 livor,
742 1007 769 1033 et
789 1005 831 1032 tui
852 1003 998 1032 cruciatus

215 1053 312 1082 labor.
329 1065 341 1080 »
363 1054 407 1082 Ad
418 1053 475 1082 hoc
489 1061 559 1089 ergo
574 1054 728 1089 ponuntur
739 1052 884 1088 imagInes
897 1052 998 1080 Salva-

215 1101 303 1136 toris,
318 1102 351 1129 ut
365 1101 437 1129 dum
453 1100 645 1136 angustiaris,
660 1100 733 1128 dum
748 1100 906 1136 premeris,
924 1100 997 1127 dum

214 1148 375 1177 tentatione
390 1148 539 1185 pulsaris,
549 1147 676 1184 aspicias
692 1147 838 1175 Christum
862 1147 892 1174 in
914 1147 997 1182 ligno

213 1203 269 1232 pro
284 1197 312 1223 te
331 1195 523 1232 pendentem.
545 1197 621 1231 Apes
644 1194 740 1230 enim,
768 1196 997 1230 quantumcum-

214 1251 272 1279 que
295 1242 437 1278 fatigatae,
465 1244 619 1270 resumunt
645 1241 742 1277 vires,
767 1241 840 1269 dum
869 1241 998 1269 viderint

212 1298 301 1318 suum
325 1298 437 1326 regem.
463 1292 539 1325 Ergo
568 1297 630 1317 non
663 1288 750 1317 faciet
779 1289 888 1323 homo,
913 1287 997 1324 quod

212 1337 353 1374 apeculas
364 1337 472 1366 viderit
484 1337 600 1365 facere?

248 1384 352 1421 Tertio,
370 1385 409 1413 ad
424 1393 542 1413 crucem
557 1383 743 1420 spiritualem
758 1382 925 1416 ferendam,
941 1390 996 1418 pro

212 1431 336 1460 brachio
352 1440 503 1468 supremo,
520 1431 694 1468 accipienda
716 1433 758 1458 est
777 1430 870 1466 pietas
888 1430 997 1466 orpha-

212 1487 333 1514 norum,
343 1479 515 1514 viduarum,
525 1481 553 1507 et
563 1479 699 1507 omnium
711 1479 899 1506 miserorum.
915 1477 996 1504 Unde

212 1526 272 1562 leo,
294 1526 453 1554 fortissima
476 1526 580 1561 hestia,
597 1525 704 1562 praedae
726 1524 826 1559 avida,
846 1524 997 1560 unguibus

213 1575 241 1602 et
256 1574 394 1602 dentibus
416 1575 540 1608 armata,
565 1573 680 1600 homini
702 1580 763 1600 non
787 1580 863 1600 saeva
877 1574 927 1607 est,
944 1572 997 1599 sed

211 1621 271 1657 pia.
283 1621 365 1648 Unde
378 1620 401 1648 si
416 1620 570 1648 hominem
586 1620 710 1648 obvium
720 1619 810 1647 habet
824 1619 855 1646 in
869 1619 996 1653 deserto,

211 1677 272 1697 non
289 1668 385 1696 solum
398 1676 467 1695 eum
481 1676 543 1696 non
558 1667 649 1701 laedit,
667 1667 719 1695 sed
739 1675 808 1694 eum
822 1666 953 1700 deducit,
969 1667 997 1693 et

211 1717 292 1745 viam
311 1716 355 1744 illi
372 1715 510 1750 ostendit,
525 1715 582 1743 nisi
597 1715 676 1743 fame
691 1714 784 1742 nimia
803 1714 994 1742 laboraverit.

211 1763 283 1792 Vide
299 1772 370 1799 ergo
382 1771 474 1800 quam
486 1762 614 1791 crudelis
629 1764 670 1790 est
679 1762 783 1796 homo,
793 1761 904 1789 animal
911 1769 995 1789 man-

213 1812 330 1839 suetum
341 1812 457 1845 natura,
471 1818 539 1837 cum
549 1817 609 1838 non
619 1809 715 1845 parcit
726 1809 764 1843 ei,
776 1808 822 1836 cui
836 1808 996 1836 saevissima

212 1857 308 1894 parcit
316 1857 388 1886 fera.
404 1859 478 1885 Nam
489 1857 578 1885 etiam
594 1856 799 1884 crudelissima
814 1856 886 1892 lupa
901 1855 995 1883 bestia

213 1904 366 1940 infantem,
383 1912 474 1941 quem
482 1903 589 1931 misera
596 1903 719 1931 foemina
727 1903 855 1939 projicit,
869 1903 934 1938 ipsa
948 1911 995 1931 re—

214 1952 335 1987 colligit,
353 1953 380 1980 et
394 1951 440 1979 lac
456 1951 482 1979 ei
497 1951 608 1978 tribuit.
626 1950 789 1978 Crudelitas
813 1951 916 1977 contra
939 1958 994 1977 na-

212 2001 310 2027 turam
325 2001 367 2027 est
380 1998 519 2033 hominis,
543 1997 617 2025 sicut
637 1997 676 2025 ad
691 2005 811 2024 sensum
825 1998 913 2033 patet.
931 1998 994 2025 Non

213 2046 293 2074 enim
307 2048 422 2080 natura,
438 2045 512 2073 sieut
533 2044 644 2072 eaeteris
665 2043 855 2079 animalibus,
879 2044 994 2072 homini

211 2101 326 2129 ungues
351 2094 453 2120 acutos
473 2091 555 2120 dedit
567 2091 606 2119 ad
619 2090 837 2123 dilaniandum,
850 2099 904 2119 nec
920 2091 993 2118 den-

211 2141 253 2167 tes
268 2141 395 2168 serratos
408 2139 445 2176 (a)
461 2139 501 2167 ad
516 2138 753 2173 dilacerandum,
766 2146 821 2166 nec
832 2146 944 2166 cornua
954 2138 993 2166 ad

210 2187 401 2223 plectendum
411 2186 455 2223 (b),
462 2195 516 2215 nec
525 2187 662 2215 aculeum
671 2186 709 2214 ad
717 2186 894 2214 feriendum.
906 2188 992 2221 Ergo,

212 2235 285 2263 dum
304 2235 400 2263 omnis
423 2234 604 2262 crudelitatis
626 2242 708 2262 arma
733 2234 772 2262 ab
789 2242 824 2262 eo
839 2234 994 2268 subtraxit,

211 2290 280 2310 eum
295 2282 403 2310 debere
419 2290 482 2309 esse
498 2283 686 2309 mansuetum
702 2282 808 2309 natura
825 2281 991 2317 perdocuit.

210 2330 267 2357 Sed
289 2338 382 2363 arma,
407 2337 473 2365 quae
495 2330 601 2356 natura
624 2329 756 2364 negavit,
779 2328 870 2356 homo
898 2328 992 2356 multo

210 2377 323 2413 pejora,
349 2379 376 2404 et
391 2375 488 2411 magis
511 2376 678 2410 mortifera,
703 2384 757 2403 suo
774 2375 893 2410 ingenio
909 2375 992 2402 adin-

210 2424 300 2457 venit,
315 2426 342 2451 et
357 2422 525 2451 crudeliora
550 2422 639 2457 bella,
663 2431 754 2458 quam
778 2422 879 2450 omnia
894 2423 992 2456 bruta,

211 2471 294 2506 gerit.
321 2470 522 2499 Recordemur
548 2477 620 2504 ergo
644 2470 739 2496 crucis
762 2469 874 2503 Christi,
902 2469 993 2497 simus

210 2517 356 2546 mansueti
371 2519 399 2544 et
414 2516 465 2553 pii,
482 2518 513 2544 ut
528 2516 676 2552 possimus
688 2524 750 2543 esse
760 2516 813 2543 filii
825 2516 919 2545 Matris
932 2516 991 2550 Dei,

244 2593 249 2608 ¹
267 2591 390 2616 Bernard.
407 2604 436 2609 —
453 2591 463 2607 ²
478 2590 564 2621 Hebr„
581 2596 632 2620 ΧΗ,
652 2591 675 2613 3.
691 2603 721 2607 -
740 2590 749 2607 ³
767 2591 826 2621 lsa„
842 2596 904 2620 Lm,
923 2592 946 2614 5.
962 2603 993 2608 —

211 2629 222 2645 ⁶
237 2628 311 2659 ibid„
325 2629 381 2651 6.—
393 2628 402 2644 ὅ
417 2627 570 2651 Bernard.-
585 2626 594 2642 ⁸
609 2626 691 2655 leam,
704 2632 758 2656 iux,
770 2628 809 2651 25.
820 2640 849 2644 —
861 2627 870 2642 ⁷
884 2626 991 2656 Jac.,11,

214 2665 284 2690 13.—
297 2666 305 2678 ¹⁵
319 2663 426 2694 Philip„
441 2670 470 2694 11,
486 2664 567 2687 5-8.—
577 2664 585 2677 ³
600 2663 674 2693 Aug„
690 2662 719 2686 cle
735 2662 803 2687 vero.
821 2664 990 2692 Dem.,serm.

1054 254 1121 282 quae
1137 247 1179 273 est
1194 246 1288 273 mater
1302 244 1390 273 totius
1405 244 1546 273 bonItatis
1559 245 1587 273 et
1600 243 1726 281 pietatis,
1743 243 1771 272 et
1785 245 1838 272 Re-

1053 293 1123 329 gina
1137 292 1348 321 misericordiae
1362 291 1454 328 digna
1469 293 1511 320 est
1526 291 1679 328 appellari.
1695 291 1777 319 Unde
1793 291 1839 319 di-

1054 340 1127 368 citur
1141 340 1151 357 ⁶
1167 349 1174 368 :
1193 350 1206 366 «
1229 340 1330 368 Stabat
1347 339 1433 375 Juxta
1453 347 1573 368 crucem
1599 340 1689 368 Mater
1715 339 1778 374 eJus
1797 347 1804 366 :
1821 347 1835 365 »

1053 387 1159 421 stabat,
1175 387 1308 422 inquam,
1326 386 1470 421 dolendo,
1492 386 1589 414 stabat
1604 385 1814 422 compatiendo
1827 406 1836 420 ,

1054 435 1150 462 stabat
1164 434 1402 470 commoriendo,
1419 434 1531 462 doloris
1544 436 1572 462 et
1583 433 1729 470 passionis
1743 434 1838 461 trans-

1054 482 1132 510 fossa
1158 481 1270 517 gladio.
1296 482 1369 510 Cum
1395 490 1467 518 ergo
1488 481 1554 517 ipsa
1583 481 1619 509 sit
1636 482 1730 508 mater
1750 481 1839 508 totius

1053 528 1274 564 misericordiae,
1304 529 1360 556 soli
1382 528 1517 557 crudeles
1542 527 1582 556 ad
1607 528 1671 564 ejus
1696 528 1839 555 thronum

1053 584 1115 604 non
1130 575 1242 604 habent
1253 576 1411 611 accedere,
1434 576 1506 612 quia
1519 583 1574 603 nec
1590 575 1629 603 ab
1644 583 1679 603 ea
1688 576 1839 603 merentur

1054 623 1162 651 audiri.
1181 623 1340 657 Quomodo
1364 622 1601 651 misericordiam
1616 622 1709 650 audes
1725 623 1837 658 petere,

1054 670 1106 706 qui
1118 678 1184 698 eam
1194 669 1338 706 proximis
1347 669 1467 697 noluisti
1478 669 1618 698 exhibere
1627 670 1640 696 *ἲ
1652 669 1741 704 Scias,
1756 668 1839 705 quod

1053 725 1125 745 vera
1139 719 1181 745 est
1195 717 1348 751 sententia,
1359 725 1451 753 quam
1465 717 1591 745 Jacobus
1603 716 1715 753 profert
1730 716 1760 744 in
1773 715 1839 752 Epi-

1054 764 1152 793 stola⁷
1170 774 1175 793 :
1195 764 1369 792 «Judicium
1393 763 1456 791 sine
1480 763 1687 792 misericordia
1711 763 1762 791 fiet
1784 763 1839 798 illi,

1055 811 1107 848 qui
1122 819 1184 840 non
1199 811 1270 840 facit
1284 810 1532 839 misericordiam.
1550 821 1564 838 »

1091 861 1211 894 Quarto,
1227 859 1265 887 ad
1279 867 1398 887 crucem
1409 858 1594 895 spiritualem
1605 858 1768 892 serendam,
1783 865 1839 894 pro

1053 906 1177 934 brachio
1193 906 1298 934 intimo
1316 908 1399 934 terrae
1419 905 1523 941 infixo,
1541 907 1582 933 est
1595 905 1770 942 accipienda
1784 904 1839 932 hu-

1053 953 1172 988 militas,
1198 961 1265 989 quae
1290 955 1332 981 est
1353 954 1489 989 respectu
1507 952 1678 989 superioris.
1700 951 1840 986 Quando-

1054 1009 1184 1037 cumque
1200 1009 1291 1037 supra
1305 1002 1333 1028 te
1348 1000 1478 1036 agitaris,
1493 1002 1610 1028 tumore
1626 1000 1758 1035 erigeris,
1774 1008 1839 1027 cru-

1055 1048 1095 1076 cis
1112 1048 1230 1076 Domini
1245 1048 1420 1076 recorderis
1437 1048 1506 1082 Quis
1520 1049 1620 1075 tumor
1642 1047 1694 1083 qui
1708 1054 1770 1075 non
1790 1055 1839 1074 ca-

1055 1096 1107 1131 dit,
1124 1096 1192 1132 quis
1207 1104 1294 1124 mons
1309 1096 1361 1132 qui
1375 1103 1437 1123 non
1453 1095 1521 1130 ruit,
1538 1095 1562 1122 si
1578 1094 1735 1122 Dominum
1749 1095 1840 1122 cruci-

1054 1144 1147 1171 fixum
1163 1143 1318 1171 attendas?
1333 1143 1437 1170 Nullus
1452 1142 1536 1170 miles
1546 1144 1588 1170 est
1603 1142 1680 1170 adeo
1692 1142 1839 1178 superbus

1055 1192 1083 1218 et
1097 1199 1253 1226 arroganS,
1266 1192 1297 1218 ut
1312 1198 1401 1226 supra
1415 1198 1518 1225 regem
1534 1189 1637 1217 sedem
1648 1198 1733 1217 suam
1749 1189 1840 1217 collo-

1054 1246 1121 1266 care
1136 1240 1304 1274 praesumat.
1330 1239 1405 1273 Ergo
1423 1237 1506 1273 quod
1530 1245 1592 1264 non
1606 1237 1696 1264 audet
1710 1237 1777 1273 quis
1796 1236 1839 1264 fa-

1054 1293 1120 1312 cere
1138 1285 1200 1320 regi
1222 1286 1338 1312 terreno
1364 1284 1502 1312 citissime
1522 1284 1681 1319 morituro,
1711 1286 1742 1311 tu
1767 1283 1839 1311 facis

1054 1332 1126 1367 Regi
1141 1340 1271 1365 summo,
1293 1331 1467 1359 aeternaliter
1489 1331 1632 1358 duraturo
1643 1332 1657 1357 ⁶?
1671 1332 1703 1359 Et
1717 1332 1838 1366 propte-

1053 1388 1105 1407 rea
1126 1379 1326 1415 Apostolusss:
1349 1389 1361 1404 a
1373 1381 1433 1407 Hoc
1454 1378 1533 1406 enim
1554 1378 1658 1406 sentite
1678 1377 1709 1405 in
1733 1377 1837 1412 vobis,

1054 1427 1135 1463 quod
1153 1428 1180 1455 et
1194 1427 1225 1454 in
1240 1426 1353 1454 Christo
1372 1428 1450 1460 Jesu,
1474 1426 1525 1462 qui
1544 1434 1612 1453 eum
1630 1425 1662 1453 in
1676 1424 1774 1453 forma
1788 1425 1838 1452 Dei

1055 1476 1139 1509 esset,
1162 1473 1330 1502 humiliavit
1352 1473 1561 1509 semetipsum,
1584 1473 1678 1500 factus
1694 1472 1838 1500 obediens

1053 1529 1148 1557 usque
1162 1521 1201 1549 ad
1217 1523 1353 1555 mortem,
1370 1523 1496 1548 mortem
1511 1521 1610 1547 autem
1629 1519 1733 1547 crucis.
1752 1529 1765 1546 z>
1785 1519 1837 1547 Ubi

1054 1567 1124 1596 dicit
1150 1568 1329 1603 Augustinus
1350 1568 1360 1584 ⁹
1385 1576 1391 1595 :
1417 1578 1429 1592 «
1445 1569 1518 1595 Ecce
1545 1567 1638 1595 habes
1665 1567 1838 1595 humilitatis

1054 1615 1236 1651 exemplum,
1244 1614 1391 1651 superbiae
1398 1614 1660 1642 medicamentum.
1670 1614 1747 1647 Quid
1753 1622 1837 1649 ergo,

1052 1662 1156 1696 homo,
1168 1662 1338 1689 intumescis
1346 1663 1360 1689 ἰ)
1371 1662 1455 1697 quid,
1465 1661 1622 1689 morticina
1632 1661 1728 1697 pellis,
1739 1663 1837 1689 exten-

1054 1709 1156 1737 deris?
1179 1709 1262 1745 quid,
1288 1709 1384 1737 sanies
1405 1708 1519 1743 foetida,
1541 1708 1674 1736 inflaris?
1700 1709 1837 1744 Princeps

1052 1758 1120 1784 tuus
1134 1757 1265 1792 humilis,
1278 1758 1306 1784 et
1320 1758 1350 1784 tu
1363 1756 1510 1792 superbus
1520 1757 1534 1783 ἰ)
1549 1757 1643 1792 Caput
1658 1759 1700 1784 est
1711 1756 1834 1791 humile,

1053 1805 1081 1832 et
1096 1804 1265 1831 membrum
1276 1804 1439 1840 superbum
1450 1803 1522 1831 erit?
1535 1805 1697 1831 Monstrum
1709 1805 1752 1831 est
1764 1811 1835 1830 con-

1052 1853 1096 1879 tra
1110 1853 1257 1886 naturam,
1281 1851 1304 1878 si
1327 1851 1436 1879 eoelum
1457 1852 1541 1879 terrae
1557 1851 1713 1886 subjiciaS,
1737 1852 1764 1878 ct
1779 1850 1833 1878 sub

1051 1898 1182 1934 pedibus
1195 1900 1283 1934 eaput
1296 1906 1419 1934 ponas.»
1439 1900 1600 1933 Rogeinu3‚
1616 1900 1671 1926 etc.

1350 1978 1479 2008 SERMO
1501 1978 1540 2007 V.

1088 2041 1233 2069 Fortitudo
1250 2042 1275 2068 et
1289 2040 1366 2068 decor
1386 2041 1574 2068 indumentum
1596 2040 1653 2075 ejus
1674 2040 1702 2067 ¹⁰.
1720 2040 1834 2073 Quanta

1050 2089 1138 2117 fuerit
1152 2088 1295 2117 fortitudo
1317 2089 1502 2121 Sanctorum,
1528 2088 1594 2123 quis
1610 2087 1717 2123 poterit
1732 2087 1834 2123 expla-

1051 2145 1122 2164 nare
1139 2136 1206 2164 ullis
1221 2135 1337 2164 verbis?
1359 2137 1446 2170 Ergo,
1463 2134 1487 2161 si
1508 2135 1593 2169 juxta
1614 2135 1753 2162 merItum
1775 2134 1834 2162 sor-

1051 2183 1184 2211 titudinis
1196 2182 1341 2218 recipiant
1350 2190 1367 2209 a
1377 2184 1434 2209 Dco
1450 2182 1631 2216 mercedem,
1644 2182 1710 2217 quis
1719 2182 1832 2217 praemii

1052 2239 1156 2258 eorum
1172 2229 1358 2257 altitudinem
1373 2230 1469 2265 potest
1485 2229 1524 2256 ad
1540 2228 1663 2264 plenum
1679 2232 1776 2256 mente
1787 2236 1833 2256 co-

1051 2278 1165 2313 gitare?
1180 2277 1280 2312 Majori
1296 2277 1398 2304 donati
1414 2278 1481 2304 sunt
1496 2276 1630 2312 praemio,
1652 2284 1743 2311 quam
1767 2275 1833 2311 quis

1051 2325 1154 2360 lingua
1169 2324 1265 2352 carnis
1279 2324 1432 2360 exprimat.
1451 2323 1518 2351 ideo
1532 2323 1563 2351 in
1574 2323 1668 2350 verbo
1681 2322 1832 2358 praemisso

1050 2373 1190 2399 notantur
1215 2372 1262 2399 hic
1288 2371 1368 2398 duo:
1394 2370 1492 2406 primo
1515 2371 1603 2397 status
1626 2378 1744 2405 pugnie,
1772 2377 1832 2405 quo

1052 2419 1175 2446 diabolo
1195 2418 1314 2452 restitit;
1340 2417 1483 2451 secundo,
1509 2419 1599 2445 status
1619 2424 1746 2451 coronae,
1773 2424 1834 2452 qua

1052 2466 1189 2494 coronari
1209 2465 1383 2501 promeruit.
1402 2467 1473 2493 Nam
1493 2465 1590 2500 primo
1612 2472 1665 2499 per
1679 2471 1830 2499 pugnam,

1052 2513 1148 2549 qualis
1164 2515 1250 2547 esset,
1266 2512 1420 2549 apparuit,
1437 2511 1579 2545 secundo,
1602 2519 1654 2546 per
1669 2510 1831 2545 victoriam,

1050 2561 1098 2588 vel
1109 2568 1262 2595 coronam,
1277 2568 1338 2595 quo
1352 2559 1475 2595 praemio
1490 2558 1596 2593 diguus
1607 2560 1682 2586 esset
1695 2557 1831 2585 innotuit.

1051 2630 1105 2655 xm,
1121 2624 1151 2649 al.
1166 2629 1258 2653 cxxui,
1274 2630 1300 2646 n.
1315 2624 1338 2653 1,
1351 2622 1434 2653 quoad
1448 2628 1563 2645 sensum.
1577 2635 1608 2639 —
1624 2622 1642 2637 ¹⁰
1657 2621 1742 2652 Prov„
1758 2627 1831 2652 xxm,

1050 2662 1089 2685 25.
1108 2674 1137 2678 —
1153 2661 1187 2691 (α)
1204 2660 1265 2685 Caet.
1281 2659 1343 2683 edet.
1358 2659 1476 2682 serratos.
1493 2670 1522 2675 --
1542 2658 1572 2688 (b)
1590 2659 1651 2682 Item
1667 2658 1830 2689 pectendum.
