2029 3052
629 219 915 252 RESPONSIONIS
937 218 1094 251 TERTIAE
1117 220 1246 253 CAPUT
1269 220 1293 253 1.

154 288 263 322 obviat
283 288 368 321 idem
388 288 633 330 Chrysostomus
656 288 692 320 in
714 296 862 320 sermone
888 287 928 320 de

151 343 335 384 proditione
347 343 463 376 Juaoe:
482 355 497 373 (ι
511 343 605 382 Quos,
619 341 735 383 inquit,
753 343 762 360 ¹
778 341 928 383 pretioso-

153 407 227 430 rum
243 407 442 430 marmorum
455 407 573 438 pompa
591 397 734 436 delectat,
755 397 928 436 cognoscat

154 452 314 484 Christum
327 451 474 483 omnium
490 451 673 490 Dominum,
694 452 752 492 qui
772 451 879 482 locum
894 450 928 481 in

152 515 217 547 quo
232 507 326 546 caput
338 505 491 537 reclinare
506 514 571 537 non
585 505 708 537 habuit.
726 505 764 537 Et
778 505 850 537 ideo
865 505 929 537 dis-

152 559 248 600 cipuli
262 559 369 600 ipsum
389 559 599 600 interrogant,
620 561 652 591 et
673 559 784 591 dicunt
798 561 810 578 ¹
831 570 838 590 τ
872 559 930 591 sz·

151 614 202 646 vis
213 622 364 654 paremus
378 614 534 646 comedere
544 614 690 646 Pascha?
699 624 713 644 n
732 613 791 646 Sed
806 614 832 645 si
843 615 929 646 Chri-

151 669 218 699 stus
245 668 408 700 habuisset
424 667 622 699 domicilium
643 677 831 708 commune,
849 669 928 700 illud

151 721 296 762 discipuli
308 731 374 754 non
383 722 596 762 ignorassent.
609 722 669 753 Sed
678 721 773 753 etiam
787 721 928 754 Christus

149 775 219 807 loco
233 785 299 807 non
313 776 477 812 caruisset,
493 776 527 806 in
547 785 612 816 quo
630 777 725 816 caput
745 775 926 815 reclinaret,

150 830 181 860 et
192 829 312 861 Pascha
326 830 516 862 comederet.
535 829 705 868 Colligitur
719 838 799 868 ergo
822 838 862 860 ex
877 829 927 860 in-

149 884 364 923 terrogatione
372 883 615 924 discipulorum,
632 885 663 914 et
676 882 806 923 hospitii
821 882 927 914 incer—

150 935 295 975 titudine,
316 938 403 978 quod
422 937 565 969 Christus
580 936 777 968 domicilium
785 946 851 967 non
866 937 927 967 ha-

150 989 230 1029 huit,
248 1000 307 1022 nec
320 991 497 1032 proprium,
515 1000 573 1022 nec
588 999 768 1022 commune.
785 990 929 1021 Aretissi-

150 1053 238 1075 mam
253 1054 381 1085 quoque
391 1045 518 1077 Domini
530 1045 751 1085 paupertatem
764 1044 927 1075 declarans

150 1097 367 1140 Hieronymus
389 1100 432 1130 ait
460 1100 470 1116 ³
492 1110 499 1131 :
520 1111 535 1129 (t
560 1099 666 1139 Turpe
688 1100 823 1130 estante
844 1099 928 1130 fores

151 1152 320 1183 sacerdotis
340 1153 464 1184 Domini
484 1153 629 1184 crucifixi
645 1155 676 1184 et
693 1152 854 1193 pauperis,
872 1154 927 1193 qui

150 1205 221 1237 cibo
236 1215 366 1246 quoque
382 1207 568 1238 vescebatur
583 1207 699 1245 alieno,
714 1206 841 1238 lictores
851 1216 926 1238 con-

150 1259 269 1298 sulum,
278 1262 309 1291 et
318 1260 432 1291 milites
445 1261 614 1292 excubare.
623 1260 717 1291 »Fuit
727 1261 834 1301 itaque
843 1260 928 1292 Chri-

151 1314 230 1351 stus,
239 1315 392 1354 tanquam
404 1324 480 1346 vere
494 1315 730 1355 pauperrimus,
742 1315 847 1345 alieno
858 1315 928 1346 cibo

149 1369 357 1399 sustentatus.
367 1368 432 1399 Hoc
442 1369 548 1408 ipsum
559 1368 740 1399 Bernardus
749 1369 780 1398 in
787 1368 927 1408 quodam

150 1429 296 1452 sermone
319 1431 416 1461 super
435 1422 514 1453 illud
536 1423 630 1454 Lacoe
648 1421 658 1438 ‘⁶
685 1433 691 1453 :
721 1422 797 1454 Cam
823 1423 928 1461 facias

150 1477 227 1506 esset
240 1475 329 1507 Jesas
344 1484 502 1508 annorum
520 1475 699 1514 duodecim,
725 1477 866 1516 apertius
883 1477 929 1507 di-

150 1528 192 1559 cit
207 1531 241 1559 ⁵:
267 1540 281 1558 «
304 1529 342 1560 Ut
366 1531 406 1568 te,
432 1530 573 1568 Domine,
597 1539 653 1570 per
671 1530 780 1561 omnia
808 1532 928 1562 nostrae

149 1583 329 1622 paupertati
343 1583 568 1622 conformares,
585 1583 676 1624 quasi
691 1593 775 1615 unus
786 1584 818 1615 in
833 1585 929 1615 turba

151 1646 328 1677 pauperum
339 1637 453 1678 stipem
467 1647 522 1678 per
532 1638 612 1670 ostia
623 1638 835 1669 mendicabas.
852 1639 929 1676 Quis

150 1690 237 1721 dabit
262 1700 313 1722 me
338 1691 555 1723 buccellarum
584 1693 713 1723 illarum
737 1693 928 1724 mendicata-

150 1754 224 1776 rum
248 1746 435 1786 participem
458 1747 540 1785 fieri,
567 1748 598 1777 et
621 1747 707 1777 illius
727 1747 825 1778 edulii
854 1747 927 1778 reli-

150 1799 233 1839 quiis
252 1800 417 1839 saginari?
438 1811 452 1829 n
477 1800 649 1831 Anselmus
675 1801 771 1831 etiam
791 1801 823 1831 in
847 1801 929 1833 libro

152 1853 190 1884 (Ie
209 1853 425 1886 sacramentis
436 1854 445 1870 ‘³
457 1865 463 1885 :
477 1866 490 1883 a
506 1854 632 1894 Pauper
647 1854 689 1885 ita
704 1855 761 1885 suit
775 1854 926 1894 Christus,

151 1909 188 1938 ut
199 1908 332 1939 veniens
346 1908 380 1938 in
395 1908 565 1946 mundum,
587 1917 650 1939 nou
674 1908 706 1938 in
728 1918 798 1947 sua,
821 1910 875 1940 sed
895 1910 928 1940 in

151 1961 255 1993 aliena
274 1962 368 1993 domo
391 1966 590 2000 nasceretur,
620 1964 651 1992 et
678 1964 771 1993 natus
798 1965 928 2003 propter

150 2015 293 2055 inopiam
305 2015 366 2046 loci
385 2016 420 2046 in
440 2016 593 2056 praesepio
615 2016 786 2047 brutorum
806 2017 928 2047 anima-

149 2068 229 2099 lium
245 2071 428 2109 poneretur,
444 2071 476 2100 et
489 2069 602 2101 vivens
618 2070 651 2100 in
668 2070 788 2101 mundo
800 2079 865 2101 non
876 2071 929 2102 ha-

150 2122 248 2161 beret,
265 2123 321 2153 nbi
340 2125 433 2164 caput
453 2132 549 2154 suum
568 2123 753 2161 reclinaret3
777 2133 835 2154 nec
854 2133 927 2156 mo-

150 2175 251 2214 rienS,
276 2177 362 2208 unde
388 2177 566 2208 nuditatem
588 2186 680 2208 suam
702 2179 840 2217 tegeret3
870 2188 927 2209 nec

152 2231 309 2267 mortuus,
321 2230 406 2261 unde
417 2231 645 2269 involveretur,
663 2240 720 2261 nec
731 2232 924 2271 sepulcrum,

151 2285 207 2313 aut
221 2282 338 2322 locum,
351 2284 407 2314 ubi
421 2293 537 2324 corpus
552 2286 716 2315 mortuum
727 2285 896 2317 locaretur.
908 2297 922 2315 ›)

152 2335 199 2367 Ex
213 2336 263 2367 his
276 2336 449 2376 colligitur,
467 2338 553 2377 quod
573 2338 715 2369 Christus
730 2348 850 2380 pauper
869 2340 928 2370 fuit

150 2390 183 2420 iu
198 2392 284 2428 ortu,
301 2400 422 2430 pauper
442 2391 474 2420 in
496 2391 570 2422 vitae
595 2401 782 2432 progressu,
804 2403 927 2434 pauper

150 2444 184 2474 in
197 2444 334 2475 termino
350 2454 357 2475 :
374 2453 450 2475 sane
459 2446 495 2475 ut
510 2444 593 2476 hanc
609 2448 827 2486 paupertatem
841 2456 926 2478 ama-

150 2497 246 2528 bilem
261 2498 405 2529 redderet
418 2498 453 2529 in
467 2499 599 2537 mundo,
614 2500 852 2539 pauperrimam
863 2510 927 2532 ma-

150 2614 160 2629 *Ζ
173 2613 274 2645 Manli„
290 2620 364 2644 xxvi,
385 2617 421 2638 Π.
438 2627 467 2632 -
481 2615 491 2631 3
510 2615 614 2638 Hieron.
628 2598 659 2632 '-
684 2616 688 2629 ⁴
709 2598 776 2645 L'ac.,'
795 2600 827 2647 11,
847 2601 885 2642 42..
897 2632 927 2635 -

151 2648 161 2665 5
174 2650 249 2672 Bern.
268 2662 298 2667 —
313 2650 321 2664 θ
336 2651 460 2682 Auselm.‚
476 2650 506 2674 [le
524 2651 636 2674 Sacram.
656 2651 771 2676 cliversa't.
789 2652 822 2675 ml
844 2653 926 2676 Wala-

152 2684 226 2707 ranni
247 2685 338 2716 quei-el.
361 2694 437 2716 resp„
459 2694 482 2710 c.
510 2691 546 2710 111.
568 2699 599 2703 —
621 2687 631 2703 ⁷
653 2687 734 2718 loun„
758 2693 810 2714 xil.
835 2690 874 2713 2²6.
897 2702 927 2707 —-

151 2719 161 2736 Β
173 2720 245 2752 Bed.‚
262 2721 287 2745 in
302 2722 382 2747 Marc.
398 2735 427 2741 —
447 2724 455 2737 “
468 2723 614 2754 ,ΟὴτγεοεῑῚ
636 2723 765 2755 ιἠΜαίιΙι.,
781 2724 851 2751 hom.
870 2731 926 2757 vui,

1709 226 1767 256 457

982 289 1065 319 trem
1083 288 1190 329 elegit,
1206 289 1405 330 paupertatis
1419 289 1557 322 desectus
1581 290 1766 324 voluntarie

983 342 1124 382 pertulit,
1141 344 1184 380 et,
1199 346 1236 374 ut
1251 352 1374 384 pauper
1390 345 1422 375 et
1437 343 1540 384 inops,
1555 344 1764 377 discalceatus

982 395 1120 428 incessit.
1136 397 1178 428 De
1191 399 1376 438 paupertate
1387 407 1526 438 namque
1538 398 1649 430 matris
1662 398 1763 439 ipsius

982 450 1057 481 dicit
1075 450 1156 482 Beda
1168 459 1264 491 saper
1273 453 1429 491 Marcam,
1445 461 1609 493 exponens
1623 462 1767 493 evange-

982 503 1079 535 licum
1095 504 1175 536 illud
1190 506 1224 537 ⁷:
1247 506 1282 538 Si
1302 508 1376 547 quis
1401 507 1485 539 milii
1509 507 1691 547 ministrat,
1716 517 1767 540 me

982 561 1136 598 sequatur
1159 568 1170 590 .·
1193 571 1208 589 α
1231 559 1489 599 Consideremus,
1514 561 1620 602 inquit
1648 563 1675 601 ⁸,
1703 571 1767 602 qua

983 612 1036 643 via
1048 612 1207 652 graditur,
1223 614 1259 644 ut
1277 613 1367 654 sequi
1384 623 1578 646 mereamur.
1595 615 1676 646 Ecce
1689 625 1765 647 cum

983 666 1137 698 Dominus
1151 667 1191 698 sit
1200 669 1323 698 creator
1333 667 1538 707 angelorum,
1556 671 1765 709 suscepturus

983 722 1134 752 naturam
1148 723 1291 752 nostram
1307 730 1405 761 quam
1420 722 1569 761 condidit,
1583 723 1618 753 in
1633 724 1764 755 uterum

984 773 1126 813 Virginis
1141 775 1240 812 venit,
1264 774 1352 806 nasci
1374 776 1483 806 tamen
1505 775 1539 806 in
1558 776 1619 807 hoc
1644 778 1767 809 mundo

982 837 1039 868 per
1055 828 1168 860 divites
1182 829 1296 868 noluit,
1312 831 1459 870 parentes
1474 839 1630 870 pauperes
1651 831 1763 872 elegit.

983 882 1071 914 Unde
1086 885 1117 914 et
1137 893 1253 923 agnus,
1275 884 1331 925 qui
1352 894 1410 924 pro
1431 884 1485 916 illo
1507 885 1689 924 offerretur,
1706 887 1765 918 de-

982 936 1055 975 fuit3
1074 936 1297 969 columbarum
1319 938 1436 979 pullos,
1461 940 1492 970 ct
1515 948 1573 979 par
1599 941 1766 972 turturum

982 990 1022 1021 ad
1037 990 1229 1022 sacrificium
1252 994 1354 1023 mater
1370 992 1503 1024 invenit.
1520 1003 1534 1021 »
1553 992 1610 1024 His
1633 1003 1767 1025 concor-

982 1045 1035 1076 dat
1049 1044 1295 1085 Chrysostomus
1310 1054 1407 1086 saper
1423 1047 1606 1079 Matthoeam
1621 1050 1631 1067 ⁹
1648 1058 1655 1079 z
1677 1059 1691 1077 α
1705 1048 1766 1079 Pa-

983 1098 1068 1129 riens
1082 1099 1212 1138 quidem
1227 1099 1344 1130 Filium
1359 1100 1469 1140 Virgo,
1492 1101 1658 1132 confestim
1675 1102 1768 1133 illum

982 1151 1016 1182 in
1038 1161 1181 1193 praesepe
1202 1153 1387 1191 reclinavit,
1419 1154 1494 1194 quia
1516 1155 1626 1186 inultis
1649 1165 1768 1187 conve-

982 1206 1146 1237 nIentibus
1170 1209 1299 1247 propter
1319 1208 1582 1248 descriptionem,
1610 1218 1676 1240 non
1700 1212 1768 1242 erat

982 1260 1116 1291 domum
1130 1261 1287 1292 invenire.
1305 1261 1365 1292 Sed
1381 1262 1458 1302 quid
1478 1262 1548 1300 fuit,
1566 1263 1650 1303 quod
1667 1264 1767 1296 suasit

983 1313 1092 1353 Magos
1104 1314 1257 1345 adorare?
1272 1314 1358 1346 Nihil
1372 1315 1459 1346 enim
1474 1316 1673 1347 sensibilium
1695 1327 1763 1349 ma-

984 1377 1089 1407 gnum
1105 1370 1172 1399 erat
1192 1368 1266 1407 illic,
1290 1369 1343 1400 sed
1367 1379 1507 1410 praesepe
1532 1372 1563 1401 et
1580 1372 1762 1412 tugurium,

983 1425 1014 1453 et
1030 1424 1132 1453 mater
1146 1432 1279 1463 pauper,
1293 1425 1323 1454 et
1337 1423 1457 1454 nudam
1474 1424 1645 1463 Magorum
1659 1425 1768 1457 videas

983 1476 1232 1516 philosophiam.
1259 1488 1274 1505 »
1309 1477 1388 1508 Item
1413 1487 1543 1518 quoque
1570 1479 1604 1509 in
1631 1479 1765 1510 homilia

984 1529 1171 1570 Epiphaniae
1187 1531 1225 1561 de
1240 1530 1342 1570 Magis
1360 1531 1505 1571 loquens,
1522 1532 1597 1563 dicit
1611 1534 1633 1552 10
1648 1543 1656 1564 ε
1677 1545 1692 1563 ((
1709 1533 1767 1565 Vi-

984 1584 1100 1615 derunt
1108 1585 1324 1624 pandochium
1333 1586 1539 1616 tenebrosum
1550 1588 1581 1617 et
1589 1587 1764 1627 sordidum,

984 1638 1090 1678 magis
1104 1638 1307 1678 animalibus,
1325 1649 1424 1679 quam
1440 1639 1625 1671 hominibus
1639 1643 1764 1682 aptum,

984 1692 1018 1723 in
1043 1702 1107 1732 quo
1131 1702 1227 1724 nemo
1242 1696 1310 1724 erat
1328 1696 1496 1725 contentus
1524 1695 1684 1734 secedere,
1705 1696 1767 1726 nisi

984 1747 1108 1777 itineris
1122 1747 1308 1778 necessitate
1323 1750 1462 1786 coactus,
1479 1751 1682 1789 matremque
1696 1751 1766 1790 ejus

985 1801 1041 1832 vix
1056 1801 1199 1832 tunicam
1213 1802 1386 1833 habentem
1402 1812 1512 1840 unam,
1534 1812 1598 1833 non
1613 1803 1652 1834 ad
1668 1813 1766 1835 orna—

984 1857 1054 1885 tum
1071 1855 1222 1894 corporis,
1244 1856 1298 1885 sed
1314 1856 1353 1886 ad
1369 1858 1594 1895 tegumentum
1612 1857 1766 1888 nuditatis

984 1908 1214 1947 proficientem.
1247 1919 1262 1936 ›)
1298 1908 1387 1945 Quod
1424 1910 1533 1940 autem
1560 1911 1766 1950 pauperrime

984 1961 1112 1999 vixerit,
1129 1971 1226 2001 super
1240 1962 1318 1992 illud
1339 1961 1435 1992 Marci
1454 1964 1473 1979 ¹¹
1493 1974 1499 1994 z
1520 1963 1765 2004 Circumspectis

985 2016 1142 2054 omnibus,
1160 2016 1268 2046 Glossa
1285 2016 1423 2047 declarat
1436 2017 1543 2047 dicens
1560 2028 1566 2047 :
1590 2028 1604 2046 «
1619 2017 1763 2048 Circum-

984 2071 1098 2110 spectis
1113 2071 1274 2108 omnibus,
1289 2071 1316 2100 si
1332 2070 1403 2110 quis
1421 2080 1496 2101 eum
1512 2071 1651 2110 hospitio
1667 2073 1765 2102 susci-

984 2127 1082 2166 peret.
1105 2125 1214 2156 Tantae
1237 2124 1323 2155 enim
1351 2124 1546 2164 paupertatis
1566 2125 1641 2164 fuit,
1667 2127 1698 2156 et
1721 2126 1765 2157 ita

983 2179 1063 2209 nulli
1079 2179 1236 2217 adulatus,
1253 2178 1336 2209 utin
1356 2180 1444 2208 tanta
1465 2179 1545 2209 urbe
1568 2179 1694 2211 nullum
1713 2181 1764 2211 in-

983 2233 1108 2265 veniret
1121 2232 1308 2272 hospitium.
1328 2243 1342 2260 »
1359 2231 1461 2271 Super
1481 2242 1577 2272 quem
1603 2234 1698 2264 etiam
1714 2234 1763 2266 lo-

983 2296 1056 2318 cum
1072 2286 1156 2317 Beda
1177 2286 1210 2316 in
1235 2286 1361 2325 origine
1385 2286 1427 2325 (a)
1443 2286 1519 2317 dicit
1534 2287 1555 2303 ¹2
1573 2298 1579 2318 z
1606 2299 1620 2316 «
1646 2288 1763 2319 Intelli-

984 2341 1128 2380 gendum
1143 2342 1200 2378 est,
1220 2339 1303 2379 quod
1322 2342 1419 2370 tantae
1436 2341 1632 2380 paupertatis
1655 2342 1761 2372 Domi-

983 2403 1043 2424 nus
1051 2394 1120 2431 fuit,
1131 2395 1166 2423 ut
1177 2393 1296 2424 iuurbe
1306 2394 1448 2424 maxima
1456 2394 1583 2425 nullum
1592 2395 1761 2435 hospitem,

983 2447 1106 2478 nullam
1127 2447 1326 2477 mansionem
1348 2447 1522 2486 invenii‘et,
1548 2449 1602 2479 sed
1624 2449 1658 2479 in
1682 2458 1762 2488 agro

983 2501 1119 2540 parvulo
1134 2500 1219 2540 apud
1233 2500 1401 2538 Lazarum,
1416 2510 1607 2541 sororesque
1620 2503 1689 2541 ejus
1707 2503 1763 2534 ha-

982 2555 1107 2587 bitaret.
1124 2565 1139 2583 ))
1158 2554 1309 2586 Constans
1324 2558 1371 2586 est
1385 2556 1496 2595 igitur,
1513 2556 1599 2595 quod
1616 2556 1761 2588 Christus

984 2648 1007 2665 n.
1033 2642 1055 2664 1.
1077 2653 1107 2657 —
1133 2641 1153 2657 ¹0
1180 2640 1227 2670 ld„
1247 2640 1275 2664 ile
1297 2641 1389 2672 Epzpli.
1414 2654 1444 2658 —
1465 2642 1483 2657 ¹¹
1506 2642 1596 2672 Maro,
1617 2648 1657 2673 xi,
1677 2644 1715 2666 11.
1732 2657 1762 2661 —-

987 2677 1002 2691 ¹²
1018 2677 1090 2707 Bell„
1106 2676 1131 2700 in
1149 2677 1217 2700 hunc
1232 2678 1281 2701 loc.

1017 2727 1047 2757 (α)
1065 2726 1123 2757 Leq.
1140 2726 1265 2757 originali.
