1955 3021
1699 239 1722 261 V

98 294 281 336 partimque
295 301 391 326 versu
405 295 590 335 composita,
608 294 758 335 inquiens
773 304 779 324 :
799 305 814 323 α
830 292 1042 334 Nequaquam
1055 291 1193 332 indigna
1205 295 1251 325 est
1262 296 1372 326 saneto
1385 295 1624 337 Bonaventura,
1637 298 1722 330 utut

96 355 260 395 repugnet
273 352 430 386 Oudinus.
449 353 531 385 Nam
546 353 689 394 primum
703 352 821 383 falsum
835 352 894 391 est,
912 359 1021 392 preces
1041 350 1238 384 Coronarum
1253 354 1437 394 temporum
1454 355 1718 397 novissimorum,

97 413 166 446 sive
180 413 290 445 saeculi
303 422 361 452 xv,
377 422 456 453 esse,
471 413 636 454 quoniam,
652 414 690 444 ut
703 412 851 443 omittam
868 410 1051 448 Rosarium,
1069 412 1100 441 et
1112 419 1160 449 ea,
1178 419 1252 451 quae
1272 412 1311 444 de
1325 422 1364 444 eo
1385 413 1551 453 dicuntur,
1573 414 1719 447 Mabillo-

96 471 182 504 nius*
194 471 230 503 in
242 471 434 504 Praefatione
448 471 567 504 Saeculi
587 471 693 514 quinti
712 470 921 509 BenedictIni,
941 479 974 501 n.
1002 470 1076 507 125,
1102 466 1240 502 ostendit
1262 471 1392 504 initium
1417 472 1548 507 Coronae
1567 475 1606 507 B.
1628 475 1662 506 Ρ.
1679 475 1720 506 ab

95 532 227 563 ineunte
250 531 369 563 saeeulo
392 541 438 564 ΧΠ
458 531 668 573 repetendum
692 539 772 561 esse.
795 528 914 560 Deinde
934 528 1066 560 titulum
1089 528 1218 560 Coronoe
1240 529 1317 561 huic
1334 532 1491 572 opusculo
1511 541 1578 564 non
1599 532 1721 565 Auctor

95 591 219 631 indidit,
238 591 292 623 sed
307 591 504 623 Collectores.
528 591 649 622 Auctor
667 589 754 621 enim
777 588 812 619 in
834 588 898 619 fine
918 587 978 626 ait,
1005 595 1038 619 se
1057 587 1193 620 laudum
1209 589 1270 629 pia
1288 592 1479 629 precamina
1505 591 1551 624 acl
1569 592 1720 626 honorem

95 651 235 691 quinque
248 650 418 683 vulnerum
431 650 513 683 Filii
530 649 697 690 viminis,
714 651 745 681 et
768 646 904 680 laudum
923 646 1030 679 sancti
1044 647 1189 679 nominis
1208 647 1245 680 V.
1270 647 1315 680 M.
1343 648 1529 683 decantasse
1546 660 1557 682 .·
1576 652 1720 693 quinque

94 710 211 742 scilicet
224 710 366 751 psalmis,
384 709 584 741 orationibus
600 710 630 740 et
651 707 827 749 rhythmis
848 705 1109 746 antiphonisque.
1130 704 1314 746 Rhythmus
1331 707 1442 748 incipit
1459 719 1466 739 :
1495 709 1603 743 Gaude
1622 711 1719 752 Virgo

93 771 197 802 mater
213 768 350 808 Christi,
365 777 437 810 quoe
453 776 512 809 per
527 775 636 800 aurem
652 765 841 806 concepisti,
860 764 1003 797 Gabriele
1022 764 1139 796 nuntio
1156 773 1166 795 :
1185 765 1297 796 eodem
1317 765 1450 806 quidem
1471 776 1585 800 versus
1604 769 1718 801 modu-

93 826 223 868 lamine,
236 837 300 869 quo
311 827 508 860 Laudismus
523 827 555 858 S.
575 826 698 859 Crucis.
716 824 828 856 Potius
842 823 904 855 dici
919 823 1012 854 dehet
1025 822 1178 863 Officium
1190 822 1227 856 cle
1240 824 1383 865 quinque
1399 825 1532 866 qaudiis
1547 826 1586 858 B.
1604 827 1649 859 M.
1666 828 1719 867 V„

92 896 209 928 nempe
222 887 257 919 in
271 887 475 928 conceptione
488 887 558 926 filii,
572 885 608 917 in
625 887 726 926 partu
741 883 810 923 filii,
835 883 870 914 in
886 882 1120 915 resurrectione
1136 882 1205 922 filii,
1223 883 1257 914 in
1281 885 1468 918 ascensione
1482 886 1549 925 filii,
1567 886 1647 918 etin
1660 895 1720 918 sua

93 946 133 978 ad
156 946 273 978 coelum
297 946 518 986 assumptione
529 969 536 982 ‚
561 946 657 986 Juxta
680 943 825 984 quinque
855 942 976 973 litteras
1005 942 1148 973 nominis
1181 943 1289 975 Mariae
1313 955 1320 976 t
1345 945 1463 985 quibus
1493 946 1620 978 duobus
1648 946 1719 978 aliis

92 1006 265 1048 rhythmis,
281 1014 338 1037 seu
353 1005 480 1046 gaudiis
495 1004 609 1036 additis
626 1003 660 1034 in
679 1002 832 1040 adventu,
849 1010 885 1032 ac
900 1000 1090 1033 adoratione
1102 1002 1282 1042 Magorum,
1300 1005 1331 1034 el
1346 1004 1381 1034 in
1399 1003 1554 1037 descensu
1571 1004 1719 1045 Spiritus

94 1064 222 1104 Sancti,
239 1064 308 1096 sine
322 1067 430 1096 tamen
445 1063 642 1104 antiphonis,
659 1062 791 1103 psalmis
805 1063 836 1092 et
848 1060 1010 1102 precibus,
1027 1061 1145 1102 quihus
1159 1061 1222 1093 alia
1238 1063 1358 1103 gaudia
1373 1064 1617 1104 concinnantur,
1634 1065 1720 1097 indi-

90 1126 189 1165 toque
205 1123 296 1155 titulo
310 1123 350 1155 de
363 1125 480 1163 septem
494 1121 629 1163 qaudiis
644 1121 680 1152 B.
703 1121 740 1153 V.
752 1120 961 1161 ‚Opusculum
978 1119 1150 1159 vulgatum
1171 1122 1218 1152 est
1245 1121 1279 1152 in
1302 1121 1407 1153 libello
1432 1122 1560 1163 piarum
1585 1133 1719 1164 precum

90 1182 231 1216 Venetiis
242 1191 295 1214 an.
313 1182 402 1221 1592,
416 1182 514 1213 in-lss.
530 1181 649 1213 Nostra
657 1181 849 1221 precamina
863 1179 944 1210 dixit
958 1179 1055 1210 etiam
1070 1178 1219 1210 Urbanus
1233 1179 1273 1211 IV
1287 1180 1321 1212 in
1336 1181 1478 1221 Epistola
1493 1182 1566 1214 data
1581 1183 1718 1224 principi

91 1242 221 1274 Achaiae
235 1251 288 1273 an.
305 1243 395 1280 1263,
413 1242 444 1272 et
456 1240 602 1272 Clemens
617 1239 657 1272 IV
672 1240 706 1270 in
720 1239 813 1271 Bulla
828 1238 1017 1271 Damnabat
1028 1238 1174 1279 perfidia
1189 1248 1242 1270 an.
1261 1242 1351 1272 1267.
1368 1250 1383 1269 ›>

130 1301 210 1333 Ecce
224 1301 317 1333 auin
334 1301 391 1333 hoc
407 1299 544 1333 Eruditi
556 1299 653 1339 plane
671 1299 880 1337 conveniant⁷
897 1302 932 1330 ut
948 1298 1074 1339 qeneris
1089 1298 1188 1338 hujus
1202 1306 1310 1339 preces
1325 1300 1517 1340 incoeperint
1527 1300 1645 1333 saeculo
1661 1311 1717 1333 xv.

89 1360 313 1401 Antiquiorem
328 1360 362 1392 S.
379 1359 606 1391 Bonaventura
620 1358 656 1389 B.
679 1357 857 1390 Jordanum
872 1367 957 1397 nego
974 1357 1152 1397 negaverit.
1171 1357 1204 1389 Si
1219 1367 1299 1398 ergo
1314 1360 1482 1399 peritiores
1493 1361 1716 1402 consulamus,

90 1420 171 1451 sicut
185 1429 252 1451 una
265 1429 307 1451 ex
321 1419 381 1450 illis
399 1419 531 1452 Coronis
548 1417 583 1449 B.
600 1417 739 1449 jordano
754 1416 970 1456 attribuenda,
987 1416 1031 1447 ila
1046 1416 1158 1456 altera,
1175 1417 1214 1448 de
1228 1427 1293 1458 qua
1308 1418 1341 1448 in
1357 1420 1529 1459 praesentia
1537 1420 1716 1461 loquimur,

90 1479 123 1510 S.
147 1478 393 1512 Bonaventurae.
425 1479 583 1510 Coronam
609 1477 706 1508 etiam
734 1476 905 1507 conflatam
934 1485 975 1507 ex
1010 1476 1104 1508 Pater
1131 1478 1238 1509 noster
1266 1477 1364 1509 fuisse
1397 1478 1548 1510 usitatam
1574 1482 1718 1521 tempore

91 1537 123 1569 S.
136 1537 383 1576 Bonaventurae,
399 1538 485 1578 patet
499 1546 541 1568 ex
554 1536 626 1569 Vita
640 1545 753 1569 cooeva
765 1535 798 1567 S.
817 1535 917 1567 Clarae
931 1534 1120 1566 Assisiensis
1131 1536 1216 1576 apud
1235 1536 1460 1569 Bollandianos
1470 1538 1490 1569 ¹.

393 1657 410 1692 ξ
428 1657 470 1685 ΙΧ.
490 1672 526 1677 -
545 1657 613 1685 Lixus
632 1664 721 1684 BEATAE
740 1658 833 1685 Mimas
853 1657 978 1684 VIRGINIS.
1001 1656 1171 1692 (Procli-om„
1192 1657 1242 1684 col.
1265 1658 1407 1693 ool-662.)

129 1748 214 1780 Laus
235 1747 332 1780 beatoe
355 1745 505 1787 Virqinis
522 1746 566 1777 sic
585 1745 771 1778 inscribitur
790 1745 918 1779 dictata
937 1755 958 1778 a
981 1749 1091 1779 sancto
1118 1747 1361 1785 Beneventum,
1386 1748 1565 1780 secundum
1588 1749 1716 1782 litteras

87 1806 301 1839 Salutationz‘s
317 1805 490 1846 Anaeticus,
512 1805 621 1846 sicque
639 1806 752 1838 multis
766 1814 868 1838 saerce
886 1807 1062 1846 Scripturoe
1082 1806 1160 1838 locis
1179 1806 1323 1847 siaurata
1338 1807 1527 1847 ostenditur,
1552 1809 1589 1839 ut
1610 1808 1714 1849 ipsam

85 1865 199 1897 devote
209 1864 341 1905 legenti,
359 1864 525 1895 Doctorem
541 1864 753 1905 Seraphicum
775 1865 926 1896 dedecere
942 1875 1008 1896 non
1032 1865 1192 1897 videatur.
1219 1866 1309 1897 Certe
1325 1867 1436 1897 contra
1458 1876 1530 1898 eam
1550 1867 1632 1898 nihil
1652 1878 1714 1909 op-

86 1924 272 1965 ponendum
288 1923 431 1954 habuere
445 1923 616 1955 novissimi
631 1923 786 1964 Editores⁷
803 1927 840 1956 ut
860 1925 981 1955 mirum
998 1924 1050 1963 sit,
1068 1924 1190 1964 absque
1206 1924 1272 1955 ulla
1286 1924 1408 1965 adjecta
1424 1934 1559 1957 censura
1572 1926 1658 1958 illam
1672 1929 1712 1959 ad

86 1983 362 2024 supposititiorum
377 1982 566 2023 quisquilias
579 1983 731 2023 abjecisse
746 1984 767 2014 ².
785 1984 875 2021 Quod
892 1984 991 2015 Maria
1005 1984 1039 2015 in
1062 1984 1121 2016 hoc
1137 1984 1294 2024 opusculo
1308 1986 1407 2016 semel
1422 1986 1606 2027 iterumque
1621 1997 1713 2019 voca-

86 2044 140 2074 tur
156 2043 294 2076 Deitatis
309 2042 503 2081 triclinium,
521 2041 666 2082 elogium
687 2044 733 2073 est
748 2043 852 2074 simile
872 2043 928 2082 illi,
952 2052 1019 2084 quo
1040 2052 1058 2073 a
1082 2043 1310 2075 Bonaveniura
1332 2044 1512 2075 celebratur
1537 2045 1712 2079 Trinitatis

87 2102 268 2135 triclinium
281 2101 337 2133 lib.
353 2101 446 2133 tertio
463 2102 703 2134 Sententiarum
719 2104 741 2140 ³,
760 2103 837 2133 etin
855 2103 1090 2136 Commentario
1108 2102 1320 2143 Apocalypsis
1336 2104 1358 2134 ‘a
1375 2103 1415 2134 ln
1432 2103 1612 2144 scripturis
1623 2105 1709 2146 siqu-

86 2163 160 2194 rata
173 2161 350 2193 ostenditur
364 2161 404 2192 ab
419 2160 531 2192 eodem
546 2160 774 2192 Bonaventura
788 2160 885 2192 etiam
900 2161 934 2192 in
948 2162 1178 2195 Ecclesiastica
1193 2161 1389 2194 Hierarehia
1402 2164 1423 2193 ⁵.

127 2220 248 2252 Caetera
261 2220 392 2261 require
405 2220 440 2251 in
456 2221 473 2260 ξ
487 2230 509 2252 v
525 2222 555 2252 et
567 2229 612 2252 vi.

345 2340 360 2375 §
380 2340 410 2367 Χ.
431 2355 465 2360 -
484 2341 646 2368 PsALTssmnM
664 2348 740 2368 nimus
759 2349 849 2369 BEATAE
869 2341 963 2369 MAmAE
982 2342 1108 2369 Vlncmis.
1133 2340 1296 2376 (Proclrom.,
1320 2340 1371 2368 col.
1393 2341 1466 2376 662.)

126 2429 281 2462 Psalterio
296 2429 418 2462 minori
432 2438 498 2460 non
513 2430 621 2469 officit,
638 2430 724 2471 quod
740 2430 936 2463 Psalterium
951 2430 1058 2470 nzaJus
1073 2431 1156 2461 infra
1171 2430 1285 2461 dicturi
1300 2439 1414 2461 sumus
1429 2430 1588 2461 incertum
1603 2431 1705 2462 Bona-

85 2491 232 2521 venturae
242 2490 367 2527 foetum,
382 2498 569 2529 quanquam
581 2499 639 2530 pro
649 2499 686 2521 eo
695 2492 778 2521 stent
793 2493 1003 2521 monumenta
1013 2490 1131 2521 similia
1141 2498 1265 2527 eorum,
1281 2489 1401 2529 quibus
1418 2489 1502 2520 idem
1513 2490 1707 2523 Psalterium

86 2550 195 2582 minus
207 2548 350 2579 fulcitur.
368 2547 444 2578 Plus
454 2548 540 2578 euim
553 2548 708 2587 exigitur,
721 2551 756 2580 ut
767 2549 931 2589 probabile
947 2550 1002 2579 [iat
1017 2548 1178 2579 difficilius
1195 2548 1298 2589 (quale
1313 2551 1360 2579 est
1375 2548 1565 2579 psalterium
1576 2550 1705 2590 majus),

84 2616 182 2647 quam
192 2607 316 2638 creditu
331 2606 466 2637 facilius.
479 2606 569 2644 Quod
578 2607 747 2648 utriusque
760 2610 870 2639 auctor
884 2617 970 2638 unus
982 2617 1047 2638 non
1057 2608 1108 2647 sit,
1119 2607 1193 2639 inde
1204 2617 1334 2648 quoque
1349 2608 1446 2647 argui
1461 2617 1551 2649 posse
1564 2609 1703 2648 videtur,

118 2689 125 2705 ¹
142 2689 204 2720 Cap.
222 2694 243 2718 Ι,
265 2695 291 2713 u.
309 2689 331 2712 l.
351 2701 382 2706 —
403 2688 411 2702 ²
433 2687 552 2717 Dian-ib„
569 2695 626 2720 pag.
645 2690 705 2719 135,
724 2691 819 2714 nostrae
835 2697 897 2714 vero
914 2689 1048 2720 editionis,
1065 2691 1125 2713 lom.
1149 2690 1173 2719 1,
1194 2696 1252 2721 pag.
1272 2695 1372 2713 Lxxxii.
1387 2703 1417 2708 —
1438 2691 1446 2704 ³
1462 2690 1525 2716 Dist.
1542 2697 1588 2722 11¹,
1603 2692 1669 2723 part.
1686 2693 1704 2723 i,

87 2726 132 2748 art.
155 2726 183 2753 2,
207 2731 231 2755 q.
258 2731 273 2753 1,
295 2726 357 2748 tom.
381 2724 424 2754 lV,
444 2731 502 2755 pag.
524 2726 564 2754 69,
584 2725 634 2751 eol.
657 2725 677 2749 l.
696 2739 721 2742 —
748 2726 757 2742 b
776 2727 837 2756 Cap.
861 2726 890 2750 V.
915 2726 971 2750 Vid.
998 2726 1201 2757 Snpplemcnlum
1224 2725 1271 2749 snb
1293 2726 1425 2750 Clemente
1444 2727 1511 2758 Papa
1529 2728 1584 2752 XlV
1608 2727 1703 2752 editum

85 2760 213 2792 Tridenti,
230 2761 299 2785 1774.
316 2773 345 2777 —
361 2761 368 2773 ⁵
386 2760 445 2785 Vid.
462 2762 525 2784 toln.
544 2761 597 2790 Vll,
615 2769 672 2792 pugg.
690 2763 733 2785 4515}
750 2762 775 2785 ct
790 2768 844 2791 seq.
