2029 3052
508 296 575 335 QUI
597 294 732 329 ORDINl
754 293 946 326 FRATRUM
969 294 1054 327 MIN.
1081 294 1388 328 ADVERSANTUR.

137 364 227 404 parte
247 363 297 396 sui
324 364 358 396 in
382 364 456 405 his,
478 365 596 406 quibus
618 365 696 396 tunc
719 363 915 404 indigemus,

136 418 355 458 procurandis,
381 419 432 452 vel
447 419 607 452 solvendis
629 417 754 457 debitis,
771 418 917 458 accepta-

137 480 220 503 mus.
237 471 269 504 Si
285 474 393 504 autem
406 473 459 505 ille
473 473 590 505 timens
605 482 645 504 ne
667 473 748 504 forte
762 472 832 512 ejus
846 471 918 502 talis

135 524 299 566 dispositio
327 535 385 567 per
413 527 557 559 haeredes
580 535 668 564 suos,
693 526 746 558 vel
769 525 857 564 alios,
884 525 916 556 in

133 581 298 619 posterum
312 580 518 621 impediatur,
537 583 568 613 et
581 582 710 622 propter
723 580 785 612 hoc
795 589 919 621 1113100-

133 635 229 674 cupat
242 634 394 666 roborare
407 635 496 667 illam
512 635 619 676 sigillo
633 635 770 675 aliquus
787 634 915 675 judicis,

131 687 187 719 vel
213 688 346 729 civium,
373 690 426 723 vel
453 690 596 731 alterius,
621 692 653 722 et
680 690 851 722 committit
873 690 918 722 sic

132 741 227 774 alicui
242 743 345 776 amico
358 754 416 776 suo
429 754 513 784 eam,
529 745 582 777 vel
601 745 750 784 fratrum,
768 744 823 786 qui
840 753 916 776 con-

131 798 248 836 servat,
261 798 347 838 quod
362 799 430 839 ipse
444 799 602 839 disposuit
623 799 662 830 de
677 798 772 830 domo
787 798 853 837 tali,
865 798 917 830 vel

130 859 215 890 area,
232 851 279 882 nil
301 852 341 883 ad
361 861 431 892 nos,
446 861 521 884 cum
544 852 584 884 de
609 852 706 884 rebus
731 852 798 884 suis
819 852 918 893 possit

129 904 281 937 ordinare
306 906 393 947 quod
415 907 512 939 volet.
536 905 601 938 Nec
622 906 768 945 domum,
787 915 847 937 nec
867 906 913 937 lo-

129 968 204 991 cum
218 960 315 992 talem
329 961 467 992 dicimus
481 970 550 993 esse
564 962 725 999 nostrum,
748 970 822 992 cum
834 960 917 991 nihil

125 1013 210 1053 juris
226 1024 285 1046 nos
306 1015 346 1047 ad
366 1025 403 1047 ea
427 1017 642 1056 protestamur
666 1015 799 1046 habere.
817 1014 915 1046 Simi-

128 1066 201 1099 liter
226 1068 252 1100 si
268 1069 383 1110 aliquis
399 1069 581 1111 disponeret
608 1079 665 1111 per
686 1070 839 1107 amicum,
864 1069 916 1102 vel

129 1121 248 1161 alium,
272 1123 358 1164 quod
385 1124 424 1155 de
448 1124 551 1165 pretio
569 1124 621 1156 vel
643 1124 682 1156 de
704 1124 916 1165 proventibus

129 1174 206 1215 illis,
231 1177 282 1208 vel
304 1177 380 1217 illis,
397 1178 552 1210 darentur
572 1178 722 1210 fratribus
742 1179 791 1209 tot
817 1187 916 1219 panes

130 1231 285 1272 quotidie,
298 1233 351 1264 vel
377 1234 505 1265 tantum
530 1233 743 1274 eleemosynae
774 1233 916 1273 singulis

129 1285 326 1326 septimanis,
343 1288 399 1319 3111
414 1288 520 1327 3111115,
535 1297 600 1320 non
622 1296 766 1320 essemus
785 1288 915 1328 propter

128 1339 190 1371 hoc
208 1341 332 1381 praedii,
348 1342 401 1374 vel
422 1342 587 1374 redituum
609 1350 817 1383 possessores.
833 1340 915 1373 Nam

129 1394 167 1434 si,
184 1404 236 1426 me
265 1398 392 1436 petente
414 1397 666 1438 eleemosynam,
681 1396 797 1437 aliquis
825 1395 915 1427 dives

129 1452 306 1492 promittat,
327 1453 414 1494 quod
443 1453 582 1494 singulis
610 1453 704 1485 annis
732 1453 809 1484 velit
838 1453 915 1484 dare

129 1508 281 1540 fratribus
304 1510 383 1541 duas
406 1510 552 1549 tunicas,
578 1510 629 1543 vel
652 1511 780 1541 tantum
801 1518 913 1547 unam,

129 1562 182 1594 vel
195 1563 334 1604 singulis
349 1564 603 1596 hebdomadibus
617 1566 663 1595 tot
681 1573 791 1604 panea,
809 1565 839 1595 et
853 1563 915 1594 1100

129 1618 307 1649 committat
330 1619 519 1650 officialibus
533 1618 610 1657 suis,
626 1620 664 1649 ut
689 1617 758 1650 vice
779 1617 830 1648 sui
853 1617 915 1648 ista

128 1671 203 1703 dent
217 1672 315 1704 etiam
337 1683 374 1705 eo
389 1673 530 1713 absente,
549 1676 579 1705 et
603 1673 665 1704 hoc
684 1682 743 1713 pro
763 1672 914 1703 fratribus

127 1727 291 1768 recipiam,
307 1728 360 1760 vel
377 1727 487 1767 etiam,
504 1727 532 1758 si
554 1727 602 1758 1111
628 1727 800 1767 negligant
823 1727 912 1765 dare,

127 1781 329 1814 admonendo
362 1782 494 1822 exigam
511 1806 519 1821 ‚
552 1781 711 1823 numquid
745 1782 914 1822 propterea

128 1837 230 1867 certos
252 1836 393 1867 redditus
408 1836 528 1867 habere
543 1835 668 1867 dicendi
691 1844 816 1874 sumus,
839 1844 913 1866 011111

127 1898 194 1921 11011
218 1899 259 1921 ex
284 1891 379 1930 jure,
401 1890 457 1921 sed
482 1898 523 1920 ex
550 1889 655 1929 gratia
682 1889 788 1920 solum
816 1889 913 1920 talem

127 1943 365 1985 eleemosynam
389 1944 553 1984 recipiam,
570 1943 622 1975 vel
644 1943 798 1983 exigam?
813 1942 852 1973 Et
873 1942 910 1981 si,

127 2000 198 2039 post
211 1999 336 2030 obitum
350 1999 450 2038 illius,
466 2007 551 2030 uxor
566 1999 647 2038 ejus,
671 1997 722 2030 vel
743 1997 796 2028 3111
818 1997 913 2028 3111101

127 2062 185 2093 pro
210 2053 319 2085 anima
346 2053 434 2085 1111115
452 2053 557 2084 adhuc
577 2052 677 2084 velint
703 2052 810 2092 aliquo
830 2053 912 2083 tem-

127 2115 205 2146 pore
220 2106 317 2138 talem
342 2107 435 2138 nobis
456 2107 693 2147 eleemosynam
718 2115 775 2147 per
799 2115 843 2145 50,
862 2106 913 2138 vel

127 2169 169 2191 ex
188 2161 394 2201 dispositione
420 2161 507 2193 illius
528 2160 654 2202 largiri,
675 2169 847 2201 possumus
869 2160 913 2191 51-

128 2214 247 2246 militer
270 2215 410 2256 recipere
432 2226 473 2247 ex
494 2216 605 2248 eadem
632 2216 748 2256 gratia,
765 2215 809 2246 ita
826 2215 913 2255 quod

127 2268 397 2309 quandocumque
418 2269 540 2301 nollent
564 2269 704 2310 amplius
730 2269 792 2300 ista
822 2269 910 2308 dare,

127 2322 173 2353 nil
196 2324 379 2363 peteremus
406 2324 446 2355 ab
468 2324 514 2355 eis
537 2324 628 2365 quasi
656 2333 697 2355 ex
724 2323 841 2362 debito,
858 2323 913 2354 sed

127 2386 218 2408 more
233 2377 456 2409 mendicorum
469 2387 710 2410 recurreremus
725 2378 765 2409 ad
779 2378 912 2409 domum

128 2431 295 2463 clementis
320 2432 442 2464 domini
476 2442 535 2473 pro
562 2432 749 2473 quotidiana
772 2432 912 2463 01001110-

131 2495 223 2526 syna,
237 2487 382 2527 quandiu
397 2486 443 2518 illi
458 2487 595 2527 placeret
607 2498 614 2526 3
633 2487 686 2518 sed
702 2486 829 2527 quando
840 2485 913 2527 plus

128 2540 238 2580 nollet,
263 2541 426 2572 abiremus
446 2541 552 2580 vacui,
577 2541 699 2581 gratias
722 2542 854 2581 agentes
874 2540 912 2572 de

129 2594 213 2634 dat0,
230 2598 261 2626 et
275 2605 342 2627 non
367 2598 609 2628 murmurantes
626 2596 664 2628 de
679 2598 812 2636 negato.
836 2595 911 2627 Haec

130 2650 177 2680 est
201 2658 290 2689 vera,
315 2651 347 2681 01
367 2660 450 2691 pura
470 2651 538 2683 vita
562 2650 800 2689 mendicorum,
826 2649 912 2690 quod

128 2703 234 2743 datur,
254 2713 294 2735 ex
319 2706 424 2744 gratia
445 2706 597 2747 recipere,
622 2714 689 2737 non
705 2715 746 2736 ex
766 2705 852 2745 Jure.
870 2704 913 2736 De

130 2757 279 2790 censibus
303 2768 381 2791 vero
407 2760 578 2792 domorum
608 2760 761 2791 fratribus
788 2759 912 2799 legata-

129 2821 202 2843 rum
225 2813 306 2844 nihil
325 2814 514 2854 quaerimus,
531 2815 614 2847 sicut
628 2825 687 2847 nec
699 2815 738 2847 de
753 2815 824 2846 aliis
837 2815 911 2846 red-

1697 298 1752 329 531

974 363 1106 395 ditibus
1135 363 1169 395 Si
1194 365 1320 404 autem,
1347 363 1521 404 antequam
1551 363 1755 405 vendantur,

974 417 1115 458 aliquem
1135 417 1209 449 inde
1225 427 1356 449 censum
1373 417 1542 458 recipiunt,
1561 418 1594 449 in
1616 427 1757 459 quorum

973 475 1051 502 tunc
1072 473 1225 512 potestate
1246 474 1321 503 sunt
1343 472 1407 504 illae
1423 472 1549 512 domus,
1566 472 1648 504 1111111
1672 473 1757 513 juris

973 525 1093 557 habere
1108 526 1142 557 in
1157 535 1194 557 eo
1209 527 1434 566 protestamur,
1451 526 1505 558 sed
1520 526 1758 568 eleemosynam

974 580 1066 611 nobis
1082 582 1193 621 sponte
1206 580 1345 611 oblatam
1366 580 1552 621 simpliciter
1571 580 1756 622 recipimus,

974 634 1055 666 sicut
1075 635 1204 667 aliunde
1218 635 1380 667 donatam.
1399 636 1480 674 Quia
1500 646 1576 668 vero
1601 636 1757 669 Dominus

973 688 1064 721 docet
1078 689 1087 706 ¹
1105 698 1165 721 nos
1179 697 1287 722 cavere
1307 690 1346 722 ab
1364 690 1558 730 hominibus,
1574 693 1605 723 et
1621 691 1758 732 Aposto-

973 743 1025 776 lus
1039 746 1050 763 ²
1068 744 1107 778 ab
1122 746 1212 778 omni
1227 746 1331 787 specie
1344 746 1432 779 mala
1447 746 1619 785 abstinere,
1635 756 1677 778 ne
1696 756 1756 788 pu-

973 799 1081 830 temur
1109 800 1150 831 ab
1178 800 1406 840 ignorantibus
1427 803 1682 841 transgressores
1705 811 1755 834 re-

973 853 1062 893 gulae
1090 855 1230 894 nostrae,
1255 854 1409 887 debemus
1437 857 1546 896 aperte
1574 856 1755 897 protestari,

972 907 1018 938 nil
1033 907 1125 939 nobis
1141 909 1227 949 juris
1246 909 1280 940 in
1302 909 1422 941 talibus
1435 909 1660 942 donationibus
1674 910 1757 943 velle

972 960 1102 1000 habere,
1121 962 1204 994 sicut
1227 964 1355 995 tenetur
1374 966 1541 1005 suspectus
1555 964 1594 996 de
1617 964 1754 996 fornica-

972 1015 1059 1047 tione
1078 1016 1188 1047 omnia
1217 1016 1273 1048 illa
1296 1026 1422 1057 cavere,
1441 1027 1481 1051 ex
1503 1018 1623 1060 quihus
1650 1021 1756 1060 posset

972 1069 1034 1101 ista
1049 1070 1187 1111 suspicio
1201 1071 1376 1112 probabilis
1387 1072 1540 1112 judicari.

1237 1167 1356 1201 Quaestio
1376 1167 1492 1197 decima.

1015 1233 1095 1264 Cum
1119 1234 1200 1265 nulli
1223 1234 1379 1267 deberetis
1404 1236 1506 1267 facere
1521 1235 1686 1277 injuriam,
1703 1237 1755 1270 vel

972 1287 1129 1320 damnum
1156 1289 1291 1330 inferre,
1316 1290 1379 1322 hoc
1407 1300 1473 1323 non
1500 1291 1655 1332 servatis,
1679 1292 1756 1333 quia

971 1351 1056 1383 saepe
1078 1346 1189 1375 contra
1210 1344 1411 1376 voluntatem
1439 1345 1652 1386 plebanorum
1673 1346 1755 1378 1001-

971 1396 1045 1437 pitis
1069 1398 1179 1429 domos
1205 1398 1239 1429 in
1262 1408 1374 1430 eorum
1393 1400 1572 1440 parochiis,
1598 1400 1683 1432 unde
1709 1401 1756 1432 eis

970 1451 1110 1482 multum
1127 1451 1250 1492 deperit
1264 1453 1302 1484 de
1317 1453 1542 1494 oblationibus,
1553 1456 1584 1486 et
1597 1455 1667 1486 aliis
1681 1464 1754 1496 pro-

973 1505 1136 1545 ventibuS,
1153 1506 1233 1538 dum
1247 1516 1305 1539 vos
1320 1508 1480 1548 occupatis
1494 1508 1564 1540 loca
1584 1509 1618 1540 in
1636 1510 1755 1550 quibus

970 1559 1024 1591 alii
1053 1560 1253 1601 habitarent,
1276 1562 1335 1603 qui
1362 1563 1406 1594 eis
1435 1563 1495 1594 ista
1522 1564 1751 1605 persolverent.

970 1614 1050 1646 Item
1065 1625 1161 1656 saepe,
1180 1616 1247 1648 51110
1262 1616 1390 1649 lieentia
1405 1618 1639 1659 episcoporum,
1657 1620 1754 1651 intra-

969 1667 1009 1698 tis
1039 1677 1152 1700 eorum
1177 1670 1339 1702 dioeceses.
1357 1671 1538 1712 Aliquando
1566 1673 1755 1705 inconsultis

970 1722 1109 1754 dominis
1124 1725 1230 1764 terrae,
1247 1725 1300 1757 vel
1317 1725 1466 1765 civitatis,
1483 1726 1595 1759 domos
1614 1728 1754 1768 recipitis

968 1777 1003 1808 in
1017 1778 1151 1809 eisdem.

1279 1867 1437 1901 Responsio.

1010 1941 1081 1972 Non
1096 1941 1204 1973 omnia
1219 1951 1293 1983 quae
1316 1944 1401 1974 fiunt
1419 1945 1529 1975 contra
1550 1945 1751 1978 voluntatem

969 1995 1118 2036 alicujus,
1128 1996 1168 2028 ad
1176 1996 1220 2037 inj
1225 1997 1329 2028 uriam
1340 1999 1367 2038 ej
1372 2007 1411 2029 us
1421 1998 1514 2030 fiunt.
1527 1998 1605 2031 Cum
1615 2009 1696 2040 ergo
1705 2001 1749 2032 01-

970 2060 1027 2083 ves
1041 2050 1179 2091 alicujus
1194 2051 1302 2092 oppidi
1317 2062 1376 2084 nos
1390 2056 1518 2092 vocant,
1530 2056 1561 2086 et
1575 2055 1682 2087 locant
1693 2065 1753 2088 nos

971 2105 1056 2146 apud
1070 2114 1103 2136 se
1123 2106 1156 2136 in
1178 2106 1233 2137 tali
1251 2106 1332 2145 1000,
1348 2107 1405 2138 11111
1423 2108 1519 2139 0113111
1539 2112 1668 2150 possent
1694 2110 1751 2142 Ju-

970 2161 1056 2192 daeos
1070 2161 1186 2200 locare,
1203 2161 1254 2192 vel
1269 2171 1379 2193 aream
1395 2172 1454 2203 pro
1470 2163 1554 2196 ludis
1568 2165 1682 2204 facere,
1698 2166 1753 2198 vel

968 2214 1085 2245 horrea
1099 2224 1157 2246 seu
1178 2215 1314 2254 stabula,
1331 2216 1370 2248 de
1391 2217 1510 2258 quibus
1534 2219 1580 2250 nil
1600 2220 1750 2260 proveni-

968 2271 1017 2300 ret
1040 2269 1177 2309 plebano
1200 2270 1272 2308 loci,
1289 2271 1414 2302 etiamsi
1435 2281 1493 2303 1105
1515 2273 1559 2304 1111
1580 2283 1647 2305 11011
1666 2284 1749 2306 0550-

968 2332 1052 2362 mus,
1067 2333 1133 2355 non
1158 2324 1292 2356 facimus
1307 2325 1353 2357 eis
1378 2326 1534 2367 injuriam
1555 2328 1622 2360 ullo
1642 2329 1749 2361 modo.

968 2379 1088 2411 Sumus
1116 2379 1214 2411 etiam
1245 2390 1310 2412 non
1340 2381 1507 2413 deterioris
1535 2383 1724 2414 conditionis
1740 2407 1749 2422 ,

968 2443 1067 2474 quam
1092 2433 1146 2465 alii
1170 2434 1346 2474 christiani,
1371 2436 1423 2467 vel
1449 2436 1606 2477 religiosi,
1632 2437 1751 2477 quibus

968 2488 1154 2519 conceditur
1168 2488 1280 2520 domos
1299 2489 1439 2530 recipere
1455 2492 1485 2521 et
1508 2490 1587 2530 loca,
1600 2491 1749 2522 ubicum-

969 2552 1031 2583 que
1047 2542 1167 2574 dantur
1189 2543 1228 2574 ab
1244 2543 1300 2582 eis,
1317 2544 1373 2584 qui
1396 2544 1516 2575 habent
1535 2545 1591 2585 jus
1612 2545 1751 2577 liberum

968 2597 1065 2628 dandi
1085 2597 1140 2636 eis,
1158 2597 1300 2629 maxime
1317 2607 1391 2629 011111
1417 2607 1473 2638 per
1488 2598 1603 2630 Sedem
1617 2599 1752 2640 Aposto-
1797 2615 1799 2617 ·

968 2652 1062 2682 1103111
1076 2651 1117 2682 511
1131 2652 1208 2683 ordo
1219 2654 1329 2684 noster
1339 2653 1545 2693 approbatus,
1558 2654 1589 2684 et
1602 2653 1636 2684 in
1650 2654 1752 2685 subsi-

968 2706 1058 2738 dium
1070 2706 1254 2738 animarum
1267 2707 1300 2738 in
1312 2707 1450 2739 Ecclesia
1458 2708 1644 2748 destinatus,
1652 2711 1684 2740 et
1691 2709 1752 2740 hoc

968 2761 1092 2793 bonum
1105 2771 1162 2802 per
1172 2762 1310 2794 aliorum
1321 2762 1477 2795 malitiam
1487 2772 1553 2795 non
1567 2763 1679 2795 debeat
1690 2763 1750 2794 im-

1000 2826 1008 2842 1
1022 2825 1125 2856 Mutua„
1140 2832 1167 2856 X,
1184 2828 1220 2851 17.
1237 2839 1268 2844 —
1283 2827 1315 2850 21
1334 2826 1426 2859 Thess„
1441 2833 1466 2857 v,
1482 2829 1520 2852 22.
