2029 3052
138 2349 229 2375 Triplex

136 2380 216 2400 modus

122 2411 229 2431 mendici-

123 2443 180 2463 tatis.

238 235 297 266 380

237 300 359 332 mundo
384 310 392 331 :
419 307 519 339 ergo,
539 299 566 330 si
585 298 642 339 qui
665 300 740 330 sunt
766 299 822 339 qui
849 299 949 331 verbo
978 300 1011 330 et

237 354 385 395 exemplo
408 362 466 394 per
492 352 652 384 mundum
677 352 885 384 discurrendo
908 353 1012 385 deser-

236 408 331 441 viunt
343 407 463 448 populo
477 406 661 444 christiano,
679 406 794 438 merito
808 406 1009 438 sustentatio-

237 471 312 494 nem
323 462 430 502 pctere
445 461 576 501 possunt
590 459 631 491 ab
643 459 722 500 ipso.

279 515 371 552 Item,
387 514 415 544 si
435 513 509 544 licet
530 513 670 554 recipere
689 514 811 553 majus,
828 514 931 545 multo
945 514 1010 545 for-

236 568 302 599 tius
327 567 400 598 licet
419 567 560 607 recipere
585 566 704 598 minus.
730 567 792 598 Sed
816 567 1012 608 pauperihus

236 621 404 661 Religiosis
417 645 428 660 ,
459 621 514 661 qui
549 621 687 661 propriis
722 621 1010 660 renuntiaverunt,

235 675 308 706 licet
322 675 461 715 recipere
471 674 683 715 amplissimas
691 674 919 715 possessiones:
931 684 1012 714 ergo

237 729 339 760 multo
351 728 465 760 fortius
480 728 548 760 licet
558 728 698 769 recipere
711 728 842 759 diurnas
854 730 1011 760 sustenta-

236 783 348 815 tiones.
375 783 526 823 Alioquin
547 784 786 814 monstruosum
813 783 942 814 videtur
964 783 1012 814 di-

237 845 325 876 cere,
346 836 431 877 quod
454 835 547 867 liceat
572 835 713 876 recipere
734 837 863 867 centum
889 845 1012 868 marcas

237 891 328 929 auri,
350 892 382 921 et
405 899 470 921 non
492 889 585 921 liceat
603 889 743 930 recipere
764 892 894 921 centum
911 890 1012 922 frusta

236 944 339 985 panis.
354 944 387 976 Si
402 943 499 983 dicem,
515 943 602 984 quod
616 943 690 975 licet
708 944 859 984 accipere,
878 944 932 975 sed
945 953 1011 975 non

236 997 310 1029 licet
319 999 437 1038 petere,
446 997 507 1029 hoc
514 997 595 1028 nihil
604 1006 734 1037 prorsus
748 999 805 1035 est,
821 997 896 1038 quia
905 999 1013 1038 petere

238 1051 404 1083 ordinatur
420 1051 460 1082 ad
481 1051 639 1091 accipere,
657 1052 688 1082 et
701 1052 831 1091 propter
849 1051 928 1082 illud
946 1053 1010 1089 est;

238 1106 269 1135 et
289 1104 372 1135 sicut
390 1104 461 1144 plus
473 1106 520 1135 est
534 1104 620 1142 dare,
637 1113 736 1144 quam
755 1103 952 1144 promittere,
970 1104 1016 1135 sic

237 1158 309 1198 plus
327 1159 374 1188 est
388 1157 527 1197 recipere
541 1166 640 1197 quam
655 1159 773 1197 petere.
790 1156 852 1188 Sed
867 1159 1015 1188 constans

237 1213 284 1242 est
295 1235 303 1248 ‚
319 1210 403 1251 quod
425 1210 580 1251 quidquid
593 1210 665 1241 licet
679 1210 753 1241 dare
763 1234 771 1248 ,
787 1210 861 1241 licet
878 1210 1014 1250 promit-

237 1266 303 1296 tere
318 1273 325 1294 :
341 1273 422 1303 ergo
437 1263 592 1304 quidquid
611 1263 683 1294 licet
701 1263 854 1304 accipere,
871 1263 945 1295 licet
961 1273 1016 1304 pe·-

237 1320 315 1350 tere.

279 1372 372 1411 Item,
400 1372 426 1402 si
447 1372 569 1402 amicus
594 1371 671 1412 petit
688 1372 728 1402 ab
755 1372 858 1403 amico
883 1382 941 1403 suo
963 1373 1016 1404 do—

237 1435 333 1464 num,
348 1427 458 1456 contra
476 1425 600 1456 nullam
626 1425 732 1464 legem
760 1425 851 1465 agit,
875 1435 934 1457 nec
958 1426 1016 1457 iste

237 1479 391 1520 petendo,
414 1488 472 1510 nec
501 1478 552 1509 ille
578 1479 682 1509 dando
700 1503 708 1514 ‚
732 1488 790 1510 nec
818 1479 878 1510 iste
903 1489 1016 1511 rursus

237 1532 419 1572 accipiendo
435 1543 442 1563 :
459 1532 512 1563 sed
532 1532 584 1563 lex
606 1532 768 1563 charitatis
785 1535 816 1563 et
839 1533 958 1564 amoris
972 1534 1016 1564 di-

237 1586 307 1617 vini
328 1588 374 1617 est
402 1586 508 1625 magis
536 1586 821 1624 communicativa,
846 1596 944 1627 quam
965 1587 1017 1618 lex

211 1667 214 1670 .
238 1639 362 1670 socialis
388 1649 395 1670 :
422 1648 502 1679 ergo
528 1639 553 1669 si
586 1639 658 1679 quis
691 1641 776 1679 petat
806 1640 866 1671 sihi
896 1640 1017 1680 aliquid

239 1693 307 1723 dari
321 1702 430 1724 amore
446 1693 512 1731 Dei,
529 1693 560 1722 in
577 1693 665 1723 nullo
679 1693 822 1732 oss'endit,
840 1702 898 1724 nec
912 1693 946 1724 in
963 1693 1017 1724 ali-

239 1755 302 1786 quo
317 1756 336 1777 a
350 1746 541 1786 perfectione
556 1746 684 1777 recedit.

281 1799 359 1830 ltem
384 1799 601 1829 indubitanter
623 1799 694 1830 licet
715 1802 821 1839 petere
836 1800 966 1840 aliquid,
984 1801 1017 1831 in

239 1854 332 1893 cujus
361 1852 530 1884 donatione
550 1852 653 1892 potior
668 1853 703 1883 fit
728 1853 864 1884 conditio
886 1854 1012 1885 dantis:

239 1908 293 1938 sed
309 1908 364 1947 qui
380 1907 432 1938 dat
448 1907 569 1947 aliquid
588 1916 644 1947 pro
667 1907 741 1945 Deo,
765 1908 941 1939 foeneratnr
957 1909 1016 1939 Do-

241 1961 328 1991 mino
341 1985 348 1998 ,
366 1963 396 1991 et
414 1960 588 2000 temporale
613 1963 790 1992 commutat
810 1971 866 2001 pro
883 1964 1016 2000 aetorno,

240 2017 270 2045 et
297 2014 335 2044 ad
359 2023 440 2054 opus
464 2014 593 2045 virtutis
609 2015 815 2046 nobilissimae
832 2026 864 2046 su
880 2019 1016 2054 exercet,

241 2067 358 2099 scilicet
370 2068 504 2107 pietatis.
524 2067 611 2107 Ergo
624 2069 649 2098 si
666 2069 735 2099 haec
749 2070 856 2099 omnia
867 2070 1019 2100 eveniunt

241 2121 269 2151 ei
294 2121 414 2152 ratione
439 2122 645 2161 postulantis,
670 2132 791 2163 pauper
807 2124 863 2163 qui
882 2124 1017 2155 eleemo-

241 2184 353 2214 synam
370 2176 457 2215 petit,
471 2176 632 2216 potissime
643 2177 714 2207 facit
729 2178 906 2209 secundum
915 2178 1019 2217 legem

241 2229 405 2259 charitatis
423 2240 429 2259 z
451 2239 529 2269 ergo
553 2240 572 2260 a
594 2231 784 2270 perfectione
809 2232 842 2262 in
862 2232 948 2263 nullo
968 2241 1018 2263 re-

243 2283 337 2313 cedit.

285 2335 375 2367 REsp.
394 2337 441 2367 Ad
463 2338 686 2376 praedictorum
707 2338 950 2377 intelligentiam
975 2341 1021 2369 est

245 2390 434 2428 notandum,
460 2391 544 2430 quod
567 2392 729 2431 tripliciter
750 2392 908 2431 contingit
929 2402 1021 2422 men-

246 2444 361 2474 dicare.
386 2443 424 2474 Et
446 2444 569 2484 primus
588 2445 701 2475 modus
716 2448 763 2475 est
777 2455 816 2476 ex
838 2446 1021 2476 necessitate

247 2499 391 2528 naturae:
406 2499 438 2528 et
451 2497 503 2528 hic
517 2497 632 2528 modus
647 2501 702 2536 est,
719 2508 792 2529 cum
808 2499 881 2539 quis
897 2499 1020 2529 mendi-

247 2552 296 2581 cat
323 2560 386 2581 non
410 2551 513 2581 solum
539 2551 616 2590 quia
640 2560 780 2591 pauper,
810 2553 1022 2583 verumetiam

248 2603 324 2642 quia
343 2603 438 2634 hahet
463 2604 683 2634 infirmitatem
697 2628 706 2642 ‚
734 2605 783 2635 vel
807 2606 1000 2636 debilitatem
1014 2629 1022 2644 ,

250 2656 301 2687 vel
328 2659 512 2697 utrumque.
538 2657 594 2687 llic
621 2659 729 2688 autem
755 2659 868 2689 modus
888 2659 1024 2690 misera-

284 2720 291 2737 ¹
308 2721 374 2751 Luc„
391 2727 443 2750 xv1,
458 2722 537 2746 20-22.
550 2734 579 2739 —
595 2721 603 2735 ²
616 2721 691 2751 Greg.
703 2733 733 2740 —·
747 2721 757 2738 ³
768 2722 896 2753 Ambros.,
907 2722 935 2746 de
946 2722 1025 2753 Offic.,

783 231 833 263 DE
855 230 1120 264 PAUPERTATE
1141 232 1297 265 CHRISTI

1065 299 1138 331 bilis
1163 302 1222 340 est,
1245 303 1278 332 et
1299 300 1473 332 tolerabilis
1488 324 1499 340 ‚
1527 302 1560 332 et
1582 309 1640 341 per
1653 301 1840 341 patientiam

1064 353 1184 385 bonam
1207 355 1244 386 fit
1271 355 1454 386 meritorius
1479 355 1511 386 et
1536 353 1707 386 laudabilis
1727 365 1736 386 ε
1759 355 1841 388 sicut

1065 407 1185 447 legitur
1220 408 1259 439 de
1293 408 1411 439 Lazaro
1439 408 1460 447 ¹,
1491 407 1569 448 quia
1601 410 1670 440 erat
1705 407 1841 448 quidam

1065 461 1232 493 mendicus
1255 463 1382 494 nomine
1400 462 1566 500 Lazarus,
1585 462 1643 501 qui
1654 460 1784 501 jacebat
1797 461 1843 494 ad

1061 514 1200 555 Januam
1225 514 1342 548 divitis
1366 514 1520 547 ulceribus
1549 514 1676 554 plenus.
1703 514 1742 546 Et
1771 515 1844 555 post

1066 567 1215 599 subditur
1228 591 1236 607 ‚
1261 567 1339 608 quia
1365 570 1511 600 mortuus
1535 570 1583 600 est
1603 566 1782 605 mendicus,
1812 569 1843 600 ec

1064 620 1208 661 perlatus
1223 623 1268 654 est
1290 621 1329 653 ab
1352 621 1485 662 Amyclis
1503 621 1542 653 in
1562 621 1672 653 sinum
1694 619 1840 652 Abrahoe.

1067 674 1110 705 De
1125 674 1223 706 divite
1245 678 1353 706 autem
1376 675 1509 714 dicitur,
1524 674 1611 715 quod
1633 674 1776 714 sepultus
1798 676 1844 706 est

1067 729 1105 761 z'n
1118 729 1256 768 inferno.
1281 728 1328 760 Ex
1344 737 1408 769 quo
1427 728 1600 768 colligitur,
1616 728 1702 768 quod
1718 727 1843 759 mendi-

1067 782 1145 813 citas
1159 783 1255 813 etiam
1278 791 1318 813 ex
1339 782 1525 814 necessitate
1546 781 1698 820 venienS,
1719 780 1841 812 occasio

1067 837 1198 868 ductiva
1216 837 1263 867 est
1282 836 1316 866 in
1340 836 1426 867 viam
1445 835 1557 866 salutis
1585 836 1726 866 aeternae.
1747 833 1845 865 Juxta

1067 890 1153 931 quod
1173 890 1248 921 dicit
1271 889 1446 930 Gregorius
1467 892 1491 927 ¹,
1515 888 1600 929 quod
1627 899 1642 917 «
1663 887 1748 919 mala
1770 896 1844 928 quae

1068 953 1127 975 nos
1141 943 1192 974 hic
1203 944 1366 984 premunt,
1383 942 1424 974 ad
1435 942 1536 973 Deum
1550 941 1598 972 ire
1611 940 1840 981 compellunt.»

1109 997 1277 1028 Secundus
1291 996 1407 1027 modus
1421 994 1623 1026 mendicandi
1637 995 1738 1024 estex
1751 993 1844 1025 vitio-

1069 1051 1160 1082 sitate
1174 1050 1276 1090 culpae
1288 1073 1297 1088 ‚
1313 1051 1343 1080 et
1358 1049 1410 1079 hic
1428 1050 1476 1079 est
1494 1057 1569 1079 cum
1583 1047 1657 1088 quis
1672 1046 1843 1084 mendicat,

1069 1104 1121 1136 vel
1135 1112 1192 1144 pro
1207 1103 1270 1134 otio
1280 1102 1428 1141 fovendo,
1444 1101 1496 1133 vel
1505 1110 1564 1142 pro
1575 1101 1665 1132 lucro
1679 1099 1846 1131 cumulan-

1069 1158 1121 1196 do,
1137 1157 1188 1189 vel
1202 1159 1340 1196 utroque
1354 1155 1460 1186 modo.
1481 1155 1520 1185 Et
1533 1154 1596 1192 hic,
1614 1154 1758 1194 inquam,
1773 1161 1846 1184 mo-

1069 1211 1129 1242 dus
1144 1209 1363 1250 vituperabilis
1377 1209 1472 1240 estin
1487 1208 1637 1239 omnibus
1647 1207 1750 1238 taliter
1759 1215 1848 1238 men-

1069 1264 1258 1295 dicantibus.
1285 1263 1327 1293 De
1350 1262 1467 1302 quibus
1493 1261 1569 1292 dicit
1600 1260 1787 1291 Ambrosius
1812 1259 1847 1290 in

1070 1318 1151 1348 libro
1164 1317 1202 1349 de
1222 1317 1353 1357 Officiis
1363 1316 1393 1347 ³:
1408 1327 1423 1345 ιι
1435 1314 1597 1346 Petitionis
1604 1323 1699 1345 causa
1713 1313 1848 1345 veniunt

1070 1371 1178 1409 validi,
1187 1371 1308 1402 nullam
1321 1378 1451 1400 causam
1461 1368 1524 1399 nisi
1531 1367 1671 1407 vagandi
1680 1367 1846 1405 habentes,

1071 1428 1101 1457 et
1116 1425 1229 1457 volunt
1245 1424 1386 1455 subsidia
1400 1431 1555 1455 evacuare
1567 1430 1757 1462 pauperum,
1774 1421 1847 1452 exi-

1071 1480 1181 1511 nanire
1195 1481 1372 1519 sumptum,
1394 1487 1452 1508 nec
1470 1477 1591 1516 exiguo
1605 1475 1757 1514 contenti,
1779 1484 1848 1506 ma-

1069 1535 1140 1573 jora
1169 1534 1321 1574 quaerunt
1333 1557 1342 1571 ,
1367 1531 1489 1563 ambitu
1521 1529 1659 1561 vestium
1687 1530 1849 1569 captantes

1072 1587 1232 1628 petitionis
1247 1586 1462 1625 suffragium,
1482 1586 1514 1615 et
1536 1583 1690 1615 natalium
1712 1582 1849 1613 simula-

1072 1641 1156 1672 tione
1170 1640 1325 1671 licitantes
1340 1639 1535 1669 incrementa
1552 1638 1748 1677 quaestuum.
1766 1646 1779 1664 »
1795 1634 1849 1666 Li-

1072 1697 1121 1725 cet
1135 1696 1242 1724 autem
1256 1693 1289 1723 in
1304 1692 1454 1723 omnibus
1477 1691 1592 1722 merito
1610 1690 1722 1720 debeat
1737 1697 1848 1728 repre-

1072 1748 1181 1786 hendi,
1195 1745 1492 1787 reprehendendum
1507 1746 1553 1774 est
1567 1746 1675 1774 tamen
1686 1742 1849 1783 potissime

1072 1802 1106 1832 in
1121 1802 1177 1839 eis,
1195 1801 1250 1841 qui
1266 1799 1383 1830 habent
1398 1798 1536 1838 speciem
1552 1797 1676 1837 pietatis
1691 1798 1723 1827 et
1736 1795 1850 1827 sancti-

1073 1855 1157 1893 tatis,
1177 1855 1216 1885 de
1239 1853 1355 1894 quibus
1377 1851 1451 1883 dicit
1475 1850 1680 1889 Augustinus
1705 1850 1739 1880 in
1766 1849 1849 1880 libro

1076 1910 1119 1941 Dc
1135 1916 1225 1948 opere
1246 1906 1473 1939 ΜοηαοΙιοι-ιιὶη
1488 1905 1497 1921 ⁸
1514 1915 1521 1936 z
1542 1916 1556 1933 «
1572 1903 1665 1935 Nullo
1680 1903 1774 1934 modo
1793 1903 1849 1934 de-

1074 1965 1133 1999 cet,
1152 1964 1187 1992 ut
1205 1962 1237 1991 in
1252 1969 1289 1991 ea
1304 1960 1385 1997 vita,
1405 1959 1460 1989 ubi
1482 1959 1643 1988 senatores
1659 1957 1742 1987 fiunt
1761 1956 1849 1987 labo-

1075 2016 1162 2052 riosi,
1176 2015 1219 2044 ibi
1236 2015 1314 2044 fiant
1328 2013 1457 2053 opifices
1469 2011 1560 2042 otiosi
1573 2021 1580 2049 ;
1597 2012 1628 2041 et
1640 2019 1705 2050 quo
1719 2009 1853 2040 veniunt

1075 2069 1192 2100 relictis
1206 2067 1326 2098 divitiis
1349 2065 1425 2103 suis,
1444 2065 1499 2104 qui
1514 2065 1640 2095 fuerant
1656 2062 1851 2103 praediorum

1074 2122 1215 2157 domini,
1236 2120 1280 2150 ibi
1300 2120 1376 2150 siant
1399 2118 1508 2149 rustici
1533 2117 1666 2148 delicati.
1684 2127 1698 2145 n
1720 2116 1755 2147 Et
1769 2117 1850 2156 post,

1075 2176 1113 2207 ad
1137 2172 1435 2215 reprehendendum
1461 2179 1573 2202 eorum
1597 2170 1697 2200 otium
1715 2171 1746 2200 et
1759 2178 1850 2209 quae-

1075 2232 1173 2267 stum,
1191 2226 1400 2266 snbjungitsst
1421 2236 1435 2254 α
1451 2223 1676 2255 Callidissimus
1696 2222 1795 2253 hostis
1809 2224 1854 2252 ta-

1077 2293 1151 2315 men
1178 2282 1296 2313 multos
1319 2279 1504 2320 hypocritas
1525 2277 1585 2307 suh
1608 2276 1720 2307 habitu
1744 2284 1854 2306 mona-

1076 2338 1211 2368 chorum
1229 2341 1459 2375 usquequaque
1474 2330 1631 2370 dispersit,
1647 2329 1851 2360 circumeun-

1078 2395 1124 2422 tes
1138 2389 1330 2430 provincias,
1356 2393 1517 2425 nusquam
1539 2383 1669 2420 missos,
1691 2391 1852 2421 nusquam

1078 2446 1159 2475 fixos
1170 2467 1178 2481 ,
1196 2449 1355 2481 nusquam
1377 2439 1505 2474 stantes,
1521 2443 1680 2474 nusquam
1697 2434 1851 2466 sedentes,

1079 2499 1139 2530 Alii
1166 2496 1311 2527 membra
1339 2494 1519 2531 martyrum
1538 2512 1548 2527 ‚
1578 2489 1603 2518 si
1631 2490 1740 2518 tamen
1767 2497 1851 2518 mar-

1080 2555 1201 2592 tyrum,
1219 2548 1398 2583 venditant3
1420 2543 1472 2575 alii
1488 2541 1630 2573 fimbrias
1645 2542 1675 2571 et
1690 2541 1853 2581 phylacte-

1080 2606 1129 2636 ria
1159 2613 1216 2634 sua
1242 2599 1468 2640 magnificant;
1502 2595 1556 2626 alii
1584 2596 1731 2634 parentes
1761 2603 1853 2634 suos,

1082 2687 1126 2711 lib.
1150 2686 1186 2717 ll,
1207 2692 1229 2709 c.
1246 2689 1305 2712 xv1,
1321 2689 1348 2706 n.
1368 2680 1407 2704 76.
1425 2691 1454 2696 —
1473 2678 1483 2694 ⁸
1500 2678 1574 2707 Aug„
1590 2676 1620 2700 de
1637 2676 1714 2707 Opere
1733 2677 1858 2710 Monach„

1085 2730 1108 2746 c.
1122 2728 1183 2752 xxv,
1200 2727 1225 2744 n.
1243 2720 1282 2744 33.
1296 2731 1326 2737 -
1341 2718 1350 2734 ⁵
1366 2714 1439 2743 ibid„
1455 2720 1477 2738 c.
1496 2717 1588 2743 xxvlll,
1604 2719 1630 2736 n.
1648 2714 1685 2738 36.

2022 1640 2029 1785 1-——1-..2-
