2029 3052
193 259 252 289 584

192 324 402 357 contemnunt
425 323 554 364 propter
575 320 766 353 servandam
785 329 878 352 suam
893 328 970 361 per-

192 378 373 416 fectionem,
398 375 602 408 attribuendo
615 374 669 406 illa
682 373 841 412 Ecclesiae‚
862 374 966 415 impo-

191 433 275 463 nunt
289 431 317 463 ei
328 430 602 471 imperfectionem
612 438 620 468 ;
636 428 722 468 quod
734 428 822 459 netas
832 429 880 459 est
891 427 971 458 dice-

192 495 238 524 re,
264 495 339 517 cum
359 485 429 526 ipsa
442 483 580 515 Ecclesia
591 482 651 514 toti
665 482 736 513 orbi
758 481 798 512 sit
819 481 919 521 posita
937 480 971 511 in

193 540 361 581 speculum
378 540 409 570 et
423 537 621 578 exemplum,
637 538 674 568 ut
694 537 790 577 patet,
812 535 884 567 dist.
901 545 969 566 xtx.

192 595 363 628 Enimvero
379 594 398 624 ¹.

234 649 312 680 ltem
323 656 387 686 reS‚
403 647 522 688 quibus
535 647 676 678 utuntur
688 645 812 682 fratres,
828 646 884 676 aut
897 645 972 675 sunt

192 701 344 744 propriae,
360 703 416 733 aut
436 709 643 732 communes:
666 699 693 730 si
708 698 859 740 propriae,
880 698 970 730 dam·

192 755 340 788 nabiliter
348 755 528 794 habentur;
545 754 572 785 si
586 762 784 792 communes,
803 761 884 792 ergo
897 754 974 784 sunt

192 810 232 842 de
254 817 392 840 numero
419 808 571 846 illorum,
592 807 631 839 de
654 807 774 847 quihus
799 805 915 837 dicitur
930 809 941 825 ²
962 816 970 837 z

193 864 236 897 Et
257 865 349 896 erant
371 861 440 895 illis
463 861 575 894 omnia
601 861 798 906 communia..

235 919 315 950 Item
338 919 451 949 fratres
469 918 608 948 utuntur
628 915 735 954 rebus,
762 924 835 956 quae
856 923 971 946 consu-

193 974 329 1005 muntur
336 973 486 1013 ipsousu:
497 971 531 1002 in
540 970 660 1002 talibus
671 972 781 1001 autem
791 978 856 1001 non
866 969 972 1001 differt

194 1026 373 1058 dominium
388 1025 429 1057 ab
442 1034 516 1056 usu.
537 1024 722 1055 Dominium
731 1025 838 1054 autem
853 1024 902 1054 est
915 1031 973 1063 ap-

194 1079 368 1121 propriatio
381 1079 414 1110 in
429 1087 577 1110 summo:
595 1086 674 1117 ergo
688 1077 765 1108 talia
783 1077 843 1107 sibi
857 1085 973 1117 appro-

194 1134 312 1174 priant,
332 1135 369 1164 ut
382 1133 486 1171 cibus,
502 1134 533 1163 et
548 1133 652 1164 vestes
672 1130 871 1171 hujusmodi.

235 1187 284 1219 Ad
307 1187 451 1227 primum
473 1185 664 1224 dicendum,
681 1184 766 1225 quod
786 1184 869 1215 sicut
889 1192 972 1215 com-

196 1241 337 1272 munitas
351 1249 460 1272 rerum
475 1240 565 1280 prius
586 1238 730 1270 instituta
751 1240 799 1269 est
817 1238 852 1268 in
873 1237 974 1269 chari-

196 1296 268 1326 tatis
292 1295 490 1326 incentivum
505 1317 515 1332 ,
538 1293 583 1324 sic
607 1292 747 1324 carentia
771 1291 875 1323 omnis
889 1292 974 1332 ¹juris

195 1348 336 1390 proprii,
354 1348 404 1379 vel
425 1347 621 1385 communis,
639 1345 796 1387 Apostolis
812 1346 973 1386 imposita,

196 1403 264 1433 istis
283 1401 466 1433 novissimis
488 1400 688 1441 temporibus
707 1401 860 1431 renovata
874 1401 921 1430 est
935 1399 974 1430 ad

197 1456 366 1488 avaritiam
391 1454 636 1495 extirpandam,
668 1462 741 1494 quae
766 1452 975 1494 perniciosius

197 1511 291 1543 hodie
306 1510 403 1550 serpit
417 1509 451 1540 in
466 1509 560 1540 bonis
574 1507 731 1546 Ecclesiae,
745 1516 883 1548 quorum
895 1507 974 1538 abu-

198 1575 249 1596 sus
272 1566 319 1595 est
340 1563 560 1602 sacrilegium,
577 1570 675 1602 quam
700 1561 730 1591 in
754 1560 824 1591 aliis
845 1560 977 1600 quibus-

198 1629 348 1660 cumque.
365 1619 443 1650 Cum
457 1627 537 1658 ergo
552 1617 636 1655 dicit,
649 1617 726 1657 quia
738 1615 880 1656 eoepedz't,
895 1617 953 1646 etc.
967 1626 973 1646 ε

198 1675 322 1713 Fateor,
338 1674 471 1713 inquam
482 1696 491 1710 ,
507 1674 538 1703 et
556 1671 702 1712 expedit,
719 1670 794 1710 quia
813 1670 930 1701 dicitur
945 1670 977 1700 in

200 1727 415 1760 Ecclesiastico
436 1727 446 1743 ³
465 1736 473 1757 :
496 1726 571 1759 Non
589 1725 699 1757 omnia
717 1724 864 1756 omnibus
887 1731 977 1763 expe-

200 1782 307 1821 cltum,
318 1784 347 1814 ct
363 1788 427 1813 non
441 1780 530 1813 omni
545 1779 664 1811 animae
681 1786 786 1810 omnes
798 1785 896 1817 oenus
910 1778 979 1817 pla-

200 1840 257 1868 cet.
272 1835 361 1867 Unde
378 1837 409 1866 et
430 1833 600 1874 Apostolus
615 1831 689 1863 talia
704 1831 762 1862 sibi
778 1831 910 1862 minime
922 1840 978 1862 ex-

201 1890 308 1931 pedire
329 1889 424 1920 dicitb
443 1899 449 1919 :
469 1888 586 1919 Omnia
605 1886 686 1918 mihi
708 1886 821 1924 licent,
838 1884 895 1917 sed
915 1892 979 1916 non

202 1945 313 1976 omnia
336 1942 526 1983 expediunt.
546 1941 645 1981 Cujus
660 1949 789 1970 causam
807 1939 923 1970 addens
938 1939 981 1969 di-

203 1998 245 2028 cit
262 2009 268 2028 :
289 1996 355 2028 Sed
371 2004 425 2036 eqo
444 1996 501 2028 sub
522 1995 644 2027 nullius
666 1993 798 2034 Ἰνειίιζφιν
815 1996 979 2033 potestate,

200 2051 317 2092 judicis
340 2050 467 2087 scilicet,
487 2048 657 2089 repetendo
684 2047 803 2087 aliquid
829 2051 981 2087 tanquam

205 2114 325 2137 menni.
352 2103 485 2144 Expedit
510 2111 590 2141 ergo
610 2102 718 2133 haberi
740 2101 924 2132 communia
942 2101 980 2140 (ιι)

206 2168 263 2199 pro
282 2157 511 2189 sustentatione
539 2155 759 2186 ministrorum
791 2154 888 2185 etiam
911 2164 984 2193 ege-

207 2222 335 2244 nornni.
364 2211 496 2251 Expedit
519 2210 615 2240 etiam
637 2209 750 2239 modus
766 2209 845 2239 alins
862 2208 911 2238 his
927 2208 984 2248 qui

207 2267 335 2304 nolunt,
353 2267 480 2305 propter
496 2264 731 2304 possessionum
753 2262 986 2302 multiplicatio-

208 2331 294 2357 nem,
311 2320 371 2350 sub
386 2321 511 2349 terrena
523 2317 625 2355 redigi
640 2318 800 2356 potestate,
814 2316 856 2345 nit
868 2315 986 2345 habero

209 2375 241 2405 in
259 2373 398 2414 proprio,
412 2371 462 2402 vel
478 2370 653 2401 communi.
672 2369 759 2400 Unde
774 2369 987 2408 Hieronymus

210 2429 253 2459 ait
278 2430 287 2446 ὕ
313 2436 320 2458 :
342 2438 356 2455 «
371 2424 542 2465 Apostolici
565 2425 612 2454 est
631 2423 761 2462 fastigii,
779 2423 987 2462 pvrfcctaeque

212 2481 350 2518 virtutis,
368 2479 476 2510 omnia
490 2477 627 2509 vendere
638 2479 668 2506 et
680 2476 873 2516 pauperibus
888 2476 989 2506 distri-

213 2536 322 2572 buero,
337 2536 368 2564 et
379 2534 422 2563 sic
432 2533 535 2563 levem
544 2534 573 2562 et
587 2530 770 2570 expeditum
783 2539 854 2560 cnm
867 2529 989 2560 Christo

214 2589 252 2619 ad
283 2587 420 2618 roelestiu
450 2584 629 2616 subvolare.
650 2596 663 2612 »
693 2583 731 2614 Et
756 2583 840 2623 qnod
865 2583 991 2614 additur

215 2641 343 2677 ibidem,
361 2641 447 2680 quod
462 2639 530 2669 sine
545 2637 773 2678 impedimento
791 2636 992 2676 perfeetionis

251 2724 254 2735 ¹
273 2722 376 2749 Der-nt..
393 2722 457 2751 part.
474 2721 491 2750 l,
508 2720 565 2743 dist.
584 2724 638 2747 ΜΚ,
655 2726 677 2742 c.
698 2719 718 2746 -2,
737 2717 786 2741 ine.
805 2717 947 2740 Enimvero.
963 2730 992 2734 ——

220 2760 226 2771 ·'
239 2758 304 2787 .Ι’.Ἰ.,
324 2764 357 2787 iv,
373 2759 410 2781 32.
431 2769 459 2774 —
474 2756 483 2771 ³
498 2755 586 2784 Eat-lt„
603 2760 704 2784 mxvii,
724 2754 761 2777 231.
779 2766 807 2771 -—
824 2753 832 2769 2
849 2754 855 2776 l
875 2754 941 2781 Cora,
959 2758 993 2783 vl,

894 224 1104 284 EXPOSl'rlo

1024 319 1158 360 possunt
1173 320 1358 352 communia
1373 319 1559 360 dispensari,
1574 320 1675 352 fateor
1684 328 1800 353 verum

1024 382 1104 412 esse,
1113 373 1202 414 quia,
1210 375 1248 405 ut
1257 383 1355 414 supra
1364 375 1485 405 tactum
1492 374 1551 411 est,
1559 382 1624 405 non
1638 377 1801 415 repugnat

1024 426 1210 466 perfectioni
1223 428 1521 467 quantumcumque
1534 427 1682 468 pauperis
1706 428 1801 461 eccle-

1025 479 1151 511 siastica
1164 479 1260 518 bona,
1278 479 1456 520 imperante
1469 479 1606 512 Ecclesia
1615 505 1625 520 ,
1642 481 1801 522 suscipere

1025 532 1256 573 dispensanda,
1273 533 1311 571 si,
1326 535 1484 574 quantum
1497 533 1532 564 in
1546 542 1581 565 se
1596 536 1657 574 est,
1671 534 1799 576 dispen-

1027 588 1114 618 sator
1134 595 1260 627 semper
1282 586 1327 618 eis
1350 595 1458 618 carere
1472 588 1558 627 optet
1580 588 1686 628 quoad
1704 597 1750 628 se,
1765 591 1803 621 ut

1027 639 1148 679 patitur
1170 640 1345 680 fragilitas,
1361 640 1590 673 districtionem
1604 642 1737 674 minime
1749 651 1801 674 re-

1028 693 1176 725 laxando.
1193 693 1245 725 Sic
1265 694 1352 725 enim
1374 694 1560 735 dispensans
1573 695 1694 727 loculos
1706 696 1804 728 habet

1028 756 1094 778 non
1116 756 1175 788 pro
1198 757 1243 786 se,
1259 748 1314 779 sed
1331 757 1389 789 pro
1403 748 1491 787 aliis,
1507 749 1586 780 etin
1600 749 1757 788 habendo,
1771 754 1804 783 et

1027 801 1165 834 habendi
1186 803 1292 842 modo,
1316 803 1489 834 conformis
1509 805 1556 835 est
1578 803 1751 844 Salvatori,
1767 807 1804 837 ut

1027 864 1126 896 supra
1141 856 1254 896 patuit.

1066 909 1115 940 Ad
1138 910 1315 942 secundum
1338 911 1506 943 dicendum
1517 935 1528 950 ‚
1544 911 1630 952 quod
1646 912 1719 944 licet
1735 913 1802 952 illa,

1026 964 1144 1004 quibus
1164 964 1264 995 utitur
1278 964 1433 1004 Ecclesia,
1449 965 1483 996 in
1498 965 1618 996 nullius
1633 966 1697 997 sint
1711 967 1804 998 bonis

1027 1017 1235 1057 proprietarie
1258 1017 1363 1058 quoad
1378 1027 1565 1058 personam,
1594 1021 1670 1050 sunt
1692 1020 1800 1051 tamen

1027 1070 1157 1110 propria
1170 1071 1456 1103 communitatibus
1475 1071 1697 1104 Ecclesiarum.
1716 1072 1806 1105 Unde

1027 1124 1144 1155 dicitur
1159 1125 1192 1155 in
1207 1125 1336 1157 Actibus
1349 1125 1596 1166 Apostolorum¹
1613 1137 1620 1157 ε
1637 1126 1700 1159 Nec
1712 1127 1804 1167 quis-

1027 1187 1123 1219 quam
1138 1187 1246 1212 eorum
1258 1188 1300 1212 ex·
1309 1180 1370 1219 his,
1383 1188 1455 1220 quse
1467 1180 1661 1221 possidebat,
1674 1179 1806 1221 aliquid

1027 1241 1121 1265 suum
1135 1241 1200 1266 esse
1211 1233 1335 1266 dicebat
1345 1243 1356 1265 :
1371 1243 1449 1274 ergo
1464 1234 1669 1274 possidebant
1678 1235 1713 1265 in
1723 1243 1807 1266 com-

1030 1287 1133 1325 muni,
1149 1287 1202 1318 sed
1217 1296 1282 1319 non
1297 1287 1505 1328 proprietarie
1515 1311 1523 1326 ‚
1539 1290 1571 1318 et
1585 1296 1643 1328 pro
1660 1289 1748 1319 tanto
1763 1287 1809 1319 di-

1028 1343 1146 1373 cuutur
1158 1341 1234 1372 talia
1248 1342 1280 1372 in
1295 1341 1416 1373 nullius
1426 1342 1517 1373 bonis
1525 1350 1604 1379 esse,
1613 1343 1710 1382 Juxta
1721 1341 1807 1382 quod

1028 1395 1104 1426 dicit
1123 1395 1193 1433 lex,
1213 1396 1246 1426 ff.
1274 1396 1316 1427 De
1338 1403 1444 1427 rerum
1466 1395 1623 1434 dominio,
1648 1395 1734 1436 quod
1757 1404 1808 1426 res
1838 1393 1842 1396 ”

1029 1449 1166 1490 publicae
1191 1449 1224 1480 in
1243 1450 1364 1481 nullius
1385 1451 1460 1481 sunt
1474 1450 1584 1488 bonis;
1601 1449 1702 1490 ipsius
1720 1450 1808 1481 euim

1029 1503 1249 1535 universitatis
1264 1512 1332 1534 esse
1346 1503 1532 1534 creduntur.
1551 1503 1620 1534 Non
1636 1505 1683 1534 est
1700 1505 1808 1535 tamen

1030 1566 1264 1598 usquequaque
1284 1557 1388 1588 simile
1409 1557 1448 1588 de
1466 1557 1713 1598 proprietatibus
1729 1558 1810 1590 civi-

1031 1613 1146 1648 tatum,
1163 1613 1195 1642 et
1209 1610 1427 1642 ecclesiarum.

1070 1665 1117 1695 Ad
1133 1665 1261 1695 tertium
1278 1664 1361 1695 idem
1379 1666 1464 1705 patet
1485 1676 1491 1695 z
1512 1665 1619 1696 omnia
1639 1665 1725 1696 enim
1748 1674 1812 1696 mo-

1032 1719 1108 1749 bilia
1120 1743 1128 1756 ,
1145 1718 1263 1759 quibus
1280 1718 1362 1749 Ordo
1381 1719 1492 1756 utitur,
1510 1721 1584 1749 sunt
1606 1728 1693 1750 mere
1709 1721 1740 1750 et
1754 1719 1812 1749 im-

1033 1772 1170 1803 mediate
1192 1771 1292 1812 ipsius
1317 1771 1464 1803 Ecclesiae
1485 1771 1648 1803 Romanae.
1668 1772 1718 1803 Sic
1731 1781 1812 1812 ergo

1033 1835 1070 1857 ea
1085 1825 1201 1856 habere
1217 1834 1274 1865 pro
1289 1825 1427 1856 aliorum
1442 1826 1638 1863 necessitate,
1652 1825 1686 1856 in
1700 1834 1738 1857 eo
1757 1826 1812 1866 qui

1034 1880 1216 1919 ingreditur
1241 1888 1295 1918 per
1317 1879 1436 1909 ostium
1461 1879 1632 1918 apostolic»
1656 1888 1763 1918 more,
1779 1879 1813 1910 in

1035 1934 1124 1964 nullo
1142 1933 1324 1973 perfectioni
1349 1935 1527 1973 repugnat,
1546 1935 1582 1963 ut
1601 1933 1749 1973 superius
1768 1935 1814 1964 est

1035 1990 1212 2019 ostensum.

1077 2041 1124 2072 Ad
1142 2044 1292 2081 quartum
1314 2040 1495 2078 dicendum,
1517 2040 1600 2080 quod
1616 2049 1677 2080 res,
1697 2041 1814 2081 quibus

1038 2096 1149 2126 fratres
1171 2096 1320 2131 utuntur,
1341 2096 1416 2124 sunt
1439 2094 1483 2124 eis
1510 2103 1697 2125 communes
1715 2103 1816 2134 quan-

1039 2153 1109 2180 tum
1125 2149 1165 2179 ad
1182 2157 1289 2185 usum,
1310 2148 1364 2178 sed
1384 2150 1490 2178 tamen
1515 2157 1579 2178 non
1596 2150 1754 2188 quantum
1775 2148 1815 2179 ad

1040 2202 1230 2233 dominium.
1257 2201 1299 2232 De
1325 2200 1385 2231 illis
1410 2201 1526 2231 sanctis
1548 2203 1655 2232 autem
1686 2202 1718 2232 in
1746 2201 1816 2233 Hie-

1041 2256 1178 2288 rusalem
1215 2255 1392 2287 constitutis
1430 2255 1599 2286 dicendum
1630 2259 1697 2294 est,
1731 2256 1817 2296 quod

1041 2313 1131 2341 erant
1150 2310 1195 2340 eis
1216 2309 1399 2340 communia
1419 2311 1576 2349 quantum
1596 2310 1636 2341 ad
1650 2310 1817 2349 possessio-

1042 2373 1126 2395 nem.
1146 2363 1207 2394 Alii
1221 2372 1296 2393 vero
1307 2363 1435 2403 plurimi
1446 2362 1528 2393 inter
1542 2371 1595 2393 eos
1609 2372 1816 2395 communem

1044 2427 1138 2449 usum
1163 2417 1291 2448 illarum
1316 2425 1425 2446 rerum
1447 2416 1515 2446 sine
1539 2416 1680 2448 dominio
1694 2417 1816 2448 habue-

1042 2474 1129 2509 runt,
1145 2471 1225 2501 sicut
1238 2470 1389 2510 Apostoli,
1401 2470 1530 2510 quando
1545 2473 1635 2501 erant
1646 2470 1818 2510 praesiden-

1044 2528 1090 2556 tes
1115 2525 1159 2554 illi
1185 2524 1402 2561 multitudini,
1430 2526 1464 2554 ut
1480 2526 1564 2564 patet
1583 2533 1639 2563 ΧΠ,
1659 2533 1689 2564 q.
1707 2533 1728 2562 1,
1746 2532 1815 2563 cap.

1046 2579 1274 2611 Dilectissimis
1289 2577 1311 2608 ⁶.

1049 2667 1084 2690 12.
1096 2679 1122 2683 -—
1138 2666 1147 2681 ⁵
1164 2664 1321 2694 llicron.,a‹l
1335 2663 1501 2693 Demetriud.‚
1514 2663 1584 2693 epist.
1599 2668 1653 2691 vill,
1670 2662 1717 2686 col.
1735 2669 1768 2686 ni.
1781 2664 1821 2686 73.

1046 2715 1077 2719 —
1094 2706 1097 2714 '
1118 2702 1226 2731 Decri-1„
1242 2702 1306 2731 part.
1325 2701 1355 2730 ll,
1372 2706 1444 2724 caus.
1463 2705 1508 2727 xli,
1526 2706 1550 2729 q.
1571 2701 1589 2728 l,
1605 2705 1627 2722 c.
1644 2700 1667 2721 2.

1081 2752 1112 2781 ια)
1132 2751 1190 2775 Coee.
1209 2750 1269 2774 edit.
1286 2748 1441 2774 communio.
