2029 3052
572 165 779 199 SPECULUM
800 165 944 198 BEATAE
965 165 1105 198 MARIAE
1127 166 1316 199 VIRGINIS.

140 243 206 272 quoe
219 235 321 272 genuit
335 235 492 271 Christum,
508 234 690 263 credentium
710 233 747 262 sit
767 234 883 262 mater?
900 244 914 261 »

140 282 201 318 Eia,
216 281 392 318 charissimi,
407 290 510 311 omnes
530 289 609 310 nunc
625 281 822 318 gaudeamus,
838 288 918 309 nunc

139 337 244 358 ornnes
265 329 427 366 gaudendo
449 329 583 358 dieamus
605 338 612 357 :
629 329 803 357 Benedictus
817 328 916 364 frater,

137 384 191 412 per
204 384 294 413 quem
310 376 399 405 Maria
414 377 456 405 est
468 377 570 405 nostra
585 377 679 404 mater
691 385 700 411 ;
717 377 745 404 et
759 375 918 404 benedicta

139 425 241 459 mater,
259 431 314 460 per
327 431 418 460 quam
432 423 561 452 Christus
570 424 613 452 est
621 425 721 451 noster
732 422 831 452 frater.
846 422 917 451 Hinc

137 470 214 498 hene
229 470 383 499 Anselmus
399 470 438 499 ait
454 479 460 498 :
476 479 490 497 ι(
506 469 630 498 Domina
643 471 747 504 mater,
757 478 811 506 per
826 477 918 506 quam

139 517 228 545 talem
244 517 365 546 tratrem
378 517 535 552 habemuS,
556 517 631 553 quid
653 517 826 552 gratiarum,
843 516 918 552 quid

137 563 236 592 laudis
258 564 311 592 tibi
331 563 552 592 retribuemus?
574 565 650 592 Deus
669 571 741 599 ergo
765 565 872 597 tecum,
899 572 917 591 o

137 611 238 645 Maria,
254 611 328 638 sicut
342 610 430 638 Filius
448 619 516 638 eum
531 612 624 638 matre
641 610 826 646 dignissima.

172 657 267 686 Tertio
291 657 442 691 attendite,
467 657 640 693 charissimi,
666 657 750 693 quod
778 656 919 685 Dominus

137 703 201 739 iste,
222 705 274 741 qui
296 706 356 733 tam
374 703 562 740 singulariter
581 705 622 732 est
647 712 715 732 cum
735 704 835 738 Maria,
856 703 918 740 ipse

138 753 180 780 est
194 751 345 786 Dominus,
362 751 446 787 quus
460 759 569 787 sponsa
582 751 790 779 venustissima
806 751 848 779 est
858 752 919 779 Ma-

138 798 191 826 ria.
214 797 295 826 Unde
314 799 375 826 tam
396 797 433 825 de
456 797 511 825 isto
533 797 669 831 Domino,
695 805 787 833 quam
808 797 845 825 de
864 797 919 825 ista

137 852 247 881 sponsa
268 844 378 881 exponi
398 845 495 880 potest
514 844 590 872 illud
613 844 723 873 Oseae¹:
740 845 877 880 sponsabo
893 848 919 872 te

137 892 204 919 mihi
218 893 248 919 in
257 892 383 926 Justitia‚
408 894 432 919 et
447 891 567 927 judicio,
587 894 612 919 et
626 893 656 919 in
670 891 868 926 misericordia,
893 894 918 919 et

136 940 167 966 in
180 939 410 972 miserationibus,
434 940 460 966 et
478 938 610 974 sponsabo
628 940 652 966 te
670 939 740 966 mihi
754 939 784 965 in
797 937 851 972 fide
866 948 873 965 :
892 941 918 966 et

136 987 202 1014 scies
225 987 293 1021 quia
316 994 362 1021 eqo
389 987 529 1013 Dominus.
551 987 622 1013 Ecce
646 985 771 1022 pulchra
796 993 916 1021 sponsa,

136 1031 263 1068 pulchra
276 1032 307 1060 in
318 1032 430 1068 justitIa
445 1033 472 1059 et
483 1031 597 1067 judicio
612 1034 747 1068 respectu
770 1032 826 1067 sui,
848 1032 918 1068 pul-

137 1079 209 1107 chra
218 1079 249 1106 in
261 1078 502 1107 miserationibus
517 1081 545 1107 et
558 1078 765 1107 misericordia
783 1081 918 1115 respectu

136 1125 275 1162 proximi,
297 1125 423 1161 pulchra
438 1125 469 1152 in
483 1125 543 1153 fide
558 1127 694 1162 respectu
716 1125 774 1153 Dei.
793 1125 918 1154 Pulchra

136 1173 239 1209 utique
255 1173 286 1201 in
298 1173 409 1209 justitia
423 1173 498 1207 vitae,
516 1173 584 1201 etin
596 1173 710 1208 judicio
722 1173 917 1209 conscientiae,

135 1220 261 1256 pulchra
281 1219 312 1247 in
332 1219 536 1248 misericordia
555 1219 586 1247 in
601 1220 719 1254 affectu,
739 1222 767 1248 ct
786 1220 816 1247 in
830 1221 918 1248 mise-

135 1266 301 1295 rationibus
315 1266 347 1294 in
362 1266 466 1294 effectu
477 1276 485 1301 ;
507 1267 634 1303 pulchra
648 1267 678 1294 in
693 1267 763 1302 fide,
781 1264 842 1303 qua
857 1275 918 1295 cre-

136 1314 212 1342 didit
227 1313 328 1342 omnia
347 1313 498 1341 credenda
512 1321 602 1350 supra
617 1321 658 1349 se,
675 1315 703 1342 et
718 1322 777 1350 qua
793 1314 919 1343 credidit

136 1361 238 1389 omnia
256 1360 440 1397 perficienda
460 1361 491 1388 in
512 1368 555 1395 se,
573 1361 656 1396 juxta
676 1361 753 1389 illud
772 1362 783 1378 ‘³
805 1370 811 1388 :
833 1363 918 1389 Beata

136 1417 195 1444 quoe
210 1408 369 1443 credidisti,
385 1409 514 1442 quoniam
526 1409 702 1442 perficientur
717 1410 747 1435 in
762 1410 787 1435 te
803 1416 843 1443 ea,
860 1417 918 1444 quae

136 1455 212 1483 dicta
226 1457 289 1482 sunt
304 1456 356 1482 tibi
371 1463 387 1482 a
402 1456 526 1482 Domino.
546 1454 603 1482 Sed
619 1462 686 1482 ecce
702 1463 812 1490 sponsa
827 1455 916 1490 Spiri-

136 1503 182 1530 tus
197 1502 289 1530 sancti
303 1501 402 1534 Maria,
418 1501 492 1529 sicut
506 1501 720 1529 formosissima
732 1501 785 1529 suit
798 1503 825 1529 et
835 1503 878 1529 est
887 1502 918 1529 in

137 1549 372 1584 conversatione,
391 1549 431 1577 ita
450 1549 537 1577 etiam
553 1549 726 1577 dulcissima
739 1551 783 1577 est
797 1549 827 1576 in
842 1549 918 1577 allo-

136 1596 265 1631 cutione,
281 1595 354 1623 sicut
369 1595 475 1624 dicitur
489 1596 520 1623 in
536 1597 656 1624 Canticis
672 1597 682 1613 ³
700 1605 706 1623 :
722 1597 808 1623 Favus
826 1597 917 1624 distil-

136 1645 204 1678 lans,
229 1644 283 1670 etc.
306 1650 400 1678 usque
422 1645 479 1670 tua.
503 1644 525 1671 Ο
547 1651 638 1678 quam
659 1642 804 1670 melliflua
823 1643 917 1671 verba

135 1690 241 1726 saepius
273 1689 489 1717 distillaverunt
512 1689 685 1717 dulcissima
705 1689 799 1717 Mariae
818 1689 914 1717 labia!

135 1739 203 1772 Quae
218 1737 307 1765 etiam
322 1737 398 1764 bene
413 1736 459 1764 lac
477 1738 504 1764 et
523 1737 582 1764 mel
605 1736 660 1764 sub
683 1736 786 1772 lingua
811 1736 917 1765 habuit

134 1785 166 1812 in
181 1784 300 1812 duobus
315 1783 423 1818 verbis,
438 1792 504 1819 quae
518 1784 583 1819 ipsa
602 1783 729 1812 Gabrieli
751 1783 913 1819 respondit.

135 1833 237 1859 Nonne
253 1830 342 1859 Maria
353 1831 400 1858 lac
415 1830 470 1858 sub
485 1830 589 1866 lingua
602 1831 718 1864 habuit,
733 1831 857 1866 quando
873 1831 915 1858 la-

135 1880 233 1906 cteum
251 1878 327 1905 illud
347 1877 534 1906 continentiae
554 1878 681 1905 verbum
699 1878 853 1913 respondit
874 1877 883 1892 '²
906 1887 912 1905 :

135 1925 270 1959 Quomodo
284 1927 330 1959 liet
345 1925 431 1959 istud,
449 1925 577 1960 quoniam
592 1925 679 1951 virum
695 1932 747 1951 non
767 1932 891 1958 coqnosco
902 1926 915 1951 ?

134 1974 236 2000 Nonne
246 1971 334 1999 etiam
340 1972 399 1999 mel
407 1971 462 1999 sub
473 1971 576 2006 lingua
584 1971 699 2005 habuit,
710 1971 832 2006 quando
843 1971 915 1998 mel-

133 2019 251 2046 lifluum
261 2018 336 2046 illud
344 2018 510 2046 dulcedinis
517 2018 643 2045 verbum
651 2017 805 2053 respondit
812 2017 821 2033 5
833 2027 838 2044 :
849 2018 873 2044 E
875 2026 916 2045 cce

134 2067 237 2093 ancilla
251 2067 373 2100 Domini,
388 2067 437 2100 fiat
452 2066 521 2092 mihi
534 2065 679 2092 secundum
695 2065 804 2092 verbum
817 2066 914 2092 tuum?

135 2113 174 2140 De
188 2112 393 2141 mellifluentia
411 2121 543 2149 namque
563 2113 651 2148 hujus
666 2112 801 2140 melliflui
818 2112 912 2144 verbi,

135 2167 188 2195 per
210 2160 306 2186 totum
330 2160 478 2188 mundum
504 2160 640 2188 melliflui
663 2159 731 2187 facti
751 2161 817 2187 sunt
836 2159 912 2187 coeli.

135 2205 224 2233 Maria
234 2206 354 2241 insuper
364 2206 423 2234 mel
433 2207 600 2242 sublingua
608 2206 712 2234 habuit
722 2207 752 2234 in
764 2206 914 2234 mellifluis

136 2252 322 2280 orationibus
337 2253 377 2280 ad
391 2254 498 2288 Deum3
513 2254 558 2281 lac
572 2262 644 2281 vero
663 2253 718 2281 sub
734 2253 838 2288 lingua
857 2253 914 2281 ha·-

135 2299 198 2327 buit
212 2299 243 2326 in
257 2299 358 2327 lacteis
374 2299 582 2328 collationibus
598 2300 636 2328 ad
657 2300 838 2336 proximum.
863 2300 912 2328 Eia

136 2353 219 2381 ergo,
234 2346 337 2382 quanti
353 2345 468 2374 decoris
487 2348 514 2374 et
533 2346 635 2382 quanti
657 2346 788 2374 dulcoris
804 2348 847 2374 est
861 2346 913 2374 illa

136 2400 246 2429 sponsa
269 2392 377 2420 summi
395 2392 605 2420 consolatoris!
631 2393 714 2428 Quia,
735 2393 831 2429 inquit
857 2395 913 2421 Au-

135 2439 268 2474 gustinus
282 2440 292 2456 ⁶
307 2448 313 2466 :
334 2449 346 2464 c<
360 2440 429 2473 Quae
444 2441 485 2466 cst
500 2439 560 2467 haec
576 2440 658 2474 virgo
678 2441 737 2467 tam
755 2442 864 2474 sancta,
881 2441 913 2467 ut

166 2524 173 2540 ¹
190 2524 255 2554 Ose„
269 2531 297 2555 11,
315 2527 396 2550 19-20.
411 2539 441 2543 -
456 2526 466 2541 2
481 2525 546 2552 Luc„
566 2531 582 2555 1,
598 2526 637 2549 [ὦ.
653 2538 683 2542 -
697 2525 707 2542 3
719 2525 803 2556 Cant„
820 2531 852 2555 iv,
871 2526 908 2548 11.

134 2573 164 2576 —
179 2559 187 2573 ⁴
204 2560 269 2589 Luc„
287 2567 309 2592 1,
325 2563 362 2586 34.
380 2575 409 2579 —
424 2562 433 2578 ⁵
452 2561 515 2585 lbid.
549 2562 586 2585 38.
608 2575 637 2578 —
652 2562 660 2574 ⁴³
677 2562 752 2592 Aug„
768 2561 798 2584 (le
815 2562 908 2590 Sum-tq

136 2602 212 2619 serm.
235 2602 316 2627 xxxv,
341 2599 365 2622 et
390 2597 419 2621 cle
448 2598 539 2627 Temp⁴¹
565 2604 642 2621 scrin.
668 2603 697 2625 x,
723 2597 755 2620 al.
781 2597 909 2627 Appelltl„

137 2637 213 2655 serm.
229 2637 299 2664 exin,
317 2640 342 2657 n.
361 2635 390 2664 5,
413 2634 438 2657 et
452 2639 540 2663 ccviii,
556 2640 580 2658 n.
598 2634 620 2657 4.
633 2646 667 2654 .-
688 2632 695 2647 ⁷
713 2633 780 2662 Lac„
798 2639 813 2662 i,
827 2633 864 2656 36.
879 2645 909 2648 -

1696 169 1752 200 261

974 234 1014 262 ad
1030 242 1097 263 eam
1111 234 1213 263 venire
1226 234 1399 271 dignaretur
1414 235 1538 272 Spiritus
1547 236 1684 264 sanctus?
1697 238 1756 266 tam

973 281 1118 318 speciosa,
1135 283 1168 310 ut
1183 290 1250 310 eam
1264 290 1407 319 sponsam
1422 282 1544 319 eligeret
1559 284 1655 311 Deus?
1667 294 1680 310 »
1703 285 1758 312 Do-

973 328 1072 356 minus
1087 337 1158 365 ergo
1173 330 1283 365 tecum,
1299 337 1317 358 o
1331 329 1428 363 Maria,
1449 331 1530 358 sicut·
1545 338 1673 367 sponsus
1690 339 1758 359 cum

973 383 1084 412 sponsa
1098 376 1317 406 delicatissima.

1010 423 1119 457 Quarto
1138 423 1290 459 attendite,
1313 424 1488 460 charissimi,
1511 424 1594 461 quod
1614 425 1757 453 Dominus

974 469 1038 506 iste,
1059 469 1112 506 qui
1134 472 1194 498 tam
1215 471 1403 506 singulariter
1424 473 1467 500 est
1486 480 1554 500 cum
1577 472 1676 506 Maria,
1696 472 1758 509 ipse

974 519 1016 545 est
1039 516 1192 552 DominuS,
1227 517 1312 553 cujus
1340 518 1450 547 ancilla
1485 519 1678 547 devotissima
1715 521 1759 547 est

974 563 1072 598 Maria,
1089 563 1164 592 sicut
1178 564 1305 600 ipsamet
1319 566 1439 594 testatur
1453 565 1555 594 dicens
1568 567 1579 583 ⁷
1596 575 1602 594 :
1625 567 1689 594 Ecce
1708 574 1757 594 an-

974 612 1038 638 cilla
1063 612 1183 638 Domini.
1204 611 1294 640 Maria
1314 612 1423 640 ancilla
1447 614 1490 640 est
1513 613 1631 641 Domini
1655 613 1756 649 Patris,

975 657 1091 686 Domini
1113 657 1188 693 Filii,
1211 660 1240 686 et
1266 659 1381 686 Domini
1406 659 1528 695 Spiritus
1551 660 1653 688 sancti.
1681 660 1758 694 Quid

974 704 1095 738 mirum,
1110 705 1134 732 si
1150 704 1239 733 Maria
1259 705 1296 732 sit
1313 705 1402 741 huJ‘us
1424 706 1540 734 Domini
1555 707 1673 742 ancilla,
1690 715 1759 735 cum

975 751 1063 779 etiam
1078 751 1159 779 filius
1174 751 1268 780 Mariae
1287 752 1323 780 sit
1337 752 1425 788 hujus
1445 753 1561 781 Domini
1581 761 1694 789 servuS,
1714 762 1759 782 se-

975 798 1107 826 cundum
1118 801 1300 835 assumptam
1311 801 1428 827 amatre
1438 801 1595 828 naturam?
1606 803 1669 836 Ipse
1679 801 1758 829 enim

974 845 1005 873 in
1020 845 1136 873 Psalmo
1158 846 1324 881 confitetur,
1346 846 1447 874 dicens
1461 847 1471 864 Β
1488 857 1494 873 :
1513 847 1535 874 0
1551 849 1674 880 Domine,
1693 851 1760 884 quia

975 900 1020 927 eqo
1031 900 1122 920 servus
1136 894 1196 920 tuus
1207 893 1255 928 (a),
1267 901 1312 928 eqo
1325 901 1417 921 servus
1432 896 1506 929 tuus,
1522 896 1548 921 et
1560 895 1635 929 filius
1652 896 1760 923 ancillae

974 940 1036 966 tuoe.
1054 940 1075 967 O
1091 947 1183 975 quam
1197 940 1278 968 bona
1301 941 1418 976 ancilla,
1436 942 1464 969 et
1479 941 1578 969 bonus
1593 942 1707 970 ancillae
1722 942 1758 969 fi-

974 985 1049 1013 lius!
1068 987 1129 1014 Heu
1146 988 1218 1022 quot
1233 988 1300 1015 sunt
1314 987 1401 1015 malae
1420 988 1545 1023 ancillae,
1567 990 1596 1016 et
1614 989 1687 1016 mali
1707 997 1760 1016 an-

975 1032 1111 1060 cillarum
1130 1033 1200 1060 filii!
1226 1034 1278 1061 Sed
1293 1034 1303 1050 ⁰
1318 1035 1386 1069 quid
1405 1035 1474 1062 dicit
1497 1035 1662 1070 Scriptura?
1685 1036 1760 1071 Ejice

975 1081 1104 1107 ancillam
1121 1083 1145 1107 ct
1160 1082 1247 1115 filium
1262 1081 1329 1115 ejus.
1349 1081 1464 1117 Legitur
1483 1082 1514 1109 in
1536 1082 1631 1110 Genesi
1649 1082 1687 1110 de
1709 1090 1760 1110 an-

976 1125 1044 1154 cilla
1059 1127 1147 1161 Sarae,
1163 1129 1247 1163 qnod
1262 1127 1283 1144 ¹⁰
1302 1130 1450 1163 concepisse
1465 1136 1492 1156 se
1510 1129 1616 1164 videns,
1636 1129 1759 1164 desperit

975 1173 1112 1201 dominam
1126 1182 1214 1201 suam.
1230 1174 1304 1203 Mala
1324 1183 1395 1211 ergo
1419 1176 1528 1204 ancilla
1552 1179 1629 1212 Agar
1648 1177 1685 1204 de
1704 1177 1758 1205 foe-

975 1219 1273 1256 cunditateinfl=1tur3
1294 1221 1376 1250 bona
1397 1231 1468 1250 vero
1489 1223 1598 1252 ancilla
1617 1223 1707 1251 Maria
1721 1224 1758 1252 de

974 1265 1139 1294 humilitate
1156 1267 1353 1296 foecundatur.
1371 1269 1483 1298 Ancilla
1493 1270 1545 1298 illa
1557 1270 1687 1306 superba
1702 1271 1756 1299 do-

974 1312 1088 1340 minam
1098 1313 1232 1349 despexit
1238 1324 1246 1349 ,-
1261 1315 1400 1343 ancillam
1411 1316 1495 1344 istam
1506 1317 1651 1344 humilem
1661 1318 1758 1345 Domi-

974 1366 1030 1386 nus
1045 1360 1183 1395 respexit,
1203 1361 1277 1388 sicut
1294 1361 1358 1397 ipsa
1374 1362 1524 1390 humiliter
1539 1371 1758 1399 recognoscens

974 1405 1045 1433 dicit
1058 1406 1077 1421 ¹¹
1090 1415 1096 1433 :
1109 1408 1237 1442 Respeoeit
1252 1409 1434 1436 humilitatem
1449 1411 1556 1437 ancillae
1571 1418 1635 1438 suoe.
1652 1412 1674 1438 Ο
1693 1411 1757 1438 ani-

975 1460 1024 1480 ma
1037 1452 1206 1488 christiana,
1232 1455 1347 1482 Domini
1367 1456 1485 1491 ancilla,
1509 1457 1550 1484 sic
1576 1465 1644 1485 cum
1668 1458 1758 1486 Maria

974 1500 1150 1535 amplectere
1164 1501 1397 1537 foecunditatem,
1414 1506 1445 1531 ut
1459 1511 1653 1540 nequaquam
1672 1505 1756 1533 dese-

973 1554 1020 1574 ras
1035 1547 1242 1576 humilitatem.
1260 1550 1292 1576 Ut
1307 1558 1378 1585 ergo
1395 1550 1431 1577 de
1446 1550 1519 1578 boni
1537 1551 1633 1587 operis
1647 1551 1757 1579 foecun-

973 1593 1062 1621 ditate
1082 1602 1143 1621 non
1159 1595 1280 1630 infleris,
1297 1597 1350 1623 sed
1363 1597 1457 1632 magis
1473 1597 1510 1625 de
1525 1598 1691 1626 humilitate
1706 1598 1757 1625 [ςε-

973 1640 1123 1674 cunderis,
1153 1642 1270 1669 attende
1298 1643 1443 1671 humilem
1467 1644 1617 1679 ancillam,
1642 1645 1756 1681 respice

971 1686 1117 1714 humilem
1130 1688 1259 1716 Mariam.
1276 1690 1351 1724 Ecce,
1363 1690 1414 1724 ait,
1426 1692 1527 1718 ancilla
1538 1692 1648 1718 Domini
1656 1701 1664 1725 ‚-
1676 1692 1755 1719 unde

971 1733 1144 1762 Ambrosius
1160 1735 1179 1751 ¹2
1196 1744 1202 1762 ε
1216 1746 1229 1761 «
1242 1736 1326 1770 Vide,
1341 1737 1447 1773 inquit,
1461 1738 1670 1773 humilitatem,
1686 1739 1755 1767 vide

971 1779 1172 1808 devotionem.
1191 1782 1336 1811 Ancillam
1346 1791 1376 1811 se
1388 1784 1458 1812 dicit
1471 1785 1598 1819 Domini,
1615 1793 1681 1821 quae
1695 1793 1755 1812 ma-

970 1828 1014 1854 ter
1029 1827 1147 1863 eligitur
1162 1829 1288 1864 Domini,
1306 1838 1360 1858 nec
1376 1831 1531 1867 repentino
1546 1832 1671 1860 exaltata
1687 1840 1755 1868 pro-

969 1874 1061 1902 misso
1079 1877 1129 1902 est.
1146 1885 1160 1901 η
1178 1877 1199 1903 O
1214 1885 1283 1904 vere
1299 1877 1478 1906 admiranda
1492 1878 1659 1906 humilitas!
1682 1881 1753 1907 Ecce

969 1928 1030 1948 non
1046 1922 1145 1949 solum
1160 1923 1275 1950 Domini
1292 1924 1410 1959 ancilla,
1426 1925 1478 1952 sed
1495 1925 1584 1953 etiam
1598 1934 1753 1954 servorum

969 1968 1085 1996 Domini
1107 1969 1224 2004 ancilla,
1250 1971 1383 2006 quodam
1406 1972 1498 2000 modo
1525 1973 1664 2007 dignatur
1690 1981 1752 2000 esse

969 2015 1068 2042 Maria.
1086 2016 1152 2051 Ipsa
1169 2024 1300 2053 namque
1321 2018 1436 2054 signata
1456 2021 1498 2047 est
1515 2027 1569 2055 per
1584 2019 1666 2047 illam
1681 2019 1751 2047 Abi-

968 2061 1039 2096 gail,
1061 2070 1116 2098 pro
1137 2071 1197 2099 qua
1219 2064 1399 2093 adducenda
1423 2074 1491 2094 cum
1515 2067 1608 2094 David
1632 2068 1752 2095 nuntios

967 2108 1103 2143 misisset,
1119 2111 1272 2146 respondit
1285 2112 1306 2129 ¹³
1324 2121 1330 2139 τ
1344 2113 1408 2140 Ecce
1420 2114 1528 2146 famula
1544 2116 1590 2141 tua
1605 2116 1642 2141 sit
1658 2116 1687 2141 in
1702 2123 1752 2141 an-

968 2156 1071 2190 cillam,
1085 2159 1116 2184 ut
1131 2158 1201 2185 lavet
1212 2159 1294 2193 pectes
1319 2167 1456 2187 servorum
1482 2162 1591 2188 Domini
1614 2162 1676 2188 mei.
1700 2162 1752 2188 Per

968 2202 1157 2231 benedictam
1173 2205 1311 2233 ancillam
1324 2206 1443 2234 Mariam
1458 2207 1542 2242 quasi
1553 2209 1596 2234 tot
1606 2208 1681 2235 servi
1697 2209 1751 2235 Do-

967 2249 1041 2276 mini
1055 2250 1106 2278 loti
1122 2253 1199 2286 sunt,
1216 2253 1289 2287 quot
1303 2253 1406 2280 fideles
1423 2254 1485 2288 ejus
1496 2254 1643 2290 suffragiis
1655 2263 1673 2282 a
1683 2263 1750 2290 pec-

968 2296 1037 2324 catis
1052 2298 1187 2325 mundati
1206 2300 1281 2326 sunt.
1304 2301 1369 2335 Ipsa
1383 2300 1462 2328 enim
1480 2301 1565 2337 quasi
1588 2303 1630 2329 tot
1651 2309 1750 2329 servo-

967 2350 1034 2370 rum
1054 2344 1170 2371 Domini
1184 2345 1313 2380 pedibus
1328 2355 1439 2383 aquam
1461 2348 1577 2382 obtulit,
1596 2350 1670 2384 quot
1686 2357 1748 2384 poe-

967 2390 1126 2418 nitentibus
1161 2392 1309 2428 lacrymas
1342 2395 1580 2430 compunctionis
1611 2395 1746 2423 obtinuit.

968 2437 1108 2465 Dominus
1129 2447 1199 2473 ergo
1222 2442 1328 2476 tecum,
1352 2450 1370 2469 0
1393 2442 1493 2477 Maria,
1514 2444 1656 2478 tanquam
1680 2450 1747 2469 cum

966 2514 976 2529 s
992 2513 1060 2537 Psal.
1078 2520 1136 2545 ιμ’,
1162 2517 1197 2539 16.
1213 2528 1238 2532 -
1257 2517 1266 2529 s*
1284 2517 1351 2547 Gal„
1377 2524 1408 2545 iv,
1430 2520 1468 2542 30.
1481 2532 1508 2535 —
1526 2518 1545 2535 ²⁰
1562 2520 1632 2547 Gen„
1653 2524 1707 2549 xw,
1724 2520 1746 2542 4.

965 2564 993 2567 -—
1009 2551 1023 2564 '¹
1038 2551 1106 2581 Lar„
1123 2557 1142 2579 1,
1164 2552 1201 2575 48.
1219 2565 1248 2569 -
1267 2552 1285 2568 ¹²
1300 2554 1430 2585 Animos,
1445 2555 1469 2578 ιἰι
1484 2555 1552 2586 Luc„
1564 2555 1607 2579 lib,
1625 2554 1744 2583 ll,n.1‹]·.

965 2587 1259 2617 -1¹1!iey.,xxv,41.

999 2632 1033 2661 (a)
1050 2634 1109 2656 scel.
1125 2632 1185 2655 edit.
1202 2632 1267 2657 deest
1284 2636 1347 2658 tuus⁴

1783 436 1881 463 Domini,

1785 467 1822 494 qui
1835 469 1868 488 est

1775 499 1876 526 singula-

1774 530 1825 550 riter
1831 536 1882 550 cum

1788 561 1867 586 Maria,

1778 592 1825 619 ipsa
1851 594 1885 614 est

1787 623 1868 644 ancilla

1777 655 1874 676 devotis·

1774 685 1837 706 sima.
