2029 3052
568 152 610 186 IN
630 151 822 185 REGULAM
842 150 1033 186 FRATRUM
1056 153 1251 187 MlNoRUM.

107 224 169 255 test
181 221 324 261 inferior,
339 221 437 254 etiam
456 222 559 263 potest
571 219 728 262 superior,
743 221 776 252 et
788 228 853 251 non
864 228 883 251 e

107 285 273 309 converso.
298 275 386 308 Unde
399 277 430 308 et
444 275 513 316 ipsa
531 273 711 306 hierarchia
724 273 821 305 habet
835 275 885 305 to-

108 332 175 362 tam
199 331 386 371 potestatem
406 329 440 360 in
457 338 492 360 se
513 328 709 365 ordinatam,
737 335 810 368 quae
838 328 885 358 est

108 384 288 416 hierarchia
323 392 381 424 par
409 383 517 414 varios
549 381 670 423 gradus
704 381 884 413 distributa.

109 437 199 469 Unde
212 437 385 469 nominans
408 435 619 468 hierarchiam
632 459 642 474 ,
663 435 807 467 nominat
821 443 887 466 om-

109 500 185 523 nem
210 490 442 523 hierarchicam
466 491 664 532 potestatem.
695 489 785 526 Unde
813 488 888 520 dicit

109 544 298 586 Dionysius,
314 545 419 586 primo
433 544 666 577 Ecclesiasticoe
684 542 885 581 hierarchiae,

112 599 197 641 quod
232 598 305 630 licet
330 598 384 630 illa
404 598 585 630 hierarchia
603 597 674 629 aliis
699 597 801 629 tradat
827 596 888 628 sibi

112 652 247 684 subditis
262 653 462 692 potestatem,
476 653 584 683 manet
597 653 706 683 tamen
719 651 803 691 apud
812 659 888 682 eum

112 706 274 738 ordinaria
291 708 429 746 potestas
450 705 491 737 ad
517 705 644 745 agenda
667 704 776 736 omnia
803 713 891 745 quae-

113 769 252 800 cumque
272 769 329 800 per
352 759 413 790 sihi
434 759 577 790 subditos
598 760 668 790 fieri
690 761 833 800 possunt,
851 758 891 790 ad

113 814 248 845 salutem
256 812 399 844 fidelium
406 812 640 853 procurandam
646 835 653 843 .
662 812 700 844 Et
710 813 787 853 quia
800 812 891 853 quid-

114 867 191 908 quid
206 867 309 907 potest
322 875 363 897 ex
377 866 538 897 ordinaria
546 867 698 906 potestate
712 875 769 897 seu
784 868 893 897 aucto-

114 921 219 961 ritate,
235 922 340 962 potest
361 920 452 951 alteri
467 920 675 959 committere,
692 922 723 951 et
737 920 823 960 quod
838 929 893 960 po-

115 977 176 1006 test
198 984 254 1015 per
276 984 318 1013 se,
337 976 439 1014 potest
459 983 516 1014 per
532 973 632 1005 alium
647 974 681 1004 in
696 973 894 1014 adiutorium

116 1028 178 1059 sibi
202 1028 402 1059 subditarum
427 1029 619 1067 potestatum
635 1027 761 1058 mittere
786 1027 892 1067 opitu-

117 1082 271 1121 lationes,
288 1081 553 1122 quotiescumque
572 1081 632 1112 sibi
654 1081 782 1113 videtur
801 1090 896 1121 expe-

118 1135 196 1167 dire.
227 1135 378 1176 Alioquin
406 1135 503 1166 nimis
535 1135 767 1175 periclitaretur
795 1137 896 1166 status

119 1189 331 1232 Ecclesiae,bsi
354 1188 451 1229 Papa,
482 1189 534 1220 vel
557 1189 688 1220 inferior
715 1188 894 1226 hierarcha,

119 1243 232 1275 videns
253 1243 314 1274 sihi
337 1243 470 1274 subditis
485 1251 572 1274 curae
585 1252 651 1273 non
663 1243 823 1281 sufficere,
839 1251 898 1273 nec

120 1297 261 1337 seipsum
283 1305 375 1337 posse
397 1297 546 1328 omnihus
565 1296 688 1336 adesse,
706 1305 772 1327 non
794 1297 899 1336 posset

121 1351 208 1383 viros
231 1351 361 1382 idoneos
382 1351 507 1381 mittere
526 1350 597 1381 vice
616 1359 684 1381 sua.
701 1349 791 1380 Unde
806 1349 832 1380 si
847 1359 897 1380 sa-

123 1405 233 1436 cerdos
247 1413 358 1436 curam
368 1404 490 1435 habens
499 1403 578 1435 nolit
587 1404 755 1435 admittere
769 1403 900 1434 fratrem

123 1459 258 1489 missum
283 1458 444 1497 canonice,
464 1460 571 1498 peccat
599 1457 785 1488 mortaliter.
812 1456 901 1488 Unde

124 1512 296 1554 Apostolus
314 1514 323 1531 ¹
344 1523 352 1543 z
373 1512 434 1548 Qui
450 1512 601 1552 potestati
620 1511 753 1550 resistit,
770 1511 827 1543 Dez·
847 1518 901 1543 or-

125 1567 292 1600 dinationi
318 1566 452 1599 resistit.
469 1565 502 1597 Si
530 1566 631 1605 igitur
651 1565 777 1596 resistat
799 1573 903 1595 sacer-

126 1622 183 1653 dos
194 1645 206 1661 ,
240 1621 363 1652 nitatur
392 1620 490 1651 frater
516 1629 592 1651 cum
619 1619 800 1650 humilitate
832 1618 903 1649 alli-

127 1685 214 1715 cere;
239 1676 324 1716 quod
342 1675 370 1706 si
398 1684 463 1706 non
489 1674 606 1715 possit,
631 1673 694 1704 nisi
717 1672 904 1704 scandalum

127 1730 304 1769 immineat,
331 1729 424 1761 debet
450 1729 547 1760 frater
575 1727 810 1769 praedicationis
833 1727 904 1757 ol'fi-

129 1784 216 1815 cium
237 1792 395 1814 exercere.
425 1782 515 1819 Quod
538 1782 565 1813 si
588 1782 718 1813 omnino
743 1791 777 1812 se
804 1790 906 1812 sacer-

129 1838 185 1869 dos
208 1836 470 1868 irrationabiliter
492 1838 641 1876 opponat,
666 1835 840 1866 vehemens
860 1836 906 1865 est

129 1891 340 1931 praesumptio
354 1892 463 1921 contra
477 1890 594 1930 ipsum,
612 1888 790 1919 cedendum
804 1890 851 1918 est
865 1888 905 1919 ad

129 1948 256 1985 tempus
277 1944 427 1982 malitiae,
450 1952 491 1974 ne
513 1942 698 1974 scandalum
722 1942 904 1980 suscitetur,

130 2001 161 2030 et
182 1998 439 2030 denuntiandum
460 1999 507 2028 est
526 1995 906 2036 hierarchiaepericulum

130 2054 325 2085 animarum.
343 2052 423 2083 Cum
437 2060 516 2091 ergo
531 2050 622 2089 dicit,
640 2049 725 2090 quod
745 2061 759 2078 α
774 2049 808 2080 in
823 2058 906 2089 prae-

127 2107 286 2148 judicium
302 2105 483 2143 sacerdotis,
501 2115 515 2133 D
534 2104 705 2136 dicendum
725 2103 810 2143 quod
830 2111 906 2142 non,

131 2161 207 2201 quia
229 2161 311 2192 nulli
331 2160 405 2191 facit
425 2159 602 2199 injuriam,
628 2158 685 2198 qui
708 2156 808 2188 utitur
833 2158 907 2196 Jure

132 2224 202 2246 suo.
220 2213 289 2246 Non
300 2223 380 2253 ergo
392 2213 566 2253 injuriatur
576 2212 742 2252 episcopus
753 2210 907 2241 mittendo

133 2268 395 2309 opitulationem,
425 2276 499 2298 cum
523 2267 584 2297 hoc
616 2266 720 2297 facere
744 2266 847 2305 posset
870 2264 908 2295 de

130 2324 216 2363 jure,
232 2326 268 2354 ut
285 2332 383 2363 supra
398 2322 515 2354 visum.
536 2320 599 2352 Nec
617 2320 791 2360 injuriatur
807 2319 910 2359 opitu-

133 2377 203 2408 lans
227 2377 271 2407 illi
284 2400 293 2416 ,
310 2385 408 2417 quem
426 2377 519 2416 juvat
534 2375 568 2405 in
585 2374 709 2405 sarcina
723 2375 911 2413 supportan-

134 2432 193 2470 da;
211 2440 268 2471 pro
292 2433 381 2461 tanto
404 2430 491 2461 enim
513 2428 671 2460 minuitur
686 2427 840 2458 sacerdoti
853 2436 909 2458 cu-

134 2495 205 2517 ram
219 2484 351 2516 habenti
366 2484 491 2524 pondus
504 2484 538 2514 in
552 2482 693 2513 districto
704 2481 827 2521 ‚iudicio
842 2480 909 2520 Dei,

136 2542 294 2581 quantum
314 2540 355 2571 ab
376 2539 431 2570 illo
453 2539 670 2578 supportatur.
690 2535 729 2567 Et
742 2535 828 2576 quod
843 2535 911 2566 dico

170 2622 264 2651 ¹Rom.,
277 2627 335 2652 xm,
349 2622 374 2645 2.
387 2634 417 2639 -
428 2621 435 2634 ²
450 2620 564 2649 Daret„
580 2620 643 2651 part.
660 2619 683 2650 l,
699 2618 755 2642 dist.
775 2623 841 2648 xxti,
856 2624 879 2642 c.
893 2623 912 2648 1,

138 2666 169 2683 ex
182 2658 256 2689 epist.
272 2657 352 2682 Nicol.
366 2663 384 2681 11
400 2657 431 2681 ad
446 2656 581 2681 Mediolau.
599 2669 628 2674 -
643 2655 653 2672 3
668 2656 733 2686 Aug.

1658 152 1714 182 591

940 220 979 252 de
1002 222 1246 262 praedieatione,
1263 220 1411 260 intelligo
1431 219 1528 251 etiam
1546 219 1585 250 de
1599 218 1720 256 confess

940 274 1083 308 sionibus
1113 276 1289 308 audiendis.
1322 275 1460 307 Possunt
1487 273 1575 305 enim
1604 273 1718 304 fratres

941 330 1112 369 apostolica
1130 330 1329 363 ordinatione
1351 329 1385 360 in
1404 327 1584 369 privilegiis
1598 325 1719 358 ordinis

942 392 1117 424 expressa,
1142 384 1253 416 audire
1286 385 1519 425 cujuscumque
1549 379 1720 412 sacerdotis

942 437 1162 478 parochianos,
1179 438 1248 478 ipso
1264 436 1454 474 inconsulto,
1469 435 1522 467 vel
1536 435 1634 466 eliam
1649 442 1721 465 con-

943 490 1115 522 tradicente
1126 515 1135 530 ,
1151 491 1178 522 si
1192 491 1414 523 auctoritatem
1428 489 1567 521 habeant
1582 487 1623 519 ab
1637 487 1720 528 epis-

943 553 1022 585 copo
1042 545 1203 577 audiendi.
1226 544 1265 576 Et
1286 545 1364 585 quia
1388 543 1478 575 curia
1497 542 1641 574 Romana
1661 541 1723 572 hoc

944 599 1146 637 determinat,
1161 598 1351 630 haereticum
1365 599 1413 630 est
1423 597 1508 628 aliud
1521 596 1724 637 pertinaciter

945 653 1106 684 affirmare
1124 677 1134 692 ,
1167 653 1250 684 sicut
1285 654 1370 693 patet
1403 651 1607 683 distinctione
1633 659 1703 681 xxu
1714 673 1722 688 ,

947 708 1049 748 capite
1071 708 1184 740 Omnes
1203 708 1226 738 ².
1249 707 1340 738 Patet
1363 706 1460 737 etiam
1489 705 1610 746 Papam
1633 713 1726 745 posse

946 761 1023 793 talia
1042 762 1075 792 in
1097 761 1235 793 Ecclesia
1252 761 1412 799 ordinare,
1435 759 1511 800 quia
1527 760 1651 790 certum
1666 759 1725 797 est,

947 815 1034 856 quod
1048 815 1206 847 distinctio
1222 824 1373 846 curarum
1385 838 1394 852 ,
1413 816 1443 845 et
1457 813 1582 845 collatio
1593 812 1728 852 jurisdi-

948 869 1090 900 ctionum
1116 870 1155 900 ab
1181 869 1369 900 auctoritate
1397 866 1548 908 processit
1581 865 1729 897 Ecclesiae

949 921 1113 954 Romanae.
1137 922 1226 962 Ergo
1249 922 1520 963 quandocumque
1543 920 1672 952 videtur
1699 919 1730 950 ei

949 976 989 1007 ad
1002 976 1138 1007 salutem
1156 976 1300 1008 fidelium
1326 975 1412 1007 aliud
1436 974 1608 1015 expedire,
1627 975 1730 1014 potest

951 1029 1037 1061 aliud
1057 1030 1224 1069 ordinare,
1247 1030 1369 1061 dicente
1399 1028 1584 1068 Augustino
1596 1027 1619 1066 ⁸,
1645 1026 1731 1067 quod

956 1095 970 1113 «
985 1084 1046 1116 hoc
1060 1084 1165 1116 solum
1185 1086 1270 1116 recte
1291 1084 1411 1124 agitur,
1428 1085 1465 1114 ut
1478 1083 1546 1114 vita
1559 1081 1733 1113 hominum

952 1138 1143 1178 corrigatur.
1161 1149 1174 1167 n

993 1192 1042 1223 Ad
1057 1192 1218 1232 objectum
1229 1192 1268 1223 de
1278 1192 1446 1232 agnitione
1459 1190 1581 1229 vultus,
1599 1199 1734 1231 respon-

953 1246 1024 1284 deo,
1040 1246 1126 1286 quod
1143 1246 1169 1276 si
1182 1246 1326 1277 sacerdos
1348 1245 1498 1286 proprius
1521 1244 1602 1275 scire
1622 1244 1732 1284 possit,

955 1302 985 1331 et
1001 1299 1095 1331 vellet
1110 1299 1273 1330 sufficiens
1295 1298 1465 1330 consilium
1481 1307 1576 1338 super
1591 1297 1736 1329 subditos

955 1354 1159 1394 impendere,
1186 1353 1294 1385 nullus
1318 1362 1404 1385 sanae
1432 1353 1547 1384 mentis
1575 1353 1734 1392 quaereret

956 1408 1135 1439 immiscere
1144 1417 1177 1438 se
1185 1407 1436 1438 confessionibus
1445 1406 1484 1437 ad
1495 1406 1603 1446 ipsum
1616 1413 1681 1436 non
1696 1405 1734 1445 (a)

956 1461 1191 1501 pertinentibus
1211 1461 1387 1492 audiendis
1406 1460 1535 1492 Certum
1550 1461 1597 1491 est
1614 1460 1735 1496 autem,

957 1514 1042 1554 quod
1058 1515 1190 1555 quidam
1212 1514 1389 1546 sacerdotes
1409 1523 1521 1545 omnes
1536 1522 1611 1544 suos
1626 1512 1735 1543 subdi-

958 1572 1006 1599 tos
1029 1569 1141 1600 audire
1164 1578 1229 1600 non
1249 1570 1382 1609 possunt
1404 1569 1534 1608 propter
1556 1565 1736 1598 multitudi-

959 1631 1035 1653 nem
1049 1622 1263 1654 subditorum.
1282 1622 1367 1653 Unde
1381 1631 1456 1652 cum
1472 1621 1533 1661 ipsi
1548 1620 1670 1651 soleant
1679 1619 1739 1651 sibi

959 1675 1038 1707 alios
1067 1676 1246 1716 adjungere
1278 1676 1456 1707 sacerdotes
1487 1674 1716 1705 commensales
1728 1697 1736 1712 ,

959 1730 1012 1761 vel
1026 1732 1196 1761 extraneos
1208 1730 1249 1761 ad
1262 1732 1389 1770 tempus
1405 1738 1520 1761 vocare
1534 1737 1592 1769 pro
1607 1728 1670 1759 illis
1687 1737 1741 1759 au-

960 1783 1097 1822 diendis,
1123 1793 1203 1824 quos
1217 1784 1279 1815 sibi
1297 1784 1428 1822 nolunt,
1449 1783 1501 1815 vel
1515 1781 1672 1820 nesciunt,
1690 1782 1741 1813 vel

960 1847 1026 1868 non
1041 1840 1175 1878 possunt
1182 1837 1304 1876 audire,
1318 1837 1456 1877 impium
1467 1839 1512 1867 est
1520 1836 1624 1867 dicere
1635 1836 1741 1875 ipsum

960 1891 1022 1922 hoc
1034 1900 1144 1931 posse,
1161 1893 1192 1922 et
1213 1891 1398 1931 episcopum
1418 1899 1484 1921 non
1506 1899 1611 1930 posse.
1634 1889 1743 1920 Potest

961 1944 1064 1984 igitur
1091 1944 1257 1985 episcopus
1279 1944 1403 1984 aliquos
1424 1944 1550 1974 mittere
1567 1943 1600 1973 in
1615 1943 1740 1983 adJuto-

961 1998 1047 2028 rium
1063 1998 1273 2036 sacerdotum,
1284 2000 1414 2038 propter
1428 1998 1572 2037 ipsorum
1587 1997 1743 2036 impoten-

962 2051 1052 2091 tiam,
1072 2052 1308 2091 ignorantiam,
1326 2052 1377 2083 vel
1395 2052 1548 2089 acediam,
1565 2060 1630 2091 qua
1644 2050 1741 2090 tepidi

963 2108 1039 2136 sunt
1053 2106 1086 2136 in
1101 2106 1304 2137 discutiendis
1314 2105 1515 2136 conscientiis
1525 2105 1739 2136 subditorum.

962 2159 1026 2191 Nec
1036 2162 1165 2200 propter
1180 2159 1241 2191 hoc
1255 2161 1392 2198 tantum,
1414 2159 1532 2190 scilicet
1546 2161 1676 2199 propter
1688 2158 1741 2189 in-

964 2214 1187 2245 sufficientiam
1203 2213 1402 2244 sacerdotum
1415 2213 1448 2244 in
1458 2213 1566 2253 aliquo
1578 2212 1742 2253 praedicto-

964 2277 1038 2299 rum
1054 2268 1174 2307 trium,
1198 2267 1263 2298 imo
1285 2267 1380 2298 etiam
1399 2269 1529 2308 propter
1553 2267 1658 2306 majus
1684 2266 1740 2297 bo-

965 2331 1045 2352 num
1064 2333 1070 2352 ε
1089 2322 1165 2361 quia
1179 2321 1212 2352 in
1228 2322 1383 2361 majorem
1404 2321 1564 2352 fervorem
1588 2319 1743 2360 poeniten-

965 2376 1018 2407 tiae
1052 2375 1235 2406 excitantur
1271 2375 1363 2406 multi
1392 2384 1433 2406 ex
1461 2373 1685 2414 praedieatione
1713 2375 1744 2404 et

966 2428 1121 2469 exemplis
1142 2429 1279 2460 fratrum
1292 2453 1299 2466 ,
1319 2438 1418 2469 quam
1433 2427 1647 2468 plurimorum
1664 2425 1742 2457 alio-

966 2492 1053 2515 rum.
1084 2482 1190 2514 Potest
1216 2485 1326 2514 autem
1359 2482 1570 2513 nihilominus
1600 2479 1745 2511 sacerdos

968 2546 1144 2577 agnoscere
1181 2537 1289 2570 vultus
1323 2545 1476 2577 pecorum
1511 2543 1660 2573 suorum,
1694 2531 1747 2565 vel

968 2594 1127 2632 quantum
1142 2591 1183 2623 ad
1197 2590 1387 2623 exteriorem
1397 2589 1683 2627 conversationem,
1694 2584 1747 2619 vel

1002 2655 1037 2686 (a)
1050 2654 1104 2678 Del.
1119 2661 1181 2680 non.
