2060 3052
30 735 109 756 Exem-

2 765 72 794 plum.

621 225 670 259 DE
692 226 749 260 SS.
773 226 1004 261 APOSTOLIS.
1027 228 1160 263 SERMO
1182 229 1235 264 Vl.
1697 241 1734 270 ¹7

121 302 224 324 secure
239 296 389 324 transeant
404 303 412 324 ε
429 294 513 332 quod
537 293 611 323 dum
629 293 679 323 ille
693 295 852 331 praesentit,
870 296 899 323 in

122 348 241 374 secura,
256 342 285 369 et
298 340 372 369 nihil
385 339 591 374 formidantia,
606 339 714 368 saltum
726 338 806 375 facit,
822 342 850 368 et
864 348 900 368 ea

121 387 248 422 lacerat,
262 389 292 416 et
309 386 417 416 occidit
426 407 435 422 ,
458 389 486 415 et
505 394 608 415 carnes
629 386 774 421 comedit,
790 389 818 415 et
831 395 898 415 san-

122 434 243 470 guinem
262 433 354 469 bibit,
377 435 406 462 et
428 433 566 462 universa
590 441 657 462 ossa
680 433 861 462 comminuit.
876 435 898 462 Ο

122 483 197 518 quot
210 482 278 508 sunt
291 479 382 509 hodie
397 481 427 508 in
445 480 622 517 provinciis,
638 479 821 514 clvitatibus,
837 488 900 509 cas-

122 527 173 556 tris
187 528 216 556 et
230 527 318 561 villis,
335 527 398 564 qui,
413 527 454 556 ad
471 527 597 556 modum
620 527 714 555 leonis
725 549 732 562 ,
754 535 900 564 pauperes

123 577 152 604 et
164 575 355 612 impotentes,
377 583 408 604 se
429 575 535 611 juvare
557 583 618 603 non
639 574 789 609 valentes,
814 575 899 603 inva-

123 622 208 657 dunt,
222 622 357 659 capiunt,
378 624 406 650 et
426 622 588 658 subjiciunt
608 621 772 657 tormentis,
786 624 813 650 et
827 621 899 649 dum

123 669 162 697 ab
177 669 219 697 eis
233 668 371 697 auferunt
390 676 479 697 omne
503 668 587 705 quod
608 670 750 704 possunt,
774 676 825 696 eos
847 676 901 704 per

123 723 308 752 consequens
335 715 411 743 mori
436 715 634 751 compellunt!
663 714 839 751 Exemplum
863 715 900 743 de

122 761 194 798 lupo
210 764 238 790 et
251 769 330 798 agno
346 762 366 797 ¹,
382 762 434 799 qui
449 762 539 790 ambo
552 761 592 789 ad
603 761 766 798 quemdam
776 762 901 789 fluvium

123 810 319 844 occurrentes,
334 808 423 845 lupus
437 809 468 836 in
482 816 611 843 summo,
628 810 656 836 et
672 816 766 844 agnus
778 808 903 836 bibebat

122 844 154 883 in
168 855 240 883 imo.
257 856 352 889 Quem
366 855 454 891 lupus
469 855 664 891 conspiciens,
682 858 710 883 et
725 863 795 883 eum
808 855 901 884 devo-

123 910 189 930 rare
216 902 321 931 volens
331 923 340 936 ,
368 910 490 930 causam
515 902 618 930 mortis
642 902 800 938 exquirens
822 903 901 939 (quia

123 957 186 977 non
201 951 243 977 est
257 957 347 984 grave
361 949 526 985 majoribus
552 949 686 977 invenire
709 949 901 984 occasiones),

125 996 165 1024 ait
178 995 216 1024 ad
233 1004 344 1031 agnum
364 1005 371 1024 z
387 996 464 1030 Quid
479 997 531 1031 est,
548 996 631 1032 quod
652 996 725 1023 mihi
748 996 805 1023 tuis
817 996 903 1033 pedi-

124 1042 182 1070 bus
195 1043 355 1071 conturbas
376 1050 486 1079 aquam
495 1043 509 1070 ⁴?
524 1043 576 1070 Cui
591 1051 685 1078 agnus
698 1044 826 1070 tremens
839 1042 904 1078 plu-

125 1089 246 1123 rimum,
259 1089 366 1126 humjli
379 1098 453 1118 voce
468 1089 555 1118 valde
570 1089 735 1126 respondit,
751 1097 780 1118 se
792 1098 902 1125 aquam

125 1136 157 1164 in
176 1136 259 1164 nullo
282 1137 420 1172 turbare,
443 1144 479 1164 eo
504 1136 589 1173 quod
612 1144 691 1172 aqua
712 1145 773 1164 non
794 1137 905 1165 rediret

125 1191 259 1216 sursum,
280 1183 334 1211 sed
356 1184 461 1211 flueret
483 1192 520 1211 ex
543 1185 652 1211 natura
674 1183 823 1211 deorsum.
852 1184 903 1211 Cui

125 1229 214 1266 lupus
228 1238 283 1258 nec
297 1230 404 1266 pietate
419 1232 532 1263 motus,
548 1238 602 1258 nec
624 1233 684 1258 tam
699 1230 804 1258 humili
818 1238 903 1265 voce,

125 1276 270 1313 vultuque
291 1279 352 1305 tam
366 1277 418 1313 pio
442 1277 595 1313 placatus,
619 1277 732 1305 crudeli
753 1285 823 1305 voce
843 1285 905 1305 res-

126 1323 248 1359 pondit:
266 1326 307 1352 Tu
329 1324 401 1352 mihi
429 1324 470 1352 sic
496 1323 628 1360 loqueris
655 1323 831 1352 maledicta?
859 1325 905 1352 Sic

126 1370 200 1398 mihi
214 1373 297 1407 pater
309 1373 375 1398 tuus
389 1370 466 1406 fecit,
482 1379 531 1398 sex
547 1371 611 1405 jam
631 1371 785 1399 mensibus
799 1379 904 1407 perac-

126 1418 173 1445 tis.
188 1419 262 1446 Cum
278 1420 309 1446 tu
324 1419 462 1454 patrisses
473 1440 481 1453 ‚
502 1419 614 1446 crimen
629 1419 719 1454 patris
734 1412 842 1446 obibis.
859 1421 905 1447 In-

127 1467 284 1493 nocentem
307 1465 385 1492 enim
410 1473 520 1500 agnum
543 1466 668 1500 invasit,
691 1468 720 1494 et
739 1467 861 1502 occidit,
879 1469 906 1494 et

129 1511 292 1540 devoravit.
310 1512 331 1539 Ο
352 1514 425 1548 quot
439 1514 507 1540 sunt
529 1512 559 1539 in
581 1512 749 1540 civitatibus
764 1516 792 1541 et
806 1513 906 1541 castris

127 1558 200 1594 lupi,
217 1558 269 1594 qui
284 1558 429 1586 devorant
444 1559 615 1587 innocentes
626 1561 632 1586 1
645 1560 724 1587 Multi
740 1562 808 1587 sunt
822 1568 904 1595 ergo,

128 1605 238 1641 quibus
262 1605 392 1640 compati
414 1613 572 1641 possumus
594 1608 622 1633 et
646 1606 808 1640 debemus,
829 1606 852 1633 si
868 1606 906 1634 de

129 1659 254 1686 corpore
269 1651 372 1679 Christi
387 1660 488 1679 sumus
501 1673 511 1686 ,
533 1652 604 1688 quia
623 1652 805 1687 membrum,
822 1652 905 1689 quod

129 1698 258 1726 aliorum
273 1698 478 1726 membrorum
505 1699 625 1727 dolores
647 1707 708 1727 non
733 1701 838 1735 sentit,
865 1702 907 1728 est

129 1745 177 1772 vel
188 1745 386 1781 paralyticum
396 1766 406 1780 ‚
424 1745 472 1773 vel
489 1746 658 1782 putridum,
684 1746 733 1774 vel
747 1755 765 1774 a
781 1755 906 1783 corpore

129 1791 285 1827 praecisum
301 1802 309 1819 :
325 1800 394 1820 caro
410 1793 489 1820 enim
501 1793 620 1828 putrida
634 1801 694 1820 non
706 1793 787 1821 dolet
803 1793 904 1822 incisa.

131 1838 211 1866 Unde
233 1839 390 1874 Apostolus
416 1839 535 1867 dicebat
548 1838 559 1854 ²
577 1849 583 1867 :
602 1850 616 1866 ι(
632 1840 702 1873 Quis
729 1840 906 1875 infirmatur,

131 1887 159 1912 et
172 1893 228 1920 ego
241 1893 302 1913 non
317 1885 451 1913 infirmor
461 1887 474 1913 ἱ)
490 1887 558 1920 Quis
571 1886 795 1921 scandalizatur,
812 1889 840 1915 et
850 1895 906 1923 ego

130 1939 191 1959 non
204 1939 274 1959 uror
285 1933 299 1959 ἵ
314 1943 327 1958 >2
347 1932 452 1960 Dicitur
466 1933 502 1960 de
517 1935 618 1960 sancto
629 1933 785 1961 Ambrosio
795 1935 817 1968 ³,
824 1935 907 1970 quod

131 1978 253 2013 quando
270 1978 377 2014 aliquis
392 1979 418 2006 ei
439 1988 526 2007 suum
540 1982 695 2016 peccatum
716 1980 850 2014 dicebat,
865 1981 907 2008 sic

129 2024 241 2052 sortiter
262 2025 472 2061 compatiendo
488 2026 596 2061 flebat,
613 2027 696 2062 quod
710 2027 795 2054 illum
813 2027 852 2055 ad
866 2027 908 2055 la-

130 2079 247 2108 crymas
262 2073 481 2101 commovebat.

165 2119 274 2152 Quarto
286 2141 294 2154 ‚
309 2119 385 2147 infra
399 2128 454 2147 nos
468 2120 569 2148 videre
594 2120 737 2148 debemus
759 2121 906 2149 mundum

131 2165 319 2201 allicientem,
335 2175 415 2194 nunc
431 2167 544 2195 deliciis
555 2189 564 2202 ,
580 2176 658 2195 nunc
684 2167 810 2203 divitiis,
827 2177 906 2196 nunc

131 2211 296 2241 honoribus
315 2213 554 2249 demulcentem3
577 2217 604 2242 et
616 2214 683 2247 hoe,
701 2217 732 2242 ut
746 2215 904 2250 fugiamus.

130 2259 206 2293 Quid
222 2260 301 2287 enim
315 2263 382 2288 sunt
396 2262 529 2297 corporis
545 2262 667 2295 deliciae,
684 2262 756 2298 quid
765 2263 906 2297 honores,

131 2307 186 2333 nisi
202 2307 343 2342 quaedam
358 2308 510 2343 vanitates,
526 2309 662 2336 homines
672 2309 855 2343 seducentes,
868 2310 906 2337 ad

131 2353 279 2380 infernum
301 2354 448 2381 trahentes
458 2356 471 2381 ἱ)
485 2355 513 2382 Si
527 2355 599 2382 mihi
623 2363 684 2383 non
706 2356 800 2383 credis
810 2377 818 2390 ,
835 2356 906 2384 audi

131 2399 317 2427 Salomonem
346 2400 493 2428 dicentem
514 2402 524 2418 ⁴
551 2411 586 2428 2«
606 2402 789 2435 Magnificavi
815 2411 907 2439 opera

131 2455 208 2481 mea,
219 2447 366 2475 aedificavi
380 2447 453 2474 mihi
469 2447 585 2483 domos>
603 2450 630 2476 et
644 2449 776 2484 plantavi
792 2450 904 2485 vineas,

130 2493 186 2521 feci
201 2494 303 2521 hortos
319 2495 346 2521 et
358 2494 504 2530 pomaria,
521 2496 549 2522 et
563 2495 682 2523 consevi
698 2504 733 2523 ea
747 2497 842 2524 cuncti
855 2505 906 2532 ge-

131 2541 210 2568 neris
225 2541 391 2576 arboribus,
406 2543 434 2569 et
448 2542 561 2569 extruxi
582 2543 654 2570 mihi
673 2544 801 2579 piscinas
816 2553 907 2581 aqua-

131 2595 218 2622 rum,
231 2589 264 2615 ut
282 2588 436 2623 irrigarem
457 2588 546 2616 silvas
567 2588 717 2624 lignorum
740 2592 906 2626 germinan-

165 2651 170 2666 ¹
186 2651 285 2681 AEsop.‚
303 2650 345 2675 lib,
368 2652 402 2681 ii,
420 2651 510 2675 Fabul.
533 2658 559 2675 Η,
576 2665 606 2669 -
621 2652 807 2681 2liCor.,x1,
822 2656 861 2679 219.
878 2668 907 2673 --

132 2685 143 2701 ³
159 2685 184 2708 iu
205 2686 251 2710 Vi!⁴
268 2686 293 2710 S.
309 2686 423 2710 Amhros.
440 2701 467 2704 —
479 2688 488 2703 δ
500 2688 591 2718 Εεσίε.,
607 2695 634 2716 υ,
649 2690 715 2712 4-10.
726 2702 755 2706 -
769 2690 777 2705 ⁵
793 2691 822 2713 iti
838 2691 906 2721 Rey„

272 2739 347 2761 Tou.
370 2740 437 2762 xtv.

958 296 1032 324 tium
1045 318 1052 332 ‚
1079 298 1198 334 possedi
1218 306 1320 328 servos
1342 303 1370 330 et
1390 302 1534 339 ancillas,
1549 304 1735 342 multamque

956 342 1100 371 familiam
1115 344 1218 381 habui,
1241 350 1375 377 armenta
1394 357 1536 386 quoque,
1559 353 1588 379 et
1609 360 1736 388 magnos

957 397 1062 425 greges
1078 391 1179 420 ovium
1192 414 1201 427 ,
1219 393 1296 423 ultra
1311 403 1432 432 omnes,
1454 397 1504 433 qui
1528 397 1646 427 fuerunt
1669 402 1735 427 ante

958 444 1006 464 me
1021 436 1051 464 in
1066 437 1246 468 Hierusalem
1264 450 1271 468 ε
1287 443 1462 471 coacervavi
1483 444 1554 472 mihi
1576 453 1693 480 aurum,
1709 448 1736 473 et

957 486 1133 519 argentum,
1151 489 1179 514 et
1194 487 1372 517 substantias
1392 498 1497 526 regum
1520 493 1548 519 et
1566 493 1735 528 provincia-

957 538 1024 558 rum
1041 540 1047 558 :
1065 531 1119 559 feci
1136 533 1208 561 mihi
1225 537 1400 571 cantatores,
1411 539 1439 565 et
1450 539 1632 574 cantatrices,
1646 542 1674 567 et
1685 539 1736 567 de-

957 576 1039 606 licias
1052 578 1184 607 filiorum
1209 580 1382 618 hominum,
1400 585 1529 621 scyphos
1544 588 1572 614 et
1585 594 1691 614 urceos
1706 587 1736 614 in

957 624 1121 653 ministerio
1137 626 1177 654 ad
1192 627 1262 656 vina
1285 628 1455 665 fundenda,
1474 643 1487 658 n
1503 632 1610 669 supple
1634 641 1734 662 aurea.

960 680 974 697 α
988 672 1238 708 Etsupergressus
1260 683 1327 703 sum
1346 676 1455 712 opibus
1477 687 1591 714 omneS,
1607 680 1658 716 qui
1674 680 1737 709 fue-

957 720 1027 745 runt
1041 720 1108 746 ante
1122 728 1169 747 me
1185 720 1215 748 in
1231 721 1411 751 Hierusalem
1423 733 1432 759 3
1449 725 1594 761 sapientia
1615 735 1736 764 quoque

957 767 1158 800 perseveravit
1172 775 1299 796 mecum.
1320 771 1353 797 Et
1367 771 1478 806 omnia,
1503 780 1569 808 quae
1584 773 1736 802 desidera-

958 815 1065 840 verunt
1080 813 1160 841 oculi
1174 815 1244 849 mei,
1262 823 1323 843 non
1337 817 1445 852 negavi
1458 818 1510 853 eis,
1527 826 1581 846 nec
1597 820 1738 856 prohibui

959 865 1011 886 cor
1025 867 1124 887 meum
1136 882 1145 895 ,
1162 861 1235 897 quin
1258 863 1409 900 voluptate
1435 865 1518 893 omni
1538 865 1694 901 frueretur,
1710 869 1739 895 et

959 905 1121 934 oblectaret
1143 908 1219 935 sein
1232 908 1295 944 his,
1318 918 1384 946 quae
1404 919 1589 947 paraveram.
1615 915 1647 941 Et
1661 914 1738 942 hanc

958 954 1038 979 ratus
1054 961 1117 980 sum
1127 956 1241 990 partem
1251 964 1360 992 meam,
1370 957 1393 985 si
1402 961 1499 986 uterer
1512 959 1616 988 labore
1630 969 1709 989 meo.
1721 972 1734 988 »

959 1000 1060 1027 Totam
1076 1001 1280 1030 auctoritatem
1294 1005 1393 1039 posui,
1410 1007 1442 1033 ut
1461 1007 1626 1042 attendatis,
1642 1016 1738 1044 quan-

959 1046 995 1073 tis
1010 1046 1061 1074 iste
1083 1048 1243 1076 mundanis
1257 1049 1424 1079 honoribus
1445 1052 1536 1088 fulsit,
1552 1055 1670 1090 quantis
1685 1055 1738 1083 de-

959 1092 1034 1120 liciis
1054 1102 1124 1121 usus
1149 1094 1219 1130 fuit,
1248 1099 1276 1124 et
1299 1098 1418 1133 quantis
1437 1099 1547 1128 divitiis
1562 1101 1737 1130 abundavit.

961 1141 1033 1168 Nam
1048 1143 1149 1170 omnia
1164 1144 1335 1179 supradicta
1349 1149 1456 1174 sonant
1471 1147 1589 1175 divitias
1604 1151 1632 1176 et
1646 1149 1740 1177 hono-

960 1195 1016 1215 res.
1032 1188 1101 1221 Quis
1120 1197 1254 1225 unquam
1277 1199 1402 1228 regum,
1419 1193 1479 1221 imo
1502 1195 1568 1230 quis
1581 1195 1739 1224 hominum

961 1235 1004 1262 tot
1018 1235 1141 1271 deliciis,
1158 1237 1324 1266 honoribus
1342 1242 1369 1267 et
1381 1239 1491 1268 divitiis
1511 1241 1694 1270 abundavit?
1711 1243 1739 1271 Si

960 1280 1068 1316 legeris
1088 1282 1119 1310 in
1138 1283 1216 1311 libro
1237 1286 1337 1320 Regum
1353 1287 1374 1321 ⁵,
1391 1288 1418 1314 et
1437 1288 1672 1317 consideraveris
1687 1298 1739 1317 au-

960 1337 1027 1356 rum
1043 1333 1071 1357 et
1086 1333 1261 1368 argentum,
1284 1333 1448 1368 tributum,
1470 1335 1531 1363 sive
1555 1344 1680 1365 munera
1694 1345 1740 1365 re—

961 1384 1043 1411 gum,
1057 1377 1174 1406 stabula
1188 1387 1350 1415 equorum,
1368 1381 1588 1410 multitudinem
1601 1383 1739 1419 militum,

961 1423 1134 1452 varietatem
1144 1425 1175 1452 in
1189 1426 1310 1460 mensis,
1324 1435 1435 1455 novam
1449 1428 1677 1457 aedificationem
1689 1431 1741 1459 do-

962 1477 1080 1497 morum
1090 1491 1099 1504 ,
1113 1471 1230 1499 videbis
1245 1472 1324 1500 hunc
1344 1482 1445 1509 regem
1465 1477 1585 1504 cunctos
1601 1478 1741 1506 mortales

961 1516 1022 1543 fere
1036 1517 1214 1552 honoribus,
1230 1519 1339 1547 divitiis
1354 1523 1382 1548 et
1397 1521 1509 1549 deliciis
1525 1524 1691 1552 excessisse.
1709 1527 1741 1553 Et

962 1562 1029 1590 licet
1049 1564 1089 1592 ita
1104 1564 1205 1600 fuerIt,
1231 1566 1301 1594 audi
1326 1567 1407 1603 quod
1430 1568 1460 1595 in
1480 1570 1651 1598 auctoritate
1665 1580 1741 1607 prae-

963 1609 1041 1638 dicia
1052 1611 1242 1647 subjungitur
1256 1612 1266 1628 ⁶
1282 1624 1289 1641 :
1308 1623 1322 1639 «
1337 1616 1482 1651 Cumque,
1497 1627 1509 1642 n
1526 1616 1633 1653 inquit,
1649 1629 1662 1644 α
1678 1627 1740 1646 ver-

962 1656 1061 1684 tissem
1077 1666 1125 1686 me
1140 1659 1179 1686 ad
1194 1660 1332 1689 universa
1342 1669 1444 1698 opera,
1460 1672 1526 1699 quae
1537 1664 1740 1694 feceruntma-

962 1711 1018 1730 nus
1030 1712 1113 1739 meae,
1130 1707 1158 1732 et
1171 1705 1305 1742 labores,
1321 1708 1351 1735 in
1367 1709 1476 1745 quibus
1490 1710 1597 1739 frustra
1611 1712 1737 1740 sudave-

961 1759 1037 1786 ram,
1053 1752 1112 1780 vidi
1128 1753 1158 1780 in
1172 1754 1311 1781 omnibus
1326 1756 1496 1790 vanitatem,
1508 1759 1535 1785 et
1549 1758 1739 1788 afflictionem

962 1798 1091 1833 spiritus,
1107 1801 1135 1826 et
1153 1800 1227 1827 nihil
1242 1809 1416 1836 permanere
1438 1804 1493 1831 sub
1517 1805 1590 1832 sole.
1607 1816 1620 1831 >i
1638 1808 1670 1834 Et
1684 1807 1741 1834 ad·-

963 1844 1005 1872 dit
1028 1847 1038 1863 ⁷
1060 1855 1065 1873 :
1093 1858 1105 1871 «
1129 1847 1241 1875 Idcirco
1262 1849 1361 1876 taeduit
1375 1858 1423 1877 me
1443 1851 1509 1879 vitae
1523 1860 1614 1887 meae,
1637 1853 1742 1882 viden-

963 1893 1021 1919 tem
1037 1892 1115 1920 mala
1133 1894 1290 1930 universa,
1313 1898 1341 1923 et
1365 1900 1501 1926 cunctam
1520 1900 1694 1936 vanitatem,
1713 1904 1741 1929 et

963 1938 1152 1967 afflictionem
1182 1941 1310 1976 spiritus.
1342 1946 1450 1972 Rursus
1482 1945 1640 1975 detestatus
1673 1957 1739 1976 sum

963 1992 1084 2013 omnem
1098 1986 1274 2016 industriam
1290 1997 1399 2024 meam,
1414 1999 1474 2027 qua
1483 1993 1538 2020 sub
1549 1994 1611 2022 sole
1626 1995 1739 2023 studio-

962 2032 1074 2060 sissime
1088 2033 1240 2068 laboravi,
1258 2036 1413 2065 habiturus
1435 2039 1585 2068 haeredem
1599 2044 1666 2077 post
1680 2051 1738 2078 me,

962 2087 1052 2114 quem
1067 2080 1189 2115 ignoro,
1207 2090 1245 2109 an
1260 2084 1378 2119 sapiens
1390 2107 1397 2119 ,
1423 2086 1471 2113 vel
1497 2087 1602 2115 stultus
1626 2088 1741 2117 futurus

962 2126 996 2153 sit
1021 2136 1027 2153 .’
1052 2128 1079 2154 et
1105 2127 1309 2158 dominabitur
1333 2131 1363 2158 in
1387 2132 1544 2161 laboribus
1572 2135 1655 2163 meis.
1678 2147 1690 2162 n
1709 2139 1741 2164 Et

963 2173 1129 2208 concludit,
1154 2176 1237 2211 quod
1262 2185 1322 2204 non
1347 2181 1389 2206 est
1416 2180 1583 2216 quidquam
1605 2185 1665 2211 tam
1687 2193 1740 2212 va-

962 2227 1035 2247 num
1045 2221 1068 2248 ⁸:
1084 2222 1187 2249 «Unde
1197 2224 1319 2258 cessavi,
1331 2227 1570 2264 renuntiavitque
1581 2238 1739 2259 cormeum

962 2267 1039 2294 ultra
1061 2268 1200 2297 laborare
1219 2270 1275 2298 sub
1296 2271 1367 2299 sole.
1394 2284 1406 2299 υ
1429 2275 1501 2302 Sunt
1520 2283 1610 2311 ergo,
1627 2278 1739 2314 fratres,

961 2313 1110 2350 fugiendae
1126 2316 1258 2350 deliciae-5
1275 2322 1341 2347 sunt
1361 2320 1508 2356 fugiendae
1524 2323 1649 2361 divitiae;
1674 2329 1741 2354 sunt

963 2363 990 2388 et
1005 2362 1153 2396 fugiendae
1172 2364 1322 2393 bonorum
1344 2368 1509 2397 eminentiae
1523 2392 1530 2404 ,
1555 2372 1623 2406 quia
1645 2381 1739 2408 vanae,

963 2416 997 2435 eo
1014 2409 1097 2444 quod
1111 2411 1261 2439 transeunt
1282 2413 1429 2442 universa.
1450 2416 1536 2444 Nullo
1552 2418 1631 2445 enim
1652 2420 1739 2448 modo

963 2458 1005 2482 est
1020 2456 1183 2484 amandum
1194 2480 1203 2490 ,
1221 2459 1304 2494 quod
1321 2460 1434 2496 absque
1451 2462 1543 2490 dubio
1560 2466 1602 2491 est
1616 2466 1741 2501 perden-

963 2501 1054 2536 dum,
1080 2505 1107 2530 et
1133 2503 1246 2532 doloris
1272 2508 1313 2533 est
1333 2508 1514 2536 causativum
1536 2509 1672 2540 finaliter.
1695 2513 1740 2542 Sic

963 2555 1050 2583 ergo,
1066 2549 1235 2585 quivident
1255 2560 1346 2588 supra
1368 2562 1397 2580 se
1418 2556 1527 2590 Deum,
1543 2557 1643 2586 vident
1665 2560 1741 2588 intra
1767 2580 1769 2582 -

963 2602 992 2622 se
1008 2596 1103 2623 carnis
1117 2597 1287 2633 stimulum,
1308 2599 1393 2634 juxta
1417 2609 1447 2628 se
1462 2603 1650 2640 proximum,
1665 2605 1741 2635 infra

965 2660 1032 2681 1vet
1057 2665 1078 2681 v.
1099 2672 1128 2677 —·
1150 2661 1159 2675 ⁶
1187 2660 1274 2686 Evclet,
1306 2668 1336 2687 ri,
1365 2665 1450 2686 11.—
1477 2666 1483 2678 ⁷
1507 2666 1579 2696 thid„
1607 2669 1687 2692 17-12‘1.
1710 2683 1739 2687 —

963 2694 971 2706 Β
986 2693 1058 2723 ibim,
1075 2697 1115 2718 κο.

1583 2750 1600 2776 ι).

2053 1872 2060 1894 ..0-
2052 1820 2060 1865 ιμ’
2052 1775 2060 1811 3-3
2050 1620 2060 1767 wax-nw-
