2029 3052
247 207 306 238 608

247 272 302 304 Dei
327 271 458 304 servitio
477 280 511 303 se
532 276 691 302 exercere,
717 265 750 298 Si
773 266 884 296 autem
909 262 1025 294 debent

247 327 367 359 debiles
386 325 633 358 misericorditer
655 320 804 359 refoveri,
829 317 968 359 expedit,
988 318 1025 348 ut

247 381 342 412 etiam
360 380 426 420 alii,
442 379 499 421 qui
518 387 622 410 unum
637 385 753 417 corpus
774 372 933 405 societatis
949 379 1026 402 cum

247 435 293 466 eis
307 437 392 474 sunt,
416 437 448 466 et
465 434 511 466 eis
533 432 690 468 serviunt,
708 432 739 462 et
757 429 883 460 labores
898 424 1026 458 Ordinis

247 498 306 530 pro
320 489 411 521 eisin
425 489 532 526 domo,
547 487 582 518 in
593 486 704 518 divino
713 483 828 522 officio,
843 482 879 513 in
889 480 1023 520 frigore,

249 546 281 576 et
299 543 443 585 petendis
463 541 686 582 eleemosynis,
709 541 740 570 et
754 537 824 569 aliis
845 533 1024 575 obsequiis,

249 597 357 638 aliquo
372 596 468 628 modo
483 596 594 627 mitius
608 593 852 635 pertractentur,
866 591 898 621 et
911 587 1026 620 melius

249 651 445 690 reficiantur,
458 652 498 682 ut
513 650 622 681 minus
634 648 673 680 de
687 647 748 678 illis
760 643 1025 678 scandalizentur,

248 707 280 738 et
301 705 409 737 minus
431 705 637 736 murmurent
656 704 766 734 contra
779 709 844 737 eos,
860 697 951 739 quasi
966 695 1026 736 ipsi

252 759 311 791 soli
331 761 520 791 consumant
544 757 666 796 omnia,
687 765 761 798 quae
781 754 980 789 offeruntur,
996 752 1028 782 et

249 817 286 845 ut
301 813 472 855 patientius
486 821 544 854 pro
554 812 599 843 eis
612 810 768 848 laborent,
785 810 816 839 et
824 806 961 839 hilarius
971 804 1028 836 mi-

249 868 396 906 nistrent,
412 869 443 898 et
453 869 489 898 ut
500 866 559 906 ipsi
574 864 693 897 debiles
706 863 813 895 minus
826 861 1025 898 crubescant,

249 924 280 953 et
294 920 507 953 confidentius
521 919 659 951 audeant
674 917 876 949 necessitates
890 923 964 946 suas
978 921 1028 944 ac-

250 976 368 1017 cipere,
384 984 458 1006 cum
474 974 604 1006 videant
618 973 699 1004 alios
715 972 813 1003 etiam
834 978 943 1001 secum
959 976 1028 999 csse

251 1029 420 1071 participes
436 1029 468 1059 in
483 1027 708 1059 consolatione.
728 1025 804 1057 Sani
819 1032 899 1063 ergo
918 1025 948 1054 et
964 1022 1026 1053 for-

251 1087 298 1116 tes
311 1093 376 1115 non
390 1083 505 1115 debent
518 1084 648 1123 propter
665 1090 698 1112 se
715 1081 774 1111 ista
788 1081 948 1119 appetere,
971 1085 1029 1108 nec

251 1148 318 1171 suae
336 1137 503 1169 industriae
517 1136 684 1173 ascribere,
705 1133 833 1175 quando
849 1130 1029 1173 appetenti-

251 1194 312 1225 bus
320 1193 365 1224 eis
375 1192 622 1232 eleemosynam,
633 1190 695 1220 ista
707 1189 896 1224 offerentur;
912 1185 966 1217 sed
981 1194 1030 1216 co-

253 1248 356 1288 gitare
371 1247 497 1283 debent,
515 1245 597 1276 sicut
608 1246 639 1275 et
646 1243 762 1275 veritas
775 1243 834 1280 est,
851 1240 937 1282 quod
947 1239 1030 1270 Deus

253 1312 290 1334 ea
306 1303 434 1342 propter
449 1299 568 1331 debiles
583 1298 753 1335 ministrat,
774 1298 805 1327 et
820 1296 852 1326 in
871 1296 959 1326 tanta
977 1303 1031 1325 co-

253 1357 325 1398 pia,
352 1355 437 1396 quod
460 1353 575 1385 exinde
597 1352 694 1383 etiam
719 1350 788 1381 sani
815 1348 1028 1380 consolentur.

255 1411 387 1450 Propter
399 1407 582 1449 praemissas
595 1406 744 1443 rationes,
758 1403 829 1435 vult
840 1402 935 1433 etiam
950 1401 1031 1432 Deus

254 1464 420 1495 veritatem
443 1470 510 1493 suae
533 1459 761 1501 promissionis,
787 1459 817 1488 et
835 1455 1028 1488 evidentiam

255 1527 322 1549 suae
338 1515 535 1548 liberalitatis
549 1513 713 1545 ostendere
726 1537 733 1549 ,
758 1512 836 1543 dum
861 1510 952 1541 nobis
975 1509 1030 1549 qui

254 1573 359 1604 nullos
382 1573 483 1602 certos
505 1568 648 1600 redditus
669 1576 726 1608 pro
747 1567 814 1606 ipso
839 1565 956 1596 habere
976 1563 1032 1594 de-

255 1626 427 1663 crevimus,
451 1626 481 1655 et
505 1625 605 1654 totam
634 1619 878 1652 sollicitudinem
903 1618 936 1648 in
955 1625 1030 1648 eum

251 1680 460 1721 jactavimuS,
486 1676 705 1716 indulgentius
729 1673 907 1705 necessaria
935 1671 1030 1702 mini-

256 1735 345 1771 strat,
373 1741 469 1773 quam
485 1731 554 1762 aliis
569 1729 772 1770 quibusdam,
796 1727 851 1768 qni
874 1726 936 1757 lata
952 1734 1032 1765 prae-

256 1788 308 1818 dia
323 1787 453 1825 habent,
477 1789 507 1816 et
531 1784 650 1815 loculos
671 1783 792 1823 plenos,
815 1781 855 1812 ad
880 1780 940 1811 hoc
954 1781 990 1810 ut
1003 1778 1032 1809 ei

257 1841 402 1872 securius
417 1839 629 1876 confidamus,
645 1840 676 1869 et
696 1836 821 1868 fidelius
841 1834 1031 1865 serviamus.

258 1895 329 1927 Alia
352 1904 448 1926 causa
470 1896 528 1931 est,
555 1893 630 1933 quia
652 1899 765 1922 corum
782 1889 837 1929 qui
865 1897 968 1928 nuper
995 1887 1033 1918 de

258 1949 375 1980 saeculo
390 1949 560 1985 venerunt,
578 1946 708 1986 quidam
724 1943 855 1975 delicate
876 1944 950 1973 sunt
972 1949 1032 1971 nu-

259 2004 336 2042 triti,
350 2005 379 2034 et
395 2011 468 2033 cum
484 2002 518 2032 in
528 2001 643 2032 Ordine
661 1998 766 2030 subito
780 1999 890 2028 contra
905 1995 1034 2026 solitum

259 2059 421 2097 coguntur
440 2056 531 2087 aliter
552 2055 661 2086 vivere
683 2053 714 2083 iu
731 2052 854 2089 labore,
876 2053 907 2081 ct
927 2050 1034 2086 victu,

259 2115 290 2143 et
306 2111 497 2143 coercitione
511 2108 702 2148 magisterii,
718 2107 828 2138 territa
842 2114 916 2135 caro
927 2107 1034 2134 tenera

259 2165 450 2205 languescit,
468 2167 497 2194 et
516 2164 578 2194 nisi
593 2162 766 2193 clementer
783 2161 962 2196 foveantur,
979 2158 1035 2188 do-

259 2228 318 2251 nec
336 2219 489 2260 paulatim
509 2218 693 2247 assuescant
710 2214 834 2245 Ordinis
859 2213 922 2253 pati
948 2212 1036 2251 rigo-

260 2282 341 2311 rem,
367 2274 422 2303 aut
447 2279 572 2310 semper
595 2268 782 2300 tabescendo
810 2267 1034 2306 languescent,

260 2329 315 2358 aut
323 2336 363 2358 cx
376 2325 494 2365 rigoris
506 2325 637 2355 11011010
652 2323 690 2354 011
702 2322 858 2354 vomitum
874 2322 1034 2351 reverten-

260 2383 325 2413 tur.
343 2381 380 2412 Et
397 2380 466 2410 11100
480 2378 618 2418 expedit,
642 2379 676 2407 nt
691 2385 796 2416 supra.
821 2374 925 2405 Tertia
941 2382 1036 2404 causa

260 2439 306 2467 est
323 2434 494 2476 spiritualis
508 2432 616 2464 studii.
630 2431 710 2462 Nam
725 2430 889 2461 assiduum
909 2429 1035 2459 lucrum

262 2491 293 2521 in
309 2490 414 2520 studio
429 2497 527 2519 500110
544 2486 729 2526 Scriptnrae,
747 2485 779 2514 111
795 2483 973 2514 devotionis
985 2482 1038 2512 de-

261 2544 388 2581 siderio,
405 2543 437 2573 in
451 2540 630 2573 tentationis
644 2538 826 2575 certamine,
848 2547 881 2567 111
905 2537 1036 2567 internae

262 2597 482 2629 sollicitudinis
496 2596 620 2635 vigore,
638 2593 681 2624 ita
695 2591 854 2623 consumit
863 2593 893 2621 ct
903 2590 1038 2621 desiccat

262 2651 346 2682 vires
369 2650 520 2690 corporis,
543 2650 580 2679 ut
604 2647 663 2678 nisi
683 2646 823 2678 exterius
847 2644 1037 2685 quandoque

262 2705 462 2745 aliquatenus
486 2702 718 2738 refocillentur,
741 2708 806 2731 11011
836 2698 961 2730 valeant
982 2697 1038 2729 diu

717 192 1095 230 DETERMINATIONES
1116 190 1386 232 QUAESTIONUM

1079 260 1264 293 subsistere.
1279 259 1369 298 Quod
1383 260 1493 291 autem
1511 258 1684 300 aliquando
1704 259 1857 293 lautiores

1080 315 1170 347 cibos
1180 315 1213 346 et
1225 316 1321 355 potus
1334 314 1453 346 11011010
1475 313 1635 353 videmur,
1649 314 1711 346 hoc
1723 316 1773 345 est
1785 322 1858 355 pro-

1079 369 1149 410 prie
1169 369 1401 408 mendicorum,
1424 368 1481 409 qui
1506 367 1586 400 dum
1608 376 1673 399 non
1692 369 1859 400 reservant

1080 423 1113 454 in
1133 425 1315 464 posterum,
1340 424 1378 454 ut
1402 421 1550 454 cumulos
1575 423 1794 462 congregent,
1821 423 1860 454 ut

1080 478 1201 519 praedia
1217 477 1282 509 lata
1301 480 1498 518 comparent,
1520 476 1626 508 statim
1645 475 1818 508 comedunt
1827 477 1861 508 et

1080 532 1199 564 bibunt
1225 540 1273 570 ea,
1304 540 1378 572 quae
1403 531 1558 562 Dominus
1581 529 1794 562 administrat.
1821 529 1862 561 Et

1081 586 1167 627 quia,
1184 594 1242 626 pro
1260 585 1426 616 honestate
1443 586 1476 616 et
1489 584 1657 617 devotione
1681 592 1750 622 sua,
1766 583 1862 624 pleri-

1081 649 1145 680 que
1161 639 1238 671 dant
1244 639 1336 670 nobis
1345 648 1412 670 non
1422 639 1462 671 de
1473 638 1656 678 vilioribus,
1673 637 1729 669 sed
1743 637 1782 669 de
1796 646 1862 669 me-

1081 693 1216 725 lioribus
1237 701 1312 734 quae
1333 692 1489 724 Dominus
1507 692 1593 724 dedit
1607 692 1664 731 eis,
1679 691 1776 723 etiam
1790 699 1860 730 nos,

1082 756 1157 779 cum
1173 747 1302 778 interim
1317 755 1382 778 non
1395 746 1572 778 habeamus
1586 745 1649 777 alia
1663 745 1780 786 quibus
1787 747 1861 777 uta-

1084 810 1168 840 mur,
1192 810 1233 832 ne
1253 801 1420 833 videamur
1437 800 1561 841 ingrati
1575 802 1606 831 et
1620 800 1730 838 avari,
1754 808 1861 831 come-

1083 855 1190 887 dimus
1204 857 1235 886 et
1249 855 1390 886 bibimus
1410 863 1485 895 quae
1505 854 1684 886 offeruntur
1706 853 1798 885 nobis
1811 853 1863 884 in-

1083 909 1277 947 differenter,
1299 911 1364 940 tam
1385 909 1449 948 illa,
1463 916 1561 948 quam
1580 907 1661 946 alia,
1674 909 1771 948 Juxta
1783 906 1863 938 illud

1085 962 1218 1003 Regulae
1230 973 1236 993 :
1256 973 1271 992 11
1283 961 1326 994 De
1335 962 1486 993 omnibus
1496 961 1584 999 cibis,
1593 961 1649 1001 qui
1656 961 1864 1001 apponuntur

1083 1017 1188 1055 vohis,
1206 1016 1298 1047 liceat
1320 1015 1524 1046 manducare.
1542 1025 1556 1044 u
1581 1014 1744 1047 Mendicus
1762 1014 1862 1053 enim,

1084 1071 1110 1102 si
1126 1072 1251 1102 recuset
1266 1079 1314 1109 ea,
1331 1078 1404 1110 quae
1419 1068 1612 1106 offeruntur,
1628 1077 1703 1100 cum
1724 1076 1788 1100 non
1804 1067 1864 1099 ha-

1084 1125 1157 1156 beat
1171 1125 1258 1156 unde
1273 1124 1334 1156 alia
1345 1125 1440 1162 emat,
1457 1122 1634 1154 remanebit
1646 1122 1764 1154 inanis.
1783 1121 1864 1160 Quia

1084 1189 1161 1211 vero
1174 1179 1291 1211 diversi
1307 1178 1444 1216 diversa,
1468 1179 1499 1208 et
1512 1176 1684 1218 aliquando
1701 1176 1791 1218 quasi
1805 1176 1862 1208 ad-

1085 1242 1179 1265 versa
1200 1233 1358 1264 mirantur
1381 1232 1420 1263 de
1433 1231 1538 1270 nobis,
1554 1233 1590 1262 ut
1610 1240 1684 1262 cum
1698 1230 1743 1262 illi
1758 1239 1864 1272 repre-

1085 1288 1229 1319 hendant
1244 1288 1276 1318 in
1291 1286 1385 1318 nobis
1403 1285 1634 1323 carnalitatem,
1649 1285 1704 1316 alii
1718 1294 1796 1316 vero
1809 1285 1865 1316 du-

1086 1341 1210 1379 ritiam,
1237 1340 1371 1381 quilibet
1394 1349 1452 1380 pro
1476 1339 1549 1371 visu
1575 1347 1653 1377 suo,
1678 1340 1710 1369 et
1730 1337 1862 1377 affectu;

1086 1397 1210 1435 oportet
1234 1404 1291 1426 nos
1315 1394 1453 1434 singulis
1479 1393 1517 1425 de
1541 1393 1607 1424 suis
1631 1392 1865 1433 quaestionibus

1087 1450 1292 1491 respondere,
1324 1451 1354 1480 et
1375 1448 1531 1480 rationem
1556 1447 1697 1486 reddere,
1720 1447 1791 1479 licet
1814 1455 1866 1478 se-

1087 1504 1218 1544 quentia
1240 1502 1493 1544 praecedentibus
1513 1501 1699 1533 continuato
1717 1501 1794 1542 ipsis
1811 1509 1866 1532 or-

1087 1558 1160 1589 dine
1170 1558 1209 1589 ad
1220 1558 1279 1589 hoc
1291 1566 1355 1588 non
1363 1556 1555 1595 cohaereant,
1569 1555 1624 1587 sed
1636 1555 1731 1587 modo
1743 1555 1781 1587 de
1791 1555 1864 1595 hac,

1088 1614 1117 1642 01
1136 1611 1230 1643 modo
1243 1611 1281 1643 de
1296 1611 1358 1642 alia
1373 1612 1556 1647 tractemus,
1572 1610 1604 1640 et
1616 1610 1742 1640 caetera.

1337 1718 1539 1761 QUAESTIO
1567 1719 1610 1752 X.

1158 1804 1212 1832 Cur
1231 1811 1284 1831 non
1302 1804 1473 1838 recipiuntur
1491 1808 1580 1829 omnes
1600 1800 1637 1828 ad
1658 1798 1801 1835 Ordinemg

1133 1882 1209 1914 ltem
1234 1890 1344 1922 quaero
1362 1891 1368 1911 :
1390 1880 1469 1911 Cum
1489 1879 1638 1910 omnibus
1658 1878 1798 1910 debeatis
1814 1887 1869 1910 cu-

1091 1947 1176 1978 pere,
1194 1939 1230 1968 ut
1243 1936 1408 1967 salventur
1427 1934 1606 1973 vobiscum,
1624 1942 1724 1974 quare
1741 1932 1867 1964 101111ἳο-

1091 1994 1198 2022 renter
1211 2000 1276 2022 non
1290 1999 1402 2021 omnes
1423 1988 1577 2028 recipitis,
1601 1988 1655 2029 qui
1676 1987 1866 2026 desiderant,

1091 2056 1165 2078 cuin
1188 2055 1251 2077 uon
1275 2047 1374 2076 arctet
1398 2053 1455 2075 vos
1482 2043 1678 2084 praediorum
1702 2042 1866 2082 paucitas,

1092 2100 1146 2131 sed
1162 2102 1270 2140 aperta
1285 2099 1324 2129 sit
1338 2098 1487 2130 omnibus
1502 2098 1554 2129 via
1569 2096 1794 2128 mendicandi?

1134 2153 1319 2193 Respondeo
1336 2162 1344 2183 ι
1360 2152 1476 2184 Omnes
1496 2151 1627 2191 quidem
1643 2150 1791 2191 cupimus
1805 2149 1868 2181 sal-

1093 2208 1174 2246 vari,
1191 2210 1221 2238 et
1237 2207 1316 2238 nulli
1338 2206 1506 2246 prohibere
1522 2213 1692 2245 possumus
1709 2204 1868 2236 licentiam

1093 2261 1316 2293 mendicitatis.
1341 2260 1402 2291 Sed
1425 2268 1537 2290 omnes
1558 2259 1677 2299 passim
1704 2258 1866 2299 recipere,

1093 2325 1157 2346 non
1181 2315 1308 2355 expedit
1328 2314 1430 2352 nobiS,
1453 2322 1511 2344 nec
1529 2312 1676 2344 Ecclesiae
1691 2312 1756 2343 Dei.
1774 2311 1870 2343 Nobis

1094 2379 1170 2406 non,
1194 2369 1269 2409 quia
1281 2369 1381 2399 variae
1397 2369 1471 2398 sunt
1480 2366 1676 2398 conditiones
1686 2365 1866 2404 hominum,

1093 2423 1271 2465 qualitates,
1289 2424 1319 2453 et
1341 2430 1457 2452 mores.
1479 2419 1595 2451 Multos
1617 2419 1702 2450 enim
1724 2428 1808 2459 saepe
1819 2427 1870 2450 re-

1094 2479 1272 2518 ciperemus
1287 2475 1470 2511 imbecilles,
1495 2474 1549 2514 qui
1565 2482 1630 2504 non
1645 2475 1772 2514 possent
1785 2472 1869 2511 rigo-

1095 2542 1162 2563 1001
1178 2530 1303 2562 Ordinis
1318 2529 1491 2567 sustinere3
1510 2527 1624 2558 multos
1636 2535 1802 2567 paupereS,
1813 2525 1870 2566 qui

1094 2596 1159 2618 0011
1174 2595 1231 2626 pro
1248 2585 1318 2623 Deo,
1336 2584 1389 2615 scd
1410 2592 1467 2623 pro
1482 2581 1712 2613 sustentatione
1730 2580 1805 2611 vitae
1820 2580 1870 2611 vi-

1094 2651 1169 2675 vere
1181 2640 1396 2672 desiderarent
1409 2637 1592 2674 nobiscum3
1617 2635 1733 2666 multos
1748 2635 1870 2666 incom-

1096 2696 1213 2737 positos
1228 2694 1382 2731 moribus,
1399 2700 1480 2733 quos
1494 2691 1550 2722 vix
1567 2689 1728 2729 corrigere
1741 2689 1781 2720 ab
1796 2688 1870 2719 ino—-
