2060 3052
251 254 302 284 -14
658 246 870 284 SERMONES
891 247 942 281 DE
963 246 1129 281 SANG‘ris
1150 246 1193 281 IN
1213 246 1408 282 commui.
1429 247 1468 282 V.

261 325 390 355 cumque
399 317 531 354 infirmo,
539 318 816 354 quantumcumque
825 316 945 351 infecto,
952 324 1045 353 quan-

260 367 456 402 tumcumque
481 365 602 402 misero,
626 365 770 402 senioque
798 364 950 401 depresso,
978 363 1042 392 sine

259 420 369 448 magno
391 412 497 441 dolore
514 413 645 450 separari
677 420 738 441 non
761 413 867 448 potest,
898 413 1043 448 quantum

260 459 398 487 dolorem
426 460 524 488 anima
549 459 653 488 Christi
676 458 822 493 sustinuit,
845 458 917 486 dum
942 466 959 486 a
985 460 1044 486 tam

259 506 354 534 nobili
368 514 494 543 corpore
508 515 538 534 se
554 506 676 534 divisit?

296 553 432 581 Secundo
447 553 576 588 attende,
592 561 647 589 pro
664 553 774 589 quibus
786 551 954 589 patiebatur
965 551 1045 580 Chri-

259 601 320 628 stus
336 609 343 628 z
361 608 430 628 narn
446 608 500 636 pro
515 599 573 627 illis
589 599 768 636 patiebatur,
792 599 842 636 qui
863 607 930 627 eum
955 606 1043 635 cepe-

258 649 335 681 rant,
346 647 405 683 ‹qui
428 655 497 675 enm
511 646 687 681 ligaverant,
703 646 754 683 qui
770 646 834 682 ejus
848 645 962 680 oculos,
980 648 1044 673 tan-

259 701 352 729 quam
370 693 504 728 latronis,
519 692 702 727 velaverant,
724 693 774 729 qui
795 700 864 721 eum
885 692 973 720 morti
995 699 1044 720 ac-

259 741 446 773 cusaverant,
461 740 512 776 qui
528 748 598 768 eum
611 739 846 776 flagellaverant,
858 740 908 776 qui
924 747 993 768 eum
1008 739 1042 767 il-

258 786 398 822 luserant,
423 787 454 815 in
477 795 546 815 eum
569 790 780 824 conspuerant,
811 787 876 822 ejus
905 786 1043 814 maxillas

258 836 475 871 percusserant,
490 836 519 862 et
532 835 630 870 ipsum
646 834 685 862 ad
702 837 838 868 mortem,
862 836 890 862 et
909 834 948 862 ad
963 833 1044 862 vilis-

258 881 367 909 simum
392 889 485 917 genus
506 881 609 909 mortis
631 881 844 916 judicaverant.
869 882 944 915 Ergo
969 880 1042 908 dum

257 935 344 956 suam
367 927 539 956 charitatem
560 927 599 955 ad
621 935 672 955 eos
691 927 844 963 tendebat,
865 929 893 955 et
910 927 1042 964 ipsorum

258 973 500 1010 ingratitudinem
527 976 638 1002 tantam
667 982 729 1002 esse
767 974 927 1007 cernebat,
957 974 1042 1010 quod

257 1029 326 1049 eum
355 1023 467 1057 patrem
494 1021 741 1055 amantissimum,
766 1023 793 1049 et
823 1021 1042 1057 redemptorem

257 1068 434 1103 piissimum,
455 1070 483 1096 et
502 1067 690 1096 defensorem
719 1068 895 1095 tutissimum
925 1068 1042 1096 occide-

257 1114 338 1150 bant,
365 1115 485 1143 dolores
508 1115 571 1150 ejus
593 1115 724 1142 animam
750 1115 880 1142 maxime
904 1114 1042 1142 vulnera-

257 1161 341 1190 bant.
364 1163 436 1190 Nam
452 1161 559 1189 dicitur
575 1162 581 1178 ¹
600 1170 607 1189 :
626 1172 639 1187 <i
655 1163 726 1189 Vere
746 1161 906 1196 languores
925 1164 1042 1189 nostros

256 1207 320 1244 ipse
342 1207 416 1241 tulit,
438 1211 466 1236 et
487 1207 607 1235 dolores
628 1210 745 1236 nostros
766 1208 829 1244 ipse
851 1208 1003 1244 portavit:
1025 1218 1038 1234 n

257 1262 324 1282 ecce
347 1254 458 1282 amoris
481 1255 668 1290 magnitudo.
694 1256 705 1272 ²
724 1266 737 1279 «
758 1256 791 1282 Et
811 1262 865 1282 nos
891 1255 1041 1291 reputavi-

257 1310 323 1329 mus
337 1309 405 1329 cum
424 1302 509 1338 quasi
530 1302 693 1338 leprosum,
718 1303 802 1338 quasi
827 1310 998 1338 percussum
1023 1310 1041 1330 a

258 1350 325 1382 neo,
350 1351 377 1376 et
399 1349 587 1376 humiliatum
605 1358 611 1376 :
629 1360 642 1374 n
660 1357 728 1377 ecce
753 1349 932 1376 amaritudo.
959 1349 1039 1377 Unde

257 1396 374 1432 sapiens
390 1396 513 1432 quidam
530 1396 601 1424 dicit
616 1396 644 1423 in
660 1404 787 1432 persona
802 1396 903 1424 Christi
924 1405 930 1424 :

351 1471 451 1500 Homo,
468 1470 542 1500 vide,
560 1472 654 1501 quanti
671 1478 717 1501 pro
735 1473 759 1495 te
774 1470 872 1502 patior;

352 1505 415 1529 Vide
431 1512 538 1536 poenas,
554 1506 647 1536 quihus
662 1506 773 1536 afficior,

350 1541 415 1565 Vide
427 1541 514 1565 elavos
524 1560 531 1571 ,
545 1541 638 1572 quilius
650 1542 785 1566 confodior

351 1577 379 1600 Et
392 1584 450 1601 cum
461 1576 491 1600 sit
507 1579 591 1600 tantus
607 1577 681 1600 dolor
698 1578 820 1607 exterior,

350 1613 457 1637 luterior
476 1616 560 1637 tamen
577 1614 694 1644 planetus
710 1617 747 1638 cst
763 1615 878 1645 gravior,

351 1650 414 1672 bum
429 1649 557 1680 iugi-utum
574 1652 596 1673 te
610 1650 741 1680 experior.

289 1725 384 1753 Tertio
405 1725 471 1753 licet
495 1726 646 1754 attendere
669 1734 686 1754 a
710 1727 820 1762 quibus
846 1735 948 1763 passus
970 1730 1011 1755 est
1032 1736 1037 1754 :

254 1780 323 1800 nam
345 1781 362 1800 a
379 1772 526 1807 fratribus,
549 1781 624 1809 quo<
649 1773 685 1801 de
713 1774 876 1809 irgyptiaczi
902 1774 1039 1802 servitute

255 1822 381 1853 eruerat,
404 1828 458 1855 pro
485 1820 594 1856 quibus
613 1829 693 1848 mare
717 1823 884 1856 aperuerat,
911 1821 1039 1849 Pharao-

254 1874 322 1893 nem
348 1874 415 1893 cum
435 1867 516 1894 omni
545 1867 675 1895 exercitu
699 1875 753 1895 suo
772 1868 981 1902 submerserat,
1009 1871 1037 1895 et

254 1913 333 1948 ipsos
349 1914 427 1940 sicco
442 1914 519 1948 pede
536 1914 658 1941 transire
672 1914 791 1947 severam
807 1914 916 1950 quibus
928 1922 1038 1950 panem

255 1959 291 1986 de
315 1959 401 1993 cwlo,
428 1962 456 1987 et
479 1968 589 1996 aquam
618 1960 654 1987 de
672 1964 754 1996 petra
772 1961 963 1996 produxerat,
982 1961 1038 1988 ssu-

256 2015 325 2034 men
340 2007 498 2034 Jordinem
516 2007 673 2041 diviserat;
697 2011 723 2035 et
738 2016 792 2044 pro
809 2009 917 2044 quibus
933 2017 1040 2036 omues

254 2053 383 2089 populos
399 2054 631 2081 Chananzrorum
648 2055 814 2089 occiderat3
837 2064 890 2090 pro
917 2056 1038 2091 quibus,

255 2102 283 2127 et
297 2109 330 2127 ex
347 2100 456 2135 quibus
472 2103 607 2128 naturam
624 2102 790 2136 assumpsit,
813 2103 840 2128 et
860 2110 877 2128 a
897 2105 1038 2137 potestate

255 2146 369 2174 diaboli
392 2150 512 2174 venerat
534 2148 654 2183 cripere.
672 2147 847 2175 Gravissima
862 2156 934 2183 ergo
951 2157 1039 2184 pcrua

254 2192 318 2226 fuit,
344 2201 434 2228 quam
464 2197 543 2221 tauta
565 2194 693 2221 amicitia
718 2194 824 2228 arguit.
850 2195 931 2222 Unde
958 2198 983 2222 et
1010 2196 1038 2222 in

255 2240 376 2267 Psalmis
398 2240 504 2267 dieitur
520 2242 529 2257 ³
554 2249 560 2267 :
587 2251 599 2265 α
623 2240 648 2267 Si
673 2241 809 2268 inimicus
833 2250 916 2269 meus
945 2242 1038 2269 male-

254 2285 377 2313 dixisset
410 2287 500 2320 mihi,
532 2287 734 2315 sustinuissem
768 2288 885 2323 utique3
912 2291 939 2316 et
963 2290 986 2316 si
1015 2290 1039 2316 is

255 2333 305 2368 qui
320 2333 423 2361 oderat
439 2341 496 2366 me,
513 2342 602 2369 super
615 2342 661 2361 me
676 2343 785 2369 inagna
799 2335 914 2362 locutus
926 2336 1036 2370 suisset,

254 2379 477 2407 abscondissem
492 2388 538 2407 me
554 2380 673 2408 forsitan
691 2381 729 2407 ab
745 2389 790 2409 eo.
805 2383 844 2408 'l'u
859 2390 929 2409 vcro
945 2383 1037 2410 homo

255 2427 414 2460 unanimis,
432 2427 493 2454 dux
520 2435 614 2461 meuS,
638 2429 666 2454 et
689 2431 775 2455 notus
797 2436 890 2455 meus.
913 2440 925 2453 i)
946 2429 1036 2457 x'aldc

254 2473 333 2499 enim
350 2473 484 2501 dolorem
499 2475 651 2508 aggravat,
671 2474 743 2500 dum
759 2474 807 2501 ille
823 2475 901 2502 mala
914 2475 1035 2510 irrogat,

254 2519 306 2554 qui
331 2520 477 2547 consolari
497 2520 637 2548 debebat.
658 2520 807 2548 Conclude
828 2528 899 2556 ergo
916 2530 951 2549 ex
964 2530 1038 2557 prae-

287 2594 291 2606 ¹
314 2592 372 2619 Isti..
395 2595 494 2623 1.u;,t.
518 2608 541 2610 v
565 2594 573 2609 ὲ
588 2594 651 2617 ibid.
671 2608 699 2611 -
719 2594 729 2610 ³
749 2594 817 2618 l'snl.
838 2601 887 2624 riv,
911 2597 987 2619 1544.
1008 2610 1036 2614 —

255 2627 264 2643 ⁸
278 2629 353 2659 Greg.
367 2647 373 2658 ,
391 2628 417 2652 in
441 2631 515 2652 cautu
535 2629 647 2652 Exultat.
664 2643 692 2647 -
717 2630 727 2646 ¹⁵
747 2630 806 2657 1511„
831 2636 927 2655 xxx-11.
951 2632 987 2655 Π.
1006 2645 1035 2649 -

255 2663 263 2676 ‘¹
279 2664 362 2692 Prae„
379 2670 418 2694 Vt,
434 2666 471 2688 ῘΗ,
488 2678 518 2682 -
534 2665 543 2681 '¹
564 2666 648 2695 Bt‘t'li.5
666 2665 699 2688 ml
714 2665 820 2696 Roborh,
838 2666 910 2696 episi.
929 2672 949 2695 1,
968 2674 993 2690 tl.
1011 2668 1033 2691 ἶ.

1101 316 1207 352 missis,
1223 318 1335 354 quanta
1349 315 1476 345 charitas
1484 315 1549 350 fuit,
1561 323 1628 353 quse
1642 323 1713 345 eum
1725 315 1884 345 ‹tolofflms

1101 363 1188 392 tantis
1203 363 1368 400 supposuit.
1383 363 1466 392 Unde
1481 363 1591 392 elamat
1608 362 1766 400 Gregorius
1779 363 1812 392 ⁸:
1829 371 1844 391 ι
1859 365 1882 393 0

1101 410 1317 439 inaestimabilis
1331 410 1450 439 dilectio
1466 410 1634 439 charitatis!
1652 412 1684 438 ut
1698 418 1818 439 servum
1836 418 1884 439 re-

1101 457 1240 492 dimeres,
1258 457 1352 486 silium
1368 459 1452 486 tuum
1463 457 1627 485 tradidisti!
1645 467 1660 484 υ

1136 505 1256 539 Quarto,
1269 504 1368 532 videre
1379 504 1524 533 debemus
1537 504 1682 533 Christum
1698 504 1728 532 in
1741 512 1883 542 supremo

1100 551 1176 580 solio
1184 551 1350 580 sublimiter
1362 551 1585 586 consedentem,
1595 551 1626 579 in
1635 551 1753 587 signum
1763 548 1889 589 amplis

1100 598 1182 626 sitnm
1204 598 1365 635 potestatis.
1389 597 1472 626 Unde
1500 597 1608 626 dicitur
1625 598 1637 615 ⁸
1658 606 1665 626 ε
1690 608 1704 624 ι
1723 599 1834 634 Regem
1854 598 1884 626 in

1100 644 1209 673 decore
1233 653 1288 673 suo
1309 644 1464 673 videbunt.
1488 655 1503 672 n
1534 643 1611 678 Quid
1634 644 1715 672 enim
1736 645 1780 673 est
1802 644 1884 673 Chri-

1100 695 1177 719 stum
1199 691 1230 720 in
1253 699 1309 720 suo
1335 692 1443 720 decore
1463 691 1576 725 videre,
1592 691 1648 719 nisi
1663 699 1731 719 eum
1746 690 1778 719 in
1793 691 1885 727 maje-

1099 739 1181 767 statis
1195 747 1254 767 suae
1269 739 1376 775 gloria,
1396 747 1455 776 qua
1469 739 1656 775 judicaturus
1671 741 1723 774 est,
1740 739 1884 768 cernere?

1099 787 1184 821 Nam,
1204 786 1255 823 qui
1278 786 1396 822 tugiunt
1415 786 1508 815 modo
1531 786 1636 814 Christi
1664 788 1883 823 paupertatem,

1100 834 1150 870 qui
1167 836 1361 862 contemnunt
1374 833 1466 869 ipsius
1480 833 1688 868 humilitatem,
1704 833 1754 870 qui
1770 834 1882 861 tantam

1099 888 1160 908 non
1175 880 1303 915 diligunt
1318 880 1381 914 ejus
1397 879 1579 915 charitatem,
1595 887 1714 908 necesse
1730 882 1773 908 est
1787 881 1818 907 ut
1832 887 1881 908 ca—

1100 927 1174 956 dant
1187 927 1243 955 sub
1257 927 1320 963 ejus
1333 926 1496 962 justissima
1516 929 1670 963 potestate,
1685 935 1777 963 quam
1793 934 1883 955 nemo

1099 974 1217 1002 divertit
1233 974 1340 1010 pretio,
1355 974 1400 1002 vel
1415 981 1513 1010 prece.
1534 973 1616 1002 Unde
1632 973 1739 1001 dieitur
1751 974 1762 990 ⁶
1781 983 1788 1001 :
1804 983 1816 998 n
1831 975 1882 1002 Ze-

1098 1021 1154 1056 lus,
1178 1023 1206 1049 et
1228 1021 1311 1049 t'uror
1332 1021 1386 1049 viri
1406 1029 1466 1049 non
1488 1022 1591 1057 parcet
1612 1020 1640 1048 in
1662 1020 1710 1048 die
1732 1019 1881 1055 vindictae,

1098 1075 1153 1096 nec
1174 1068 1339 1104 acquiescet
1362 1068 1540 1104 quusquam
1562 1067 1713 1104 precibus,
1735 1075 1790 1095 nec
1808 1067 1882 1094 reci—

1097 1115 1158 1150 piet
1171 1123 1227 1151 pro
1246 1114 1452 1151 redemptione
1472 1114 1553 1142 dona
1575 1113 1715 1150 plurima.
1732 1123 1746 1139 ι)
1763 1115 1883 1141 Bernar-

1098 1162 1154 1190 dus
1165 1163 1175 1179 '¹
1193 1171 1200 1190 :
1219 1173 1232 1187 «
1247 1162 1348 1190 Veniet
1373 1161 1437 1190 dies
1457 1161 1519 1196 illa,
1536 1161 1567 1188 in
1581 1169 1642 1197 qua
1657 1160 1725 1196 plus
1739 1159 1883 1188 valebunt

1097 1216 1172 1244 pura
1184 1208 1285 1243 corda,
1302 1217 1393 1245 quam
1408 1207 1560 1244 marsupia
1574 1207 1665 1244 plena
1681 1216 1688 1235 :
1705 1206 1776 1244 quia
1788 1207 1881 1243 judex

1098 1258 1196 1283 noster
1217 1263 1276 1283 non
1297 1255 1414 1283 falletur
1428 1255 1538 1289 verbis,
1554 1262 1609 1282 nec
1624 1253 1692 1281 ullis
1706 1253 1813 1290 poterit
1827 1253 1880 1281 sse-

1097 1303 1132 1330 cti
1157 1303 1253 1330 donis.
1280 1314 1291 1327 r»
1316 1303 1391 1331 Nihil
1417 1303 1505 1331 etiam
1527 1302 1638 1330 valebit
1666 1310 1720 1330 sua
1749 1302 1882 1338 potentia

1096 1350 1234 1378 Thesauri
1245 1350 1293 1387 (u),
1312 1349 1358 1378 vel
1374 1358 1480 1378 aurum
1494 1349 1611 1382 Neroni,
1623 1348 1670 1377 vel
1683 1357 1737 1376 sua
1751 1348 1882 1385 philoso-

1097 1397 1167 1433 phia
1183 1397 1306 1432 Platoni,
1323 1397 1370 1425 vel
1389 1405 1443 1425 sua
1459 1399 1636 1432 argumenta
1657 1395 1813 1427 Aristoteli,
1838 1396 1882 1423 ni-

1096 1444 1134 1472 hil
1151 1444 1296 1472 rhetorica
1312 1444 1444 1472 Ciceroni
1462 1453 1468 1472 ε
1485 1444 1566 1480 quia,
1583 1447 1614 1472 ut
1629 1443 1699 1471 dicit
1721 1444 1795 1478 Leo,
1812 1445 1881 1471 tunc

1096 1499 1156 1518 non
1173 1490 1314 1519 valebunt
1328 1499 1452 1518 munera
1465 1498 1581 1526 regum,
1597 1498 1658 1518 non
1673 1489 1817 1518 valebunt
1829 1489 1882 1518 ad-

1096 1538 1267 1566 vocationes
1283 1538 1431 1573 judicum,
1457 1547 1519 1566 non
1538 1538 1680 1566 valebunt
1698 1537 1881 1575 sophismata

1096 1585 1273 1620 logicorum,
1296 1593 1349 1613 nec
1371 1585 1511 1621 prodesse
1531 1587 1671 1621 poterunt
1692 1584 1881 1620 praeclarissi-

1096 1640 1145 1660 ma
1169 1632 1289 1668 eloquia
1318 1634 1481 1666 oratorum,
1512 1640 1566 1659 nec
1595 1632 1715 1667 insuper
1743 1632 1879 1659 versutioe

1095 1681 1292 1706 versutorum.
1315 1679 1401 1713 Quia,
1424 1679 1496 1706 sicut
1516 1678 1586 1706 dicit
1608 1678 1877 1714 Chrysostomus⁸z

1098 1737 1110 1750 «ι
1131 1726 1226 1753 ,ludex
1248 1728 1347 1754 noster
1367 1733 1426 1754 non
1446 1725 1577 1753 flectetur
1595 1725 1711 1759 timore,
1728 1725 1799 1761 quia
1813 1733 1879 1752 om-

1096 1776 1202 1809 potens
1217 1776 1259 1801 est
1275 1782 1281 1800 :
1300 1781 1359 1800 non
1376 1773 1495 1800 falletur
1508 1780 1656 1805 sermone,
1673 1772 1744 1808 quia
1762 1771 1878 1808 sapien-

1095 1822 1223 1849 tissimus
1244 1823 1287 1849 est
1312 1831 1318 1849 ε
1348 1829 1400 1848 nec
1429 1821 1580 1856 eorrumpi
1609 1820 1716 1856 poterit
1743 1827 1877 1854 munere,

1095 1868 1166 1903 quia
1182 1868 1360 1902 jiistissimus
1382 1871 1433 1895 est.
1450 1878 1462 1892 u
1478 1869 1508 1895 Et
1524 1870 1646 1903 propter
1667 1866 1729 1894 haec
1753 1867 1880 1894 loannes

1095 1914 1194 1942 Abbas
1217 1914 1288 1942 dicit
1300 1916 1311 1931 ⁹
1329 1924 1335 1942 :
1352 1925 1365 1940 (ι
1382 1914 1488 1948 Quanti
1510 1914 1539 1941 in
1562 1913 1611 1941 illa
1628 1913 1675 1940 die
1691 1913 1834 1948 elingues,
1851 1915 1879 1941 et

1095 1962 1167 1988 muti
1184 1961 1328 1989 feliciores
1347 1961 1525 1996 loquacibus
1540 1962 1639 1988 eruut!
1664 1960 1765 1996 quanti
1782 1962 1879 1996 pasto-

1094 2016 1140 2035 res
1164 2008 1439 2044 prophetizantibus
1463 2010 1621 2043 praeerunt,
1649 2006 1751 2042 quanti
1780 2006 1878 2034 rustici

1095 2055 1269 2091 prwt'erendi
1290 2057 1357 2082 sunt
1381 2054 1559 2088 rhetoribus,
1579 2056 1608 2081 et
1632 2053 1735 2089 quanti
1759 2053 1879 2081 hebetes

1095 2101 1276 2135 arguiiieniis
1299 2101 1474 2138 praeferendi
1492 2104 1559 2128 sunt
1584 2100 1735 2128 Ciceroni!
1757 2110 1769 2125 n
1790 2101 1876 2135 Ergo,

1094 2148 1196 2175 fratres
1216 2148 1396 2182 charissimi,
1417 2148 1439 2175 si
1458 2147 1597 2175 volumus
1616 2147 1678 2174 hmc
1698 2145 1778 2174 mala
1799 2148 1879 2174 tanta

1094 2196 1197 2230 vitare,
1213 2199 1240 2224 et
1255 2195 1359 2223 Christi
1376 2195 1506 2230 effugere
1521 2196 1707 2230 potestatem,
1723 2193 1878 2221 videamus

1094 2245 1121 2270 et
1138 2243 1287 2270 imitemur
1302 2242 1384 2269 illam
1399 2243 1614 2278 paupertatem,
1638 2248 1728 2276 quam
1749 2239 1878 2268 ostendit

1094 2290 1122 2317 in
1138 2289 1256 2317 stabulo
1270 2298 1276 2323 ;
1294 2289 1449 2316 videamus
1464 2290 1492 2316 et
1507 2288 1656 2315 imitemur
1677 2287 1759 2314 illam
1781 2286 1878 2314 humi-

1093 2336 1215 2370 litatem,
1231 2344 1323 2372 quam
1340 2335 1465 2363 ostendit
1479 2335 1509 2362 in
1525 2335 1697 2368 coenacuto;
1722 2333 1876 2361 videamus

1093 2383 1288 2410 nihilominus
1304 2382 1384 2410 illam
1402 2382 1573 2409 charitatem
1589 2381 1704 2414 Christi,
1730 2387 1822 2416 quain
1844 2379 1874 2406 in

1093 2429 1174 2463 ligno
1190 2437 1219 2457 se
1233 2429 1342 2456 habere
1353 2429 1501 2464 probavit,
1514 2429 1578 2464 ipso
1592 2428 1732 2461 donante,
1744 2426 1874 2463 quicum

1094 2478 1186 2510 Patre,
1203 2478 1230 2503 ct
1243 2476 1351 2512 Spiritu
1363 2478 1463 2503 saneto
1479 2476 1561 2508 vivit,
1577 2477 1630 2502 etc.

1095 2566 1119 2569 n
1144 2553 1153 2569 ³
1171 2553 1315 2583 chrysost„
1331 2552 1400 2576 hom.
1422 2558 1445 2581 κ’,
1461 2552 1490 2575 ile
1507 2552 1608 2581 Poenit„
1626 2550 1673 2574 sub
1696 2550 1786 2579 tinem,
1802 2549 1872 2573 aiunt

1093 2588 1208 2612 Editorcs
1228 2589 1344 2612 Romani.
1362 2601 1391 2605 —
1411 2589 1419 2602 ³
1434 2588 1546 2612 „loannes
1569 2586 1668 2616 Abbas,
1691 2592 1751 2609 num
1776 2586 1872 2609 Cassia—

1092 2625 1160 2647 nus?

1124 2670 1155 2698 (rt)
1174 2669 1248 2692 Ftn‘le
1264 2668 1311 2698 lt'y.
1332 2668 1434 2692 iivrotli.

2039 0 2060 106 ..fi—‚⁴
