2029 3052
249 225 308 255 330

246 289 349 330 gister
362 287 500 319 eximius
514 296 570 319 ore
590 296 650 319 suo
665 287 831 319 benedicto
844 287 1023 328 conjunxit.

248 343 469 383 Interrogatus
483 341 576 373 Senis
589 351 609 372 a
627 341 768 382 quodam
787 341 939 382 religioso
953 342 1024 374 viro

248 396 433 437 Theologiae
470 404 569 426 sacrae
598 395 731 427 Doctore
764 395 804 427 de
832 395 1026 436 quibusdam

249 450 480 492 quaestionibus
507 449 689 481 difficilibus
719 448 902 488 intellectu,
937 450 1025 480 tanta

250 499 391 536 claritate
405 503 568 542 doctrinae,
587 503 704 535 divinae
724 503 890 544 sapientiae
904 503 1024 543 patefa-

250 559 351 590 ciebat
376 566 503 595 arcana,
524 559 561 588 ut
584 557 791 589 vehementer
813 559 955 597 stuperet
975 557 1026 588 vir

251 613 304 644 ille
318 611 452 652 peritus,
477 613 509 642 et
529 620 604 642 cum
629 610 840 642 admiratione
863 610 993 641 referret
1016 620 1024 641 2

250 667 332 699 Vere
345 666 531 706 Theologia‚
548 665 647 697 sancti
662 665 764 697 Patris
781 664 875 695 istius
889 663 1026 704 puritate

251 730 288 752 ac
307 719 583 761 contemplatione,
607 721 763 759 tanquam
784 717 842 749 alis
864 717 900 748 in
924 716 1025 748 altum

250 775 419 813 subvecta,
445 776 492 805 est
522 773 628 814 aquila
655 772 790 810 volans3
817 772 927 802 nostra
949 779 1026 802 vero

249 828 380 860 scientia
393 829 504 859 ventre
519 826 666 867 graditur
680 834 778 866 super
793 827 924 856 terram.
941 824 1027 856 Licet

249 882 335 914 enim
363 883 445 912 esset
467 881 635 921 imperitus
655 889 813 918 sermone,
834 879 965 910 seientia
981 881 1026 910 ta-

248 945 324 967 men
340 935 454 976 plenus
468 935 625 966 enodabat
639 934 739 966 dubia
753 934 978 974 quaestionum,
995 935 1026 964 et

248 990 431 1022 abscondita
446 989 641 1030 producebat
654 989 689 1020 in
706 989 822 1020 lucem.
847 988 910 1020 Nec
932 987 1024 1018 abso-

248 1053 340 1083 num,
357 1044 382 1074 si
395 1044 445 1075 vir
460 1045 588 1074 sanetus
604 1042 845 1083 Scripturarum
859 1051 879 1072 a
901 1041 964 1072 Deo
979 1041 1026 1072 in-

248 1098 408 1130 tellectum
432 1099 611 1138 acceperat,
637 1106 711 1128 cum
732 1105 788 1136 per
815 1095 1025 1126 imitationem

249 1151 363 1183 Christi
383 1151 556 1191 perfectam
586 1151 753 1182 veritatem
787 1149 930 1189 ipsarum
952 1148 1023 1179 des-

248 1205 381 1246 criptam
398 1206 535 1244 gestaret
552 1205 583 1235 in
600 1214 708 1245 opere,
724 1206 756 1235 et
770 1212 826 1244 per
840 1202 939 1233 sancti
955 1202 1026 1242 Spi-

248 1259 328 1290 ritus
340 1258 521 1290 unetionem
537 1258 725 1298 plenariam,
742 1257 900 1288 doctorem
913 1265 1026 1286 earum

248 1313 332 1354 apud
349 1322 381 1344 se
396 1313 527 1344 haberet
540 1313 573 1343 in
588 1312 691 1343 corde.
704 1311 790 1342 Adeo
805 1311 901 1341 etiam
914 1311 945 1340 in
959 1310 1026 1350 ipso

248 1367 361 1398 claruit
375 1366 506 1407 spiritus
521 1365 708 1406 prophetiae,
726 1367 762 1395 ut
777 1364 958 1404 provideret
974 1364 1025 1394 su-

249 1423 333 1460 tura,
349 1423 380 1452 et
394 1420 539 1452 cordium
554 1421 762 1451 contueretur
771 1418 905 1456 occulta,
917 1418 1028 1448 absen-

249 1476 294 1506 tia
308 1484 437 1516 quoque
460 1474 548 1506 velut
569 1473 739 1514 praesentia
758 1474 916 1510 cerneret,
942 1474 971 1502 et
994 1480 1027 1502 se

249 1530 439 1569 praesentem
465 1527 651 1558 absentibus
675 1526 862 1557 mirabiliter
892 1525 1027 1556 exhibe-

250 1584 308 1613 ret.
325 1581 481 1622 Tempore
502 1590 642 1621 namque
657 1590 722 1621 quo
744 1580 920 1611 Damiatam
938 1579 1027 1610 Chri-

249 1636 426 1667 stianorum
452 1634 615 1666 obsidebat
643 1634 822 1672 exercitus,
848 1634 955 1665 aderat
979 1633 1028 1664 vir

251 1689 303 1720 Dei
315 1698 379 1720 non
389 1688 497 1727 armis,
510 1688 563 1719 sed
580 1688 641 1719 tide
652 1688 807 1718 munitus.
825 1687 902 1718 Cum
916 1687 1028 1726 igitur,

250 1745 300 1776 die
315 1744 399 1782 belli,
418 1743 586 1775 Christiani
603 1745 793 1783 pararentur
807 1742 846 1773 ad
862 1751 1024 1782 pugnam,

250 1798 310 1829 hoc
325 1797 444 1835 andito,
464 1797 579 1827 Christi
595 1805 707 1828 servus
722 1796 928 1827 vehementer
939 1795 1029 1835 inge-

251 1852 345 1890 muit,
362 1851 507 1890 dixitque
523 1850 607 1880 socio
624 1859 681 1881 suo
699 1861 705 1880 :
731 1850 763 1881 Si
782 1849 856 1880 belli
872 1850 966 1880 fuerit
981 1852 1028 1880 at-

252 1907 389 1936 tentatus
409 1905 593 1944 ingressus,
618 1905 754 1935 ostendit
776 1905 854 1935 mihi
876 1905 1029 1935 Dominus

252 1968 315 1989 non
332 1967 482 1998 prospere
505 1958 615 1989 cedere
637 1958 822 1989 Christianis
840 1969 845 1988 :
870 1967 983 1989 verum
1004 1958 1030 1988 si

252 2012 312 2043 hoc
334 2012 465 2049 dixero,
489 2012 596 2042 fatuus
618 2013 803 2052 reputabor·‚
831 2013 856 2042 si
883 2015 1028 2051 taem—ro,

252 2065 478 2096 conscientiam
501 2074 563 2096 non
586 2066 730 2097 evadam.
756 2066 836 2103 Quid
857 2067 956 2105 igitur
974 2066 1031 2097 tibi

254 2119 403 2149 videtur?
420 2118 591 2159 Respondit
607 2119 710 2150 socius
726 2121 795 2159 ejus
808 2120 914 2150 dicens
930 2131 936 2150 z
954 2119 975 2150 F
978 2129 1030 2150 ra-

254 2176 311 2212 ter,
331 2183 389 2214 pro
403 2174 538 2204 minimo
552 2174 606 2204 tibi
623 2174 661 2204 sit
676 2177 711 2205 ut
726 2175 765 2205 ab
780 2174 967 2205 hominibus
979 2175 1030 2213 Ju-

254 2228 378 2266 diceris,
395 2227 473 2267 quia
493 2236 556 2257 non
572 2227 667 2258 modo
683 2227 796 2267 incipis
811 2228 918 2259 fatuus
932 2237 1031 2268 repu-

255 2282 326 2312 tari.
343 2281 489 2312 Exonera
509 2281 732 2312 conscientiam
752 2284 856 2319 tuam,
878 2284 908 2312 et
932 2282 1032 2313 Deum

256 2335 360 2374 magis
384 2335 478 2372 time,
508 2344 604 2374 quam
629 2335 785 2366 homines.
814 2336 882 2373 Quo
907 2336 1030 2373 audito,

255 2389 388 2420 exiliens
410 2388 523 2419 Christi
552 2397 656 2428 prawo
683 2389 876 2420 salutaribus
904 2390 1033 2420 monitis

256 2442 452 2474 Christianos
479 2442 670 2481 aggredilur
682 2466 689 2479 ‚
722 2443 868 2482 prohibet
896 2443 1031 2481 bellum,

257 2496 425 2527 denuntiat
437 2504 559 2526 casum.
576 2495 624 2525 Fit
639 2495 756 2526 veritas
767 2496 799 2526 in
815 2496 954 2527 fabulam
969 2508 974 2527 :
991 2497 1034 2527 in-

257 2550 454 2581 duraverunt
470 2559 524 2580 cor
539 2558 647 2587 suum,
664 2552 691 2579 et
709 2550 883 2581 noluerunt
904 2551 1034 2581 reverti.

259 2603 341 2640 ltur,
365 2604 592 2641 committitur,
617 2606 647 2634 et
675 2604 828 2642 bellatur,
850 2607 977 2644 totaque
1004 2605 1035 2635 in

259 2657 370 2695 fugam
381 2658 518 2689 vertitur
530 2658 643 2688 militia
655 2658 838 2696 christiana,
852 2660 948 2689 tinen]
963 2659 1036 2689 belli

261 2711 469 2750 opprobrium
480 2720 643 2750 regei-ens,
655 2720 718 2742 non
732 2712 942 2751 triumphum.
956 2712 1033 2742 Tan-

811 219 995 252 LEGENDA
1016 219 1048 252 S.
1071 220 1290 254 FRANCISCI.

1078 290 1111 320 ta
1125 297 1203 321 vero
1217 290 1326 329 strage
1336 288 1590 321 Christianorum
1603 289 1798 324 imminutus
1809 295 1858 324 est

1082 351 1260 382 numerus,
1281 344 1320 374 ut
1339 342 1422 374 circa
1444 351 1501 374 sex
1520 343 1620 375 millia
1637 344 1756 377 fuerint
1774 346 1858 379 inter

1083 399 1227 429 mortuos
1240 398 1272 428 et
1283 397 1436 437 captivos.
1453 396 1490 428 In
1504 406 1570 438 quo
1584 397 1748 430 evidenter
1760 399 1855 432 inno-

1081 451 1142 482 tuit
1156 451 1242 492 quod
1255 450 1435 491 spernenda
1449 459 1515 482 non
1529 452 1599 482 erat
1615 451 1771 492 sapientia
1781 462 1859 494 pau-

1081 505 1166 545 peris
1181 516 1189 536 :
1205 514 1280 536 cum
1294 505 1406 537 anima
1419 505 1488 537 viri
1496 505 1583 545 justi
1600 507 1772 540 annuntiet
1794 506 1857 540 ali-

1081 558 1208 599 quando
1216 559 1320 599 mayis
1325 566 1411 596 vera,
1418 567 1516 599 quam
1523 562 1640 600 septem
1654 561 1858 601 circumspec-

1081 615 1164 645 tores
1178 612 1320 644 sedentes
1338 613 1375 644 in
1389 612 1511 645 excelso
1529 613 1574 645 ad
1585 613 1818 654 speculandum
1833 615 1856 646 ¹.

1121 666 1192 698 Alio
1204 675 1332 707 quoque
1347 668 1490 707 tempore
1512 676 1587 698 cum
1610 669 1682 708 post
1701 668 1858 700 reversio-

1081 729 1156 752 nem
1171 720 1268 760 ipsius
1287 720 1326 751 de
1342 720 1426 751 ultra
1445 729 1546 759 mare,
1569 720 1722 752 Celanum
1741 721 1860 762 praedi-

1080 777 1213 806 eaturus
1237 774 1415 813 accederet,
1442 775 1534 806 miles
1566 775 1698 816 quidam
1723 776 1859 816 supplici

1080 838 1156 861 eum
1172 828 1340 860 devotione
1354 837 1428 860 cum
1444 828 1595 860 instantia
1609 838 1729 869 magna
1747 829 1861 862 invita-

1080 883 1128 916 vit
1142 883 1180 914 ad
1191 883 1373 923 prandium.
1390 883 1483 914 Venit
1501 883 1609 924 itaque
1620 883 1660 914 ad
1677 883 1788 914 militis
1801 883 1858 915 do-

1081 946 1184 975 mum,
1196 937 1364 977 omnisque
1378 937 1498 968 familia
1506 946 1685 977 pauperum
1696 937 1860 978 hospitum

1081 990 1238 1022 exultavit
1262 990 1295 1020 in
1316 990 1477 1030 ingressu.
1498 991 1580 1021 Ante
1603 999 1680 1022 vero
1701 1000 1801 1031 quam
1820 991 1861 1022 ci-

1081 1045 1161 1076 bum
1185 1047 1348 1076 sumerent
1366 1045 1462 1084 juxta
1484 1044 1614 1076 solitum
1639 1053 1782 1084 morem,
1810 1045 1862 1077 vir

1081 1099 1189 1129 mente
1203 1098 1350 1137 devotus,
1366 1098 1504 1129 offerens
1526 1097 1589 1129 Deo
1611 1107 1721 1138 preces
1739 1100 1771 1129 et
1790 1098 1860 1130 lau-

1081 1153 1155 1192 des,
1179 1153 1278 1185 oculis
1299 1153 1402 1184 stabat
1425 1152 1556 1184 elevatis
1576 1152 1610 1184 in
1631 1152 1760 1184 coelum.
1782 1153 1861 1185 Ora-

1081 1208 1167 1239 tione
1181 1208 1349 1248 completa,
1371 1207 1550 1248 benignum
1573 1207 1742 1248 hospitem,
1768 1207 1860 1238 fami-

1082 1262 1202 1293 liariter
1216 1261 1405 1292 advocatum
1422 1262 1454 1292 in
1478 1263 1614 1301 partem,
1637 1261 1681 1292 sic
1705 1261 1862 1293 allocutus

1081 1318 1128 1347 est
1139 1325 1146 1346 :
1159 1314 1248 1353 Eece,
1266 1315 1361 1345 frater
1371 1315 1496 1355 hospes,
1512 1315 1576 1345 tuis
1587 1314 1688 1346 victus
1699 1315 1859 1355 precibus,

1082 1372 1117 1401 ut
1132 1369 1370 1407 manducarem,
1386 1368 1519 1400 domum
1536 1371 1626 1399 tuam
1640 1368 1769 1400 intravi.
1785 1368 1861 1400 Meis

1082 1433 1168 1455 nunc
1183 1423 1244 1454 cito
1267 1422 1397 1454 monitis
1420 1422 1584 1462 acquiesce
1596 1446 1603 1459 ,
1625 1422 1780 1462 quoniam
1796 1430 1861 1453 non

1082 1477 1148 1515 hic,
1176 1477 1229 1508 sed
1256 1476 1330 1508 alibi
1354 1476 1572 1507 manducabis.
1595 1475 1752 1507 Confitere
1775 1484 1862 1506 nune

1083 1532 1209 1571 peccata
1225 1532 1290 1568 tua,
1307 1538 1393 1561 verae
1406 1529 1601 1569 poenitentiae
1620 1528 1728 1560 dolore
1743 1528 1860 1560 contri-

1083 1587 1146 1622 tus,
1160 1583 1263 1614 necin
1286 1585 1315 1614 te
1334 1584 1496 1614 remaneat
1512 1582 1688 1622 quidquam
1704 1582 1790 1622 quod
1804 1591 1861 1613 ve-

1083 1638 1181 1669 ridica
1200 1636 1395 1667 consessione
1420 1645 1483 1666 non
1506 1636 1637 1675 pandas.
1665 1635 1784 1666 Reddet
1808 1635 1864 1666 tibi

1084 1691 1237 1722 Dominus
1252 1690 1345 1721 hodie
1359 1689 1473 1726 viceni,
1495 1689 1648 1729 quoniam
1663 1690 1750 1720 tanta
1764 1688 1864 1720 devo-

1084 1745 1169 1775 tione
1196 1752 1270 1774 suos
1299 1750 1453 1782 pauperes
1483 1741 1658 1782 suscepisti.
1694 1742 1864 1782 Acquievit

1084 1797 1235 1828 continuo
1249 1796 1298 1827 vir
1324 1795 1375 1826 ille
1398 1795 1599 1826 sermonibus
1622 1796 1739 1834 saneti;
1759 1796 1863 1827 socio-

1084 1860 1147 1891 que
1170 1850 1271 1890 ipsius
1293 1849 1445 1880 universa
1464 1851 1590 1889 peecata
1613 1849 1645 1879 in
1665 1849 1863 1881 confessione

1084 1905 1257 1944 detegens,
1290 1903 1446 1944 disposuit
1471 1903 1603 1934 domum
1632 1912 1743 1942 suam,
1769 1906 1800 1935 et
1824 1904 1864 1935 ad

1086 1961 1222 1990 mortem
1244 1957 1477 1998 suscipiendam
1501 1967 1545 1996 se,
1570 1960 1726 1997 quantum
1752 1957 1862 1995 valuit,

1087 2011 1290 2053 praeparavit.
1305 2011 1509 2042 Intraverunt
1524 2011 1650 2041 tandem
1665 2019 1820 2048 mensam,
1833 2013 1864 2042 et

1088 2065 1312 2105 incipientibus
1326 2065 1396 2095 aliis
1412 2065 1612 2102 niendueare,
1631 2064 1745 2104 hospes
1759 2064 1864 2095 subito

1087 2120 1234 2160 spiritum
1257 2118 1432 2155 exhalavit,
1452 2119 1547 2157 juxta
1568 2118 1704 2149 verbum
1726 2117 1865 2148 hominis

1088 2174 1140 2204 Dei
1157 2172 1322 2213 repentina
1334 2174 1436 2202 morte
1447 2171 1602 2203 sublatus.
1619 2171 1735 2211 Sicque
1746 2172 1863 2202 sactum

1086 2230 1151 2265 est,
1179 2226 1399 2266 hospitalitatis
1431 2226 1534 2265 gratia
1563 2228 1780 2266 promerente,
1808 2227 1862 2263 ut,

1084 2283 1178 2321 Juxta
1198 2280 1334 2311 verbum
1361 2279 1503 2310 veritatis
1525 2280 1546 2318 ²,
1572 2279 1760 2320 prophetam
1781 2278 1864 2309 reci-

1088 2336 1177 2375 piens
1204 2333 1382 2364 mercedem
1408 2333 1572 2373 prophetae
1593 2333 1764 2372 acciperet,
1786 2331 1863 2362 dum

1088 2397 1144 2429 per
1155 2387 1255 2418 sancti
1264 2387 1326 2417 viri
1344 2386 1635 2426 pronuntiationem
1647 2384 1863 2425 propheticam

1089 2442 1180 2473 miles
1195 2441 1248 2471 ille
1261 2441 1395 2471 devotus
1410 2440 1470 2470 sibi
1490 2442 1599 2470 contra
1619 2438 1728 2469 mortis
1743 2437 1862 2468 subita-

1091 2497 1210 2527 tionem
1237 2494 1394 2534 providit,
1424 2495 1598 2533 quatenus,
1632 2490 1729 2521 armis
1762 2490 1863 2530 preni-

1090 2549 1197 2580 tentiae
1222 2547 1454 2587 praemnnitus,
1481 2547 1664 2586 perpetuam
1687 2544 1864 2574 damnatio-

1091 2612 1165 2634 nem
1198 2601 1362 2638 evaderet,
1389 2602 1420 2630 et
1453 2600 1484 2630 in
1513 2601 1631 2630 aeterna
1664 2597 1866 2629 tabernacula

1092 2656 1246 2687 introiret.

1124 2720 1128 2734 ¹
1148 2717 1236 2745 ficosi„
1252 2721 1355 2745 xxxvii,
1372 2716 1409 2739 18.
1425 2728 1450 2731 -
1468 2715 1477 2730 ²
1492 2714 1592 2743 Mami„
1608 2719 1634 2745 x,
1649 2715 1686 2738 41.

2015 583 2029 1754 ·,-ffls-mA—-——-——————-—h-m.——u——-—*——
2022 278 2029 571 ψ--ῌΑΑ
2024 231 2029 261 Α-
2025 178 2029 201 ,-
