2029 3052
263 266 324 297 570

261 331 374 364 nachis
383 340 494 363 carnes
508 329 766 372 quadrupedum,
778 330 895 370 praeter
904 328 976 360 illos
984 328 1040 369 qui

262 388 338 418 sunt
361 386 493 417 omnino
519 384 638 417 debiles
665 386 722 416 aut
750 383 878 423 aegroti.
907 382 1039 420 Idcirco,

261 438 462 479 temporibus
480 436 686 478 poenitentiae,
704 436 844 468 Ecclesia
857 445 877 466 a
890 435 1041 466 carnibus

263 492 342 524 solet
362 492 533 524 abstinere.
564 491 624 529 Qui
645 499 726 530 ergo
749 492 825 522 sunt
844 490 1041 531 poenitentiae

262 547 426 587 perpetuas
448 546 660 586 professores,
676 544 717 576 ab
738 544 783 576 eis
804 544 887 576 tritis
907 545 938 576 et
957 545 1040 576 inte-

263 600 332 640 gris
360 600 400 641 (a)
426 600 514 632 omni
542 601 686 640 tempore
712 598 829 630 debent
863 598 1041 637 abstinere,

263 655 422 695 quantum
435 654 555 695 patitur
566 653 721 694 fragilitas
736 653 890 685 humana.
908 652 973 684 Nec
982 652 1043 684 hoc

263 708 400 747 sufficit,
417 707 479 738 nisi
497 709 529 739 et
552 717 571 739 a
596 707 794 747 sumptuosis
820 706 981 747 piscibus,
1013 708 1044 738 et

264 761 407 793 maxime
429 761 566 800 belluis,
584 761 731 792 studeant
754 760 924 791 abstinere.
953 760 1043 792 Unde

264 815 454 856 Gregorius¹
470 827 477 847 ς
499 826 514 845 α
528 814 589 854 Qui
601 824 620 846 a
631 814 780 846 carnibus
794 814 955 845 abstinent
966 839 974 853 ,
989 823 1044 846 ne—

263 879 427 911 quaquam
442 868 680 909 sumptuosiora
698 867 898 898 marinarum
918 867 1044 899 bellua-

263 932 337 955 rum
352 923 502 955 convivia
515 923 707 963 praeparent.
719 932 734 950 »
749 921 931 953 Ridiculosa
941 922 1044 962 igitur

264 976 390 1009 videtur
414 975 626 1015 abstinentia,
655 975 796 1006 maxime
825 975 1042 1015 pauperibus,

264 1039 375 1061 carnes
389 1039 453 1061 non
468 1031 613 1070 tangere,
631 1032 662 1061 et
677 1029 777 1070 pisces
787 1037 933 1069 quaerere
943 1029 1045 1061 cario-

263 1093 326 1116 res.
348 1084 387 1115 Et
407 1083 623 1125 Hieronymus
637 1083 682 1114 ait
699 1086 710 1102 2
731 1092 740 1114 z
759 1093 774 1112 «
788 1082 835 1113 Sit
849 1083 909 1114 tibi
926 1083 999 1114 vilis
1014 1085 1045 1114 et

263 1138 464 1179 vespertinus
479 1138 579 1176 cibus,
600 1137 687 1168 olera
701 1137 733 1167 et
747 1135 933 1176 legumina,
951 1136 1046 1167 inter-

263 1191 342 1223 dum
351 1193 383 1223 et
393 1191 560 1233 pisciculos
574 1199 692 1232 paucos
705 1198 762 1230 pro
773 1189 910 1220 summis
922 1189 1045 1221 deliciis

265 1244 370 1277 ducas.
388 1255 404 1274 ι)

305 1298 456 1340 Sequitur
473 1309 480 1330 :
497 1298 566 1331 Sed
585 1299 688 1339 magis
710 1300 932 1340 unusquisque
949 1299 1044 1340 judi-

264 1355 322 1392 cet,
339 1355 369 1385 et
381 1352 541 1394 despiciat
550 1353 767 1393 semetipsum.
780 1353 846 1385 Hoc
856 1354 943 1385 enim
956 1363 1042 1385 verae

265 1406 455 1438 humilitatis
477 1407 626 1439 convenit
648 1407 879 1447 professoribus
904 1417 937 1439 se
959 1409 1045 1448 ipsos

265 1461 440 1501 despicere,
461 1463 492 1492 et
512 1461 718 1502 despIcabiles
742 1464 901 1502 reputare.
927 1462 1046 1504 Sequi-

265 1516 320 1545 tur
335 1526 341 1546 ε

550 1596 695 1630 CAPUT
720 1597 776 1630 III.

268 1672 304 1699 De
324 1671 417 1699 divino
436 1673 536 1706 officio,
557 1674 581 1699 ec
597 1672 718 1706 minzio,
742 1675 767 1699 et
792 1672 922 1708 quomodo
946 1674 1046 1706 fratres

458 1717 568 1744 debeant
589 1719 628 1744 ire
645 1724 694 1752 per
714 1717 852 1744 mundum.

307 1784 415 1817 Clerici
429 1785 543 1817 faciant
557 1786 703 1817 divinum
712 1787 853 1818 osticium
868 1788 1045 1819 secundum

266 1839 410 1871 ordinem
426 1842 545 1872 sancire
566 1840 718 1872 Romanae
734 1841 893 1879 Ecclesiae,
914 1845 1046 1882 excepto

266 1893 429 1932 Psalterio‚
445 1904 485 1925 ex
496 1904 561 1935 quo
577 1895 694 1926 habere
707 1897 855 1935 poterunt
872 1896 1044 1928 breviaria.

266 1948 350 1979 Laici
366 1958 443 1980 vero
458 1949 564 1980 dicant
579 1948 692 1988 viginti
716 1951 855 1989 quatuor
874 1949 969 1982 Pater
985 1958 1046 1982 ηο-

265 2005 329 2034 scer
352 2012 408 2042 pro
430 2003 596 2040 Matutino,
626 2012 682 2042 pro
706 2002 866 2034 Laudibus
889 2005 1044 2044 quinque,

265 2064 322 2095 pro
339 2055 456 2093 Prima,
473 2056 590 2094 Tertia,
608 2056 716 2093 Sexta,
731 2059 762 2087 ct
777 2056 877 2095 Nona,
895 2067 953 2097 pro
966 2067 1044 2097 qua-

266 2109 340 2139 libet
355 2110 487 2141 istarum
513 2110 665 2140 horarum
682 2112 813 2150 septem,
831 2120 888 2150 pro
899 2110 1045 2151 Vesperis

266 2165 371 2194 autem
388 2164 568 2202 duodecim,
595 2173 652 2204 pro
677 2164 888 2204 ComplctoriO
911 2168 1043 2205 septem.

265 2217 304 2248 Et
325 2219 416 2248 orent
435 2227 492 2257 pro
514 2218 681 2255 defunctis,
708 2220 738 2248 et
759 2219 904 2257 jejunent
925 2228 943 2249 a
966 2219 1045 2250 festo

265 2272 416 2303 Omnium
441 2272 629 2303 Sanctorum
656 2282 757 2313 usqne
780 2273 818 2303 :ul
840 2273 1043 2305 Nativitatem

266 2325 404 2357 Domini.
436 2326 584 2357 Sanctam
622 2336 698 2357 vcro
735 2326 1020 2366 Quadragesimani
1033 2351 1043 2366 ,

266 2388 338 2418 quae
366 2379 476 2419 itu-ipit
497 2380 536 2410 ab
556 2379 733 2419 Epiphania
755 2390 855 2420 usqne
881 2381 920 2411 ad
943 2382 1045 2412 conti-

265 2442 349 2463 nuos
362 2433 575 2473 quadraginta
591 2434 668 2471 dics,
692 2444 790 2473 qnam
815 2434 966 2465 Dominus
985 2445 1044 2466 sno

265 2489 374 2517 sancto
395 2487 519 2526 jejunio
545 2487 752 2525 consecravit,
780 2488 836 2527 qui
863 2488 1043 2519 voluntarie

265 2549 336 2570 eam
354 2541 512 2580 jejunant,
538 2541 691 2572 benedicti
715 2541 778 2571 sint
797 2552 814 2571 a
841 2541 988 2580 Domino,
1013 2545 1044 2573 ct

265 2594 319 2633 qui
335 2594 458 2630 nolunt,
478 2603 541 2625 non
565 2595 627 2625 sint
647 2595 779 2633 astricti,
804 2596 967 2626 sedaliam
993 2606 1044 2627 us-

296 2691 304 2707 ¹
320 2691 395 2722 Greg.
411 2691 501 2715 citatus
513 2699 528 2715 a
543 2692 674 2722 Gratiano,
692 2692 797 2721 Decret„
813 2695 877 2724 part.
898 2694 915 2723 l,
932 2693 989 2718 dist.
1008 2699 1042 2725 lv,

266 2733 287 2750 c.
304 2728 365 2751 6,-
378 2727 387 2743 2
402 2727 518 2757 Hieron„
534 2727 568 2751 ad
582 2727 692 2756 Pandite„
706 2728 780 2759 epist.
798 2734 853 2759 Χιιῖ,
871 2730 918 2753 vul.
936 2737 969 2752 in.
991 2732 1041 2755 122.

266 2775 295 2780 —-
312 2762 322 2779 ³
337 2763 403 2793 Luc„
421 2769 446 2793 X,
462 2765 485 2787 5.
498 2763 640 2792 —¹'1l›id.‚
657 2766 679 2788 8.

965 259 1174 293 EXPOSITIO

1097 338 1160 370 que
1186 329 1226 360 ad
1254 329 1530 361 Resurrectionem
1561 329 1689 362 Domini
1714 330 1874 371 JeJunent.

1097 382 1178 414 Aliis
1190 384 1298 414 autem
1315 383 1510 424 temporibus
1531 392 1598 415 non
1622 385 1795 415 teneantur
1813 384 1876 416 nisi

1097 438 1187 468 sexta
1208 436 1288 467 feria
1306 437 1465 477 jeJunare.
1492 436 1648 478 Tempore
1671 446 1749 470 vero
1770 437 1874 469 mani-

1097 491 1185 522 festae
1200 490 1405 530 necessitatis,
1426 499 1492 522 non
1512 492 1682 523 teneantur
1699 491 1814 523 fratres
1828 492 1877 532 je-

1095 544 1190 585 junio
1214 544 1382 584 corporali.
1411 544 1548 577 Consuio
1572 553 1668 583 vero,
1699 554 1814 577 moneo
1843 547 1876 577 et

1099 597 1251 629 exhortor
1264 598 1378 630 fratres
1393 607 1480 630 meos
1493 598 1528 630 in
1540 599 1675 631 Domino
1688 599 1761 631 Jsssu
1782 599 1876 631 Cum-

1100 661 1166 690 sro,
1181 654 1229 691 ut,
1246 652 1374 693 quando
1391 652 1515 685 vadunt
1532 662 1590 693 per
1612 653 1784 693 mundum,
1808 663 1876 685 non

1099 706 1237 746 litigent,
1257 715 1361 747 neque
1375 707 1567 738 contendant
1579 707 1697 747 verbis,
1719 716 1779 739 nec
1798 707 1877 739 alios

1097 759 1258 800 judicent;
1284 760 1339 792 sed
1355 760 1419 791 sint
1438 761 1541 800 mites,
1566 760 1706 801 pacifici,
1724 761 1875 801 modesti,

1101 815 1258 846 mansueti
1273 817 1305 846 et
1318 814 1468 854 humiles,
1484 815 1618 847 honeste
1629 815 1796 856 loquentes
1808 825 1877 848 om-

1100 871 1208 909 nibus,
1225 870 1306 901 sicut
1319 870 1417 901 decet.
1435 869 1473 901 Et
1487 878 1552 901 non
1567 869 1703 901 debeant
1720 870 1875 910 equitare,

1100 925 1161 956 nisi
1176 924 1341 956 manifesta
1353 923 1540 955 necessitate
1556 923 1609 955 vel
1627 923 1814 954 infirmitate
1825 932 1879 956 co-

1102 981 1233 1019 gantur.
1260 978 1296 1009 In
1320 985 1559 1018 quamcumque
1579 976 1713 1008 domum
1734 976 1877 1009 intrave-

1100 1032 1177 1070 rint,
1193 1032 1335 1072 primum
1352 1031 1458 1062 dicant
1476 1041 1482 1062 :
1502 1030 1573 1062 Pax
1586 1030 1662 1062 huic
1677 1029 1788 1063 donini
1802 1031 1824 1061 ³·
1840 1029 1879 1062 Et

1101 1086 1276 1118 secundum
1299 1088 1444 1117 sanctum
1466 1085 1679 1125 Evangelium
1700 1085 1721 1124 ⁸,
1745 1085 1784 1116 de
1807 1094 1878 1116 om-

1101 1138 1197 1169 nibus
1212 1137 1300 1177 cibis,
1317 1137 1373 1178 qui
1390 1139 1609 1178 apponuntur,
1624 1137 1669 1168 eis
1684 1136 1776 1168 liceat
1790 1145 1878 1168 man-

1101 1194 1228 1226 ducare.

1381 1275 1599 1303 EXPOSlTIO.

1144 1351 1260 1385 Clerici
1282 1353 1408 1391 faciant
1443 1352 1595 1384 divinum
1625 1351 1788 1391 officium,
1818 1353 1877 1392 etc.

1105 1406 1178 1438 llaec
1191 1407 1283 1438 tertia
1293 1407 1424 1437 rubrica
1434 1406 1546 1437 fratres
1558 1406 1691 1437 instruit
1702 1405 1877 1446 disciplina.

1103 1460 1140 1492 Et
1154 1461 1224 1492 haec
1239 1470 1312 1501 pars
1332 1461 1427 1492 habet
1442 1461 1513 1499 tria,
1530 1460 1606 1501 quia
1624 1460 1729 1501 primo
1750 1459 1818 1500 agit
1840 1459 1880 1491 de

1102 1514 1268 1555 disciplina
1295 1514 1463 1545 ordinante
1492 1514 1532 1545 ad
1557 1514 1656 1545 Deum
1682 1513 1879 1544 laudandum

1102 1571 1133 1600 et
1148 1569 1389 1607 honorandum3
1411 1568 1548 1600 secundo
1570 1568 1639 1608 agit
1653 1568 1692 1599 de
1715 1568 1880 1609 disciplina

1099 1623 1227 1663 Jejunib
1244 1632 1317 1663 quie
1330 1623 1455 1654 ordinat
1477 1623 1639 1653 hominem
1659 1622 1698 1653 ad
1713 1631 1747 1653 se
1760 1622 1877 1662 ipsum,

1102 1677 1144 1708 ibi
1163 1689 1170 1708 ε
1186 1677 1397 1717 EcJejzment;
1412 1677 1504 1708 tertio
1518 1677 1587 1715 agit
1601 1677 1639 1707 de
1655 1676 1879 1707 ordinantibus

1102 1731 1141 1762 ad
1155 1731 1397 1762 aedificationem
1414 1730 1647 1770 proximorum,
1661 1732 1692 1760 et
1704 1730 1762 1760 hoc
1777 1739 1878 1770 quan-

1101 1788 1171 1816 tum
1186 1785 1225 1816 ad
1238 1785 1438 1816 ambulantes
1455 1793 1511 1824 per
1527 1783 1696 1822 mundum,
1714 1783 1757 1814 ibi
1775 1794 1781 1814 :
1802 1783 1880 1816 Con-

1101 1839 1181 1871 sule.
1207 1839 1243 1870 In
1264 1839 1369 1879 prima
1390 1847 1468 1877 crgo
1484 1840 1583 1877 parte,
1601 1838 1705 1877 primo
1728 1837 1879 1869 informat

1102 1894 1246 1931 clericos;
1263 1893 1376 1924 deinde
1392 1892 1542 1923 informat
1555 1891 1661 1923 laicos.

1144 1948 1314 1987 liicitergo
1334 1958 1340 1977 :
1367 1947 1482 1978 Clerici
1495 1946 1622 1985 saciant
1636 1945 1786 1978 divinum
1801 1946 1879 1985 offi-

1101 2002 1199 2040 cium,
1221 2001 1393 2033 secundum
1416 2000 1562 2032 ordinem
1586 2003 1706 2032 scmctae
1729 1999 1879 2032 Romame

1102 2055 1262 2087 Ecclesz'oe.
1280 2054 1369 2092 Quod
1385 2054 1525 2085 osticium
1542 2053 1600 2084 suit
1615 2053 1649 2084 in
1665 2053 1778 2093 majori
1790 2055 1878 2093 parte

1101 2119 1119 2140 a
1131 2112 1239 2140 sancto
1255 2109 1408 2148 Gregorio
1419 2111 1449 2139 et
1466 2108 1538 2138 aliis
1553 2108 1669 2138 sanctis
1683 2107 1875 2144 institutum,

1100 2165 1233 2203 excepto
1265 2162 1416 2193 psalterio
1428 2184 1436 2196 ,
1467 2161 1541 2201 quia
1573 2161 1710 2192 Ecclesia
1736 2160 1878 2191 Romana

1101 2217 1201 2248 utitur
1218 2217 1278 2247 alia
1294 2215 1500 2247 translatione
1516 2215 1669 2253 Psaltcrii,
1686 2223 1783 2254 quam
1795 2223 1877 2245 com-

1102 2273 1418 2308 muniterhabeatur,
1441 2270 1492 2301 vel
1507 2270 1626 2307 verius,
1653 2270 1742 2300 aliter
1765 2278 1874 2300 emen-

1100 2327 1183 2357 dato.
1202 2326 1248 2357 Ex
1262 2334 1326 2366 quo
1340 2324 1456 2355 scilicet
1466 2323 1581 2361 ol'ticio,
1599 2323 1716 2353 habere
1728 2325 1876 2363 poterunt

1100 2380 1268 2411 breviaria.
1288 2379 1348 2409 Sed
1364 2387 1462 2418 quare
1479 2380 1606 2407 sanctus
1625 2376 1820 2414 Franciscus,
1835 2385 1876 2407 ex

1099 2443 1164 2473 qno
1180 2434 1292 2464 fratres
1306 2441 1381 2463 suos
1397 2432 1522 2463 volebat
1543 2433 1574 2462 in
1595 2431 1829 2471 praedicatione,
1845 2433 1876 2460 et

1098 2487 1202 2518 studio
1230 2496 1286 2527 por
1314 2495 1511 2525 consequens
1537 2486 1688 2523 exerceri,
1709 2487 1772 2514 tam
1797 2493 1876 2515 one-

1099 2551 1182 2580 roso,
1199 2544 1263 2571 tam
1280 2540 1403 2581 prolixo
1420 2540 1524 2570 officio
1546 2538 1710 2570 oneravit?
1733 2536 1874 2577 Respon-

1100 2596 1146 2626 sio
1170 2606 1176 2626 :
1204 2595 1338 2625 Sanctus
1362 2594 1544 2625 Franciscus
1570 2592 1698 2632 optabat
1723 2591 1875 2622 liomanae

1100 2649 1247 2680 Ecclesiae
1267 2648 1412 2687 vestigiis
1432 2647 1622 2686 religionem
1645 2654 1736 2676 suam
1759 2645 1874 2676 idcirco

1099 2712 1156 2743 pro
1171 2702 1296 2733 viribus
1315 2701 1475 2741 copulare,
1496 2700 1571 2740 quia
1593 2699 1694 2730 sciens
1715 2708 1785 2731 eam
1810 2699 1873 2729 im-

1129 2768 1160 2795 (a)
1179 2765 1253 2789 Forte
1267 2765 1315 2795 [ες.
1333 2763 1475 2788 valetudine
1491 2763 1600 2793 integra.
