2029 3052
219 227 278 256 348

215 290 387 324 subvenire
404 314 415 330 ,
438 291 470 321 et
492 289 610 321 multas
630 288 734 320 cordis
755 296 866 329 preces
890 286 994 318 multo

215 345 400 386 impinguat
428 343 587 385 profluvio
614 343 844 383 lacrymarum.
875 341 994 373 Mirum

215 400 322 431 certet
351 398 569 430 incredulitate
605 397 763 437 projecta,
791 395 992 427 sanationem

216 453 332 485 mentis
361 452 484 484 sanatio
506 450 650 491 sequitur
676 449 860 490 corporalis.
885 448 994 481 Omnis

217 506 349 547 quiescit
363 505 463 544 dolor,
481 503 622 544 frigescit
635 503 741 541 ardor,
752 502 880 534 nullum
890 511 994 534 rema-

216 562 270 592 net
291 559 467 599 vestigium
491 566 717 598 percussurae:
739 557 847 597 sicque
874 556 994 587 factum

217 615 281 652 est,
297 614 335 644 ut
357 612 459 643 latens
479 611 596 643 mentis
619 610 790 642 infirmitas
811 619 868 651 per
883 611 994 650 patens

217 667 320 699 carnis
342 666 538 704 cauterium,
565 674 703 706 superna
722 664 907 705 providente
932 664 993 695 cle-

218 720 348 760 mentia,
365 722 541 758 curaretur,
558 721 729 759 menteque
744 719 864 756 sanata,
881 718 912 748 et
928 717 995 757 ipsa

217 783 291 805 caro
314 773 433 814 pariter
456 775 634 804 sanaretur.
665 772 715 804 Fit
742 772 839 803 homo
863 770 995 802 humilis

218 828 282 859 Deo
297 827 441 866 devotus,
452 829 561 858 sancto
576 828 607 858 et
621 826 757 857 fratrum
769 825 871 856 ordini
887 833 997 865 perpe-

219 884 274 913 tua
295 880 511 912 familiaritate
534 881 707 920 subJectuS.
731 878 836 918 Huius
859 879 995 910 10113111

220 935 362 966 solemne
393 933 583 965 miraculum
615 932 809 973 juramentis
830 933 996 963 firmatum

219 989 297 1028 fuit,
328 990 359 1019 et
389 987 504 1019 litteris
524 987 623 1026 sigilli
642 986 788 1027 Episcopi
815 986 996 1017 munimine

218 1043 386 1082 roboratis,
402 1043 502 1084 ipsius
517 1042 556 1074 ad
571 1051 629 1073 nos
645 1042 756 1073 notitia
769 1042 871 1073 delata
886 1051 998 1082 perve-

219 1099 277 1130 nit.
303 1098 346 1130 De
370 1098 469 1129 sacris
493 1106 571 1136 ergo
597 1096 803 1136 stigmatibus
826 1095 934 1126 nullus
957 1096 997 1126 sit

219 1152 424 1192 ambiguitati
434 1151 542 1189 locus3
559 1150 677 1182 nullius
692 1150 725 1181 in
740 1150 812 1188 hoc,
825 1150 901 1190 quia
915 1150 998 1180 Deus

220 1208 323 1238 bonus
342 1208 401 1244 est,
422 1214 562 1245 nequam
578 1204 619 1235 sit
634 1204 758 1241 00111115,
774 1204 865 1244 quasi
880 1204 998 1244 hujus-

220 1261 306 1292 modi
321 1261 396 1292 doni
410 1260 539 1299 largitio
557 1259 759 1299 sempiternae
777 1258 912 1290 bonitati
934 1268 999 1290 non

220 1316 388 1355 congruat.
402 1314 434 1345 Si
447 1314 532 1345 enim
541 1313 594 1344 illo
603 1322 712 1344 amore
724 1313 888 1353 seraphico
896 1313 999 1344 multa

221 1369 366 1400 membra
387 1368 484 1408 capiti
503 1368 701 1398 cohaerercnt
716 1366 853 1404 Christo,
871 1369 905 1398 ut
919 1370 951 1398 et
966 1368 999 1398 in

223 1423 306 1454 bello
315 1423 409 1453 simili
421 1424 584 1453 armatura
594 1421 816 1452 invenirentur
826 1421 996 1461 condigna,

221 1480 253 1509 et
267 1477 298 1507 in
314 1485 418 1516 regno
433 1476 472 1507 ad
488 1475 624 1506 similem
644 1474 748 1505 forent
771 1474 907 1513 gloriam
923 1475 999 1506 sub-

223 1530 389 1568 vehenda,
410 1529 518 1560 nullus
538 1529 597 1559 1100
620 1537 707 1559 sante
730 1529 862 1568 mentis,
880 1529 938 1559 nisi
961 1529 999 1560 ad

223 1584 339 1616 Christi
354 1583 503 1623 gloriam,
518 1582 636 1613 diceret
652 1582 824 1622 pertinere.

442 1679 482 1706 De
501 1679 613 1705 mortuis
632 1679 782 1705 suscitatis.

264 1747 298 1778 ln
319 1746 426 1777 Castro
447 1745 563 1776 montis
586 1744 706 1775 Marani
722 1754 819 1785 prope
834 1745 1001 1777 Beneven-

222 1803 303 1839 tum,
321 1800 438 1831 mulier
452 1799 600 1840 qnaedam
617 1799 649 1830 S.
667 1798 834 1830 Francisco
849 1801 1001 1839 peculiari

222 1855 389 1886 devotione
413 1854 596 1891 cohaerens,
612 1853 699 1884 viam
721 1853 882 1884 universa}
898 1854 1002 1885 carnis

224 1909 365 1940 intravit.
388 1907 659 1938 Convenientihus
680 1909 785 1938 antem
801 1907 923 1937 clericis
940 1917 1002 1938 no-

223 1965 272 1993 010
288 1963 327 1993 ad
340 1962 492 2001 exequias
506 1963 535 1991 et
549 1961 675 2000 vigilias
692 1970 766 1991 011111
784 1961 940 2000 psalteriis
954 1962 1003 1992 de-

224 2016 408 2052 cantandas,
426 2015 530 2045 subito
544 2014 665 2045 cunctis
681 2015 888 2045 cernentibus
902 2016 1003 2046 erexit

223 2079 256 2100 se
272 2069 389 2100 mulier
406 2077 503 2108 snper
518 2068 650 2104 lectum,
668 2070 697 2098 et
719 2078 822 2098 unum
842 2068 879 2099 de
895 2072 1000 2099 astan-

225 2123 311 2153 tibus
326 2122 533 2160 sacerdotem,
554 2121 717 2161 patrinum
743 2121 888 2152 videlicet
908 2132 1002 2153 51111111

225 2177 404 2213 advocavit,
421 2176 528 2207 dicens
542 2186 547 2205 :
561 2175 638 2206 Volo
653 2176 808 2214 confiteri,
822 2178 921 2216 pater.
935 2175 1003 2215 Ego

225 2231 311 2262 enim
331 2231 457 2260 mortua
477 2229 557 2259 duro
579 2238 666 2259 eram
684 2229 800 2259 carceri
818 2229 1002 2269 mancipan-

226 2285 266 2316 da
277 2308 284 2321 ,
300 2283 452 2323 quoniam
469 2285 632 2322 peccatum
647 2306 653 2319 ‚
671 2283 755 2322 quod
777 2282 831 2312 tibi
853 2283 1002 2322 pandam,

226 2337 364 2369 necdum
375 2336 516 2367 consessa
526 2336 660 2366 sueram.
678 2336 737 2366 Sed
749 2338 871 2374 orante,
887 2336 1001 2375 inquit,

226 2401 284 2431 pro
300 2399 351 2421 me
366 2390 398 2421 S.
416 2389 438 2420 F
441 2389 592 2427 ranciseo,
611 2390 672 2427 cui,
691 2390 767 2420 dum
783 2390 937 2427 viverem,
949 2390 1004 2420 de-

226 2447 301 2476 vota
320 2446 427 2474 mente
448 2443 576 2481 servivi,
604 2443 706 2473 redire
721 2453 806 2474 nunc
828 2444 865 2473 ad
890 2453 1004 2483 corpus

228 2498 387 2528 indultum
405 2498 452 2527 est
467 2496 546 2527 mihi
560 2520 568 2534 ,
585 2499 620 2526 111
642 2496 695 2526 1110
711 2497 849 2527 revelato
866 2500 1001 2537 peccato,

227 2551 454 2589 sempiternam
473 2559 656 2590 promerear
671 2550 782 2580 vitain.
802 2550 835 2580 Et
853 2560 934 2588 ecce,
954 2560 1004 2581 vo-

228 2604 274 2634 bis
297 2603 494 2641 videntibus,
513 2606 680 2643 postquam
697 2603 772 2633 illud
788 2604 947 2642 detexero,
965 2605 1003 2634 ad

228 2657 417 2697 promissam
443 2658 587 2698 requiem
607 2658 794 2698 properabo.
819 2657 1005 2689 'Prementer

229 2720 310 2751 ergo
325 2711 477 2742 sacerdoti
493 2711 643 2742 trementi
658 2712 808 2750 consessa,
826 2714 893 2751 post
909 2712 1003 2743 ahso-

781 219 968 252 LEGENDA
988 219 1022 251 S.
1044 219 1248 253 FRANCISCl
1255 244 1262 252 .

1049 287 1204 320 lutiouem
1220 289 1396 330 receptam,
1419 288 1524 330 quiete
1539 298 1573 321 se
1586 289 1622 320 in
1635 289 1716 322 lecto
1729 291 1826 323 colle-

1051 342 1111 382 git,
1126 342 1206 374 etin
1220 342 1354 374 Domino
1369 343 1503 374 feliciter
1518 343 1724 375 ohdormivit.

1091 395 1126 427 ln
1150 387 1256 428 Castro
1278 396 1443 436 Pamarco,
1468 397 1503 428 111
1520 398 1682 428 montanis
1701 398 1826 439 Apuliae

1049 450 1152 490 posito
1162 474 1170 488 ‚
1186 450 1268 490 patri
1283 451 1314 481 et
1328 451 1424 481 matri
1443 451 1539 482 unica
1557 452 1626 482 erat
1642 450 1710 482 filia
1727 451 1762 482 in
1781 453 1828 483 te-

1049 513 1127 535 nera
1146 505 1240 535 aetate
1262 505 1370 535 tenere
1390 504 1581 544 praedilecta.
1601 504 1670 542 Qua
1685 505 1823 536 infirmi-

1050 557 1113 587 tate
1143 555 1237 595 gravi
1265 556 1304 587 ad
1330 557 1467 587 mortem
1487 556 1657 596 perducta,
1681 559 1828 597 parentes

1050 611 1133 650 eJus‚
1149 609 1381 641 successionem
1398 609 1495 640 aliam
1517 618 1583 640 non
1601 612 1776 650 sperantes,
1794 620 1828 642 se

1051 663 1086 694 in
1107 662 1162 694 illa
1187 663 1279 704 quasi
1311 665 1453 695 mortuos
1475 664 1678 704 reputabant.
1702 663 1824 696 Conve-

1049 717 1210 748 nientibus
1228 726 1306 757 ergo
1328 717 1577 757 consanguineis
1598 718 1630 748 et
1652 717 1763 749 amicis
1786 719 1827 750 ad

1052 771 1154 802 flebile
1179 771 1274 802 nimis
1303 771 1417 810 funus,
1439 771 1563 812 ¹jacebat
1587 773 1688 803 mater
1715 772 1828 803 infelix

1051 825 1266 857 ineffabilibus
1281 825 1435 866 completa
1451 825 1623 864 doloribus,
1637 828 1668 857 et
1677 826 1828 867 absorpta

1051 888 1201 920 suprema
1214 879 1351 918 tristitia,
1367 879 1406 910 de
1419 879 1469 910 his
1481 904 1490 918 ,
1507 888 1581 920 quae
1597 879 1731 918 fiebant,
1748 880 1830 911 nihil

1052 932 1176 973 penitus
1199 933 1393 964 advertebat.
1419 933 1548 964 Interim
1571 932 1605 964 S.
1630 933 1828 973 Franciscus,

1053 996 1118 1018 uno
1134 988 1263 1017 tantum
1279 987 1364 1018 socio
1375 987 1542 1018 comitatus
1557 996 1726 1027 apparens,
1742 987 1828 1019 deso-

1052 1039 1149 1071 latam
1162 1040 1291 1071 visitare
1309 1040 1464 1080 dignatus
1479 1042 1526 1071 est
1540 1041 1717 1080 foeminam,
1729 1050 1829 1082 quam

1053 1094 1113 1124 sihi
1128 1096 1268 1126 senserat
1282 1104 1350 1126 esse
1365 1095 1524 1133 devotam,
1541 1098 1572 1126 et
1586 1095 1646 1135 piis
1661 1105 1732 1126 eam
1750 1096 1829 1127 affa-

1054 1149 1106 1179 tus
1121 1147 1268 1188 alloquiis
1284 1159 1290 1178 :
1309 1148 1378 1179 Noli
1397 1148 1483 1186 tlere,
1504 1148 1618 1189 inquit,
1637 1158 1711 1180 nam
1727 1149 1831 1181 lucer-

1054 1210 1105 1232 nae
1125 1203 1190 1232 tuae
1208 1202 1338 1240 lumen,
1361 1203 1455 1242 quod,
1470 1203 1614 1244 deploras
1636 1204 1828 1243 extinctum,

1056 1264 1125 1286 mea
1141 1255 1197 1286 tibi
1211 1257 1256 1286 est
1272 1256 1498 1287 intercessione
1522 1257 1731 1288 reddendum.
1749 1256 1828 1289 Sur-

1055 1309 1137 1340 rexit
1160 1309 1311 1341 continuo
1335 1310 1460 1349 mulier,
1482 1313 1513 1342 et
1534 1321 1607 1352 quae
1628 1312 1687 1342 sibi
1708 1312 1832 1344 dixerat

1055 1366 1183 1395 sanctus
1198 1364 1347 1395 omnibus
1360 1365 1566 1395 manifestans
1577 1389 1586 1402 ,
1603 1374 1668 1396 non
1688 1366 1832 1406 permisit

1055 1417 1231 1449 extinctum
1252 1427 1366 1458 corpus
1387 1418 1508 1456 efferri,
1534 1419 1589 1449 sed
1609 1428 1681 1449 cum
1711 1428 1833 1459 magna

1056 1472 1117 1503 fide
1137 1471 1170 1503 S.
1196 1471 1354 1502 Francisci
1375 1481 1492 1503 nomen
1509 1472 1681 1511 invocans,
1699 1475 1729 1504 et
1750 1482 1832 1504 mor-

1056 1528 1143 1556 tuam
1158 1525 1254 1555 filiam
1269 1525 1521 1566 apprehendens,
1540 1526 1650 1557 vivam
1665 1529 1695 1558 et
1710 1527 1832 1558 incolu-

1056 1588 1140 1610 mem
1156 1579 1277 1610 cunctis
1294 1579 1476 1610 videntibus
1500 1582 1531 1610 et
1547 1580 1736 1612 mirantibus
1756 1581 1830 1612 alle-

1056 1633 1155 1664 vavit.

1097 1687 1174 1718 Cum
1187 1687 1298 1718 tratres
1309 1687 1346 1718 de
1362 1687 1492 1718 Noceria
1509 1689 1653 1728 peterent
1669 1688 1830 1729 quoddam

1057 1741 1235 1780 plaustrum
1254 1750 1272 1771 a
1295 1741 1434 1780 quodam
1467 1741 1536 1772 viro
1566 1741 1658 1773 Petro
1689 1743 1829 1782 nomine,

1057 1803 1120 1833 quo
1148 1794 1384 1834 aliquantulum
1411 1795 1612 1834 indigebant,
1642 1796 1737 1827 stulte
1765 1806 1830 1828 res-

1057 1848 1167 1888 pondit
1196 1848 1257 1886 015,
1282 1856 1338 1887 pro
1363 1848 1458 1888 petito
1489 1848 1630 1880 subsidio
1663 1850 1834 1889 irrogando

1057 1902 1250 1939 convitium,
1268 1905 1298 1932 et
1320 1911 1377 1942 pro
1396 1902 1598 1943 eleemosyna
1620 1903 1659 1934 ad
1678 1904 1834 1935 honorem

1058 1956 1156 1987 saneti
1179 1955 1336 1995 postulata
1359 1956 1527 1995 Francisei,
1552 1957 1583 1987 in
1600 1966 1718 1988 nomen
1734 1957 1834 1998 ipsius

1058 2009 1290 2049 blasphemiam
1303 2010 1484 2050 jaculando.
1505 2010 1656 2042 Poenituit
1671 2011 1834 2042 hominem

1058 2063 1163 2093 statim
1188 2063 1377 2103 insipientiae
1401 2073 1483 2102 sure,
1507 2064 1616 2094 divino
1636 2073 1731 2104 super
1761 2073 1834 2095 cum

1059 2118 1199 2148 irruente
1214 2127 1343 2158 pavore,
1355 2128 1393 2148 ne
1408 2118 1576 2149 ἴοι-10111110
1592 2118 1715 2149 Domini
1727 2128 1835 2159 seque-

1058 2174 1155 2205 retur,
1175 2173 1255 2202 sicut
1271 2174 1301 2203 et
1319 2172 1377 2203 suit
1393 2173 1537 2212 protinus
1557 2173 1736 2204 subsecuta.
1755 2173 1835 2204 Nam

1058 2224 1239 2254 infirmatus
1254 2225 1405 2254 continno
1422 2224 1654 2263 primogenitus
1670 2226 1750 2265 ejus,
1765 2235 1836 2266 par-

1058 2287 1098 2308 vo
1112 2277 1218 2317 elapso
1230 2278 1341 2317 spatio⁷
1359 2277 1506 2317 spiritum
1522 2277 1696 2309 exhalavit.
1709 2278 1835 2310 Voluta-

1059 2331 1152 2361 batur
1167 2340 1222 2371 per
1235 2331 1373 2362 humum
1390 2334 1478 2371 pater
1499 2332 1624 2370 infelix,
1642 2334 1672 2362 et
1689 2335 1834 2363 sanctum

1060 2385 1111 2415 Dei
1139 2384 1343 2415 Franciscnm
1372 2395 1485 2416 vocare
1509 2395 1572 2416 non
1597 2394 1737 2423 cessans,
1761 2395 1833 2416 cum

1058 2437 1209 2479 lacrymis
1222 2440 1418 2470 exclamabat
1437 2451 1443 2469 z
1462 2439 1531 2477 Ego
1542 2449 1613 2470 sum
1626 2439 1681 2479 qui
1695 2439 1831 2478 peccavi,

1058 2507 1120 2537 ego
1136 2496 1191 2536 qni
1208 2496 1315 2534 inique
1335 2493 1459 2524 locutus
1481 2502 1571 2529 snm;
1591 2501 1639 2522 me
1655 2492 1687 2522 in
1701 2501 1834 2531 persona

1060 2550 1187 2591 propria
1216 2547 1379 2587 flagellare
1406 2546 1551 2576 debuisti.
1579 2545 1703 2583 Redde,
1727 2547 1833 2576 sancte

1055 2606 1123 2644 jann
1144 2602 1324 2643 pu’nitenti,
1343 2601 1426 2641 quod
1452 2599 1606 2630 abstulisti
1630 2599 1725 2639 imple
1748 2599 1831 2629 blas-

1060 2656 1235 2697 phemanti.
1247 2655 1316 2686 Tibi
1333 2664 1382 2685 me
1398 2654 1494 2684 reddo
1510 2664 1516 2683 :
1534 2653 1596 2683 11115
1614 2662 1664 2683 1110
1674 2653 1835 2693 obsequiis

1061 2720 1187 2751 semper
1205 2718 1329 2749 expono
1355 2719 1361 2738 :
1388 2717 1461 2738 nam
1484 2709 1514 2737 et
1539 2707 1690 2737 devotum
1713 2707 1832 2737 sacrifi-
