<?xml version="1.0" encoding="UTF-8"?>
<!DOCTYPE html PUBLIC "-//W3C//DTD XHTML 1.0 Transitional//EN"
    "http://www.w3.org/TR/xhtml1/DTD/xhtml1-transitional.dtd">
<html xmlns="http://www.w3.org/1999/xhtml" xml:lang="en" lang="en">
 <head>
  <title>
</title>
<meta http-equiv="Content-Type" content="text/html;charset=utf-8" />
  <meta name='ocr-system' content='tesseract 3.04.00' />
  <meta name='ocr-capabilities' content='ocr_page ocr_carea ocr_par ocr_line ocrx_word'/>
</head>
<body>
  <div class='ocr_page' id='page_1' title='image "./operaomniasixtiv14bonauoft/operaomniasixtiv14bonauoft_0666.png"; bbox 0 0 2029 3052; ppageno 0'>
   <div class='ocr_carea' id='block_1_1' title="bbox 241 231 303 263">
    <p class='ocr_par' dir='ltr' id='par_1_1' title="bbox 241 231 303 263">
     <span class='ocr_line' id='line_1_1' title="bbox 241 231 303 263; baseline 0 -1"><span class='ocrx_word' id='word_1_1' title='bbox 241 231 303 263; x_wconf 80' lang='lat'><strong>628</strong></span> 
     </span>
    </p>
   </div>
   <div class='ocr_carea' id='block_1_2' title="bbox 235 296 1025 2771">
    <p class='ocr_par' dir='ltr' id='par_1_2' title="bbox 235 296 1025 2771">
     <span class='ocr_line' id='line_1_2' title="bbox 242 296 1025 339; baseline 0 -10"><span class='ocrx_word' id='word_1_2' title='bbox 242 297 304 330; x_wconf 87' lang='lat' dir='ltr'><strong>hoe</strong></span> <span class='ocrx_word' id='word_1_3' title='bbox 318 296 516 338; x_wconf 77' lang='lat' dir='ltr'><strong>receptiones</strong></span> <span class='ocrx_word' id='word_1_4' title='bbox 524 297 748 339; x_wconf 81' lang='lat' dir='ltr'><strong>pecuniarum,</strong></span> <span class='ocrx_word' id='word_1_5' title='bbox 765 297 1025 339; x_wconf 62' lang='lat' dir='ltr'><strong>proprietatesli-</strong></span> 
     </span>
     <span class='ocr_line' id='line_1_3' title="bbox 242 350 1024 392; baseline 0 -9"><span class='ocrx_word' id='word_1_6' title='bbox 242 351 378 384; x_wconf 79' lang='lat' dir='ltr'>brorum</span> <span class='ocrx_word' id='word_1_7' title='bbox 392 360 429 383; x_wconf 90' lang='lat' dir='ltr'><strong>ac</strong></span> <span class='ocrx_word' id='word_1_8' title='bbox 442 351 603 383; x_wconf 91' lang='lat' dir='ltr'><strong>donorum</strong></span> <span class='ocrx_word' id='word_1_9' title='bbox 619 361 627 383; x_wconf 91' lang='lat'>:</span> <span class='ocrx_word' id='word_1_10' title='bbox 644 350 794 392; x_wconf 86' lang='lat' dir='ltr'><strong>vitupero</strong></span> <span class='ocrx_word' id='word_1_11' title='bbox 808 352 841 383; x_wconf 87' lang='lat' dir='ltr'><strong>et</strong></span> <span class='ocrx_word' id='word_1_12' title='bbox 854 360 937 392; x_wconf 80' lang='lat' dir='ltr'><strong>ego;</strong></span> <span class='ocrx_word' id='word_1_13' title='bbox 957 351 1024 383; x_wconf 90' lang='lat' dir='ltr'><strong>imo</strong></span> 
     </span>
     <span class='ocr_line' id='line_1_4' title="bbox 241 405 1022 447; baseline 0.003 -11"><span class='ocrx_word' id='word_1_14' title='bbox 241 414 301 437; x_wconf 91' lang='lat' dir='ltr'><strong>nos</strong></span> <span class='ocrx_word' id='word_1_15' title='bbox 308 414 422 438; x_wconf 90' lang='lat' dir='ltr'><strong>omnes</strong></span> <span class='ocrx_word' id='word_1_16' title='bbox 428 405 656 447; x_wconf 83' lang='lat' dir='ltr'><strong>persequimur</strong></span> <span class='ocrx_word' id='word_1_17' title='bbox 660 405 795 444; x_wconf 77' lang='lat' dir='ltr'><strong>fortiter,</strong></span> <span class='ocrx_word' id='word_1_18' title='bbox 801 408 834 438; x_wconf 87' lang='lat' dir='ltr'><strong>et</strong></span> <span class='ocrx_word' id='word_1_19' title='bbox 842 406 1022 447; x_wconf 85' lang='lat' dir='ltr'><strong>culpamus.</strong></span> 
     </span>
     <span class='ocr_line' id='line_1_5' title="bbox 242 459 1024 505; baseline 0.001 -14"><span class='ocrx_word' id='word_1_20' title='bbox 242 459 280 491; x_wconf 86' lang='lat' dir='ltr'><strong>In</strong></span> <span class='ocrx_word' id='word_1_21' title='bbox 289 459 351 491; x_wconf 89' lang='lat' dir='ltr'><strong>hoc</strong></span> <span class='ocrx_word' id='word_1_22' title='bbox 359 460 570 505; x_wconf 85' lang='lat' dir='ltr'><strong>convenimus</strong></span> <span class='ocrx_word' id='word_1_23' title='bbox 580 470 588 498; x_wconf 87' lang='lat'>;</span> <span class='ocrx_word' id='word_1_24' title='bbox 597 459 651 491; x_wconf 88' lang='lat' dir='ltr'><strong>sed</strong></span> <span class='ocrx_word' id='word_1_25' title='bbox 660 459 748 500; x_wconf 86' lang='lat' dir='ltr'><strong>quod</strong></span> <span class='ocrx_word' id='word_1_26' title='bbox 753 459 868 492; x_wconf 86' lang='lat' dir='ltr'><strong>fratres</strong></span> <span class='ocrx_word' id='word_1_27' title='bbox 877 459 953 491; x_wconf 88' lang='lat' dir='ltr'><strong>tales</strong></span> <span class='ocrx_word' id='word_1_28' title='bbox 959 468 1024 492; x_wconf 86' lang='lat' dir='ltr'><strong>cre-</strong></span> 
     </span>
     <span class='ocr_line' id='line_1_6' title="bbox 241 513 1021 555; baseline 0 -9"><span class='ocrx_word' id='word_1_29' title='bbox 241 515 301 553; x_wconf 85' lang='lat' dir='ltr'><strong>dis,</strong></span> <span class='ocrx_word' id='word_1_30' title='bbox 310 516 377 554; x_wconf 87' lang='lat' dir='ltr'><strong>aut,</strong></span> <span class='ocrx_word' id='word_1_31' title='bbox 389 514 416 546; x_wconf 90' lang='lat' dir='ltr'><strong>si</strong></span> <span class='ocrx_word' id='word_1_32' title='bbox 424 523 490 546; x_wconf 92' lang='lat' dir='ltr'><strong>non</strong></span> <span class='ocrx_word' id='word_1_33' title='bbox 500 514 614 553; x_wconf 87' lang='lat' dir='ltr'><strong>credis,</strong></span> <span class='ocrx_word' id='word_1_34' title='bbox 625 513 765 554; x_wconf 83' lang='lat' dir='ltr'><strong>dubitas,</strong></span> <span class='ocrx_word' id='word_1_35' title='bbox 773 514 807 545; x_wconf 91' lang='lat' dir='ltr'><strong>in</strong></span> <span class='ocrx_word' id='word_1_36' title='bbox 817 513 1021 555; x_wconf 84' lang='lat' dir='ltr'><strong>hocpenitus,</strong></span> 
     </span>
     <span class='ocr_line' id='line_1_7' title="bbox 241 567 1022 608; baseline -0.001 -7"><span class='ocrx_word' id='word_1_37' title='bbox 241 569 459 601; x_wconf 77' lang='lat' dir='ltr'><strong>dissentimus.</strong></span> <span class='ocrx_word' id='word_1_38' title='bbox 475 567 540 600; x_wconf 91' lang='lat' dir='ltr'><strong>Nec</strong></span> <span class='ocrx_word' id='word_1_39' title='bbox 551 568 638 600; x_wconf 88' lang='lat' dir='ltr'><strong>enim</strong></span> <span class='ocrx_word' id='word_1_40' title='bbox 649 568 711 600; x_wconf 89' lang='lat' dir='ltr'><strong>hoc</strong></span> <span class='ocrx_word' id='word_1_41' title='bbox 717 568 823 607; x_wconf 91' lang='lat' dir='ltr'><strong>credo,</strong></span> <span class='ocrx_word' id='word_1_42' title='bbox 833 577 891 600; x_wconf 89' lang='lat' dir='ltr'><strong>nec</strong></span> <span class='ocrx_word' id='word_1_43' title='bbox 898 567 1022 608; x_wconf 88' lang='lat' dir='ltr'><strong>dubito,</strong></span> 
     </span>
     <span class='ocr_line' id='line_1_8' title="bbox 241 622 1019 664; baseline -0.003 -9"><span class='ocrx_word' id='word_1_44' title='bbox 241 625 366 655; x_wconf 85' lang='lat' dir='ltr'><strong>eertum</strong></span> <span class='ocrx_word' id='word_1_45' title='bbox 377 623 501 655; x_wconf 86' lang='lat' dir='ltr'><strong>habens</strong></span> <span class='ocrx_word' id='word_1_46' title='bbox 511 622 694 664; x_wconf 89' lang='lat' dir='ltr'><strong>oppositum</strong></span> <span class='ocrx_word' id='word_1_47' title='bbox 709 624 865 664; x_wconf 86' lang='lat' dir='ltr'><strong>tanquam</strong></span> <span class='ocrx_word' id='word_1_48' title='bbox 885 631 1019 654; x_wconf 90' lang='lat' dir='ltr'><strong>verum:</strong></span> 
     </span>
     <span class='ocr_line' id='line_1_9' title="bbox 240 673 1023 716; baseline -0.003 -10"><span class='ocrx_word' id='word_1_49' title='bbox 240 684 305 706; x_wconf 93' lang='lat' dir='ltr'><strong>non</strong></span> <span class='ocrx_word' id='word_1_50' title='bbox 326 675 404 716; x_wconf 85' lang='lat' dir='ltr'><strong>quia</strong></span> <span class='ocrx_word' id='word_1_51' title='bbox 425 675 535 707; x_wconf 89' lang='lat' dir='ltr'><strong>nullus</strong></span> <span class='ocrx_word' id='word_1_52' title='bbox 554 675 588 706; x_wconf 93' lang='lat' dir='ltr'><strong>in</strong></span> <span class='ocrx_word' id='word_1_53' title='bbox 601 674 714 706; x_wconf 88' lang='lat' dir='ltr'><strong>ordine</strong></span> <span class='ocrx_word' id='word_1_54' title='bbox 729 673 800 705; x_wconf 90' lang='lat' dir='ltr'><strong>talis</strong></span> <span class='ocrx_word' id='word_1_55' title='bbox 818 674 870 713; x_wconf 88' lang='lat' dir='ltr'><strong>sit,</strong></span> <span class='ocrx_word' id='word_1_56' title='bbox 887 673 943 714; x_wconf 89' lang='lat' dir='ltr'><strong>qui</strong></span> <span class='ocrx_word' id='word_1_57' title='bbox 958 682 1023 705; x_wconf 92' lang='lat' dir='ltr'><strong>non</strong></span> 
     </span>
     <span class='ocr_line' id='line_1_10' title="bbox 239 727 1023 770; baseline -0.003 -10"><span class='ocrx_word' id='word_1_58' title='bbox 239 728 338 770; x_wconf 87' lang='lat' dir='ltr'><strong>possit</strong></span> <span class='ocrx_word' id='word_1_59' title='bbox 358 728 482 770; x_wconf 89' lang='lat' dir='ltr'><strong>culpari</strong></span> <span class='ocrx_word' id='word_1_60' title='bbox 506 729 540 760; x_wconf 93' lang='lat' dir='ltr'><strong>in</strong></span> <span class='ocrx_word' id='word_1_61' title='bbox 561 727 671 769; x_wconf 88' lang='lat' dir='ltr'><strong>aliquo</strong></span> <span class='ocrx_word' id='word_1_62' title='bbox 685 727 925 768; x_wconf 76' lang='lat' dir='ltr'><strong>praedictorum,</strong></span> <span class='ocrx_word' id='word_1_63' title='bbox 948 735 1023 758; x_wconf 91' lang='lat' dir='ltr'><strong>cum</strong></span> 
     </span>
     <span class='ocr_line' id='line_1_11' title="bbox 239 781 1021 823; baseline -0.003 -9"><span class='ocrx_word' id='word_1_64' title='bbox 239 783 346 814; x_wconf 89' lang='lat' dir='ltr'><strong>necin</strong></span> <span class='ocrx_word' id='word_1_65' title='bbox 358 783 528 815; x_wconf 85' lang='lat' dir='ltr'><strong>duodecim</strong></span> <span class='ocrx_word' id='word_1_66' title='bbox 542 781 694 823; x_wconf 90' lang='lat' dir='ltr'><strong>apostolis</strong></span> <span class='ocrx_word' id='word_1_67' title='bbox 704 781 776 813; x_wconf 87' lang='lat' dir='ltr'><strong>talis</strong></span> <span class='ocrx_word' id='word_1_68' title='bbox 799 781 949 822; x_wconf 80' lang='lat' dir='ltr'><strong>perfectio</strong></span> <span class='ocrx_word' id='word_1_69' title='bbox 964 790 1021 822; x_wconf 92' lang='lat' dir='ltr'><strong>po-</strong></span> 
     </span>
     <span class='ocr_line' id='line_1_12' title="bbox 238 836 1023 879; baseline -0.004 -9"><span class='ocrx_word' id='word_1_70' title='bbox 238 838 338 870; x_wconf 86' lang='lat' dir='ltr'><strong>tuerit</strong></span> <span class='ocrx_word' id='word_1_71' title='bbox 347 837 483 879; x_wconf 88' lang='lat' dir='ltr'><strong>reperiri</strong></span> <span class='ocrx_word' id='word_1_72' title='bbox 496 849 504 876; x_wconf 88' lang='lat'>;</span> <span class='ocrx_word' id='word_1_73' title='bbox 517 837 572 869; x_wconf 91' lang='lat' dir='ltr'><strong>sed</strong></span> <span class='ocrx_word' id='word_1_74' title='bbox 580 837 845 869; x_wconf 86' lang='lat' dir='ltr'><strong>communitatem</strong></span> <span class='ocrx_word' id='word_1_75' title='bbox 857 838 970 876; x_wconf 88' lang='lat' dir='ltr'><strong>status,</strong></span> <span class='ocrx_word' id='word_1_76' title='bbox 983 836 1023 868; x_wconf 90' lang='lat' dir='ltr'><strong>de</strong></span> 
     </span>
     <span class='ocr_line' id='line_1_13' title="bbox 238 890 1020 933; baseline -0.004 -9"><span class='ocrx_word' id='word_1_77' title='bbox 238 901 304 933; x_wconf 88' lang='lat' dir='ltr'><strong>qua</strong></span> <span class='ocrx_word' id='word_1_78' title='bbox 318 894 350 923; x_wconf 90' lang='lat' dir='ltr'><strong>et</strong></span> <span class='ocrx_word' id='word_1_79' title='bbox 368 894 405 924; x_wconf 91' lang='lat' dir='ltr'><strong>tu</strong></span> <span class='ocrx_word' id='word_1_80' title='bbox 426 891 585 933; x_wconf 84' lang='lat' dir='ltr'><strong>injungis,</strong></span> <span class='ocrx_word' id='word_1_81' title='bbox 605 890 834 923; x_wconf 77' lang='lat' dir='ltr'><strong>defensandam</strong></span> <span class='ocrx_word' id='word_1_82' title='bbox 848 890 1020 931; x_wconf 87' lang='lat' dir='ltr'><strong>assumpsi.</strong></span> 
     </span>
     <span class='ocr_line' id='line_1_14' title="bbox 236 942 1022 984; baseline -0.004 -8"><span class='ocrx_word' id='word_1_83' title='bbox 236 943 314 976; x_wconf 84' lang='lat' dir='ltr'><strong>Vide</strong></span> <span class='ocrx_word' id='word_1_84' title='bbox 326 944 431 984; x_wconf 83' lang='lat' dir='ltr'><strong>igitur</strong></span> <span class='ocrx_word' id='word_1_85' title='bbox 441 943 517 984; x_wconf 90' lang='lat' dir='ltr'><strong>quid</strong></span> <span class='ocrx_word' id='word_1_86' title='bbox 530 943 651 974; x_wconf 89' lang='lat' dir='ltr'><strong>sentire</strong></span> <span class='ocrx_word' id='word_1_87' title='bbox 661 943 778 974; x_wconf 85' lang='lat' dir='ltr'><strong>debeas</strong></span> <span class='ocrx_word' id='word_1_88' title='bbox 791 942 830 974; x_wconf 91' lang='lat' dir='ltr'><strong>de</strong></span> <span class='ocrx_word' id='word_1_89' title='bbox 840 942 1022 983; x_wconf 85' lang='lat' dir='ltr'><strong>receptione</strong></span> 
     </span>
     <span class='ocr_line' id='line_1_15' title="bbox 236 997 1022 1040; baseline -0.001 -10"><span class='ocrx_word' id='word_1_90' title='bbox 236 999 393 1040; x_wconf 82' lang='lat' dir='ltr'><strong>pecuniae.</strong></span> <span class='ocrx_word' id='word_1_91' title='bbox 407 997 575 1030; x_wconf 85' lang='lat' dir='ltr'><strong>Testificor</strong></span> <span class='ocrx_word' id='word_1_92' title='bbox 589 1007 698 1030; x_wconf 87' lang='lat' dir='ltr'><strong>coram</strong></span> <span class='ocrx_word' id='word_1_93' title='bbox 712 997 788 1037; x_wconf 89' lang='lat' dir='ltr'><strong>Deo,</strong></span> <span class='ocrx_word' id='word_1_94' title='bbox 803 997 957 1039; x_wconf 88' lang='lat' dir='ltr'><strong>quoniam</strong></span> <span class='ocrx_word' id='word_1_95' title='bbox 967 1007 1022 1029; x_wconf 92' lang='lat' dir='ltr'><strong>ve-</strong></span> 
     </span>
     <span class='ocr_line' id='line_1_16' title="bbox 235 1051 1020 1094; baseline -0.003 -10"><span class='ocrx_word' id='word_1_96' title='bbox 235 1053 363 1084; x_wconf 81' lang='lat' dir='ltr'><strong>ritatem</strong></span> <span class='ocrx_word' id='word_1_97' title='bbox 384 1061 459 1084; x_wconf 91' lang='lat' dir='ltr'><strong>sum</strong></span> <span class='ocrx_word' id='word_1_98' title='bbox 482 1061 695 1094; x_wconf 83' lang='lat' dir='ltr'><strong>expressurus</strong></span> <span class='ocrx_word' id='word_1_99' title='bbox 716 1051 893 1084; x_wconf 89' lang='lat' dir='ltr'><strong>secundum</strong></span> <span class='ocrx_word' id='word_1_100' title='bbox 913 1060 1020 1083; x_wconf 86' lang='lat' dir='ltr'><strong>meam</strong></span> 
     </span>
     <span class='ocr_line' id='line_1_17' title="bbox 236 1106 1017 1146; baseline -0.003 -8"><span class='ocrx_word' id='word_1_101' title='bbox 236 1106 478 1145; x_wconf 83' lang='lat' dir='ltr'><strong>conscientiam,</strong></span> <span class='ocrx_word' id='word_1_102' title='bbox 493 1106 526 1138; x_wconf 94' lang='lat' dir='ltr'><strong>in</strong></span> <span class='ocrx_word' id='word_1_103' title='bbox 539 1106 692 1138; x_wconf 91' lang='lat' dir='ltr'><strong>omnibus</strong></span> <span class='ocrx_word' id='word_1_104' title='bbox 716 1115 791 1146; x_wconf 86' lang='lat' dir='ltr'><strong>quae</strong></span> <span class='ocrx_word' id='word_1_105' title='bbox 806 1106 1017 1146; x_wconf 82' lang='lat' dir='ltr'><strong>subjungam.</strong></span> 
     </span>
     <span class='ocr_line' id='line_1_18' title="bbox 237 1159 1021 1201; baseline -0.001 -9"><span class='ocrx_word' id='word_1_106' title='bbox 237 1160 308 1193; x_wconf 92' lang='lat' dir='ltr'><strong>Non</strong></span> <span class='ocrx_word' id='word_1_107' title='bbox 323 1161 418 1192; x_wconf 87' lang='lat' dir='ltr'><strong>credo</strong></span> <span class='ocrx_word' id='word_1_108' title='bbox 426 1163 458 1192; x_wconf 87' lang='lat' dir='ltr'><strong>te</strong></span> <span class='ocrx_word' id='word_1_109' title='bbox 467 1160 672 1201; x_wconf 85' lang='lat' dir='ltr'><strong>aliquatenus</strong></span> <span class='ocrx_word' id='word_1_110' title='bbox 686 1159 845 1196; x_wconf 83' lang='lat' dir='ltr'><strong>dubitare,</strong></span> <span class='ocrx_word' id='word_1_111' title='bbox 857 1159 935 1200; x_wconf 90' lang='lat' dir='ltr'><strong>quin</strong></span> <span class='ocrx_word' id='word_1_112' title='bbox 944 1168 1021 1200; x_wconf 89' lang='lat' dir='ltr'><strong>pau-</strong></span> 
     </span>
     <span class='ocr_line' id='line_1_19' title="bbox 236 1215 1019 1256; baseline -0.003 -10"><span class='ocrx_word' id='word_1_113' title='bbox 236 1215 378 1256; x_wconf 89' lang='lat' dir='ltr'><strong>peribus,</strong></span> <span class='ocrx_word' id='word_1_114' title='bbox 402 1217 703 1256; x_wconf 85' lang='lat' dir='ltr'><strong>quantumcumque</strong></span> <span class='ocrx_word' id='word_1_115' title='bbox 725 1216 904 1245; x_wconf 83' lang='lat' dir='ltr'><strong>extremam</strong></span> <span class='ocrx_word' id='word_1_116' title='bbox 921 1223 1019 1245; x_wconf 70' lang='lat' dir='ltr'><strong>vove-</strong></span> 
     </span>
     <span class='ocr_line' id='line_1_20' title="bbox 236 1268 1021 1311; baseline -0.004 -10"><span class='ocrx_word' id='word_1_117' title='bbox 236 1270 303 1301; x_wconf 88' lang='lat' dir='ltr'><strong>rint</strong></span> <span class='ocrx_word' id='word_1_118' title='bbox 317 1272 551 1311; x_wconf 85' lang='lat' dir='ltr'><strong>paupertatem,</strong></span> <span class='ocrx_word' id='word_1_119' title='bbox 568 1269 661 1300; x_wconf 88' lang='lat' dir='ltr'><strong>liccat</strong></span> <span class='ocrx_word' id='word_1_120' title='bbox 685 1268 825 1308; x_wconf 86' lang='lat' dir='ltr'><strong>recipere</strong></span> <span class='ocrx_word' id='word_1_121' title='bbox 846 1268 1021 1309; x_wconf 87' lang='lat' dir='ltr'><strong>eleemosy-</strong></span> 
     </span>
     <span class='ocr_line' id='line_1_21' title="bbox 237 1322 1020 1364; baseline -0.003 -9"><span class='ocrx_word' id='word_1_122' title='bbox 237 1333 325 1364; x_wconf 89' lang='lat' dir='ltr'><strong>nam,</strong></span> <span class='ocrx_word' id='word_1_123' title='bbox 341 1324 404 1355; x_wconf 88' lang='lat' dir='ltr'><strong>nisi</strong></span> <span class='ocrx_word' id='word_1_124' title='bbox 419 1323 521 1356; x_wconf 89' lang='lat' dir='ltr'><strong>velint</strong></span> <span class='ocrx_word' id='word_1_125' title='bbox 546 1332 580 1355; x_wconf 91' lang='lat' dir='ltr'><strong>se</strong></span> <span class='ocrx_word' id='word_1_126' title='bbox 594 1322 736 1354; x_wconf 81' lang='lat' dir='ltr'><strong>occidere</strong></span> <span class='ocrx_word' id='word_1_127' title='bbox 751 1331 759 1353; x_wconf 72' lang='grc' dir='ltr'>ε</span> <span class='ocrx_word' id='word_1_128' title='bbox 785 1322 872 1363; x_wconf 89' lang='lat' dir='ltr'><strong>qnod</strong></span> <span class='ocrx_word' id='word_1_129' title='bbox 889 1323 914 1352; x_wconf 86' lang='lat' dir='ltr'><strong>si</strong></span> <span class='ocrx_word' id='word_1_130' title='bbox 931 1323 1020 1353; x_wconf 88' lang='lat' dir='ltr'><strong>nefas</strong></span> 
     </span>
     <span class='ocr_line' id='line_1_22' title="bbox 237 1376 1021 1418; baseline -0.004 -8"><span class='ocrx_word' id='word_1_131' title='bbox 237 1380 297 1418; x_wconf 84' lang='lat' dir='ltr'><strong>est,</strong></span> <span class='ocrx_word' id='word_1_132' title='bbox 319 1378 392 1410; x_wconf 89' lang='lat' dir='ltr'><strong>licet</strong></span> <span class='ocrx_word' id='word_1_133' title='bbox 412 1378 473 1409; x_wconf 86' lang='lat' dir='ltr'><strong>hoc</strong></span> <span class='ocrx_word' id='word_1_134' title='bbox 498 1377 663 1413; x_wconf 85' lang='lat' dir='ltr'><strong>fratribus,</strong></span> <span class='ocrx_word' id='word_1_135' title='bbox 689 1377 775 1417; x_wconf 88' lang='lat' dir='ltr'><strong>quod</strong></span> <span class='ocrx_word' id='word_1_136' title='bbox 800 1376 909 1408; x_wconf 88' lang='lat' dir='ltr'><strong>nullus</strong></span> <span class='ocrx_word' id='word_1_137' title='bbox 934 1386 1021 1407; x_wconf 81' lang='lat' dir='ltr'><strong>sanae</strong></span> 
     </span>
     <span class='ocr_line' id='line_1_23' title="bbox 238 1431 1018 1472; baseline -0.004 -8"><span class='ocrx_word' id='word_1_138' title='bbox 238 1432 355 1464; x_wconf 86' lang='lat' dir='ltr'><strong>mentis</strong></span> <span class='ocrx_word' id='word_1_139' title='bbox 380 1433 521 1472; x_wconf 79' lang='lat' dir='ltr'><strong>ignorat.</strong></span> <span class='ocrx_word' id='word_1_140' title='bbox 548 1431 618 1463; x_wconf 90' lang='lat' dir='ltr'><strong>Non</strong></span> <span class='ocrx_word' id='word_1_141' title='bbox 639 1433 686 1462; x_wconf 79' lang='lat' dir='ltr'><strong>est</strong></span> <span class='ocrx_word' id='word_1_142' title='bbox 710 1431 815 1470; x_wconf 81' lang='lat' dir='ltr'><strong>igitur</strong></span> <span class='ocrx_word' id='word_1_143' title='bbox 838 1433 949 1461; x_wconf 87' lang='lat' dir='ltr'><strong>contra</strong></span> <span class='ocrx_word' id='word_1_144' title='bbox 965 1442 1018 1462; x_wconf 84' lang='lat' dir='ltr'><strong>eo-</strong></span> 
     </span>
     <span class='ocr_line' id='line_1_24' title="bbox 237 1485 1020 1527; baseline -0.004 -9"><span class='ocrx_word' id='word_1_145' title='bbox 237 1495 312 1518; x_wconf 88' lang='lat' dir='ltr'><strong>rum</strong></span> <span class='ocrx_word' id='word_1_146' title='bbox 328 1486 570 1527; x_wconf 82' lang='lat' dir='ltr'><strong>professionem,</strong></span> <span class='ocrx_word' id='word_1_147' title='bbox 587 1485 612 1516; x_wconf 92' lang='lat' dir='ltr'><strong>si</strong></span> <span class='ocrx_word' id='word_1_148' title='bbox 628 1485 700 1526; x_wconf 86' lang='lat' dir='ltr'><strong>quis</strong></span> <span class='ocrx_word' id='word_1_149' title='bbox 723 1485 813 1516; x_wconf 80' lang='lat' dir='ltr'><strong>(lives</strong></span> <span class='ocrx_word' id='word_1_150' title='bbox 827 1485 925 1516; x_wconf 82' lang='lat' dir='ltr'><strong>homo</strong></span> <span class='ocrx_word' id='word_1_151' title='bbox 939 1485 1020 1516; x_wconf 82' lang='lat' dir='ltr'><strong>hanc</strong></span> 
     </span>
     <span class='ocr_line' id='line_1_25' title="bbox 237 1539 1018 1579; baseline -0.004 -7"><span class='ocrx_word' id='word_1_152' title='bbox 237 1541 284 1572; x_wconf 90' lang='lat' dir='ltr'><strong>eis</strong></span> <span class='ocrx_word' id='word_1_153' title='bbox 299 1540 459 1572; x_wconf 86' lang='lat' dir='ltr'><strong>ministrat</strong></span> <span class='ocrx_word' id='word_1_154' title='bbox 483 1548 582 1571; x_wconf 86' lang='lat' dir='ltr'><strong>mauu</strong></span> <span class='ocrx_word' id='word_1_155' title='bbox 599 1539 738 1579; x_wconf 89' lang='lat' dir='ltr'><strong>propria.</strong></span> <span class='ocrx_word' id='word_1_156' title='bbox 757 1539 849 1576; x_wconf 75' lang='lat' dir='ltr'><strong>Quod</strong></span> <span class='ocrx_word' id='word_1_157' title='bbox 865 1539 890 1569; x_wconf 85' lang='lat' dir='ltr'><strong>si</strong></span> <span class='ocrx_word' id='word_1_158' title='bbox 907 1539 1018 1570; x_wconf 83' lang='lat' dir='ltr'><strong>nolue-</strong></span> 
     </span>
     <span class='ocr_line' id='line_1_26' title="bbox 237 1594 1020 1637; baseline -0.004 -10"><span class='ocrx_word' id='word_1_159' title='bbox 237 1596 290 1635; x_wconf 87' lang='lat' dir='ltr'><strong>rit,</strong></span> <span class='ocrx_word' id='word_1_160' title='bbox 304 1598 407 1637; x_wconf 89' lang='lat' dir='ltr'><strong>potest</strong></span> <span class='ocrx_word' id='word_1_161' title='bbox 428 1596 473 1626; x_wconf 85' lang='lat' dir='ltr'><strong>eis</strong></span> <span class='ocrx_word' id='word_1_162' title='bbox 494 1595 678 1626; x_wconf 86' lang='lat' dir='ltr'><strong>ministrare</strong></span> <span class='ocrx_word' id='word_1_163' title='bbox 703 1603 759 1634; x_wconf 88' lang='lat' dir='ltr'><strong>per</strong></span> <span class='ocrx_word' id='word_1_164' title='bbox 781 1603 912 1625; x_wconf 85' lang='lat' dir='ltr'><strong>manum</strong></span> <span class='ocrx_word' id='word_1_165' title='bbox 935 1594 1020 1625; x_wconf 74' lang='lat' dir='ltr'><strong>servi</strong></span> 
     </span>
     <span class='ocr_line' id='line_1_27' title="bbox 237 1649 1018 1689; baseline -0.003 -7"><span class='ocrx_word' id='word_1_166' title='bbox 237 1651 299 1683; x_wconf 89' lang='lat' dir='ltr'><strong>sui.</strong></span> <span class='ocrx_word' id='word_1_167' title='bbox 313 1651 402 1689; x_wconf 82' lang='lat' dir='ltr'><strong>Quod</strong></span> <span class='ocrx_word' id='word_1_168' title='bbox 413 1651 439 1681; x_wconf 88' lang='lat' dir='ltr'><strong>si</strong></span> <span class='ocrx_word' id='word_1_169' title='bbox 455 1650 507 1681; x_wconf 89' lang='lat' dir='ltr'><strong>ille</strong></span> <span class='ocrx_word' id='word_1_170' title='bbox 522 1659 634 1681; x_wconf 84' lang='lat' dir='ltr'><strong>servus</strong></span> <span class='ocrx_word' id='word_1_171' title='bbox 650 1658 714 1680; x_wconf 91' lang='lat' dir='ltr'><strong>non</strong></span> <span class='ocrx_word' id='word_1_172' title='bbox 730 1649 838 1689; x_wconf 78' lang='lat' dir='ltr'><strong>possit,</strong></span> <span class='ocrx_word' id='word_1_173' title='bbox 862 1649 914 1680; x_wconf 81' lang='lat' dir='ltr'><strong>scd</strong></span> <span class='ocrx_word' id='word_1_174' title='bbox 931 1659 1018 1680; x_wconf 88' lang='lat' dir='ltr'><strong>com-</strong></span> 
     </span>
     <span class='ocr_line' id='line_1_28' title="bbox 238 1703 1019 1745; baseline -0.003 -9"><span class='ocrx_word' id='word_1_175' title='bbox 238 1707 342 1736; x_wconf 86' lang='lat' dir='ltr'><strong>mittat</strong></span> <span class='ocrx_word' id='word_1_176' title='bbox 356 1705 421 1744; x_wconf 88' lang='lat' dir='ltr'><strong>alii,</strong></span> <span class='ocrx_word' id='word_1_177' title='bbox 437 1713 537 1745; x_wconf 86' lang='lat' dir='ltr'><strong>quare</strong></span> <span class='ocrx_word' id='word_1_178' title='bbox 550 1713 616 1734; x_wconf 87' lang='grc'><strong>11011</strong></span> <span class='ocrx_word' id='word_1_179' title='bbox 630 1703 721 1734; x_wconf 86' lang='lat' dir='ltr'><strong>liceat</strong></span> <span class='ocrx_word' id='word_1_180' title='bbox 733 1712 788 1743; x_wconf 77' lang='lat' dir='ltr'><strong>per</strong></span> <span class='ocrx_word' id='word_1_181' title='bbox 805 1712 938 1734; x_wconf 85' lang='lat' dir='ltr'><strong>manum</strong></span> <span class='ocrx_word' id='word_1_182' title='bbox 954 1706 1019 1734; x_wconf 84' lang='lat' dir='ltr'><strong>ter-</strong></span> 
     </span>
     <span class='ocr_line' id='line_1_29' title="bbox 237 1757 1020 1798; baseline -0.004 -8"><span class='ocrx_word' id='word_1_183' title='bbox 237 1760 328 1798; x_wconf 85' lang='lat' dir='ltr'><strong>tiam,</strong></span> <span class='ocrx_word' id='word_1_184' title='bbox 357 1768 422 1790; x_wconf 88' lang='lat' dir='ltr'><strong>non</strong></span> <span class='ocrx_word' id='word_1_185' title='bbox 446 1759 592 1796; x_wconf 85' lang='lat' dir='ltr'><strong>videtur;</strong></span> <span class='ocrx_word' id='word_1_186' title='bbox 610 1766 710 1798; x_wconf 81' lang='lat' dir='ltr'><strong>quare</strong></span> <span class='ocrx_word' id='word_1_187' title='bbox 733 1757 830 1787; x_wconf 81' lang='lat' dir='ltr'><strong>etiam</strong></span> <span class='ocrx_word' id='word_1_188' title='bbox 854 1766 957 1798; x_wconf 85' lang='lat' dir='ltr'><strong>usque</strong></span> <span class='ocrx_word' id='word_1_189' title='bbox 981 1757 1020 1788; x_wconf 87' lang='lat' dir='ltr'><strong>ad</strong></span> 
     </span>
     <span class='ocr_line' id='line_1_30' title="bbox 238 1811 1019 1851; baseline -0.003 -6"><span class='ocrx_word' id='word_1_190' title='bbox 238 1813 396 1845; x_wconf 84' lang='lat' dir='ltr'><strong>decimam</strong></span> <span class='ocrx_word' id='word_1_191' title='bbox 420 1822 554 1844; x_wconf 88' lang='lat' dir='ltr'><strong>manum</strong></span> <span class='ocrx_word' id='word_1_192' title='bbox 582 1821 647 1842; x_wconf 86' lang='lat' dir='ltr'><strong>non</strong></span> <span class='ocrx_word' id='word_1_193' title='bbox 676 1813 790 1851; x_wconf 71' lang='lat' dir='ltr'><strong>potest,</strong></span> <span class='ocrx_word' id='word_1_194' title='bbox 820 1820 885 1842; x_wconf 90' lang='lat' dir='ltr'><strong>non</strong></span> <span class='ocrx_word' id='word_1_195' title='bbox 915 1811 1019 1843; x_wconf 80' lang='lat' dir='ltr'><strong>video.</strong></span> 
     </span>
     <span class='ocr_line' id='line_1_31' title="bbox 239 1864 1021 1906; baseline -0.004 -7"><span class='ocrx_word' id='word_1_196' title='bbox 239 1868 330 1906; x_wconf 86' lang='lat' dir='ltr'><strong>Quod</strong></span> <span class='ocrx_word' id='word_1_197' title='bbox 343 1867 369 1898; x_wconf 92' lang='lat' dir='ltr'><strong>si</strong></span> <span class='ocrx_word' id='word_1_198' title='bbox 385 1867 476 1899; x_wconf 87' lang='lat' dir='ltr'><strong>dives</strong></span> <span class='ocrx_word' id='word_1_199' title='bbox 490 1866 612 1897; x_wconf 84' lang='lat' dir='ltr'><strong>liabens</strong></span> <span class='ocrx_word' id='word_1_200' title='bbox 630 1864 812 1906; x_wconf 78' lang='lat' dir='ltr'><strong>pecuniam,</strong></span> <span class='ocrx_word' id='word_1_201' title='bbox 828 1864 881 1895; x_wconf 84' lang='lat' dir='ltr'><strong>dat</strong></span> <span class='ocrx_word' id='word_1_202' title='bbox 899 1865 1021 1896; x_wconf 84' lang='lat' dir='ltr'><strong>vietum</strong></span> 
     </span>
     <span class='ocr_line' id='line_1_32' title="bbox 238 1919 1021 1956; baseline -0.005 -2"><span class='ocrx_word' id='word_1_203' title='bbox 238 1924 294 1953; x_wconf 87' lang='lat' dir='ltr'><strong>aut</strong></span> <span class='ocrx_word' id='word_1_204' title='bbox 310 1921 463 1953; x_wconf 86' lang='lat' dir='ltr'><strong>vestitum</strong></span> <span class='ocrx_word' id='word_1_205' title='bbox 486 1919 637 1951; x_wconf 82' lang='lat' dir='ltr'><strong>fratribus</strong></span> <span class='ocrx_word' id='word_1_206' title='bbox 667 1919 893 1956; x_wconf 72' lang='lat' dir='ltr'><strong>necessarium,</strong></span> <span class='ocrx_word' id='word_1_207' title='bbox 915 1929 1021 1951; x_wconf 89' lang='lat' dir='ltr'><strong>nonne</strong></span> 
     </span>
     <span class='ocr_line' id='line_1_33' title="bbox 239 1974 1021 2017; baseline -0.003 -10"><span class='ocrx_word' id='word_1_208' title='bbox 239 1978 341 2017; x_wconf 89' lang='lat' dir='ltr'><strong>potest</strong></span> <span class='ocrx_word' id='word_1_209' title='bbox 363 1976 430 2016; x_wconf 88' lang='lat' dir='ltr'><strong>ipse</strong></span> <span class='ocrx_word' id='word_1_210' title='bbox 452 1983 550 2005; x_wconf 87' lang='lat' dir='ltr'><strong>mann</strong></span> <span class='ocrx_word' id='word_1_211' title='bbox 566 1983 622 2004; x_wconf 88' lang='lat' dir='ltr'><strong>sua</strong></span> <span class='ocrx_word' id='word_1_212' title='bbox 645 1974 772 2004; x_wconf 81' lang='lat' dir='ltr'><strong>emere?</strong></span> <span class='ocrx_word' id='word_1_213' title='bbox 791 1982 896 2003; x_wconf 86' lang='lat' dir='ltr'><strong>nonne</strong></span> <span class='ocrx_word' id='word_1_214' title='bbox 921 1976 1021 2013; x_wconf 72' lang='lat' dir='ltr'><strong>potest</strong></span> 
     </span>
     <span class='ocr_line' id='line_1_34' title="bbox 240 2027 1018 2071; baseline -0.004 -9"><span class='ocrx_word' id='word_1_215' title='bbox 240 2031 306 2071; x_wconf 88' lang='lat' dir='ltr'><strong>ipse</strong></span> <span class='ocrx_word' id='word_1_216' title='bbox 321 2030 491 2071; x_wconf 85' lang='lat' dir='ltr'><strong>pecuniam</strong></span> <span class='ocrx_word' id='word_1_217' title='bbox 506 2038 564 2069; x_wconf 88' lang='lat' dir='ltr'><strong>pro</strong></span> <span class='ocrx_word' id='word_1_218' title='bbox 572 2027 735 2068; x_wconf 80' lang='lat' dir='ltr'><strong>emptione</strong></span> <span class='ocrx_word' id='word_1_219' title='bbox 746 2027 798 2058; x_wconf 91' lang='lat' dir='ltr'><strong>alii</strong></span> <span class='ocrx_word' id='word_1_220' title='bbox 808 2028 1018 2067; x_wconf 69' lang='lat' dir='ltr'><strong>committere,</strong></span> 
     </span>
     <span class='ocr_line' id='line_1_35' title="bbox 239 2081 1020 2125; baseline -0.004 -9"><span class='ocrx_word' id='word_1_221' title='bbox 239 2087 270 2116; x_wconf 86' lang='lat' dir='ltr'><strong>et</strong></span> <span class='ocrx_word' id='word_1_222' title='bbox 287 2085 331 2116; x_wconf 87' lang='lat' dir='ltr'><strong>sic</strong></span> <span class='ocrx_word' id='word_1_223' title='bbox 346 2093 403 2125; x_wconf 86' lang='lat' dir='ltr'><strong>per</strong></span> <span class='ocrx_word' id='word_1_224' title='bbox 415 2083 533 2114; x_wconf 87' lang='lat' dir='ltr'><strong>multas</strong></span> <span class='ocrx_word' id='word_1_225' title='bbox 549 2091 664 2112; x_wconf 83' lang='lat' dir='ltr'><strong>manus</strong></span> <span class='ocrx_word' id='word_1_226' title='bbox 679 2081 710 2112; x_wconf 93' lang='lat' dir='ltr'><strong>in</strong></span> <span class='ocrx_word' id='word_1_227' title='bbox 726 2091 804 2112; x_wconf 85' lang='lat' dir='ltr'><strong>usus</strong></span> <span class='ocrx_word' id='word_1_228' title='bbox 819 2082 954 2112; x_wconf 77' lang='lat' dir='ltr'><strong>fratrum</strong></span> <span class='ocrx_word' id='word_1_229' title='bbox 965 2092 1020 2113; x_wconf 75' lang='lat' dir='ltr'><strong>rx-</strong></span> 
     </span>
     <span class='ocr_line' id='line_1_36' title="bbox 240 2135 1022 2179; baseline -0.004 -9"><span class='ocrx_word' id='word_1_230' title='bbox 240 2139 390 2179; x_wconf 81' lang='lat' dir='ltr'><strong>pendere,</strong></span> <span class='ocrx_word' id='word_1_231' title='bbox 408 2147 465 2178; x_wconf 92' lang='lat' dir='ltr'><strong>pro</strong></span> <span class='ocrx_word' id='word_1_232' title='bbox 487 2135 665 2168; x_wconf 79' lang='lat' dir='ltr'><strong>relevandis</strong></span> <span class='ocrx_word' id='word_1_233' title='bbox 690 2145 803 2166; x_wconf 85' lang='lat' dir='ltr'><strong>eorum</strong></span> <span class='ocrx_word' id='word_1_234' title='bbox 824 2136 1022 2167; x_wconf 79' lang='lat' dir='ltr'><strong>necessitati-</strong></span> 
     </span>
     <span class='ocr_line' id='line_1_37' title="bbox 240 2190 1021 2231; baseline -0.001 -8"><span class='ocrx_word' id='word_1_235' title='bbox 240 2192 313 2231; x_wconf 85' lang='lat' dir='ltr'><strong>bus,</strong></span> <span class='ocrx_word' id='word_1_236' title='bbox 341 2193 409 2223; x_wconf 89' lang='lat' dir='ltr'><strong>sine</strong></span> <span class='ocrx_word' id='word_1_237' title='bbox 437 2190 613 2222; x_wconf 80' lang='lat' dir='ltr'><strong>offensione</strong></span> <span class='ocrx_word' id='word_1_238' title='bbox 642 2190 801 2220; x_wconf 79' lang='lat' dir='ltr'><strong>fratrum?</strong></span> <span class='ocrx_word' id='word_1_239' title='bbox 830 2190 906 2227; x_wconf 76' lang='lat' dir='ltr'><strong>Quis</strong></span> <span class='ocrx_word' id='word_1_240' title='bbox 935 2200 1021 2223; x_wconf 68' lang='lat' dir='ltr'><strong>sance</strong></span> 
     </span>
     <span class='ocr_line' id='line_1_38' title="bbox 241 2244 1020 2284; baseline 0 -7"><span class='ocrx_word' id='word_1_241' title='bbox 241 2247 356 2277; x_wconf 86' lang='lat' dir='ltr'><strong>mentis</strong></span> <span class='ocrx_word' id='word_1_242' title='bbox 377 2246 437 2276; x_wconf 90' lang='lat' dir='ltr'><strong>hoc</strong></span> <span class='ocrx_word' id='word_1_243' title='bbox 459 2245 592 2283; x_wconf 86' lang='lat' dir='ltr'><strong>dubitat,</strong></span> <span class='ocrx_word' id='word_1_244' title='bbox 609 2254 683 2275; x_wconf 89' lang='lat' dir='ltr'><strong>cum</strong></span> <span class='ocrx_word' id='word_1_245' title='bbox 700 2244 836 2284; x_wconf 80' lang='lat' dir='ltr'><strong>pecnnia</strong></span> <span class='ocrx_word' id='word_1_246' title='bbox 855 2245 899 2275; x_wconf 86' lang='lat' dir='ltr'><strong>ita</strong></span> <span class='ocrx_word' id='word_1_247' title='bbox 913 2246 952 2276; x_wconf 86' lang='lat' dir='ltr'><strong>sit</strong></span> <span class='ocrx_word' id='word_1_248' title='bbox 964 2246 1020 2277; x_wconf 73' lang='lat' dir='ltr'><strong>‹lo-</strong></span> 
     </span>
     <span class='ocr_line' id='line_1_39' title="bbox 241 2298 1019 2339; baseline 0 -8"><span class='ocrx_word' id='word_1_249' title='bbox 241 2300 332 2339; x_wconf 90' lang='lat' dir='ltr'><strong>mini,</strong></span> <span class='ocrx_word' id='word_1_250' title='bbox 342 2309 416 2331; x_wconf 89' lang='lat' dir='ltr'><strong>eum</strong></span> <span class='ocrx_word' id='word_1_251' title='bbox 426 2298 636 2330; x_wconf 80' lang='lat' dir='ltr'><strong>committitur</strong></span> <span class='ocrx_word' id='word_1_252' title='bbox 647 2307 791 2338; x_wconf 54' lang='lat' dir='ltr'><strong>personas</strong></span> <span class='ocrx_word' id='word_1_253' title='bbox 807 2298 1019 2339; x_wconf 74' lang='lat' dir='ltr'><strong>intermedia»,</strong></span> 
     </span>
     <span class='ocr_line' id='line_1_40' title="bbox 240 2353 1019 2394; baseline -0.003 -8"><span class='ocrx_word' id='word_1_254' title='bbox 240 2364 276 2386; x_wconf 83' lang='lat' dir='ltr'><strong>ac</strong></span> <span class='ocrx_word' id='word_1_255' title='bbox 291 2354 317 2385; x_wconf 88' lang='lat' dir='ltr'><strong>si</strong></span> <span class='ocrx_word' id='word_1_256' title='bbox 333 2355 399 2394; x_wconf 83' lang='lat' dir='ltr'><strong>ipse</strong></span> <span class='ocrx_word' id='word_1_257' title='bbox 417 2353 568 2384; x_wconf 79' lang='lat' dir='ltr'><strong>dominns</strong></span> <span class='ocrx_word' id='word_1_258' title='bbox 589 2361 659 2382; x_wconf 84' lang='lat' dir='ltr'><strong>eain</strong></span> <span class='ocrx_word' id='word_1_259' title='bbox 684 2361 783 2382; x_wconf 83' lang='lat' dir='ltr'><strong>manu</strong></span> <span class='ocrx_word' id='word_1_260' title='bbox 798 2353 927 2392; x_wconf 81' lang='lat' dir='ltr'><strong>propria</strong></span> <span class='ocrx_word' id='word_1_261' title='bbox 943 2363 1019 2384; x_wconf 80' lang='lat' dir='ltr'><strong>con-</strong></span> 
     </span>
     <span class='ocr_line' id='line_1_41' title="bbox 239 2406 1018 2446; baseline -0.001 -7"><span class='ocrx_word' id='word_1_262' title='bbox 239 2411 401 2440; x_wconf 80' lang='lat' dir='ltr'><strong>servaret?</strong></span> <span class='ocrx_word' id='word_1_263' title='bbox 415 2407 480 2438; x_wconf 80' lang='lat' dir='ltr'><strong>Nisi</strong></span> <span class='ocrx_word' id='word_1_264' title='bbox 492 2407 570 2438; x_wconf 86' lang='lat' dir='ltr'><strong>forte</strong></span> <span class='ocrx_word' id='word_1_265' title='bbox 583 2406 655 2446; x_wconf 84' lang='lat' dir='ltr'><strong>quis</strong></span> <span class='ocrx_word' id='word_1_266' title='bbox 668 2406 709 2436; x_wconf 86' lang='lat' dir='ltr'><strong>ita</strong></span> <span class='ocrx_word' id='word_1_267' title='bbox 721 2406 864 2446; x_wconf 72' lang='lat' dir='ltr'><strong>desipiat,</strong></span> <span class='ocrx_word' id='word_1_268' title='bbox 877 2410 911 2437; x_wconf 89' lang='lat' dir='ltr'><strong>nt</strong></span> <span class='ocrx_word' id='word_1_269' title='bbox 925 2407 1018 2446; x_wconf 82' lang='lat' dir='ltr'><strong>dicat,</strong></span> 
     </span>
     <span class='ocr_line' id='line_1_42' title="bbox 239 2460 1017 2503; baseline -0.001 -10"><span class='ocrx_word' id='word_1_270' title='bbox 239 2462 325 2503; x_wconf 88' lang='lat' dir='ltr'><strong>quod</strong></span> <span class='ocrx_word' id='word_1_271' title='bbox 354 2462 489 2502; x_wconf 81' lang='lat' dir='ltr'><strong>pecunia</strong></span> <span class='ocrx_word' id='word_1_272' title='bbox 519 2461 551 2491; x_wconf 95' lang='lat' dir='ltr'><strong>in</strong></span> <span class='ocrx_word' id='word_1_273' title='bbox 582 2468 682 2490; x_wconf 90' lang='lat' dir='ltr'><strong>manu</strong></span> <span class='ocrx_word' id='word_1_274' title='bbox 709 2460 877 2491; x_wconf 73' lang='lat' dir='ltr'><strong>servientis</strong></span> <span class='ocrx_word' id='word_1_275' title='bbox 900 2462 1017 2501; x_wconf 83' lang='lat' dir='ltr'><strong>posita,</strong></span> 
     </span>
     <span class='ocr_line' id='line_1_43' title="bbox 240 2513 1020 2555; baseline -0.001 -8"><span class='ocrx_word' id='word_1_276' title='bbox 240 2519 379 2547; x_wconf 79' lang='lat' dir='ltr'><strong>transeat</strong></span> <span class='ocrx_word' id='word_1_277' title='bbox 400 2516 435 2546; x_wconf 88' lang='lat' dir='ltr'><strong>in</strong></span> <span class='ocrx_word' id='word_1_278' title='bbox 457 2516 528 2555; x_wconf 77' lang='lat' dir='ltr'><strong>eJus</strong></span> <span class='ocrx_word' id='word_1_279' title='bbox 543 2513 741 2550; x_wconf 85' lang='lat' dir='ltr'><strong>dominium,</strong></span> <span class='ocrx_word' id='word_1_280' title='bbox 765 2517 794 2544; x_wconf 70' lang='lat' dir='ltr'><strong>rt</strong></span> <span class='ocrx_word' id='word_1_281' title='bbox 815 2514 937 2546; x_wconf 79' lang='lat' dir='ltr'><strong>desinat</strong></span> <span class='ocrx_word' id='word_1_282' title='bbox 953 2526 1020 2547; x_wconf 76' lang='lat' dir='ltr'><strong>csse</strong></span> 
     </span>
     <span class='ocr_line' id='line_1_44' title="bbox 239 2567 1020 2610; baseline -0.004 -9"><span class='ocrx_word' id='word_1_283' title='bbox 239 2570 373 2609; x_wconf 87' lang='lat' dir='ltr'><strong>domini,</strong></span> <span class='ocrx_word' id='word_1_284' title='bbox 395 2570 482 2610; x_wconf 87' lang='lat' dir='ltr'><strong>quod</strong></span> <span class='ocrx_word' id='word_1_285' title='bbox 505 2569 630 2609; x_wconf 89' lang='lat' dir='ltr'><strong>penitus</strong></span> <span class='ocrx_word' id='word_1_286' title='bbox 653 2567 831 2599; x_wconf 83' lang='lat' dir='ltr'><strong>absurdum</strong></span> <span class='ocrx_word' id='word_1_287' title='bbox 854 2571 911 2599; x_wconf 65' lang='lat' dir='ltr'><strong>est.</strong></span> <span class='ocrx_word' id='word_1_288' title='bbox 930 2570 1020 2607; x_wconf 71' lang='lat' dir='ltr'><strong>Quod</strong></span> 
     </span>
     <span class='ocr_line' id='line_1_45' title="bbox 240 2621 1018 2664; baseline 0 -9"><span class='ocrx_word' id='word_1_289' title='bbox 240 2625 267 2655; x_wconf 89' lang='lat' dir='ltr'><strong>si</strong></span> <span class='ocrx_word' id='word_1_290' title='bbox 281 2624 378 2662; x_wconf 80' lang='lat' dir='ltr'><strong>dicas,</strong></span> <span class='ocrx_word' id='word_1_291' title='bbox 394 2623 481 2664; x_wconf 85' lang='lat' dir='ltr'><strong>quod</strong></span> <span class='ocrx_word' id='word_1_292' title='bbox 506 2622 657 2654; x_wconf 86' lang='lat' dir='ltr'><strong>dominns</strong></span> <span class='ocrx_word' id='word_1_293' title='bbox 682 2621 866 2661; x_wconf 82' lang='lat' dir='ltr'><strong>simpliciter</strong></span> <span class='ocrx_word' id='word_1_294' title='bbox 881 2626 909 2653; x_wconf 74' lang='lat' dir='ltr'><strong>et</strong></span> <span class='ocrx_word' id='word_1_295' title='bbox 927 2623 1018 2655; x_wconf 70' lang='lat' dir='ltr'><strong>abso-</strong></span> 
     </span>
     <span class='ocr_line' id='line_1_46' title="bbox 240 2675 1019 2717; baseline -0.003 -8"><span class='ocrx_word' id='word_1_296' title='bbox 240 2678 305 2709; x_wconf 87' lang='lat' dir='ltr'><strong>lnte</strong></span> <span class='ocrx_word' id='word_1_297' title='bbox 316 2677 543 2709; x_wconf 83' lang='lat' dir='ltr'><strong>dareintendat</strong></span> <span class='ocrx_word' id='word_1_298' title='bbox 555 2676 716 2714; x_wconf 85' lang='lat' dir='ltr'><strong>fratribus,</strong></span> <span class='ocrx_word' id='word_1_299' title='bbox 730 2675 835 2706; x_wconf 79' lang='lat' dir='ltr'><strong>diceet</strong></span> <span class='ocrx_word' id='word_1_300' title='bbox 850 2686 919 2715; x_wconf 64' lang='lat' dir='ltr'><strong>ego,</strong></span> <span class='ocrx_word' id='word_1_301' title='bbox 933 2679 1019 2717; x_wconf 81' lang='lat' dir='ltr'><strong>qnod</strong></span> 
     </span>
     <span class='ocr_line' id='line_1_47' title="bbox 242 2730 1014 2771; baseline -0.001 -9"><span class='ocrx_word' id='word_1_302' title='bbox 242 2732 350 2763; x_wconf 84' lang='lat' dir='ltr'><strong>nullus</strong></span> <span class='ocrx_word' id='word_1_303' title='bbox 364 2741 449 2763; x_wconf 82' lang='lat' dir='ltr'><strong>sanae</strong></span> <span class='ocrx_word' id='word_1_304' title='bbox 465 2731 581 2762; x_wconf 84' lang='lat' dir='ltr'><strong>inentis</strong></span> <span class='ocrx_word' id='word_1_305' title='bbox 596 2730 672 2761; x_wconf 83' lang='lat' dir='ltr'><strong>dare</strong></span> <span class='ocrx_word' id='word_1_306' title='bbox 696 2730 831 2760; x_wconf 83' lang='lat' dir='ltr'><strong>intendit</strong></span> <span class='ocrx_word' id='word_1_307' title='bbox 852 2732 1014 2771; x_wconf 77' lang='lat' dir='ltr'><strong>fratribus,</strong></span> 
     </span>
    </p>
   </div>
   <div class='ocr_carea' id='block_1_3' title="bbox 779 199 1319 270">
    <p class='ocr_par' dir='ltr' id='par_1_3' title="bbox 779 199 1319 270">
     <span class='ocr_line' id='line_1_48' title="bbox 779 199 1319 270; baseline 0.011 -9"><span class='ocrx_word' id='word_1_308' title='bbox 779 229 830 262; x_wconf 87' lang='lat' dir='ltr'><strong>DE</strong></span> <span class='ocrx_word' id='word_1_309' title='bbox 850 228 995 262; x_wconf 77' lang='lat' dir='ltr'><strong>TRIBUS</strong></span> <span class='ocrx_word' id='word_1_310' title='bbox 1016 199 1319 270; x_wconf 65' lang='lat' dir='ltr'><strong>QUAES&#39;rloNfflus</strong></span> 
     </span>
    </p>
   </div>
   <div class='ocr_carea' id='block_1_4' title="bbox 1073 299 1866 2776">
    <p class='ocr_par' dir='ltr' id='par_1_4' title="bbox 1073 299 1866 2235">
     <span class='ocr_line' id='line_1_49' title="bbox 1078 299 1859 344; baseline 0.004 -14"><span class='ocrx_word' id='word_1_311' title='bbox 1078 299 1142 331; x_wconf 86' lang='lat' dir='ltr'><strong>nisi</strong></span> <span class='ocrx_word' id='word_1_312' title='bbox 1165 303 1262 342; x_wconf 89' lang='lat' dir='ltr'><strong>prout</strong></span> <span class='ocrx_word' id='word_1_313' title='bbox 1284 301 1438 344; x_wconf 88' lang='lat' dir='ltr'><strong>competit</strong></span> <span class='ocrx_word' id='word_1_314' title='bbox 1459 300 1586 343; x_wconf 80' lang='lat' dir='ltr'><strong>regulae</strong></span> <span class='ocrx_word' id='word_1_315' title='bbox 1610 302 1643 334; x_wconf 92' lang='lat' dir='ltr'><strong>et</strong></span> <span class='ocrx_word' id='word_1_316' title='bbox 1669 300 1859 342; x_wconf 76' lang='lat' dir='ltr'><strong>professioni</strong></span> 
     </span>
     <span class='ocr_line' id='line_1_50' title="bbox 1079 354 1861 396; baseline 0 -10"><span class='ocrx_word' id='word_1_317' title='bbox 1079 361 1203 386; x_wconf 84' lang='lat' dir='ltr'><strong>eorum.</strong></span> <span class='ocrx_word' id='word_1_318' title='bbox 1233 355 1311 394; x_wconf 86' lang='lat' dir='ltr'><strong>Quis</strong></span> <span class='ocrx_word' id='word_1_319' title='bbox 1332 355 1420 388; x_wconf 90' lang='lat' dir='ltr'><strong>enim</strong></span> <span class='ocrx_word' id='word_1_320' title='bbox 1440 355 1530 388; x_wconf 89' lang='lat' dir='ltr'><strong>daret</strong></span> <span class='ocrx_word' id='word_1_321' title='bbox 1551 354 1808 396; x_wconf 84' lang='lat' dir='ltr'><strong>eleemosynam,</strong></span> <span class='ocrx_word' id='word_1_322' title='bbox 1823 355 1861 386; x_wconf 90' lang='lat' dir='ltr'><strong>ut</strong></span> 
     </span>
     <span class='ocr_line' id='line_1_51' title="bbox 1078 407 1861 451; baseline 0.001 -12"><span class='ocrx_word' id='word_1_323' title='bbox 1078 416 1132 440; x_wconf 89' lang='lat' dir='ltr'><strong>eos</strong></span> <span class='ocrx_word' id='word_1_324' title='bbox 1159 408 1276 441; x_wconf 85' lang='lat' dir='ltr'><strong>faceret</strong></span> <span class='ocrx_word' id='word_1_325' title='bbox 1303 410 1437 451; x_wconf 85' lang='lat' dir='ltr'><strong>perdere</strong></span> <span class='ocrx_word' id='word_1_326' title='bbox 1463 409 1566 442; x_wconf 80' lang='lat' dir='ltr'><strong>vitam</strong></span> <span class='ocrx_word' id='word_1_327' title='bbox 1590 412 1746 441; x_wconf 80' lang='lat' dir='ltr'><strong>aetemam</strong></span> <span class='ocrx_word' id='word_1_328' title='bbox 1758 409 1775 440; x_wconf 66' lang='grc' dir='ltr'><strong><em>Ἰ</em></strong></span> <span class='ocrx_word' id='word_1_329' title='bbox 1802 407 1861 440; x_wconf 84' lang='lat' dir='ltr'><strong>Dat</strong></span> 
     </span>
     <span class='ocr_line' id='line_1_52' title="bbox 1078 462 1866 514; baseline 0 -20"><span class='ocrx_word' id='word_1_330' title='bbox 1078 471 1160 514; x_wconf 71' lang='lat' dir='ltr'><strong>ergo</strong></span> <span class='ocrx_word' id='word_1_331' title='bbox 1173 473 1212 496; x_wconf 93' lang='lat' dir='ltr'><strong>eo</strong></span> <span class='ocrx_word' id='word_1_332' title='bbox 1233 464 1341 510; x_wconf 88' lang='lat' dir='ltr'><strong>modo,</strong></span> <span class='ocrx_word' id='word_1_333' title='bbox 1357 473 1422 505; x_wconf 87' lang='lat' dir='ltr'><strong>quo</strong></span> <span class='ocrx_word' id='word_1_334' title='bbox 1447 463 1602 496; x_wconf 85' lang='lat' dir='ltr'><strong>fratribus</strong></span> <span class='ocrx_word' id='word_1_335' title='bbox 1623 462 1764 511; x_wconf 84' lang='lat' dir='ltr'><strong>expedit,</strong></span> <span class='ocrx_word' id='word_1_336' title='bbox 1779 462 1866 507; x_wconf 11' lang='lat' dir='ltr'><strong>scili-A</strong></span> 
     </span>
     <span class='ocr_line' id='line_1_53' title="bbox 1078 516 1859 560; baseline 0.001 -12"><span class='ocrx_word' id='word_1_337' title='bbox 1078 519 1128 548; x_wconf 89' lang='lat' dir='ltr'><strong>cet</strong></span> <span class='ocrx_word' id='word_1_338' title='bbox 1141 517 1370 550; x_wconf 88' lang='lat' dir='ltr'><strong>committendo</strong></span> <span class='ocrx_word' id='word_1_339' title='bbox 1385 518 1494 556; x_wconf 80' lang='lat' dir='ltr'><strong>alicui,</strong></span> <span class='ocrx_word' id='word_1_340' title='bbox 1509 517 1566 560; x_wconf 90' lang='lat' dir='ltr'><strong>qui</strong></span> <span class='ocrx_word' id='word_1_341' title='bbox 1586 526 1644 559; x_wconf 89' lang='lat' dir='ltr'><strong>per</strong></span> <span class='ocrx_word' id='word_1_342' title='bbox 1657 526 1691 549; x_wconf 90' lang='lat' dir='ltr'><strong>se</strong></span> <span class='ocrx_word' id='word_1_343' title='bbox 1705 525 1777 549; x_wconf 87' lang='lat' dir='ltr'><strong>eam</strong></span> <span class='ocrx_word' id='word_1_344' title='bbox 1791 516 1859 549; x_wconf 87' lang='lat' dir='ltr'><strong>dis-</strong></span> 
     </span>
     <span class='ocr_line' id='line_1_54' title="bbox 1078 571 1859 614; baseline 0 -12"><span class='ocrx_word' id='word_1_345' title='bbox 1078 573 1188 611; x_wconf 89' lang='lat' dir='ltr'><strong>penset</strong></span> <span class='ocrx_word' id='word_1_346' title='bbox 1203 572 1236 603; x_wconf 93' lang='lat' dir='ltr'><strong>in</strong></span> <span class='ocrx_word' id='word_1_347' title='bbox 1249 572 1303 604; x_wconf 86' lang='lat' dir='ltr'><strong>his</strong></span> <span class='ocrx_word' id='word_1_348' title='bbox 1315 572 1426 612; x_wconf 90' lang='lat' dir='ltr'><strong>rebus,</strong></span> <span class='ocrx_word' id='word_1_349' title='bbox 1442 581 1524 614; x_wconf 82' lang='lat' dir='ltr'><strong>quas</strong></span> <span class='ocrx_word' id='word_1_350' title='bbox 1543 571 1696 604; x_wconf 86' lang='lat' dir='ltr'><strong>fratribus</strong></span> <span class='ocrx_word' id='word_1_351' title='bbox 1715 571 1790 603; x_wconf 87' lang='lat' dir='ltr'><strong>licet</strong></span> <span class='ocrx_word' id='word_1_352' title='bbox 1803 579 1859 602; x_wconf 88' lang='lat' dir='ltr'><strong>ac-</strong></span> 
     </span>
     <span class='ocr_line' id='line_1_55' title="bbox 1077 624 1860 667; baseline 0.001 -12"><span class='ocrx_word' id='word_1_353' title='bbox 1077 624 1185 666; x_wconf 88' lang='lat' dir='ltr'><strong>cipere</strong></span> <span class='ocrx_word' id='word_1_354' title='bbox 1193 636 1201 657; x_wconf 89' lang='lat'>:</span> <span class='ocrx_word' id='word_1_355' title='bbox 1212 626 1297 658; x_wconf 83' lang='lat' dir='ltr'><strong>etsie</strong></span> <span class='ocrx_word' id='word_1_356' title='bbox 1307 626 1444 667; x_wconf 85' lang='lat' dir='ltr'><strong>pecunia</strong></span> <span class='ocrx_word' id='word_1_357' title='bbox 1450 624 1504 658; x_wconf 86' lang='lat' dir='ltr'><strong>illa</strong></span> <span class='ocrx_word' id='word_1_358' title='bbox 1510 634 1568 667; x_wconf 89' lang='lat' dir='ltr'><strong>per</strong></span> <span class='ocrx_word' id='word_1_359' title='bbox 1577 633 1860 666; x_wconf 86' lang='lat' dir='ltr'><strong>quorumcumque</strong></span> 
     </span>
     <span class='ocr_line' id='line_1_56' title="bbox 1078 679 1859 721; baseline 0 -11"><span class='ocrx_word' id='word_1_360' title='bbox 1078 687 1194 711; x_wconf 91' lang='lat' dir='ltr'><strong>manus</strong></span> <span class='ocrx_word' id='word_1_361' title='bbox 1208 682 1365 719; x_wconf 86' lang='lat' dir='ltr'><strong>transeat,</strong></span> <span class='ocrx_word' id='word_1_362' title='bbox 1381 679 1471 712; x_wconf 90' lang='lat' dir='ltr'><strong>nullo</strong></span> <span class='ocrx_word' id='word_1_363' title='bbox 1485 679 1580 712; x_wconf 90' lang='lat' dir='ltr'><strong>modo</strong></span> <span class='ocrx_word' id='word_1_364' title='bbox 1594 680 1716 721; x_wconf 85' lang='lat' dir='ltr'><strong>spectat</strong></span> <span class='ocrx_word' id='word_1_365' title='bbox 1728 679 1769 711; x_wconf 82' lang='lat' dir='ltr'><strong>ad</strong></span> <span class='ocrx_word' id='word_1_366' title='bbox 1791 679 1859 710; x_wconf 88' lang='lat' dir='ltr'><strong>fra-</strong></span> 
     </span>
     <span class='ocr_line' id='line_1_57' title="bbox 1078 732 1860 775; baseline 0.001 -11"><span class='ocrx_word' id='word_1_367' title='bbox 1078 735 1153 773; x_wconf 89' lang='lat' dir='ltr'><strong>tres,</strong></span> <span class='ocrx_word' id='word_1_368' title='bbox 1169 734 1247 775; x_wconf 87' lang='lat' dir='ltr'><strong>quia</strong></span> <span class='ocrx_word' id='word_1_369' title='bbox 1269 743 1398 775; x_wconf 90' lang='lat' dir='ltr'><strong>semper</strong></span> <span class='ocrx_word' id='word_1_370' title='bbox 1414 735 1462 766; x_wconf 85' lang='lat' dir='ltr'><strong>est</strong></span> <span class='ocrx_word' id='word_1_371' title='bbox 1482 733 1577 775; x_wconf 89' lang='lat' dir='ltr'><strong>primi</strong></span> <span class='ocrx_word' id='word_1_372' title='bbox 1604 733 1739 766; x_wconf 91' lang='lat' dir='ltr'><strong>domini.</strong></span> <span class='ocrx_word' id='word_1_373' title='bbox 1759 732 1799 765; x_wconf 87' lang='lat' dir='ltr'><strong>Et</strong></span> <span class='ocrx_word' id='word_1_374' title='bbox 1811 735 1860 765; x_wconf 87' lang='lat' dir='ltr'><strong>est</strong></span> 
     </span>
     <span class='ocr_line' id='line_1_58' title="bbox 1077 788 1858 830; baseline 0.001 -11"><span class='ocrx_word' id='word_1_375' title='bbox 1077 796 1134 828; x_wconf 90' lang='lat' dir='ltr'><strong>per</strong></span> <span class='ocrx_word' id='word_1_376' title='bbox 1156 788 1219 820; x_wconf 88' lang='lat' dir='ltr'><strong>hoc</strong></span> <span class='ocrx_word' id='word_1_377' title='bbox 1233 788 1452 828; x_wconf 90' lang='lat' dir='ltr'><strong>manifestum,</strong></span> <span class='ocrx_word' id='word_1_378' title='bbox 1468 788 1554 829; x_wconf 87' lang='lat' dir='ltr'><strong>quod</strong></span> <span class='ocrx_word' id='word_1_379' title='bbox 1578 797 1638 820; x_wconf 89' lang='lat' dir='ltr'><strong>nec</strong></span> <span class='ocrx_word' id='word_1_380' title='bbox 1651 797 1708 830; x_wconf 86' lang='lat' dir='ltr'><strong>per</strong></span> <span class='ocrx_word' id='word_1_381' title='bbox 1730 797 1775 828; x_wconf 91' lang='lat' dir='ltr'><strong>se,</strong></span> <span class='ocrx_word' id='word_1_382' title='bbox 1798 797 1858 820; x_wconf 83' lang='lat' dir='ltr'><strong>nec</strong></span> 
     </span>
     <span class='ocr_line' id='line_1_59' title="bbox 1078 842 1856 884; baseline 0.001 -11"><span class='ocrx_word' id='word_1_383' title='bbox 1078 851 1135 882; x_wconf 91' lang='lat' dir='ltr'><strong>per</strong></span> <span class='ocrx_word' id='word_1_384' title='bbox 1146 842 1369 884; x_wconf 85' lang='lat' dir='ltr'><strong>interpositam</strong></span> <span class='ocrx_word' id='word_1_385' title='bbox 1391 852 1562 884; x_wconf 88' lang='lat' dir='ltr'><strong>personam</strong></span> <span class='ocrx_word' id='word_1_386' title='bbox 1588 852 1659 874; x_wconf 89' lang='lat' dir='ltr'><strong>eam</strong></span> <span class='ocrx_word' id='word_1_387' title='bbox 1685 842 1856 884; x_wconf 89' lang='lat' dir='ltr'><strong>recipiunt.</strong></span> 
     </span>
     <span class='ocr_line' id='line_1_60' title="bbox 1076 894 1858 936; baseline 0.003 -10"><span class='ocrx_word' id='word_1_388' title='bbox 1076 894 1190 928; x_wconf 90' lang='lat' dir='ltr'><strong>Fateor</strong></span> <span class='ocrx_word' id='word_1_389' title='bbox 1203 905 1312 928; x_wconf 91' lang='lat' dir='ltr'><strong>coram</strong></span> <span class='ocrx_word' id='word_1_390' title='bbox 1326 897 1402 936; x_wconf 93' lang='lat' dir='ltr'><strong>Deo,</strong></span> <span class='ocrx_word' id='word_1_391' title='bbox 1428 897 1473 929; x_wconf 83' lang='lat' dir='ltr'><strong>ita</strong></span> <span class='ocrx_word' id='word_1_392' title='bbox 1494 905 1562 929; x_wconf 90' lang='lat' dir='ltr'><strong>esse</strong></span> <span class='ocrx_word' id='word_1_393' title='bbox 1586 905 1701 928; x_wconf 84' lang='lat' dir='ltr'><strong>verum</strong></span> <span class='ocrx_word' id='word_1_394' title='bbox 1722 896 1758 928; x_wconf 89' lang='lat' dir='ltr'><strong>in</strong></span> <span class='ocrx_word' id='word_1_395' title='bbox 1780 905 1858 928; x_wconf 89' lang='lat' dir='ltr'><strong>con-</strong></span> 
     </span>
     <span class='ocr_line' id='line_1_61' title="bbox 1075 950 1859 990; baseline 0 -8"><span class='ocrx_word' id='word_1_396' title='bbox 1075 951 1216 982; x_wconf 89' lang='lat' dir='ltr'><strong>scientiis</strong></span> <span class='ocrx_word' id='word_1_397' title='bbox 1228 952 1376 984; x_wconf 80' lang='lat' dir='ltr'><strong>fratrum.</strong></span> <span class='ocrx_word' id='word_1_398' title='bbox 1393 951 1486 990; x_wconf 87' lang='lat' dir='ltr'><strong>Quod</strong></span> <span class='ocrx_word' id='word_1_399' title='bbox 1497 951 1523 983; x_wconf 90' lang='lat' dir='ltr'><strong>si</strong></span> <span class='ocrx_word' id='word_1_400' title='bbox 1534 950 1614 982; x_wconf 88' lang='lat' dir='ltr'><strong>mihi</strong></span> <span class='ocrx_word' id='word_1_401' title='bbox 1624 951 1705 982; x_wconf 85' lang='lat' dir='ltr'><strong>forte</strong></span> <span class='ocrx_word' id='word_1_402' title='bbox 1717 959 1784 982; x_wconf 92' lang='lat' dir='ltr'><strong>non</strong></span> <span class='ocrx_word' id='word_1_403' title='bbox 1792 959 1859 983; x_wconf 88' lang='lat' dir='ltr'><strong>cre-</strong></span> 
     </span>
     <span class='ocr_line' id='line_1_62' title="bbox 1076 1005 1857 1047; baseline 0.003 -11"><span class='ocrx_word' id='word_1_404' title='bbox 1076 1005 1136 1044; x_wconf 84' lang='lat' dir='ltr'><strong>dis,</strong></span> <span class='ocrx_word' id='word_1_405' title='bbox 1150 1008 1259 1038; x_wconf 85' lang='lat' dir='ltr'><strong>tamen</strong></span> <span class='ocrx_word' id='word_1_406' title='bbox 1281 1007 1343 1047; x_wconf 90' lang='lat' dir='ltr'><strong>ipsi</strong></span> <span class='ocrx_word' id='word_1_407' title='bbox 1358 1006 1494 1038; x_wconf 90' lang='lat' dir='ltr'><strong>Domino</strong></span> <span class='ocrx_word' id='word_1_408' title='bbox 1509 1005 1615 1047; x_wconf 82' lang='lat' dir='ltr'><strong>Papae,</strong></span> <span class='ocrx_word' id='word_1_409' title='bbox 1637 1005 1695 1046; x_wconf 90' lang='lat' dir='ltr'><strong>qui</strong></span> <span class='ocrx_word' id='word_1_410' title='bbox 1716 1005 1752 1037; x_wconf 91' lang='lat' dir='ltr'><strong>in</strong></span> <span class='ocrx_word' id='word_1_411' title='bbox 1765 1006 1857 1038; x_wconf 87' lang='lat' dir='ltr'><strong>utro-</strong></span> 
     </span>
     <span class='ocr_line' id='line_1_63' title="bbox 1075 1059 1860 1101; baseline 0.003 -11"><span class='ocrx_word' id='word_1_412' title='bbox 1075 1061 1154 1100; x_wconf 87' lang='lat' dir='ltr'><strong>quej</strong></span> <span class='ocrx_word' id='word_1_413' title='bbox 1162 1069 1219 1091; x_wconf 89' lang='lat' dir='ltr'><strong>ure</strong></span> <span class='ocrx_word' id='word_1_414' title='bbox 1228 1059 1363 1101; x_wconf 82' lang='lat' dir='ltr'><strong>peritus,</strong></span> <span class='ocrx_word' id='word_1_415' title='bbox 1373 1059 1495 1091; x_wconf 88' lang='lat' dir='ltr'><strong>ordinis</strong></span> <span class='ocrx_word' id='word_1_416' title='bbox 1504 1062 1536 1091; x_wconf 91' lang='lat' dir='ltr'><strong>et</strong></span> <span class='ocrx_word' id='word_1_417' title='bbox 1544 1059 1746 1100; x_wconf 88' lang='lat' dir='ltr'><strong>perfectionis</strong></span> <span class='ocrx_word' id='word_1_418' title='bbox 1756 1068 1860 1092; x_wconf 84' lang='lat' dir='ltr'><strong>aemu-</strong></span> 
     </span>
     <span class='ocr_line' id='line_1_64' title="bbox 1076 1113 1858 1156; baseline 0.001 -11"><span class='ocrx_word' id='word_1_419' title='bbox 1076 1113 1167 1154; x_wconf 87' lang='lat' dir='ltr'><strong>lator,</strong></span> <span class='ocrx_word' id='word_1_420' title='bbox 1184 1115 1251 1156; x_wconf 87' lang='lat' dir='ltr'><strong>qui,</strong></span> <span class='ocrx_word' id='word_1_421' title='bbox 1266 1117 1303 1146; x_wconf 89' lang='lat' dir='ltr'><strong>ut</strong></span> <span class='ocrx_word' id='word_1_422' title='bbox 1317 1115 1384 1156; x_wconf 86' lang='lat' dir='ltr'><strong>ipse</strong></span> <span class='ocrx_word' id='word_1_423' title='bbox 1400 1116 1546 1154; x_wconf 87' lang='lat' dir='ltr'><strong>testatur,</strong></span> <span class='ocrx_word' id='word_1_424' title='bbox 1562 1114 1596 1146; x_wconf 93' lang='lat' dir='ltr'><strong>in</strong></span> <span class='ocrx_word' id='word_1_425' title='bbox 1610 1113 1791 1146; x_wconf 81' lang='lat' dir='ltr'><strong>conditione</strong></span> <span class='ocrx_word' id='word_1_426' title='bbox 1806 1123 1858 1146; x_wconf 87' lang='lat' dir='ltr'><strong>re-</strong></span> 
     </span>
     <span class='ocr_line' id='line_1_65' title="bbox 1076 1163 1858 1210; baseline 0.001 -11"><span class='ocrx_word' id='word_1_427' title='bbox 1076 1168 1164 1208; x_wconf 82' lang='lat' dir='ltr'><strong>gulae</strong></span> <span class='ocrx_word' id='word_1_428' title='bbox 1188 1168 1222 1200; x_wconf 90' lang='lat' dir='ltr'><strong>B.</strong></span> <span class='ocrx_word' id='word_1_429' title='bbox 1249 1168 1417 1200; x_wconf 83' lang='lat' dir='ltr'><strong>Francisco</strong></span> <span class='ocrx_word' id='word_1_430' title='bbox 1440 1168 1550 1208; x_wconf 88' lang='lat' dir='ltr'><strong>astitit,</strong></span> <span class='ocrx_word' id='word_1_431' title='bbox 1575 1171 1606 1200; x_wconf 86' lang='lat' dir='ltr'><strong>et</strong></span> <span class='ocrx_word' id='word_1_432' title='bbox 1631 1163 1703 1209; x_wconf 71' lang='lat' dir='ltr'><strong>ejus</strong></span> <span class='ocrx_word' id='word_1_433' title='bbox 1725 1168 1858 1210; x_wconf 89' lang='lat' dir='ltr'><strong>plenum</strong></span> 
     </span>
     <span class='ocr_line' id='line_1_66' title="bbox 1077 1222 1856 1264; baseline 0.001 -11"><span class='ocrx_word' id='word_1_434' title='bbox 1077 1222 1273 1254; x_wconf 84' lang='lat' dir='ltr'><strong>intellectum</strong></span> <span class='ocrx_word' id='word_1_435' title='bbox 1287 1223 1421 1263; x_wconf 85' lang='lat' dir='ltr'><strong>agnovit</strong></span> <span class='ocrx_word' id='word_1_436' title='bbox 1432 1232 1440 1254; x_wconf 91' lang='lat'><strong>:</strong></span> <span class='ocrx_word' id='word_1_437' title='bbox 1451 1223 1508 1264; x_wconf 84' lang='lat' dir='ltr'><strong>qui</strong></span> <span class='ocrx_word' id='word_1_438' title='bbox 1523 1223 1700 1264; x_wconf 82' lang='lat' dir='ltr'><strong>requisitus</strong></span> <span class='ocrx_word' id='word_1_439' title='bbox 1714 1232 1734 1255; x_wconf 85' lang='lat' dir='ltr'><strong>a</strong></span> <span class='ocrx_word' id='word_1_440' title='bbox 1748 1223 1856 1255; x_wconf 80' lang='lat' dir='ltr'><strong>fratri-</strong></span> 
     </span>
     <span class='ocr_line' id='line_1_67' title="bbox 1077 1276 1859 1318; baseline 0.003 -11"><span class='ocrx_word' id='word_1_441' title='bbox 1077 1276 1151 1316; x_wconf 81' lang='lat' dir='ltr'><strong>bus,</strong></span> <span class='ocrx_word' id='word_1_442' title='bbox 1181 1277 1267 1317; x_wconf 87' lang='lat' dir='ltr'><strong>dicit,</strong></span> <span class='ocrx_word' id='word_1_443' title='bbox 1297 1277 1382 1318; x_wconf 90' lang='lat' dir='ltr'><strong>quod</strong></span> <span class='ocrx_word' id='word_1_444' title='bbox 1415 1289 1430 1307; x_wconf 72' lang='lat' dir='ltr'><strong>a</strong></span> <span class='ocrx_word' id='word_1_445' title='bbox 1459 1278 1572 1309; x_wconf 82' lang='lat' dir='ltr'><strong>tratres</strong></span> <span class='ocrx_word' id='word_1_446' title='bbox 1600 1277 1784 1310; x_wconf 89' lang='lat' dir='ltr'><strong>volentibus</strong></span> <span class='ocrx_word' id='word_1_447' title='bbox 1798 1278 1859 1310; x_wconf 89' lang='lat' dir='ltr'><strong>sibi</strong></span> 
     </span>
     <span class='ocr_line' id='line_1_68' title="bbox 1077 1331 1859 1372; baseline 0.003 -10"><span class='ocrx_word' id='word_1_448' title='bbox 1077 1331 1297 1372; x_wconf 75' lang='lat' dir='ltr'><strong>eleemosynas</strong></span> <span class='ocrx_word' id='word_1_449' title='bbox 1332 1332 1451 1370; x_wconf 88' lang='lat' dir='ltr'><strong>facere,</strong></span> <span class='ocrx_word' id='word_1_450' title='bbox 1476 1333 1611 1372; x_wconf 85' lang='lat' dir='ltr'><strong>possunt</strong></span> <span class='ocrx_word' id='word_1_451' title='bbox 1641 1332 1768 1364; x_wconf 82' lang='lat' dir='ltr'><strong>fidelem</strong></span> <span class='ocrx_word' id='word_1_452' title='bbox 1797 1332 1859 1364; x_wconf 94' lang='lat' dir='ltr'><strong>ali-</strong></span> 
     </span>
     <span class='ocr_line' id='line_1_69' title="bbox 1076 1385 1859 1427; baseline 0.003 -11"><span class='ocrx_word' id='word_1_453' title='bbox 1076 1394 1174 1425; x_wconf 86' lang='lat' dir='ltr'><strong>quem</strong></span> <span class='ocrx_word' id='word_1_454' title='bbox 1202 1388 1397 1426; x_wconf 79' lang='lat' dir='ltr'><strong>praesentare</strong></span> <span class='ocrx_word' id='word_1_455' title='bbox 1411 1397 1418 1417; x_wconf 71' lang='grc' dir='ltr'>ε</span> <span class='ocrx_word' id='word_1_456' title='bbox 1434 1385 1489 1427; x_wconf 84' lang='lat' dir='ltr'><strong>qui</strong></span> <span class='ocrx_word' id='word_1_457' title='bbox 1517 1385 1623 1416; x_wconf 88' lang='lat' dir='ltr'><strong>taliter</strong></span> <span class='ocrx_word' id='word_1_458' title='bbox 1646 1388 1859 1426; x_wconf 77' lang='lat' dir='ltr'><strong>praesentatus</strong></span> 
     </span>
     <span class='ocr_line' id='line_1_70' title="bbox 1077 1439 1857 1481; baseline 0.004 -11"><span class='ocrx_word' id='word_1_459' title='bbox 1077 1449 1142 1470; x_wconf 89' lang='lat' dir='ltr'><strong>non</strong></span> <span class='ocrx_word' id='word_1_460' title='bbox 1156 1443 1203 1471; x_wconf 87' lang='lat' dir='ltr'><strong>est</strong></span> <span class='ocrx_word' id='word_1_461' title='bbox 1217 1449 1332 1472; x_wconf 89' lang='lat' dir='ltr'><strong>eorum</strong></span> <span class='ocrx_word' id='word_1_462' title='bbox 1349 1439 1497 1478; x_wconf 89' lang='lat' dir='ltr'><strong>nuntius,</strong></span> <span class='ocrx_word' id='word_1_463' title='bbox 1513 1439 1567 1470; x_wconf 87' lang='lat' dir='ltr'><strong>sed</strong></span> <span class='ocrx_word' id='word_1_464' title='bbox 1583 1439 1670 1471; x_wconf 88' lang='lat' dir='ltr'><strong>illius</strong></span> <span class='ocrx_word' id='word_1_465' title='bbox 1682 1441 1789 1481; x_wconf 84' lang='lat' dir='ltr'><strong>potius</strong></span> <span class='ocrx_word' id='word_1_466' title='bbox 1801 1450 1857 1473; x_wconf 91' lang='lat' dir='ltr'><strong>cu-</strong></span> 
     </span>
     <span class='ocr_line' id='line_1_71' title="bbox 1073 1494 1860 1536; baseline 0.003 -12"><span class='ocrx_word' id='word_1_467' title='bbox 1073 1495 1130 1533; x_wconf 88' lang='lat' dir='ltr'><strong>jus</strong></span> <span class='ocrx_word' id='word_1_468' title='bbox 1145 1494 1295 1525; x_wconf 84' lang='lat' dir='ltr'><strong>mandato</strong></span> <span class='ocrx_word' id='word_1_469' title='bbox 1306 1494 1499 1526; x_wconf 89' lang='lat' dir='ltr'><strong>solutionem</strong></span> <span class='ocrx_word' id='word_1_470' title='bbox 1511 1494 1596 1532; x_wconf 87' lang='lat' dir='ltr'><strong>facit,</strong></span> <span class='ocrx_word' id='word_1_471' title='bbox 1608 1503 1665 1526; x_wconf 84' lang='lat' dir='ltr'><strong>seu</strong></span> <span class='ocrx_word' id='word_1_472' title='bbox 1679 1495 1860 1536; x_wconf 87' lang='lat' dir='ltr'><strong>recipientis</strong></span> 
     </span>
     <span class='ocr_line' id='line_1_72' title="bbox 1079 1548 1861 1588; baseline 0.004 -10"><span class='ocrx_word' id='word_1_473' title='bbox 1079 1548 1237 1579; x_wconf 82' lang='lat' dir='ltr'><strong>eamdem.</strong></span> <span class='ocrx_word' id='word_1_474' title='bbox 1254 1559 1269 1577; x_wconf 78' lang='lat'><strong>1&gt;</strong></span> <span class='ocrx_word' id='word_1_475' title='bbox 1291 1548 1366 1580; x_wconf 80' lang='lat' dir='ltr'><strong>llaec</strong></span> <span class='ocrx_word' id='word_1_476' title='bbox 1382 1550 1457 1579; x_wconf 90' lang='lat' dir='ltr'><strong>sunt</strong></span> <span class='ocrx_word' id='word_1_477' title='bbox 1472 1548 1571 1579; x_wconf 84' lang='lat' dir='ltr'><strong>verba</strong></span> <span class='ocrx_word' id='word_1_478' title='bbox 1593 1548 1704 1588; x_wconf 78' lang='lat' dir='ltr'><strong>ipsius.</strong></span> <span class='ocrx_word' id='word_1_479' title='bbox 1723 1548 1802 1587; x_wconf 83' lang='lat' dir='ltr'><strong>Quis</strong></span> <span class='ocrx_word' id='word_1_480' title='bbox 1816 1550 1861 1581; x_wconf 82' lang='lat' dir='ltr'><strong>ita</strong></span> 
     </span>
     <span class='ocr_line' id='line_1_73' title="bbox 1078 1601 1862 1642; baseline 0.005 -10"><span class='ocrx_word' id='word_1_481' title='bbox 1078 1601 1204 1642; x_wconf 87' lang='lat' dir='ltr'><strong>desipit,</strong></span> <span class='ocrx_word' id='word_1_482' title='bbox 1221 1604 1257 1633; x_wconf 90' lang='lat' dir='ltr'><strong>ut</strong></span> <span class='ocrx_word' id='word_1_483' title='bbox 1271 1602 1297 1633; x_wconf 90' lang='lat' dir='ltr'><strong>si</strong></span> <span class='ocrx_word' id='word_1_484' title='bbox 1311 1602 1414 1633; x_wconf 86' lang='lat' dir='ltr'><strong>dicam</strong></span> <span class='ocrx_word' id='word_1_485' title='bbox 1430 1601 1525 1633; x_wconf 86' lang='lat' dir='ltr'><strong>alicui</strong></span> <span class='ocrx_word' id='word_1_486' title='bbox 1539 1613 1545 1633; x_wconf 94' lang='lat'>:</span> <span class='ocrx_word' id='word_1_487' title='bbox 1564 1601 1625 1633; x_wconf 88' lang='lat' dir='ltr'><strong>Iste</strong></span> <span class='ocrx_word' id='word_1_488' title='bbox 1640 1602 1774 1635; x_wconf 79' lang='lat' dir='ltr'><strong>fideliter</strong></span> <span class='ocrx_word' id='word_1_489' title='bbox 1784 1612 1862 1636; x_wconf 80' lang='lat' dir='ltr'><strong>exe-</strong></span> 
     </span>
     <span class='ocr_line' id='line_1_74' title="bbox 1077 1655 1860 1698; baseline 0.006 -13"><span class='ocrx_word' id='word_1_490' title='bbox 1077 1657 1196 1695; x_wconf 85' lang='lat' dir='ltr'><strong>quetur</strong></span> <span class='ocrx_word' id='word_1_491' title='bbox 1211 1655 1518 1696; x_wconf 84' lang='lat' dir='ltr'><strong>velcustodietquod</strong></span> <span class='ocrx_word' id='word_1_492' title='bbox 1529 1656 1558 1687; x_wconf 83' lang='lat' dir='ltr'><strong>ei</strong></span> <span class='ocrx_word' id='word_1_493' title='bbox 1569 1656 1761 1696; x_wconf 86' lang='lat' dir='ltr'><strong>committes,</strong></span> <span class='ocrx_word' id='word_1_494' title='bbox 1773 1658 1860 1698; x_wconf 88' lang='lat' dir='ltr'><strong>quod</strong></span> 
     </span>
     <span class='ocr_line' id='line_1_75' title="bbox 1078 1709 1861 1750; baseline 0.004 -10"><span class='ocrx_word' id='word_1_495' title='bbox 1078 1712 1208 1750; x_wconf 85' lang='lat' dir='ltr'><strong>propter</strong></span> <span class='ocrx_word' id='word_1_496' title='bbox 1242 1710 1300 1741; x_wconf 87' lang='lat' dir='ltr'><strong>hoc</strong></span> <span class='ocrx_word' id='word_1_497' title='bbox 1334 1709 1490 1750; x_wconf 90' lang='lat' dir='ltr'><strong>quidquid</strong></span> <span class='ocrx_word' id='word_1_498' title='bbox 1518 1709 1571 1740; x_wconf 90' lang='lat' dir='ltr'><strong>ille</strong></span> <span class='ocrx_word' id='word_1_499' title='bbox 1599 1711 1753 1750; x_wconf 75' lang='lat' dir='ltr'><strong>acceperit</strong></span> <span class='ocrx_word' id='word_1_500' title='bbox 1766 1736 1774 1750; x_wconf 98' lang='lat'><strong>,</strong></span> <span class='ocrx_word' id='word_1_501' title='bbox 1806 1712 1861 1743; x_wconf 80' lang='lat' dir='ltr'><strong>fiat</strong></span> 
     </span>
     <span class='ocr_line' id='line_1_76' title="bbox 1079 1763 1861 1800; baseline 0.006 -7"><span class='ocrx_word' id='word_1_502' title='bbox 1079 1772 1199 1800; x_wconf 84' lang='lat' dir='ltr'><strong>mcum,</strong></span> <span class='ocrx_word' id='word_1_503' title='bbox 1217 1772 1290 1794; x_wconf 86' lang='lat' dir='ltr'><strong>cum</strong></span> <span class='ocrx_word' id='word_1_504' title='bbox 1306 1763 1403 1794; x_wconf 85' lang='lat' dir='ltr'><strong>etiam</strong></span> <span class='ocrx_word' id='word_1_505' title='bbox 1417 1763 1490 1794; x_wconf 85' lang='lat' dir='ltr'><strong>licet</strong></span> <span class='ocrx_word' id='word_1_506' title='bbox 1502 1763 1572 1795; x_wconf 86' lang='lat' dir='ltr'><strong>haec</strong></span> <span class='ocrx_word' id='word_1_507' title='bbox 1586 1764 1686 1795; x_wconf 86' lang='lat' dir='ltr'><strong>verba</strong></span> <span class='ocrx_word' id='word_1_508' title='bbox 1699 1774 1767 1797; x_wconf 92' lang='lat' dir='ltr'><strong>non</strong></span> <span class='ocrx_word' id='word_1_509' title='bbox 1779 1775 1861 1797; x_wconf 89' lang='lat' dir='ltr'><strong>sem-</strong></span> 
     </span>
     <span class='ocr_line' id='line_1_77' title="bbox 1078 1817 1859 1861; baseline 0.008 -14"><span class='ocrx_word' id='word_1_510' title='bbox 1078 1826 1134 1857; x_wconf 89' lang='lat' dir='ltr'><strong>per</strong></span> <span class='ocrx_word' id='word_1_511' title='bbox 1149 1817 1386 1857; x_wconf 78' lang='lat' dir='ltr'><strong>exprimantur,</strong></span> <span class='ocrx_word' id='word_1_512' title='bbox 1402 1827 1529 1858; x_wconf 88' lang='lat' dir='ltr'><strong>semper</strong></span> <span class='ocrx_word' id='word_1_513' title='bbox 1542 1820 1650 1850; x_wconf 88' lang='lat' dir='ltr'><strong>tamen</strong></span> <span class='ocrx_word' id='word_1_514' title='bbox 1665 1819 1803 1852; x_wconf 79' lang='lat' dir='ltr'><strong>habetur</strong></span> <span class='ocrx_word' id='word_1_515' title='bbox 1819 1821 1859 1861; x_wconf 84' lang='grc' dir='ltr'><strong>(α)</strong></span> 
     </span>
     <span class='ocr_line' id='line_1_78' title="bbox 1078 1870 1862 1912; baseline 0.006 -11"><span class='ocrx_word' id='word_1_516' title='bbox 1078 1870 1110 1901; x_wconf 92' lang='lat' dir='ltr'><strong>in</strong></span> <span class='ocrx_word' id='word_1_517' title='bbox 1127 1871 1232 1909; x_wconf 82' lang='lat' dir='ltr'><strong>corde,</strong></span> <span class='ocrx_word' id='word_1_518' title='bbox 1248 1873 1279 1902; x_wconf 89' lang='lat' dir='ltr'><strong>et</strong></span> <span class='ocrx_word' id='word_1_519' title='bbox 1296 1880 1422 1912; x_wconf 84' lang='lat' dir='ltr'><strong>semper</strong></span> <span class='ocrx_word' id='word_1_520' title='bbox 1437 1871 1477 1902; x_wconf 84' lang='lat' dir='ltr'><strong>ab</strong></span> <span class='ocrx_word' id='word_1_521' title='bbox 1492 1871 1563 1903; x_wconf 87' lang='lat' dir='ltr'><strong>aliis</strong></span> <span class='ocrx_word' id='word_1_522' title='bbox 1575 1872 1736 1905; x_wconf 88' lang='lat' dir='ltr'><strong>credimus</strong></span> <span class='ocrx_word' id='word_1_523' title='bbox 1750 1874 1794 1905; x_wconf 89' lang='lat' dir='ltr'><strong>sic</strong></span> <span class='ocrx_word' id='word_1_524' title='bbox 1809 1883 1862 1906; x_wconf 89' lang='lat' dir='ltr'><strong>ac-</strong></span> 
     </span>
     <span class='ocr_line' id='line_1_79' title="bbox 1078 1925 1860 1969; baseline 0.006 -14"><span class='ocrx_word' id='word_1_525' title='bbox 1078 1925 1166 1965; x_wconf 81' lang='lat' dir='ltr'><strong>cipi?</strong></span> <span class='ocrx_word' id='word_1_526' title='bbox 1179 1925 1257 1962; x_wconf 84' lang='lat' dir='ltr'><strong>Quis</strong></span> <span class='ocrx_word' id='word_1_527' title='bbox 1272 1934 1351 1965; x_wconf 83' lang='lat' dir='ltr'><strong>ergo</strong></span> <span class='ocrx_word' id='word_1_528' title='bbox 1367 1928 1432 1956; x_wconf 90' lang='lat' dir='ltr'><strong>tam</strong></span> <span class='ocrx_word' id='word_1_529' title='bbox 1448 1926 1626 1967; x_wconf 89' lang='lat' dir='ltr'><strong>improbus,</strong></span> <span class='ocrx_word' id='word_1_530' title='bbox 1637 1930 1674 1958; x_wconf 91' lang='lat' dir='ltr'><strong>ut</strong></span> <span class='ocrx_word' id='word_1_531' title='bbox 1687 1927 1860 1969; x_wconf 83' lang='lat' dir='ltr'><strong>impugna-</strong></span> 
     </span>
     <span class='ocr_line' id='line_1_80' title="bbox 1080 1979 1859 2020; baseline 0.006 -11"><span class='ocrx_word' id='word_1_532' title='bbox 1080 1981 1127 2009; x_wconf 80' lang='lat' dir='ltr'><strong>ret</strong></span> <span class='ocrx_word' id='word_1_533' title='bbox 1141 1979 1223 2010; x_wconf 84' lang='lat' dir='ltr'><strong>hanc</strong></span> <span class='ocrx_word' id='word_1_534' title='bbox 1243 1980 1424 2017; x_wconf 77' lang='lat' dir='ltr'><strong>veritatem,</strong></span> <span class='ocrx_word' id='word_1_535' title='bbox 1450 1988 1508 2020; x_wconf 87' lang='lat' dir='ltr'><strong>per</strong></span> <span class='ocrx_word' id='word_1_536' title='bbox 1535 1982 1697 2012; x_wconf 88' lang='lat' dir='ltr'><strong>tantorum</strong></span> <span class='ocrx_word' id='word_1_537' title='bbox 1713 1982 1859 2014; x_wconf 91' lang='lat' dir='ltr'><strong>virorum</strong></span> 
     </span>
     <span class='ocr_line' id='line_1_81' title="bbox 1079 2033 1858 2076; baseline 0.006 -13"><span class='ocrx_word' id='word_1_538' title='bbox 1079 2033 1304 2064; x_wconf 76' lang='lat' dir='ltr'><strong>censcientiam</strong></span> <span class='ocrx_word' id='word_1_539' title='bbox 1324 2042 1436 2064; x_wconf 82' lang='lat' dir='ltr'><strong>sanam</strong></span> <span class='ocrx_word' id='word_1_540' title='bbox 1460 2035 1491 2064; x_wconf 90' lang='lat' dir='ltr'><strong>et</strong></span> <span class='ocrx_word' id='word_1_541' title='bbox 1516 2033 1696 2074; x_wconf 83' lang='lat' dir='ltr'><strong>discretam,</strong></span> <span class='ocrx_word' id='word_1_542' title='bbox 1714 2044 1772 2076; x_wconf 84' lang='lat' dir='ltr'><strong>per</strong></span> <span class='ocrx_word' id='word_1_543' title='bbox 1786 2038 1858 2068; x_wconf 80' lang='lat' dir='ltr'><strong>tan-</strong></span> 
     </span>
     <span class='ocr_line' id='line_1_82' title="bbox 1080 2086 1860 2130; baseline 0.006 -13"><span class='ocrx_word' id='word_1_544' title='bbox 1080 2089 1145 2117; x_wconf 84' lang='lat' dir='ltr'><strong>tam</strong></span> <span class='ocrx_word' id='word_1_545' title='bbox 1161 2086 1206 2118; x_wconf 87' lang='lat' dir='ltr'><strong>rei</strong></span> <span class='ocrx_word' id='word_1_546' title='bbox 1219 2086 1424 2126; x_wconf 82' lang='lat' dir='ltr'><strong>evidentiam,</strong></span> <span class='ocrx_word' id='word_1_547' title='bbox 1441 2089 1471 2118; x_wconf 86' lang='lat' dir='ltr'><strong>ct</strong></span> <span class='ocrx_word' id='word_1_548' title='bbox 1486 2089 1522 2118; x_wconf 90' lang='lat' dir='ltr'><strong>ut</strong></span> <span class='ocrx_word' id='word_1_549' title='bbox 1536 2087 1616 2119; x_wconf 88' lang='lat' dir='ltr'><strong>nihil</strong></span> <span class='ocrx_word' id='word_1_550' title='bbox 1629 2088 1719 2128; x_wconf 87' lang='lat' dir='ltr'><strong>desit,</strong></span> <span class='ocrx_word' id='word_1_551' title='bbox 1732 2098 1789 2130; x_wconf 88' lang='lat' dir='ltr'><strong>per</strong></span> <span class='ocrx_word' id='word_1_552' title='bbox 1805 2089 1860 2122; x_wconf 88' lang='lat' dir='ltr'><strong>Se-</strong></span> 
     </span>
     <span class='ocr_line' id='line_1_83' title="bbox 1078 2141 1854 2184; baseline 0.008 -13"><span class='ocrx_word' id='word_1_553' title='bbox 1078 2141 1151 2172; x_wconf 88' lang='lat' dir='ltr'><strong>dem</strong></span> <span class='ocrx_word' id='word_1_554' title='bbox 1167 2141 1380 2181; x_wconf 79' lang='lat' dir='ltr'><strong>Apostolicam</strong></span> <span class='ocrx_word' id='word_1_555' title='bbox 1395 2142 1640 2173; x_wconf 83' lang='lat' dir='ltr'><strong>confirmatam?</strong></span> <span class='ocrx_word' id='word_1_556' title='bbox 1649 2142 1759 2175; x_wconf 89' lang='lat' dir='ltr'><strong>Certus</strong></span> <span class='ocrx_word' id='word_1_557' title='bbox 1768 2153 1854 2184; x_wconf 87' lang='lat' dir='ltr'><strong>sum,</strong></span> 
     </span>
     <span class='ocr_line' id='line_1_84' title="bbox 1079 2194 1645 2235; baseline 0.004 -10"><span class='ocrx_word' id='word_1_558' title='bbox 1079 2195 1165 2235; x_wconf 88' lang='lat' dir='ltr'><strong>quod</strong></span> <span class='ocrx_word' id='word_1_559' title='bbox 1182 2194 1252 2225; x_wconf 88' lang='lat' dir='ltr'><strong>talis</strong></span> <span class='ocrx_word' id='word_1_560' title='bbox 1269 2195 1305 2235; x_wconf 83' lang='lat' dir='ltr'><strong>(b)</strong></span> <span class='ocrx_word' id='word_1_561' title='bbox 1324 2195 1461 2235; x_wconf 86' lang='lat' dir='ltr'><strong>portabit</strong></span> <span class='ocrx_word' id='word_1_562' title='bbox 1475 2195 1645 2235; x_wconf 76' lang='lat' dir='ltr'><strong>judicIum.</strong></span> 
     </span>
    </p>

    <p class='ocr_par' dir='ltr' id='par_1_5' title="bbox 1077 2248 1860 2723">
     <span class='ocr_line' id='line_1_85' title="bbox 1120 2248 1857 2292; baseline 0.008 -13"><span class='ocrx_word' id='word_1_563' title='bbox 1120 2248 1163 2280; x_wconf 87' lang='lat' dir='ltr'><strong>De</strong></span> <span class='ocrx_word' id='word_1_564' title='bbox 1177 2249 1266 2279; x_wconf 87' lang='lat' dir='ltr'><strong>libris</strong></span> <span class='ocrx_word' id='word_1_565' title='bbox 1281 2252 1312 2280; x_wconf 89' lang='lat' dir='ltr'><strong>et</strong></span> <span class='ocrx_word' id='word_1_566' title='bbox 1321 2249 1515 2280; x_wconf 89' lang='lat' dir='ltr'><strong>utensilibus</strong></span> <span class='ocrx_word' id='word_1_567' title='bbox 1524 2250 1601 2290; x_wconf 84' lang='lat' dir='ltr'><strong>quid</strong></span> <span class='ocrx_word' id='word_1_568' title='bbox 1612 2251 1759 2292; x_wconf 85' lang='lat' dir='ltr'><strong>sentiam,</strong></span> <span class='ocrx_word' id='word_1_569' title='bbox 1769 2253 1857 2285; x_wconf 87' lang='lat' dir='ltr'><strong>audi.</strong></span> 
     </span>
     <span class='ocr_line' id='line_1_86' title="bbox 1079 2302 1860 2344; baseline 0.008 -11"><span class='ocrx_word' id='word_1_570' title='bbox 1079 2302 1200 2333; x_wconf 80' lang='lat' dir='ltr'><strong>Clamat</strong></span> <span class='ocrx_word' id='word_1_571' title='bbox 1217 2303 1332 2342; x_wconf 80' lang='lat' dir='ltr'><strong>regula</strong></span> <span class='ocrx_word' id='word_1_572' title='bbox 1347 2312 1496 2344; x_wconf 79' lang='lat' dir='ltr'><strong>expresse</strong></span> <span class='ocrx_word' id='word_1_573' title='bbox 1516 2303 1686 2344; x_wconf 85' lang='lat' dir='ltr'><strong>imponens</strong></span> <span class='ocrx_word' id='word_1_574' title='bbox 1708 2306 1860 2339; x_wconf 85' lang='lat' dir='ltr'><strong>fratribus</strong></span> 
     </span>
     <span class='ocr_line' id='line_1_87' title="bbox 1079 2357 1859 2398; baseline 0.008 -11"><span class='ocrx_word' id='word_1_575' title='bbox 1079 2357 1220 2388; x_wconf 83' lang='lat' dir='ltr'><strong>officium</strong></span> <span class='ocrx_word' id='word_1_576' title='bbox 1237 2357 1441 2397; x_wconf 58' lang='lat' dir='ltr'><strong>pranlicaudi,</strong></span> <span class='ocrx_word' id='word_1_577' title='bbox 1458 2357 1546 2398; x_wconf 84' lang='lat' dir='ltr'><strong>quod</strong></span> <span class='ocrx_word' id='word_1_578' title='bbox 1567 2367 1631 2389; x_wconf 92' lang='lat' dir='ltr'><strong>non</strong></span> <span class='ocrx_word' id='word_1_579' title='bbox 1646 2359 1739 2391; x_wconf 91' lang='lat' dir='ltr'><strong>credo</strong></span> <span class='ocrx_word' id='word_1_580' title='bbox 1753 2360 1788 2392; x_wconf 90' lang='lat' dir='ltr'><strong>in</strong></span> <span class='ocrx_word' id='word_1_581' title='bbox 1802 2361 1859 2392; x_wconf 89' lang='lat' dir='ltr'><strong>ali-</strong></span> 
     </span>
     <span class='ocr_line' id='line_1_88' title="bbox 1078 2411 1859 2454; baseline 0.008 -13"><span class='ocrx_word' id='word_1_582' title='bbox 1078 2420 1143 2450; x_wconf 85' lang='lat' dir='ltr'><strong>qua</strong></span> <span class='ocrx_word' id='word_1_583' title='bbox 1159 2411 1221 2441; x_wconf 83' lang='lat' dir='ltr'><strong>alia</strong></span> <span class='ocrx_word' id='word_1_584' title='bbox 1234 2411 1349 2450; x_wconf 78' lang='lat' dir='ltr'><strong>regula</strong></span> <span class='ocrx_word' id='word_1_585' title='bbox 1359 2411 1503 2452; x_wconf 90' lang='lat' dir='ltr'><strong>reperiri.</strong></span> <span class='ocrx_word' id='word_1_586' title='bbox 1521 2412 1554 2443; x_wconf 84' lang='lat' dir='ltr'><strong>Si</strong></span> <span class='ocrx_word' id='word_1_587' title='bbox 1570 2412 1672 2452; x_wconf 81' lang='lat' dir='ltr'><strong>igitur</strong></span> <span class='ocrx_word' id='word_1_588' title='bbox 1685 2414 1859 2454; x_wconf 61' lang='lat' dir='ltr'><strong>praedicare</strong></span> 
     </span>
     <span class='ocr_line' id='line_1_89' title="bbox 1079 2466 1859 2509; baseline 0.009 -14"><span class='ocrx_word' id='word_1_589' title='bbox 1079 2474 1143 2496; x_wconf 90' lang='lat' dir='ltr'><strong>non</strong></span> <span class='ocrx_word' id='word_1_590' title='bbox 1169 2466 1283 2497; x_wconf 80' lang='lat' dir='ltr'><strong>debent</strong></span> <span class='ocrx_word' id='word_1_591' title='bbox 1307 2466 1439 2505; x_wconf 79' lang='lat' dir='ltr'><strong>fabulas,</strong></span> <span class='ocrx_word' id='word_1_592' title='bbox 1471 2467 1526 2498; x_wconf 84' lang='lat' dir='ltr'><strong>sed</strong></span> <span class='ocrx_word' id='word_1_593' title='bbox 1554 2467 1653 2499; x_wconf 85' lang='lat' dir='ltr'><strong>verba</strong></span> <span class='ocrx_word' id='word_1_594' title='bbox 1674 2469 1800 2509; x_wconf 87' lang='lat' dir='ltr'><strong>divina;</strong></span> <span class='ocrx_word' id='word_1_595' title='bbox 1828 2473 1859 2502; x_wconf 88' lang='lat' dir='ltr'><strong>et</strong></span> 
     </span>
     <span class='ocr_line' id='line_1_90' title="bbox 1079 2519 1856 2562; baseline 0.009 -13"><span class='ocrx_word' id='word_1_596' title='bbox 1079 2519 1148 2550; x_wconf 78' lang='lat' dir='ltr'><strong>liaee</strong></span> <span class='ocrx_word' id='word_1_597' title='bbox 1164 2520 1244 2551; x_wconf 85' lang='lat' dir='ltr'><strong>scire</strong></span> <span class='ocrx_word' id='word_1_598' title='bbox 1269 2530 1333 2551; x_wconf 88' lang='lat' dir='ltr'><strong>non</strong></span> <span class='ocrx_word' id='word_1_599' title='bbox 1358 2523 1502 2561; x_wconf 84' lang='lat' dir='ltr'><strong>possunt,</strong></span> <span class='ocrx_word' id='word_1_600' title='bbox 1520 2521 1581 2552; x_wconf 90' lang='lat' dir='ltr'><strong>nisi</strong></span> <span class='ocrx_word' id='word_1_601' title='bbox 1597 2521 1722 2562; x_wconf 82' lang='lat' dir='ltr'><strong>legant;</strong></span> <span class='ocrx_word' id='word_1_602' title='bbox 1739 2533 1797 2555; x_wconf 90' lang='lat' dir='ltr'><strong>nec</strong></span> <span class='ocrx_word' id='word_1_603' title='bbox 1811 2524 1856 2556; x_wconf 86' lang='lat' dir='ltr'><strong>le-</strong></span> 
     </span>
     <span class='ocr_line' id='line_1_91' title="bbox 1078 2574 1855 2618; baseline 0.008 -14"><span class='ocrx_word' id='word_1_604' title='bbox 1078 2582 1165 2613; x_wconf 75' lang='lat' dir='ltr'><strong>gere,</strong></span> <span class='ocrx_word' id='word_1_605' title='bbox 1183 2574 1244 2604; x_wconf 88' lang='lat' dir='ltr'><strong>nisi</strong></span> <span class='ocrx_word' id='word_1_606' title='bbox 1259 2574 1397 2605; x_wconf 87' lang='lat' dir='ltr'><strong>habeant</strong></span> <span class='ocrx_word' id='word_1_607' title='bbox 1409 2574 1543 2615; x_wconf 87' lang='lat' dir='ltr'><strong>scripta;</strong></span> <span class='ocrx_word' id='word_1_608' title='bbox 1561 2575 1782 2615; x_wconf 82' lang='lat' dir='ltr'><strong>planissimum</strong></span> <span class='ocrx_word' id='word_1_609' title='bbox 1797 2581 1855 2618; x_wconf 88' lang='lat' dir='ltr'><strong>est,</strong></span> 
     </span>
     <span class='ocr_line' id='line_1_92' title="bbox 1078 2628 1858 2672; baseline 0.006 -13"><span class='ocrx_word' id='word_1_610' title='bbox 1078 2628 1163 2668; x_wconf 90' lang='lat' dir='ltr'><strong>quod</strong></span> <span class='ocrx_word' id='word_1_611' title='bbox 1180 2628 1219 2659; x_wconf 90' lang='lat' dir='ltr'><strong>dc</strong></span> <span class='ocrx_word' id='word_1_612' title='bbox 1233 2629 1427 2669; x_wconf 85' lang='lat' dir='ltr'><strong>perfectione</strong></span> <span class='ocrx_word' id='word_1_613' title='bbox 1442 2629 1487 2660; x_wconf 88' lang='lat' dir='ltr'><strong>sic</strong></span> <span class='ocrx_word' id='word_1_614' title='bbox 1501 2630 1680 2662; x_wconf 85' lang='lat' dir='ltr'><strong>esthabere</strong></span> <span class='ocrx_word' id='word_1_615' title='bbox 1695 2630 1805 2672; x_wconf 91' lang='lat' dir='ltr'><strong>libros,</strong></span> <span class='ocrx_word' id='word_1_616' title='bbox 1817 2633 1858 2664; x_wconf 92' lang='lat' dir='ltr'><strong>si-</strong></span> 
     </span>
     <span class='ocr_line' id='line_1_93' title="bbox 1077 2683 1856 2723; baseline 0.008 -11"><span class='ocrx_word' id='word_1_617' title='bbox 1077 2684 1130 2713; x_wconf 88' lang='lat' dir='ltr'><strong>cut</strong></span> <span class='ocrx_word' id='word_1_618' title='bbox 1145 2685 1191 2713; x_wconf 83' lang='lat' dir='ltr'><strong>cst</strong></span> <span class='ocrx_word' id='word_1_619' title='bbox 1207 2683 1391 2723; x_wconf 64' lang='lat' dir='ltr'><strong>praedicare.</strong></span> <span class='ocrx_word' id='word_1_620' title='bbox 1417 2683 1454 2714; x_wconf 87' lang='lat' dir='ltr'><strong>Et</strong></span> <span class='ocrx_word' id='word_1_621' title='bbox 1474 2684 1557 2715; x_wconf 87' lang='lat' dir='ltr'><strong>sicut</strong></span> <span class='ocrx_word' id='word_1_622' title='bbox 1571 2694 1634 2716; x_wconf 93' lang='lat' dir='ltr'><strong>non</strong></span> <span class='ocrx_word' id='word_1_623' title='bbox 1649 2685 1753 2717; x_wconf 87' lang='lat' dir='ltr'><strong>obstat</strong></span> <span class='ocrx_word' id='word_1_624' title='bbox 1769 2687 1856 2720; x_wconf 91' lang='lat' dir='ltr'><strong>ordi-</strong></span> 
     </span>
    </p>

    <p class='ocr_par' dir='ltr' id='par_1_6' title="bbox 1111 2746 1533 2776">
     <span class='ocr_line' id='line_1_94' title="bbox 1111 2746 1533 2776; baseline 0.005 -7"><span class='ocrx_word' id='word_1_625' title='bbox 1111 2747 1142 2776; x_wconf 76' lang='lat'><strong>(11)</strong></span> <span class='ocrx_word' id='word_1_626' title='bbox 1162 2746 1218 2776; x_wconf 78' lang='lat' dir='ltr'><strong>Ley.</strong></span> <span class='ocrx_word' id='word_1_627' title='bbox 1231 2746 1366 2770; x_wconf 78' lang='lat' dir='ltr'><strong>habentur.</strong></span> <span class='ocrx_word' id='word_1_628' title='bbox 1383 2758 1412 2763; x_wconf 91' lang='lat'>—</span> <span class='ocrx_word' id='word_1_629' title='bbox 1427 2746 1461 2776; x_wconf 85' lang='lat' dir='ltr'><strong>(b)</strong></span> <span class='ocrx_word' id='word_1_630' title='bbox 1475 2746 1533 2771; x_wconf 79' lang='lat' dir='ltr'><strong>tale.</strong></span> 
     </span>
    </p>
   </div>
  </div>
 </body>
</html>
