2029 3052
462 211 715 247 PSALTERIUM
738 207 866 245 MAJUS
889 212 1034 245 BEATAE
1058 213 1198 246 MARiAE
1223 213 1408 246 VIRGlNlS.

160 287 202 315 Tu
217 286 329 320 autem,
351 282 486 318 Domina,
502 281 602 310 suavis
620 282 648 309 et
666 288 757 310 verax
772 290 778 309 :
795 281 910 318 patiens

124 332 213 362 nimis
227 333 255 361 et
269 330 458 360 miseratione
472 329 573 366 plena.

160 379 309 409 Conculca
333 378 431 407 hostes
457 376 626 406 animarum
651 376 820 405 nostrarum
849 385 856 404 :
882 377 910 405 et

124 426 344 457 contumaciam
357 425 480 454 illorum
495 423 574 452 elide
588 423 713 452 brachio
728 425 831 452 sancto
844 425 906 452 tuo.

160 474 259 504 Gloria
272 472 361 508 Patri,
376 473 430 501 etc.
873 463 883 472 ”

423 555 549 582 PsALmus
563 553 608 582 98.

160 616 301 645 Dominus
320 615 464 651 regnavit,
488 614 651 643 irascantur
671 613 776 651 populi
794 623 800 642 :
820 612 908 642 Maria

122 664 178 693 sub
194 663 355 692 Cherubim
369 662 453 690 sedet
468 669 486 690 a
501 660 621 689 dextris.

157 713 263 748 Magna
277 712 322 739 est
335 710 366 738 in
385 709 456 737 Sion
476 708 572 744 gloria
591 709 652 742 tua,
672 707 820 736 Domina:
836 709 864 736 et
877 707 908 735 in

121 758 304 788 Hierusalem
317 755 541 792 magnificentia
555 756 615 783 tua.

157 806 276 834 cantate
287 805 354 832 ante
367 811 432 832 eam
436 802 537 838 ,chori
547 802 726 838 virginales:
740 803 768 831 et
784 802 906 831 adorate

118 854 262 883 thronum
277 853 351 889 ejus,
365 852 418 889 qui
430 853 549 880 sanctus
564 853 617 880 est.

155 903 187 930 ln
206 900 326 929 dextera
341 900 406 936 ejus
424 899 514 936 ignea
528 899 577 928 lex
595 908 601 927 :
618 900 647 927 et
660 899 690 927 in
706 898 829 927 circuitu
843 899 906 934 ejus

118 950 289 978 sanctorum
303 947 407 976 millia.

156 995 292 1025 Mandata
307 995 369 1031 ejus
384 997 452 1024 ante
468 993 573 1023 oculos
588 994 651 1030 ejus
665 1003 671 1022 :
687 996 716 1022 et
730 993 846 1030 justitiae
860 1001 905 1022 re-

119 1043 190 1079 gula
200 1043 231 1071 in
245 1042 335 1071 corde
352 1042 425 1078 ejus.
442 1041 540 1070 Gloria
555 1042 642 1077 Patri,
659 1043 712 1070 etc.

419 1125 545 1152 PSALmus
564 1124 610 1152 99.

153 1184 279 1213 jubilate
297 1183 429 1212 Dominae
443 1186 564 1220 nostrae,
581 1184 719 1213 homines
728 1185 813 1213 terrae
825 1194 831 1212 :
844 1193 904 1213 ser-

118 1233 176 1261 vite
192 1232 234 1260 illi
252 1231 282 1259 in
301 1231 400 1260 laetitia
421 1234 449 1260 et
466 1232 661 1272 J'ucunditate.

155 1280 188 1307 ln
201 1280 263 1307 toto
279 1279 380 1307 animo
395 1280 493 1307 vestro
508 1278 640 1306 accedite
656 1279 695 1306 ad
709 1279 790 1307 illam
809 1288 815 1307 ε
833 1281 860 1307 et
873 1279 903 1307 in

119 1326 202 1356 omni
216 1326 322 1354 virtute
337 1326 435 1354 vestra
451 1327 622 1354 conservate
638 1325 701 1354 vias
716 1326 789 1362 ejus.

154 1374 328 1409 1nvestigate
356 1373 451 1409 illam,
474 1375 501 1401 et
522 1372 759 1401 manifestabitur
782 1373 870 1405 vobis
895 1383 903 1400 ε

119 1423 210 1450 estote
229 1421 335 1449 mundi
350 1420 450 1456 corde,
469 1423 496 1448 et
509 1420 736 1457 apprehendetis
752 1429 829 1448 eam.

156 1470 268 1504 Quibus
282 1469 423 1498 auxiliata
442 1469 542 1505 fueris,
562 1469 699 1504 Domina,
715 1470 768 1498 erit
782 1469 903 1505 refrige-

118 1517 195 1546 rium
206 1517 289 1554 pacis
306 1526 312 1545 :
329 1519 357 1545 et
370 1525 388 1545 a
407 1517 517 1554 quibus
531 1516 671 1545 averteris
680 1517 797 1545 vultum
807 1519 902 1553 tuum,

118 1572 181 1593 non
198 1564 252 1593 erit
265 1572 331 1601 spes
345 1564 384 1593 ad
401 1565 537 1593 salutem.

154 1611 320 1640 Recordare
339 1611 443 1646 nostri,
459 1611 595 1646 Domina,
615 1613 643 1640 et
658 1619 720 1640 non
736 1612 904 1648 apprehen-

119 1659 190 1688 dent
203 1667 258 1687 nos
271 1659 352 1687 mala
367 1668 373 1687 :
390 1667 529 1687 succurre
539 1659 631 1687 nobis
646 1659 676 1687 in
691 1659 762 1694 fine,
779 1662 807 1687 et
821 1659 904 1687 inve-

119 1706 235 1735 niemus
250 1706 340 1735 vitam
353 1708 503 1735 aeternam.
521 1706 619 1735 Gloria
637 1706 724 1742 Patri,
739 1708 794 1734 etc.

405 1789 530 1815 Psarmus
551 1788 613 1815 100.

154 1847 385 1876 Misericordiam
406 1849 434 1875 et
452 1848 599 1883 judicium
621 1849 748 1877 cantabo
772 1848 835 1883 tibi,
852 1850 905 1877 Do·

119 1894 200 1922 mina
218 1903 224 1922 :
246 1894 371 1930 psallam
387 1895 441 1922 tibi
461 1895 492 1922 in
513 1895 693 1923 exultatione
710 1896 819 1930 cordis,
837 1904 905 1924 cum

119 1941 313 1970 laetificaveris
328 1943 459 1970 animam
469 1950 579 1970 meam.

155 1989 298 2017 Laudabo
325 1997 437 2017 nomen
459 1991 543 2017 tuum
566 1991 594 2017 et
612 1989 763 2025 gloriam:
787 1992 815 2018 et
828 1997 904 2026 praew

119 2036 210 2064 stabis
227 2036 415 2072 refrigerium
430 2037 536 2065 animae
550 2045 634 2064 meae.

156 2083 270 2111 Zelatus
285 2091 351 2111 sum
367 2091 501 2112 amorem
516 2085 600 2112 tuum
612 2085 640 2111 et
653 2083 801 2112 honorem
815 2092 821 2111 :
836 2083 904 2112 ideo

121 2130 264 2159 defendas
287 2139 408 2160 causam
427 2139 526 2160 meam
546 2133 612 2160 ante
631 2132 765 2167 ,iudicem
784 2132 905 2160 53301110-

119 2185 198 2206 rum.

159 2224 286 2253 Allectus
302 2233 368 2253 sum
384 2226 478 2261 gratia
502 2227 529 2254 et
547 2226 679 2254 bonitate
696 2228 746 2255 tua
761 2236 766 2254 :
789 2235 852 2261 oro,
868 2235 905 2255 ne

121 2272 243 2301 frauder
261 2280 278 2300 a
293 2280 345 2308 spe
360 2274 388 2300 et
402 2273 582 2301 confidentia
597 2273 688 2301 bona.

159 2319 297 2348 Consorta
310 2319 442 2347 animam
457 2327 556 2347 meam
575 2320 605 2347 in
621 2321 790 2349 novissimis
807 2331 813 2349 :
833 2324 861 2350 et
875 2321 903 2350 in

122 2374 210 2395 carne
224 2366 280 2394 ista
293 2366 339 2395 fac
353 2375 401 2394 me
416 2366 588 2402 conspicere
602 2367 794 2397 salvatorem.

158 2414 256 2442 Gloria
271 2414 357 2448 Patri,
373 2416 426 2442 etc.

410 2496 535 2523 Psnmus
558 2497 617 2523 101.

160 2554 294 2590 Domina,
307 2554 416 2582 exaudi
432 2555 597 2583 orationem
612 2563 709 2583 meam
727 2564 732 2583 :
750 2558 776 2584 et
792 2556 905 2585 clamor

123 2609 208 2629 meus
223 2601 262 2629 ad
277 2603 302 2629 te
317 2602 424 2630 veniat.
790 2622 802 2634 .

159 2650 223 2676 Νο11
233 2650 348 2676 avertas
358 2656 475 2677 sacrum
487 2652 640 2686 aspectum
654 2651 736 2678 tuum
747 2658 763 2678 a
776 2658 822 2678 me
836 2660 842 2678 ε
857 2659 905 2679 110-

125 2703 182 2732 que
191 2695 372 2724 abomineris
381 2704 428 2724 me
436 2699 556 2733 propter
565 2697 784 2727 immunditiam
794 2706 901 2727 meam.

1690 215 1750 245 213

1001 283 1065 310 Non
1086 282 1277 319 derelinquas
1298 289 1346 310 me
1370 282 1402 310 in
1421 282 1552 318 cogitatu
1575 283 1604 310 et
1625 281 1750 310 consilio

965 328 1156 357 inimicorum
1169 337 1308 358 meorum
1322 339 1328 356 ε
1343 330 1371 357 et
1383 337 1422 357 ne
1439 328 1518 357 sinas
1533 337 1581 357 me
1596 329 1703 357 cadere
1719 329 1751 357 in

964 375 1227 412 exprobrationem
1241 377 1363 406 illorum
1376 376 1547 414 pessimam.

1001 423 1055 457 Qui
1075 423 1231 452 confidunt
1249 425 1279 452 in
1297 426 1336 460 te,
1351 432 1413 453 non
1429 424 1577 452 timebunt
1591 424 1751 452 colubrum

963 471 1130 498 tortuosum
1149 480 1156 499 :
1173 473 1201 499 et
1216 471 1267 507 qui
1289 471 1420 500 exaltant
1443 472 1470 499 te
1492 471 1659 507 praeconiis,
1679 479 1750 500 eva-

964 517 1038 546 dunt
1051 526 1158 546 manus
1173 519 1354 548 Acherontis.

999 567 1052 594 Per
1073 566 1252 602 virginalem
1269 568 1447 603 conceptum
1471 568 1556 595 tuum
1576 567 1615 596 da
1630 567 1702 596 mihi
1719 567 1750 595 in

962 614 989 641 te
1019 613 1233 642 confidentiam
1254 613 1369 642 bonam
1390 623 1396 642 ε
1417 616 1446 642 et
1465 622 1518 650 per
1537 614 1749 643 admirabilem

962 661 1081 696 partum
1101 662 1187 689 tuum
1210 660 1326 689 laetifica
1347 661 1480 690 animam
1502 669 1611 690 meam.

1000 707 1099 736 Gloria
1118 707 1204 743 Patri,
1222 709 1275 736 etc.

1250 790 1377 818 PsAers
1398 790 1459 817 102.

998 850 1135 886 Benedic,
1157 850 1259 879 anima
1277 858 1355 885 mea,
1376 849 1456 878 Matri
1474 851 1541 878 Jesu
1561 850 1665 878 Christi
1689 860 1694 878 :
1722 852 1751 879 et

962 897 1065 928 omnia
1078 898 1244 934 praecordia
1259 905 1337 932 mea,
1353 897 1516 933 glorificate
1539 905 1650 926 nomen
1672 898 1746 933 ejus.

996 948 1035 974 Ne
1063 945 1248 974 obliviscaris
1268 945 1415 974 beneficia
1433 946 1497 981 ejus
1521 956 1526 972 :
1547 954 1602 974 nec
1623 946 1748 982 gratiam

962 995 990 1022 et
1005 993 1175 1021 consolatus
1189 992 1277 1020 illius.

998 1040 1095 1069 Gratia
1115 1040 1178 1076 ejus
1207 1042 1329 1076 peccata
1355 1039 1526 1068 relaxantur
1549 1049 1556 1067 ε

962 1087 1068 1116 cordia
1084 1088 1147 1123 ejus
1162 1087 1350 1123 aegritudines
1362 1089 1547 1123 reparantur.

998 1134 1166 1163 Benedicite
1182 1134 1218 1169 ei,
1237 1142 1341 1162 omnes
1356 1134 1477 1162 virtutes
1498 1135 1643 1162 coelorum
1659 1144 1665 1163 ε
1685 1134 1747 1170 glo-

962 1182 1076 1210 rificate
1098 1189 1175 1217 eam,
1201 1181 1284 1209 chori
1305 1181 1516 1218 Apostolorum
1540 1184 1568 1210 et
1591 1181 1753 1218 Propheta-'

959 1237 1036 1257 rum.

998 1276 1177 1311 Benedicite,
1190 1284 1272 1304 mare
1285 1278 1313 1305 et
1324 1276 1427 1304 insulae
1439 1276 1587 1312 gentium:
1600 1277 1747 1313 hymnum

962 1324 1052 1352 dicite
1067 1324 1104 1358 ei,
1120 1323 1186 1351 eceli
1201 1326 1228 1351 et
1242 1323 1422 1352 habitatores
1438 1331 1553 1351 eorum.

999 1371 1098 1400 Gloria
1114 1371 1203 1406 Patri,
1219 1373 1273 1398 etc.

1580 1041 1608 1068 et
1629 1040 1746 1068 miseri-

1251 1455 1376 1482 PsAmqu
1395 1455 1457 1482 103.

998 1515 1136 1550 Benedic,
1154 1515 1254 1542 anima
1270 1522 1348 1548 mea,
1363 1514 1473 1549 Virgini
1495 1515 1591 1543 Mariae
1616 1525 1622 1543 z
1647 1515 1746 1543 honor

962 1565 988 1591 ct
1003 1562 1226 1598 magnificentia
1241 1562 1303 1597 ejus
1319 1562 1348 1589 in
1363 1563 1551 1598 perpetuum.

997 1610 1221 1638 Formositatem
1248 1611 1275 1637 et
1304 1609 1557 1645 pulchritudinem
1585 1609 1707 1637 induisti
1739 1619 1745 1638 :

961 1657 1069 1685 amicta
1084 1665 1125 1691 es,
1143 1656 1276 1691 Domina,
1294 1656 1418 1692 fulgenti
1432 1656 1617 1685 vestimento.

997 1707 1035 1732 De
1052 1707 1078 1732 te
1094 1704 1228 1740 procedit
1250 1706 1441 1740 peccatorum
1459 1703 1577 1732 medela
1593 1713 1599 1731 :
1617 1705 1645 1732 et
1664 1705 1748 1740 pacis

963 1752 1133 1788 disciplina,
1150 1759 1184 1779 ac
1199 1751 1299 1779 fervor
1313 1751 1471 1779 charitatis.

997 1799 1089 1835 Imple
1105 1806 1160 1826 nos
1178 1806 1280 1826 servos
1301 1800 1368 1826 tuos
1392 1798 1551 1826 virtutibus
1571 1798 1679 1826 sanctis
1697 1808 1703 1826 :
1720 1800 1748 1827 et

961 1846 1005 1874 ira
1021 1846 1070 1874 Dei
1085 1853 1146 1873 non
1161 1845 1384 1882 appropinquet
1396 1845 1493 1873 nobis.

997 1893 1215 1921 Jucunditatem
1235 1894 1374 1920 aeternam
1399 1892 1438 1920 da
1460 1892 1653 1920 servitoribus
1669 1893 1746 1921 tuis:

963 1943 990 1969 et
1004 1940 1067 1969 noli
1083 1948 1134 1968 eos
1149 1939 1285 1968 oblivisci
1301 1939 1330 1966 in
1345 1940 1506 1968 certamine
1522 1939 1636 1968 mortis.

998 1988 1097 2016 Gloria
1111 1987 1198 2023 Patri,
1215 1990 1268 2016 etc.

1250 2060 1376 2098 PsALmus
1397 2072 1460 2098 1114.

997 2131 1184 2160 confitemini
1207 2131 1338 2158 Dominae
1354 2133 1471 2165 nostrae,
1491 2133 1519 2158 et
1537 2131 1672 2159 invocate
1694 2139 1748 2159 no-

963 2187 1032 2207 men
1048 2179 1111 2215 ejus
1131 2188 1137 2206 :
1156 2180 1271 2206 cantate
1287 2178 1313 2205 ei
1329 2178 1469 2213 gloriose,
1490 2179 1644 2206 narrantes
1659 2178 1749 2206 virtu-

961 2229 1002 2255 tes
1018 2228 1090 2261 ejus,

998 2273 1128 2302 Laudate
1153 2274 1180 2300 et
1195 2272 1322 2300 exaltate
1338 2280 1414 2307 eam,
1430 2272 1563 2308 Virgines
1576 2272 1645 2300 filiae
1659 2272 1727 2301 Sion
1741 2282 1746 2300 :

962 2321 1036 2357 quia
1052 2320 1249 2356 desponsabit
1262 2320 1349 2348 vobis
1364 2322 1474 2355 Regem
1490 2320 1677 2355 angelorum.

1001 2370 1150 2395 Honorate
1173 2367 1316 2402 Reginam
1338 2367 1459 2403 plenam
1481 2367 1563 2395 omni
1585 2366 1679 2402 gratia
1698 2376 1703 2394 z
1723 2369 1750 2395 et

961 2414 1210 2450 contemplamini
1237 2422 1305 2442 cum
1334 2414 1499 2442 reverentia
1532 2414 1749 2442 sanctissimum

961 2462 1077 2490 vultum
1092 2461 1165 2496 ejus.

1001 2509 1084 2538 Salus
1101 2508 1278 2545 sempiterna
1299 2509 1329 2536 in
1348 2516 1440 2537 manu
1456 2510 1514 2541 tua5
1533 2508 1657 2536 Domina
1673 2517 1679 2536 :
1697 2508 1748 2544 qui

962 2559 987 2585 te
1005 2557 1098 2591 digne
1116 2555 1389 2589 honorificaverint,
1404 2555 1562 2590 suscipient
1575 2555 1666 2582 illam.

999 2604 1165 2633 Clementia
1180 2606 1230 2631 tua
1246 2611 1306 2631 non
1323 2603 1439 2631 deficiet
1454 2611 1471 2630 a
1486 2603 1600 2630 saeculis
1612 2603 1726 2630 aeternis
1741 2613 1746 2630 ;
1783 2608 1786 2610 “

962 2654 990 2680 et
1008 2650 1215 2680 misericordia
1233 2652 1282 2678 tua
1297 2658 1313 2678 a
1328 2650 1518 2685 generatione
1537 2650 1564 2678 in
1583 2650 1748 2686 generatio-

963 2707 1043 2726 nem.
1061 2698 1159 2727 Gloria
1174 2697 1259 2731 Patri,
1278 2700 1331 2725 etc.
