<?xml version="1.0" encoding="UTF-8"?>
<!DOCTYPE html PUBLIC "-//W3C//DTD XHTML 1.0 Transitional//EN"
    "http://www.w3.org/TR/xhtml1/DTD/xhtml1-transitional.dtd">
<html xmlns="http://www.w3.org/1999/xhtml" xml:lang="en" lang="en">
 <head>
  <title>
</title>
<meta http-equiv="Content-Type" content="text/html;charset=utf-8" />
  <meta name='ocr-system' content='tesseract 3.04.00' />
  <meta name='ocr-capabilities' content='ocr_page ocr_carea ocr_par ocr_line ocrx_word'/>
</head>
<body>
  <div class='ocr_page' id='page_1' title='image "./operaomniasixtiv14bonauoft_0217.png"; bbox 0 0 2029 3052; ppageno 0'>
   <div class='ocr_carea' id='block_1_1' title="bbox 364 360 1612 447">
    <p class='ocr_par' dir='ltr' id='par_1_1' title="bbox 364 360 1612 447">
     <span class='ocr_line' id='line_1_1' title="bbox 364 360 1612 447; baseline -0.002 -19"><span class='ocrx_word' id='word_1_1' title='bbox 364 370 650 428; x_wconf 82' lang='lat' dir='ltr'><strong>CORONA</strong></span> <span class='ocrx_word' id='word_1_2' title='bbox 694 369 941 424; x_wconf 82' lang='lat' dir='ltr'><strong>BEATAE</strong></span> <span class='ocrx_word' id='word_1_3' title='bbox 987 369 1228 424; x_wconf 81' lang='lat' dir='ltr'>MARIAE</span> <span class='ocrx_word' id='word_1_4' title='bbox 1272 360 1612 447; x_wconf 82' lang='lat' dir='ltr'>VIRGINIS¹</span> 
     </span>
    </p>
   </div>
   <div class='ocr_carea' id='block_1_2' title="bbox 738 653 1248 772">
    <p class='ocr_par' dir='ltr' id='par_1_2' title="bbox 738 653 1248 772">
     <span class='ocr_line' id='line_1_2' title="bbox 859 653 1129 691; baseline -0.004 -1"><span class='ocrx_word' id='word_1_5' title='bbox 859 653 1129 691; x_wconf 85' lang='lat' dir='ltr'>ARGUMENTUM</span> 
     </span>
     <span class='ocr_line' id='line_1_3' title="bbox 738 735 1248 772; baseline 0.002 -9"><span class='ocrx_word' id='word_1_6' title='bbox 738 736 796 772; x_wconf 72' lang='lat' dir='ltr'>(13ae</span> <span class='ocrx_word' id='word_1_7' title='bbox 818 735 882 763; x_wconf 70' lang='lat' dir='ltr'>edit.</span> <span class='ocrx_word' id='word_1_8' title='bbox 907 737 1058 770; x_wconf 75' lang='lat' dir='ltr'>Vaticana,</span> <span class='ocrx_word' id='word_1_9' title='bbox 1080 743 1127 763; x_wconf 81' lang='lat' dir='ltr'>an.</span> <span class='ocrx_word' id='word_1_10' title='bbox 1155 736 1248 771; x_wconf 80' lang='lat'>1596.)</span> 
     </span>
    </p>
   </div>
   <div class='ocr_carea' id='block_1_3' title="bbox 181 817 1808 1560">
    <p class='ocr_par' dir='ltr' id='par_1_3' title="bbox 181 817 1808 1560">
     <span class='ocr_line' id='line_1_4' title="bbox 226 817 1797 866; baseline 0.003 -14"><span class='ocrx_word' id='word_1_11' title='bbox 226 819 398 853; x_wconf 81' lang='lat' dir='ltr'>Tractatus</span> <span class='ocrx_word' id='word_1_12' title='bbox 411 818 472 852; x_wconf 85' lang='lat' dir='ltr'>iste</span> <span class='ocrx_word' id='word_1_13' title='bbox 486 817 624 863; x_wconf 83' lang='lat' dir='ltr'>pulchre</span> <span class='ocrx_word' id='word_1_14' title='bbox 639 818 768 852; x_wconf 85' lang='lat' dir='ltr'>Corona</span> <span class='ocrx_word' id='word_1_15' title='bbox 782 817 820 851; x_wconf 93' lang='lat' dir='ltr'>B.</span> <span class='ocrx_word' id='word_1_16' title='bbox 835 817 989 861; x_wconf 79' lang='lat' dir='ltr'><strong>Virginis</strong></span> <span class='ocrx_word' id='word_1_17' title='bbox 1002 817 1207 860; x_wconf 82' lang='lat' dir='ltr'><strong>inscribitur,</strong></span> <span class='ocrx_word' id='word_1_18' title='bbox 1225 829 1301 851; x_wconf 92' lang='lat' dir='ltr'>cum</span> <span class='ocrx_word' id='word_1_19' title='bbox 1317 829 1383 851; x_wconf 91' lang='lat' dir='ltr'>non</span> <span class='ocrx_word' id='word_1_20' title='bbox 1399 818 1456 851; x_wconf 85' lang='lat' dir='ltr'>abs</span> <span class='ocrx_word' id='word_1_21' title='bbox 1471 829 1506 852; x_wconf 90' lang='lat' dir='ltr'>re</span> <span class='ocrx_word' id='word_1_22' title='bbox 1519 818 1561 852; x_wconf 88' lang='lat' dir='ltr'>sit</span> <span class='ocrx_word' id='word_1_23' title='bbox 1576 821 1797 866; x_wconf 83' lang='lat' dir='ltr'>precationes,</span> 
     </span>
     <span class='ocr_line' id='line_1_5' title="bbox 181 875 1801 923; baseline 0.001 -12"><span class='ocrx_word' id='word_1_24' title='bbox 181 888 255 923; x_wconf 81' lang='lat' dir='ltr'>quae</span> <span class='ocrx_word' id='word_1_25' title='bbox 274 877 316 911; x_wconf 83' lang='lat' dir='ltr'>ad</span> <span class='ocrx_word' id='word_1_26' title='bbox 330 877 507 922; x_wconf 83' lang='lat' dir='ltr'>Virginem</span> <span class='ocrx_word' id='word_1_27' title='bbox 524 876 624 919; x_wconf 90' lang='lat' dir='ltr'>fiunt,</span> <span class='ocrx_word' id='word_1_28' title='bbox 641 876 702 910; x_wconf 92' lang='lat' dir='ltr'>hoc</span> <span class='ocrx_word' id='word_1_29' title='bbox 717 876 850 910; x_wconf 88' lang='lat' dir='ltr'>nomine</span> <span class='ocrx_word' id='word_1_30' title='bbox 865 875 1055 921; x_wconf 75' lang='lat' dir='ltr'>praenotari,</span> <span class='ocrx_word' id='word_1_31' title='bbox 1076 875 1145 909; x_wconf 90' lang='lat' dir='ltr'>sive</span> <span class='ocrx_word' id='word_1_32' title='bbox 1160 876 1240 921; x_wconf 89' lang='lat' dir='ltr'>quia</span> <span class='ocrx_word' id='word_1_33' title='bbox 1254 881 1379 910; x_wconf 88' lang='lat' dir='ltr'>sertum</span> <span class='ocrx_word' id='word_1_34' title='bbox 1397 888 1437 910; x_wconf 83' lang='lat' dir='ltr'>ex</span> <span class='ocrx_word' id='word_1_35' title='bbox 1452 877 1554 910; x_wconf 85' lang='lat' dir='ltr'>variis</span> <span class='ocrx_word' id='word_1_36' title='bbox 1571 878 1709 912; x_wconf 87' lang='lat' dir='ltr'>floribus</span> <span class='ocrx_word' id='word_1_37' title='bbox 1724 891 1801 913; x_wconf 88' lang='lat' dir='ltr'>con-</span> 
     </span>
     <span class='ocr_line' id='line_1_6' title="bbox 182 934 1800 983; baseline 0.002 -14"><span class='ocrx_word' id='word_1_38' title='bbox 182 935 303 969; x_wconf 83' lang='lat' dir='ltr'>fectum</span> <span class='ocrx_word' id='word_1_39' title='bbox 319 936 450 970; x_wconf 85' lang='lat' dir='ltr'>Corona</span> <span class='ocrx_word' id='word_1_40' title='bbox 464 934 642 979; x_wconf 81' lang='lat' dir='ltr'>significat,</span> <span class='ocrx_word' id='word_1_41' title='bbox 665 935 734 969; x_wconf 90' lang='lat' dir='ltr'>sive</span> <span class='ocrx_word' id='word_1_42' title='bbox 757 934 837 980; x_wconf 86' lang='lat' dir='ltr'>quia</span> <span class='ocrx_word' id='word_1_43' title='bbox 856 934 951 979; x_wconf 82' lang='lat' dir='ltr'>quasi</span> <span class='ocrx_word' id='word_1_44' title='bbox 967 938 1038 967; x_wconf 86' lang='lat' dir='ltr'>rota</span> <span class='ocrx_word' id='word_1_45' title='bbox 1053 934 1204 968; x_wconf 87' lang='lat' dir='ltr'>volvitur</span> <span class='ocrx_word' id='word_1_46' title='bbox 1219 938 1251 968; x_wconf 90' lang='lat' dir='ltr'>et</span> <span class='ocrx_word' id='word_1_47' title='bbox 1269 935 1684 983; x_wconf 84' lang='lat' dir='ltr'>circumfertur.Utraque</span> <span class='ocrx_word' id='word_1_48' title='bbox 1711 939 1800 972; x_wconf 88' lang='lat' dir='ltr'>enim</span> 
     </span>
     <span class='ocr_line' id='line_1_7' title="bbox 182 992 1803 1039; baseline 0.001 -11"><span class='ocrx_word' id='word_1_49' title='bbox 182 993 378 1038; x_wconf 83' lang='lat' dir='ltr'>significatio</span> <span class='ocrx_word' id='word_1_50' title='bbox 393 994 472 1028; x_wconf 92' lang='lat' dir='ltr'>huic</span> <span class='ocrx_word' id='word_1_51' title='bbox 487 993 535 1027; x_wconf 90' lang='lat' dir='ltr'>rei</span> <span class='ocrx_word' id='word_1_52' title='bbox 550 994 633 1027; x_wconf 87' lang='lat' dir='ltr'>hene</span> <span class='ocrx_word' id='word_1_53' title='bbox 653 997 787 1038; x_wconf 87' lang='lat' dir='ltr'>aptatur</span> <span class='ocrx_word' id='word_1_54' title='bbox 805 1005 811 1026; x_wconf 93' lang='lat'>:</span> <span class='ocrx_word' id='word_1_55' title='bbox 830 993 949 1027; x_wconf 84' lang='lat' dir='ltr'>offerre</span> <span class='ocrx_word' id='word_1_56' title='bbox 964 992 1129 1038; x_wconf 87' lang='lat' dir='ltr'>siquidem</span> <span class='ocrx_word' id='word_1_57' title='bbox 1145 993 1183 1026; x_wconf 93' lang='lat' dir='ltr'>B.</span> <span class='ocrx_word' id='word_1_58' title='bbox 1205 993 1336 1037; x_wconf 81' lang='lat' dir='ltr'>Virgini</span> <span class='ocrx_word' id='word_1_59' title='bbox 1353 993 1465 1028; x_wconf 82' lang='lat' dir='ltr'>Mariae</span> <span class='ocrx_word' id='word_1_60' title='bbox 1483 1006 1594 1039; x_wconf 78' lang='lat' dir='ltr'>preces</span> <span class='ocrx_word' id='word_1_61' title='bbox 1608 996 1717 1030; x_wconf 86' lang='lat' dir='ltr'>varias</span> <span class='ocrx_word' id='word_1_62' title='bbox 1732 1000 1803 1030; x_wconf 87' lang='lat' dir='ltr'>tan-</span> 
     </span>
     <span class='ocr_line' id='line_1_8' title="bbox 181 1051 1802 1098; baseline 0.002 -12"><span class='ocrx_word' id='word_1_63' title='bbox 181 1064 283 1098; x_wconf 84' lang='lat' dir='ltr'><strong>quam</strong></span> <span class='ocrx_word' id='word_1_64' title='bbox 299 1064 417 1087; x_wconf 82' lang='lat' dir='ltr'>suaves</span> <span class='ocrx_word' id='word_1_65' title='bbox 434 1057 465 1086; x_wconf 88' lang='lat' dir='ltr'>et</span> <span class='ocrx_word' id='word_1_66' title='bbox 485 1052 667 1086; x_wconf 84' lang='lat' dir='ltr'>odoriferos</span> <span class='ocrx_word' id='word_1_67' title='bbox 682 1052 794 1094; x_wconf 89' lang='lat' dir='ltr'>ssores,</span> <span class='ocrx_word' id='word_1_68' title='bbox 819 1052 890 1086; x_wconf 90' lang='lat' dir='ltr'>sive</span> <span class='ocrx_word' id='word_1_69' title='bbox 913 1051 1043 1085; x_wconf 83' lang='lat' dir='ltr'>easdem</span> <span class='ocrx_word' id='word_1_70' title='bbox 1069 1051 1261 1096; x_wconf 87' lang='lat' dir='ltr'>frequenter</span> <span class='ocrx_word' id='word_1_71' title='bbox 1280 1056 1439 1097; x_wconf 85' lang='lat' dir='ltr'>repetere,</span> <span class='ocrx_word' id='word_1_72' title='bbox 1465 1057 1497 1086; x_wconf 92' lang='lat' dir='ltr'>et</span> <span class='ocrx_word' id='word_1_73' title='bbox 1514 1053 1549 1087; x_wconf 88' lang='lat' dir='ltr'>in</span> <span class='ocrx_word' id='word_1_74' title='bbox 1567 1054 1702 1088; x_wconf 88' lang='lat' dir='ltr'>modum</span> <span class='ocrx_word' id='word_1_75' title='bbox 1723 1059 1802 1089; x_wconf 81' lang='lat' dir='ltr'>rotae</span> 
     </span>
     <span class='ocr_line' id='line_1_9' title="bbox 181 1109 1804 1157; baseline 0.002 -13"><span class='ocrx_word' id='word_1_76' title='bbox 181 1111 314 1156; x_wconf 82' lang='lat' dir='ltr'>iterare,</span> <span class='ocrx_word' id='word_1_77' title='bbox 336 1111 377 1145; x_wconf 86' lang='lat' dir='ltr'>ad</span> <span class='ocrx_word' id='word_1_78' title='bbox 397 1111 545 1157; x_wconf 86' lang='lat' dir='ltr'>ejusdem</span> <span class='ocrx_word' id='word_1_79' title='bbox 560 1112 599 1144; x_wconf 90' lang='grc' dir='ltr'>Β.</span> <span class='ocrx_word' id='word_1_80' title='bbox 619 1111 769 1155; x_wconf 80' lang='lat' dir='ltr'>Virginis</span> <span class='ocrx_word' id='word_1_81' title='bbox 785 1109 1007 1155; x_wconf 77' lang='lat' dir='ltr'>patrocinium</span> <span class='ocrx_word' id='word_1_82' title='bbox 1024 1110 1120 1143; x_wconf 86' lang='lat' dir='ltr'>nohis</span> <span class='ocrx_word' id='word_1_83' title='bbox 1138 1110 1385 1144; x_wconf 87' lang='lat' dir='ltr'>conciliandum</span> <span class='ocrx_word' id='word_1_84' title='bbox 1405 1112 1589 1156; x_wconf 80' lang='lat' dir='ltr'>plurimum</span> <span class='ocrx_word' id='word_1_85' title='bbox 1606 1113 1704 1147; x_wconf 83' lang='lat' dir='ltr'>valet.</span> <span class='ocrx_word' id='word_1_86' title='bbox 1726 1114 1804 1148; x_wconf 91' lang='lat' dir='ltr'>Mo—</span> 
     </span>
     <span class='ocr_line' id='line_1_10' title="bbox 181 1168 1804 1217; baseline 0.002 -14"><span class='ocrx_word' id='word_1_87' title='bbox 181 1169 244 1203; x_wconf 91' lang='lat' dir='ltr'>dus</span> <span class='ocrx_word' id='word_1_88' title='bbox 258 1173 369 1204; x_wconf 88' lang='lat' dir='ltr'>autem</span> <span class='ocrx_word' id='word_1_89' title='bbox 387 1169 448 1203; x_wconf 87' lang='lat' dir='ltr'>iste</span> <span class='ocrx_word' id='word_1_90' title='bbox 470 1169 630 1203; x_wconf 82' lang='lat' dir='ltr'>recitandi</span> <span class='ocrx_word' id='word_1_91' title='bbox 653 1169 831 1212; x_wconf 83' lang='lat' dir='ltr'>Coronam,</span> <span class='ocrx_word' id='word_1_92' title='bbox 855 1181 874 1202; x_wconf 86' lang='lat' dir='ltr'>a</span> <span class='ocrx_word' id='word_1_93' title='bbox 896 1168 930 1202; x_wconf 87' lang='lat' dir='ltr'>S.</span> <span class='ocrx_word' id='word_1_94' title='bbox 951 1169 1186 1202; x_wconf 85' lang='lat' dir='ltr'>Bonaventura</span> <span class='ocrx_word' id='word_1_95' title='bbox 1211 1169 1364 1212; x_wconf 83' lang='lat' dir='ltr'>traditus,</span> <span class='ocrx_word' id='word_1_96' title='bbox 1395 1171 1508 1215; x_wconf 88' lang='lat' dir='ltr'>paucis</span> <span class='ocrx_word' id='word_1_97' title='bbox 1532 1172 1728 1217; x_wconf 75' lang='lat' dir='ltr'>praepositis,</span> <span class='ocrx_word' id='word_1_98' title='bbox 1751 1174 1804 1206; x_wconf 86' lang='lat' dir='ltr'>vel</span> 
     </span>
     <span class='ocr_line' id='line_1_11' title="bbox 182 1227 1805 1273; baseline 0.002 -12"><span class='ocrx_word' id='word_1_99' title='bbox 182 1228 382 1273; x_wconf 87' lang='lat' dir='ltr'>postpositis,</span> <span class='ocrx_word' id='word_1_100' title='bbox 401 1228 520 1262; x_wconf 88' lang='lat' dir='ltr'>similis</span> <span class='ocrx_word' id='word_1_101' title='bbox 545 1232 593 1261; x_wconf 89' lang='lat' dir='ltr'>est</span> <span class='ocrx_word' id='word_1_102' title='bbox 613 1228 677 1270; x_wconf 88' lang='lat' dir='ltr'>illi,</span> <span class='ocrx_word' id='word_1_103' title='bbox 703 1239 802 1273; x_wconf 86' lang='lat' dir='ltr'>quem</span> <span class='ocrx_word' id='word_1_104' title='bbox 829 1240 848 1260; x_wconf 86' lang='lat' dir='ltr'>a</span> <span class='ocrx_word' id='word_1_105' title='bbox 871 1227 906 1260; x_wconf 89' lang='lat' dir='ltr'>S.</span> <span class='ocrx_word' id='word_1_106' title='bbox 929 1227 1075 1260; x_wconf 84' lang='lat' dir='ltr'>Jordano</span> <span class='ocrx_word' id='word_1_107' title='bbox 1100 1228 1322 1271; x_wconf 81' lang='lat' dir='ltr'>excogitatum</span> <span class='ocrx_word' id='word_1_108' title='bbox 1344 1233 1456 1262; x_wconf 85' lang='lat' dir='ltr'>narrat</span> <span class='ocrx_word' id='word_1_109' title='bbox 1471 1229 1590 1263; x_wconf 88' lang='lat' dir='ltr'>Surius</span> <span class='ocrx_word' id='word_1_110' title='bbox 1604 1231 1657 1264; x_wconf 90' lang='lat' dir='ltr'>die</span> <span class='ocrx_word' id='word_1_111' title='bbox 1671 1243 1729 1264; x_wconf 80' lang='lat' dir='ltr'>xm</span> <span class='ocrx_word' id='word_1_112' title='bbox 1745 1231 1805 1265; x_wconf 91' lang='lat' dir='ltr'>Fe-</span> 
     </span>
     <span class='ocr_line' id='line_1_12' title="bbox 182 1285 1806 1333; baseline 0.004 -15"><span class='ocrx_word' id='word_1_113' title='bbox 182 1285 324 1329; x_wconf 88' lang='lat' dir='ltr'>bruarii,</span> <span class='ocrx_word' id='word_1_114' title='bbox 344 1290 426 1320; x_wconf 89' lang='lat' dir='ltr'>tom.</span> <span class='ocrx_word' id='word_1_115' title='bbox 448 1286 520 1329; x_wconf 81' lang='lat' dir='ltr'>VII,</span> <span class='ocrx_word' id='word_1_116' title='bbox 539 1286 580 1319; x_wconf 81' lang='lat' dir='ltr'>de</span> <span class='ocrx_word' id='word_1_117' title='bbox 602 1286 666 1320; x_wconf 72' lang='lat' dir='ltr'>Vic.</span> <span class='ocrx_word' id='word_1_118' title='bbox 684 1287 800 1319; x_wconf 81' lang='lat' dir='ltr'>Scmct.</span> <span class='ocrx_word' id='word_1_119' title='bbox 821 1286 962 1319; x_wconf 86' lang='lat' dir='ltr'>Sanctus</span> <span class='ocrx_word' id='word_1_120' title='bbox 980 1286 1069 1318; x_wconf 88' lang='lat' dir='ltr'>enim</span> <span class='ocrx_word' id='word_1_121' title='bbox 1083 1285 1261 1328; x_wconf 83' lang='lat' dir='ltr'>Jordanus,</span> <span class='ocrx_word' id='word_1_122' title='bbox 1282 1287 1450 1331; x_wconf 81' lang='lat' dir='ltr'>praemisso</span> <span class='ocrx_word' id='word_1_123' title='bbox 1469 1288 1603 1333; x_wconf 91' lang='lat' dir='ltr'>Hymno</span> <span class='ocrx_word' id='word_1_124' title='bbox 1618 1291 1686 1323; x_wconf 84' lang='lat' dir='ltr'>Ave</span> <span class='ocrx_word' id='word_1_125' title='bbox 1700 1290 1806 1324; x_wconf 72' lang='lat' dir='ltr'>Maris</span> 
     </span>
     <span class='ocr_line' id='line_1_13' title="bbox 182 1344 1807 1391; baseline 0.002 -13"><span class='ocrx_word' id='word_1_126' title='bbox 182 1345 294 1388; x_wconf 79' lang='lat' dir='ltr'>stella,</span> <span class='ocrx_word' id='word_1_127' title='bbox 311 1345 453 1389; x_wconf 83' lang='lat' dir='ltr'>singulis</span> <span class='ocrx_word' id='word_1_128' title='bbox 467 1345 618 1390; x_wconf 87' lang='lat' dir='ltr'>quinque</span> <span class='ocrx_word' id='word_1_129' title='bbox 632 1345 804 1378; x_wconf 88' lang='lat' dir='ltr'>elementis</span> <span class='ocrx_word' id='word_1_130' title='bbox 818 1344 964 1378; x_wconf 89' lang='lat' dir='ltr'>nominis</span> <span class='ocrx_word' id='word_1_131' title='bbox 978 1344 1092 1378; x_wconf 71' lang='lat' dir='ltr'>Maria</span> <span class='ocrx_word' id='word_1_132' title='bbox 1107 1345 1258 1388; x_wconf 82' lang='lat' dir='ltr'>singulos</span> <span class='ocrx_word' id='word_1_133' title='bbox 1273 1357 1408 1391; x_wconf 82' lang='lat' dir='ltr'>quoque</span> <span class='ocrx_word' id='word_1_134' title='bbox 1424 1347 1549 1391; x_wconf 82' lang='lat' dir='ltr'>aptavit</span> <span class='ocrx_word' id='word_1_135' title='bbox 1564 1347 1724 1382; x_wconf 82' lang='lat' dir='ltr'>Psalmos.</span> <span class='ocrx_word' id='word_1_136' title='bbox 1742 1349 1807 1383; x_wconf 88' lang='lat' dir='ltr'>Pro</span> 
     </span>
     <span class='ocr_line' id='line_1_14' title="bbox 182 1403 1808 1449; baseline 0.003 -13"><span class='ocrx_word' id='word_1_137' title='bbox 182 1403 291 1448; x_wconf 89' lang='lat' dir='ltr'>primo</span> <span class='ocrx_word' id='word_1_138' title='bbox 305 1403 429 1437; x_wconf 87' lang='lat' dir='ltr'>scilicet</span> <span class='ocrx_word' id='word_1_139' title='bbox 443 1403 607 1437; x_wconf 88' lang='lat' dir='ltr'>elemento</span> <span class='ocrx_word' id='word_1_140' title='bbox 629 1403 676 1445; x_wconf 90' lang='lat' dir='ltr'>M,</span> <span class='ocrx_word' id='word_1_141' title='bbox 694 1403 919 1448; x_wconf 70' lang='lat' dir='ltr'>Mczq7zificat,·</span> <span class='ocrx_word' id='word_1_142' title='bbox 941 1414 1000 1448; x_wconf 86' lang='lat' dir='ltr'>pro</span> <span class='ocrx_word' id='word_1_143' title='bbox 1016 1403 1160 1437; x_wconf 86' lang='lat' dir='ltr'>secundo</span> <span class='ocrx_word' id='word_1_144' title='bbox 1178 1404 1221 1445; x_wconf 89' lang='lat' dir='ltr'>A,</span> <span class='ocrx_word' id='word_1_145' title='bbox 1238 1403 1293 1436; x_wconf 77' lang='lat' dir='ltr'>Ad</span> <span class='ocrx_word' id='word_1_146' title='bbox 1306 1405 1488 1438; x_wconf 72' lang='lat' dir='ltr'>Dominum</span> <span class='ocrx_word' id='word_1_147' title='bbox 1513 1417 1586 1439; x_wconf 72' lang='lat' dir='ltr'>cum</span> <span class='ocrx_word' id='word_1_148' title='bbox 1610 1407 1808 1449; x_wconf 71' lang='lat' dir='ltr'>lrz&#39;bularer‚·</span> 
     </span>
     <span class='ocr_line' id='line_1_15' title="bbox 183 1461 1807 1507; baseline 0.004 -13"><span class='ocrx_word' id='word_1_149' title='bbox 183 1473 242 1506; x_wconf 89' lang='lat' dir='ltr'>pro</span> <span class='ocrx_word' id='word_1_150' title='bbox 259 1462 356 1496; x_wconf 85' lang='lat' dir='ltr'>tertio</span> <span class='ocrx_word' id='word_1_151' title='bbox 370 1461 412 1504; x_wconf 90' lang='lat' dir='ltr'>R,</span> <span class='ocrx_word' id='word_1_152' title='bbox 429 1462 605 1503; x_wconf 75' lang='lat' dir='ltr'>Retribue,&#39;</span> <span class='ocrx_word' id='word_1_153' title='bbox 620 1473 680 1507; x_wconf 89' lang='lat' dir='ltr'>pro</span> <span class='ocrx_word' id='word_1_154' title='bbox 694 1465 814 1507; x_wconf 81' lang='lat' dir='ltr'>quarto</span> <span class='ocrx_word' id='word_1_155' title='bbox 829 1462 856 1505; x_wconf 84' lang='lat' dir='ltr'>I,</span> <span class='ocrx_word' id='word_1_156' title='bbox 874 1463 914 1495; x_wconf 78' lang='lat' dir='ltr'>In</span> <span class='ocrx_word' id='word_1_157' title='bbox 931 1462 1150 1495; x_wconf 71' lang='lat' dir='ltr'>convertendo</span> <span class='ocrx_word' id='word_1_158' title='bbox 1161 1474 1174 1501; x_wconf 85' lang='lat'><em>;</em></span> <span class='ocrx_word' id='word_1_159' title='bbox 1187 1473 1247 1506; x_wconf 86' lang='lat' dir='ltr'>pro</span> <span class='ocrx_word' id='word_1_160' title='bbox 1267 1463 1385 1507; x_wconf 85' lang='lat' dir='ltr'>quinto</span> <span class='ocrx_word' id='word_1_161' title='bbox 1403 1464 1445 1506; x_wconf 90' lang='lat' dir='ltr'>A,</span> <span class='ocrx_word' id='word_1_162' title='bbox 1462 1464 1516 1498; x_wconf 76' lang='lat' dir='ltr'>Ad</span> <span class='ocrx_word' id='word_1_163' title='bbox 1529 1471 1560 1498; x_wconf 82' lang='lat' dir='ltr'>te</span> <span class='ocrx_word' id='word_1_164' title='bbox 1575 1466 1685 1499; x_wconf 73' lang='lat' dir='ltr'>levavi</span> <span class='ocrx_word' id='word_1_165' title='bbox 1699 1468 1807 1501; x_wconf 74' lang='lat' dir='ltr'>oculos</span> 
     </span>
     <span class='ocr_line' id='line_1_16' title="bbox 182 1520 608 1560; baseline 0.005 -8"><span class='ocrx_word' id='word_1_166' title='bbox 182 1531 281 1560; x_wconf 79' lang='lat' dir='ltr'>meos,</span> <span class='ocrx_word' id='word_1_167' title='bbox 299 1520 419 1554; x_wconf 88' lang='lat' dir='ltr'>devote</span> <span class='ocrx_word' id='word_1_168' title='bbox 439 1520 608 1554; x_wconf 80' lang='lat' dir='ltr'>recitabat.</span> 
     </span>
    </p>
   </div>
   <div class='ocr_carea' id='block_1_4' title="bbox 188 1753 1811 1846">
    <p class='ocr_par' dir='ltr' id='par_1_4' title="bbox 188 1753 1811 1846">
     <span class='ocr_line' id='line_1_17' title="bbox 219 1753 1811 1799; baseline 0.006 -16"><span class='ocrx_word' id='word_1_169' title='bbox 219 1756 293 1783; x_wconf 91' lang='lat' dir='ltr'>Cum</span> <span class='ocrx_word' id='word_1_170' title='bbox 312 1753 498 1790; x_wconf 82' lang='lat' dir='ltr'>jucunditate</span> <span class='ocrx_word' id='word_1_171' title='bbox 521 1755 700 1783; x_wconf 82' lang='lat' dir='ltr'>memoriam</span> <span class='ocrx_word' id='word_1_172' title='bbox 721 1755 852 1783; x_wconf 89' lang='lat' dir='ltr'>nominis</span> <span class='ocrx_word' id='word_1_173' title='bbox 874 1755 971 1784; x_wconf 60' lang='lat' dir='ltr'>Mariae</span> <span class='ocrx_word' id='word_1_174' title='bbox 1028 1757 1096 1783; x_wconf 92' lang='lat' dir='ltr'>vote</span> <span class='ocrx_word' id='word_1_175' title='bbox 1116 1756 1243 1784; x_wconf 84' lang='lat' dir='ltr'>salutare</span> <span class='ocrx_word' id='word_1_176' title='bbox 1268 1757 1366 1789; x_wconf 83' lang='lat' dir='ltr'>debet,</span> <span class='ocrx_word' id='word_1_177' title='bbox 1385 1758 1485 1786; x_wconf 86' lang='lat' dir='ltr'>dicens</span> <span class='ocrx_word' id='word_1_178' title='bbox 1512 1768 1518 1786; x_wconf 75' lang='grc' dir='ltr'>ε</span> <span class='ocrx_word' id='word_1_179' title='bbox 1539 1762 1599 1788; x_wconf 85' lang='lat' dir='ltr'>Ave</span> <span class='ocrx_word' id='word_1_180' title='bbox 1632 1762 1721 1791; x_wconf 86' lang='lat' dir='ltr'>Maria</span> <span class='ocrx_word' id='word_1_181' title='bbox 1748 1764 1811 1799; x_wconf 84' lang='lat' dir='ltr'>(etc.</span> 
     </span>
     <span class='ocr_line' id='line_1_18' title="bbox 188 1801 1811 1846; baseline 0.006 -17"><span class='ocrx_word' id='word_1_182' title='bbox 188 1801 385 1836; x_wconf 86' lang='lat' dir='ltr'>celebremus,</span> <span class='ocrx_word' id='word_1_183' title='bbox 411 1802 443 1829; x_wconf 89' lang='lat' dir='ltr'>ut</span> <span class='ocrx_word' id='word_1_184' title='bbox 468 1801 533 1837; x_wconf 80' lang='lat' dir='ltr'>ipsa</span> <span class='ocrx_word' id='word_1_185' title='bbox 560 1809 615 1838; x_wconf 86' lang='lat' dir='ltr'>pro</span> <span class='ocrx_word' id='word_1_186' title='bbox 639 1801 726 1830; x_wconf 85' lang='lat' dir='ltr'>nobis</span> <span class='ocrx_word' id='word_1_187' title='bbox 749 1802 911 1830; x_wconf 79' lang='lat' dir='ltr'>intercedat</span> <span class='ocrx_word' id='word_1_188' title='bbox 931 1802 969 1830; x_wconf 90' lang='lat' dir='ltr'>ad</span> <span class='ocrx_word' id='word_1_189' title='bbox 1027 1805 1146 1840; x_wconf 86' lang='lat' dir='ltr'>usque),</span> <span class='ocrx_word' id='word_1_190' title='bbox 1162 1805 1214 1833; x_wconf 91' lang='lat' dir='ltr'>tui.</span> <span class='ocrx_word' id='word_1_191' title='bbox 1233 1805 1262 1840; x_wconf 58' lang='grc' dir='ltr'>Β).</span> <span class='ocrx_word' id='word_1_192' title='bbox 1274 1807 1306 1833; x_wconf 88' lang='lat' dir='ltr'>Et</span> <span class='ocrx_word' id='word_1_193' title='bbox 1322 1805 1426 1834; x_wconf 79' lang='lat' dir='ltr'>beatus</span> <span class='ocrx_word' id='word_1_194' title='bbox 1439 1809 1554 1842; x_wconf 83' lang='lat' dir='ltr'>venter,</span> <span class='ocrx_word' id='word_1_195' title='bbox 1566 1809 1617 1845; x_wconf 85' lang='lat' dir='ltr'>qui</span> <span class='ocrx_word' id='word_1_196' title='bbox 1633 1812 1658 1837; x_wconf 87' lang='lat' dir='ltr'>te</span> <span class='ocrx_word' id='word_1_197' title='bbox 1673 1812 1811 1846; x_wconf 81' lang='lat' dir='ltr'>portavit,</span> 
     </span>
    </p>
   </div>
   <div class='ocr_carea' id='block_1_5' title="bbox 183 1848 1813 2544">
    <p class='ocr_par' dir='ltr' id='par_1_5' title="bbox 183 1848 1813 2544">
     <span class='ocr_line' id='line_1_19' title="bbox 185 1848 1813 1893; baseline 0.007 -18"><span class='ocrx_word' id='word_1_198' title='bbox 185 1848 345 1876; x_wconf 89' lang='lat' dir='ltr'>Dominum</span> <span class='ocrx_word' id='word_1_199' title='bbox 359 1849 494 1876; x_wconf 85' lang='lat' dir='ltr'>nostrum</span> <span class='ocrx_word' id='word_1_200' title='bbox 509 1849 608 1876; x_wconf 88' lang='lat' dir='ltr'>Jesum</span> <span class='ocrx_word' id='word_1_201' title='bbox 623 1849 780 1877; x_wconf 77' lang='lat' dir='ltr'>Christum.</span> <span class='ocrx_word' id='word_1_202' title='bbox 797 1852 899 1877; x_wconf 83' lang='lat' dir='ltr'>Amen.</span> <span class='ocrx_word' id='word_1_203' title='bbox 1028 1851 1151 1879; x_wconf 85' lang='lat' dir='ltr'>Domine</span> <span class='ocrx_word' id='word_1_204' title='bbox 1173 1853 1240 1880; x_wconf 88' lang='lat' dir='ltr'>Jesu</span> <span class='ocrx_word' id='word_1_205' title='bbox 1258 1852 1386 1887; x_wconf 77' lang='lat' dir='ltr'>Christe3</span> <span class='ocrx_word' id='word_1_206' title='bbox 1412 1855 1439 1881; x_wconf 85' lang='lat' dir='ltr'>et</span> <span class='ocrx_word' id='word_1_207' title='bbox 1458 1854 1546 1883; x_wconf 81' lang='lat' dir='ltr'>beata</span> <span class='ocrx_word' id='word_1_208' title='bbox 1564 1856 1668 1891; x_wconf 82' lang='lat' dir='ltr'>ubera,</span> <span class='ocrx_word' id='word_1_209' title='bbox 1684 1865 1750 1893; x_wconf 72' lang='lat' dir='ltr'>qum</span> <span class='ocrx_word' id='word_1_210' title='bbox 1765 1867 1813 1886; x_wconf 84' lang='lat' dir='ltr'>su-</span> 
     </span>
     <span class='ocr_line' id='line_1_20' title="bbox 292 1895 1103 1932; baseline 0.002 -9"><span class='ocrx_word' id='word_1_211' title='bbox 292 1896 403 1931; x_wconf 69' lang='lat' dir='ltr'>Gaude,</span> <span class='ocrx_word' id='word_1_212' title='bbox 419 1896 505 1931; x_wconf 81' lang='lat' dir='ltr'>virgo</span> <span class='ocrx_word' id='word_1_213' title='bbox 520 1895 607 1924; x_wconf 84' lang='lat' dir='ltr'>Maria</span> <span class='ocrx_word' id='word_1_214' title='bbox 620 1896 668 1932; x_wconf 82' lang='lat' dir='ltr'>(a),</span> <span class='ocrx_word' id='word_1_215' title='bbox 680 1898 768 1925; x_wconf 80' lang='lat' dir='ltr'>Mater</span> <span class='ocrx_word' id='word_1_216' title='bbox 782 1897 896 1932; x_wconf 84' lang='lat' dir='ltr'>Christi,</span> <span class='ocrx_word' id='word_1_217' title='bbox 1026 1898 1103 1926; x_wconf 74' lang='lat' dir='ltr'>xisti.</span> 
     </span>
     <span class='ocr_line' id='line_1_21' title="bbox 254 1943 1812 1990; baseline 0.008 -20"><span class='ocrx_word' id='word_1_218' title='bbox 254 1944 324 1976; x_wconf 73' lang='lat' dir='ltr'>Quae</span> <span class='ocrx_word' id='word_1_219' title='bbox 337 1950 392 1979; x_wconf 87' lang='lat' dir='ltr'>per</span> <span class='ocrx_word' id='word_1_220' title='bbox 407 1950 511 1971; x_wconf 83' lang='lat' dir='ltr'>aurem</span> <span class='ocrx_word' id='word_1_221' title='bbox 527 1943 698 1979; x_wconf 81' lang='lat' dir='ltr'>concepisti,</span> <span class='ocrx_word' id='word_1_222' title='bbox 1063 1945 1084 1972; x_wconf 93' lang='grc' dir='ltr'>Ο</span> <span class='ocrx_word' id='word_1_223' title='bbox 1106 1945 1196 1980; x_wconf 86' lang='lat' dir='ltr'>igitur</span> <span class='ocrx_word' id='word_1_224' title='bbox 1218 1947 1375 1975; x_wconf 80' lang='lat' dir='ltr'>mediatrix</span> <span class='ocrx_word' id='word_1_225' title='bbox 1400 1950 1501 1977; x_wconf 84' lang='lat' dir='ltr'>nostra</span> <span class='ocrx_word' id='word_1_226' title='bbox 1522 1951 1621 1985; x_wconf 82' lang='lat' dir='ltr'>Maria,</span> <span class='ocrx_word' id='word_1_227' title='bbox 1643 1954 1730 1981; x_wconf 82' lang='lat' dir='ltr'>Mater</span> <span class='ocrx_word' id='word_1_228' title='bbox 1745 1962 1812 1990; x_wconf 85' lang='lat' dir='ltr'>gra-</span> 
     </span>
     <span class='ocr_line' id='line_1_22' title="bbox 254 1989 1810 2036; baseline 0.008 -19"><span class='ocrx_word' id='word_1_229' title='bbox 254 1989 389 2018; x_wconf 85' lang='lat' dir='ltr'>Gahriele</span> <span class='ocrx_word' id='word_1_230' title='bbox 402 1990 518 2018; x_wconf 90' lang='lat' dir='ltr'>nuntio.</span> <span class='ocrx_word' id='word_1_231' title='bbox 1026 1992 1080 2026; x_wconf 78' lang='lat' dir='ltr'>tiae,</span> <span class='ocrx_word' id='word_1_232' title='bbox 1103 1993 1192 2020; x_wconf 80' lang='lat' dir='ltr'>Mater</span> <span class='ocrx_word' id='word_1_233' title='bbox 1206 1993 1427 2030; x_wconf 76' lang='lat' dir='ltr'>misericordiae,</span> <span class='ocrx_word' id='word_1_234' title='bbox 1445 2004 1500 2032; x_wconf 88' lang='lat' dir='ltr'>pro</span> <span class='ocrx_word' id='word_1_235' title='bbox 1515 1998 1613 2033; x_wconf 84' lang='lat' dir='ltr'>nobis,</span> <span class='ocrx_word' id='word_1_236' title='bbox 1631 2008 1810 2036; x_wconf 77' lang='lat' dir='ltr'>quaesumus,</span> 
     </span>
     <span class='ocr_line' id='line_1_23' title="bbox 287 2037 1812 2078; baseline 0.007 -13"><span class='ocrx_word' id='word_1_237' title='bbox 287 2038 366 2072; x_wconf 86' lang='lat' dir='ltr'>Jesu,</span> <span class='ocrx_word' id='word_1_238' title='bbox 378 2037 474 2066; x_wconf 86' lang='lat' dir='ltr'>fructu</span> <span class='ocrx_word' id='word_1_239' title='bbox 490 2037 524 2073; x_wconf 86' lang='lat' dir='ltr'>(b)</span> <span class='ocrx_word' id='word_1_240' title='bbox 541 2038 650 2066; x_wconf 87' lang='lat' dir='ltr'>ventris</span> <span class='ocrx_word' id='word_1_241' title='bbox 663 2038 716 2071; x_wconf 83' lang='lat' dir='ltr'>tui,</span> <span class='ocrx_word' id='word_1_242' title='bbox 1026 2038 1192 2074; x_wconf 85' lang='lat' dir='ltr'>intercede,</span> <span class='ocrx_word' id='word_1_243' title='bbox 1207 2042 1238 2068; x_wconf 87' lang='lat' dir='ltr'>ut</span> <span class='ocrx_word' id='word_1_244' title='bbox 1251 2048 1329 2069; x_wconf 80' lang='lat' dir='ltr'>verae</span> <span class='ocrx_word' id='word_1_245' title='bbox 1344 2044 1581 2078; x_wconf 88' lang='lat' dir='ltr'>compunctionis</span> <span class='ocrx_word' id='word_1_246' title='bbox 1602 2048 1630 2074; x_wconf 83' lang='lat' dir='ltr'>et</span> <span class='ocrx_word' id='word_1_247' title='bbox 1645 2047 1812 2076; x_wconf 87' lang='lat' dir='ltr'>devotionis</span> 
     </span>
     <span class='ocr_line' id='line_1_24' title="bbox 254 2084 1811 2126; baseline 0.007 -14"><span class='ocrx_word' id='word_1_248' title='bbox 254 2086 307 2112; x_wconf 85' lang='lat' dir='ltr'>Per</span> <span class='ocrx_word' id='word_1_249' title='bbox 321 2085 349 2112; x_wconf 93' lang='lat' dir='ltr'>te</span> <span class='ocrx_word' id='word_1_250' title='bbox 365 2084 450 2112; x_wconf 89' lang='lat' dir='ltr'>detur</span> <span class='ocrx_word' id='word_1_251' title='bbox 465 2085 554 2113; x_wconf 88' lang='lat' dir='ltr'>nobis</span> <span class='ocrx_word' id='word_1_252' title='bbox 569 2085 637 2120; x_wconf 83' lang='lat' dir='ltr'>frui,</span> <span class='ocrx_word' id='word_1_253' title='bbox 1025 2085 1151 2120; x_wconf 82' lang='lat' dir='ltr'>gratiam</span> <span class='ocrx_word' id='word_1_254' title='bbox 1173 2087 1261 2115; x_wconf 86' lang='lat' dir='ltr'>nobis</span> <span class='ocrx_word' id='word_1_255' title='bbox 1281 2087 1425 2124; x_wconf 89' lang='lat' dir='ltr'>inspirare</span> <span class='ocrx_word' id='word_1_256' title='bbox 1447 2090 1586 2126; x_wconf 83' lang='lat' dir='ltr'>dignetur</span> <span class='ocrx_word' id='word_1_257' title='bbox 1605 2093 1811 2123; x_wconf 80' lang='lat' dir='ltr'>dilectissimus</span> 
     </span>
     <span class='ocr_line' id='line_1_25' title="bbox 254 2132 1809 2178; baseline 0.006 -19"><span class='ocrx_word' id='word_1_258' title='bbox 254 2133 285 2159; x_wconf 80' lang='lat' dir='ltr'>in</span> <span class='ocrx_word' id='word_1_259' title='bbox 300 2132 424 2167; x_wconf 90' lang='lat' dir='ltr'>perenni</span> <span class='ocrx_word' id='word_1_260' title='bbox 440 2132 562 2167; x_wconf 84' lang='lat' dir='ltr'>gaudio.</span> <span class='ocrx_word' id='word_1_261' title='bbox 577 2134 680 2160; x_wconf 86' lang='lat' dir='ltr'>Amen.</span> <span class='ocrx_word' id='word_1_262' title='bbox 1025 2132 1114 2160; x_wconf 90' lang='lat' dir='ltr'>Filius</span> <span class='ocrx_word' id='word_1_263' title='bbox 1130 2135 1197 2162; x_wconf 85' lang='lat' dir='ltr'>tuus</span> <span class='ocrx_word' id='word_1_264' title='bbox 1211 2135 1353 2163; x_wconf 86' lang='lat' dir='ltr'>Dominus</span> <span class='ocrx_word' id='word_1_265' title='bbox 1369 2138 1469 2164; x_wconf 84' lang='lat' dir='ltr'>noster</span> <span class='ocrx_word' id='word_1_266' title='bbox 1487 2139 1570 2167; x_wconf 84' lang='lat' dir='ltr'>Jesus</span> <span class='ocrx_word' id='word_1_267' title='bbox 1589 2140 1717 2169; x_wconf 86' lang='lat' dir='ltr'>Christus</span> <span class='ocrx_word' id='word_1_268' title='bbox 1735 2152 1740 2170; x_wconf 87' lang='lat'>:</span> <span class='ocrx_word' id='word_1_269' title='bbox 1759 2143 1809 2178; x_wconf 87' lang='lat' dir='ltr'>qui</span> 
     </span>
     <span class='ocr_line' id='line_1_26' title="bbox 218 2179 1175 2215; baseline 0.003 -10"><span class='ocrx_word' id='word_1_270' title='bbox 218 2179 386 2213; x_wconf 68' lang='lat' dir='ltr'>Antiphonti.</span> <span class='ocrx_word' id='word_1_271' title='bbox 403 2181 473 2214; x_wconf 84' lang='lat' dir='ltr'>Ave,</span> <span class='ocrx_word' id='word_1_272' title='bbox 486 2179 586 2208; x_wconf 84' lang='lat' dir='ltr'>Maria.</span> <span class='ocrx_word' id='word_1_273' title='bbox 1025 2186 1104 2215; x_wconf 89' lang='lat' dir='ltr'>cum,</span> <span class='ocrx_word' id='word_1_274' title='bbox 1121 2182 1175 2208; x_wconf 82' lang='lat' dir='ltr'>etc.</span> 
     </span>
     <span class='ocr_line' id='line_1_27' title="bbox 1204 2229 1593 2269; baseline 0.018 -13"><span class='ocrx_word' id='word_1_275' title='bbox 1204 2229 1314 2262; x_wconf 85' lang='lat' dir='ltr'>Gaude,</span> <span class='ocrx_word' id='word_1_276' title='bbox 1332 2230 1403 2266; x_wconf 87' lang='lat' dir='ltr'>quia</span> <span class='ocrx_word' id='word_1_277' title='bbox 1419 2233 1477 2260; x_wconf 92' lang='lat' dir='ltr'>Deo</span> <span class='ocrx_word' id='word_1_278' title='bbox 1493 2233 1593 2269; x_wconf 81' lang='lat' dir='ltr'>plena,</span> 
     </span>
     <span class='ocr_line' id='line_1_28' title="bbox 504 2262 1498 2314; baseline 0.008 -15"><span class='ocrx_word' id='word_1_279' title='bbox 504 2262 642 2289; x_wconf 62' lang='lat' dir='ltr'>PSALMUS·</span> <span class='ocrx_word' id='word_1_280' title='bbox 1168 2276 1307 2311; x_wconf 83' lang='lat' dir='ltr'>peperisti</span> <span class='ocrx_word' id='word_1_281' title='bbox 1322 2276 1384 2305; x_wconf 91' lang='lat' dir='ltr'>sine</span> <span class='ocrx_word' id='word_1_282' title='bbox 1398 2286 1498 2314; x_wconf 75' lang='lat' dir='ltr'>pecua,</span> 
     </span>
     <span class='ocr_line' id='line_1_29' title="bbox 291 2320 1470 2359; baseline 0.005 -12"><span class='ocrx_word' id='word_1_283' title='bbox 291 2320 467 2355; x_wconf 74' lang='lat' dir='ltr'>magnificat.</span> <span class='ocrx_word' id='word_1_284' title='bbox 1168 2324 1240 2350; x_wconf 88' lang='lat' dir='ltr'>Cum</span> <span class='ocrx_word' id='word_1_285' title='bbox 1257 2324 1382 2359; x_wconf 89' lang='lat' dir='ltr'>pudoris</span> <span class='ocrx_word' id='word_1_286' title='bbox 1398 2324 1470 2353; x_wconf 90' lang='lat' dir='ltr'>lilio.</span> 
     </span>
     <span class='ocr_line' id='line_1_30' title="bbox 218 2366 1670 2409; baseline 0.008 -16"><span class='ocrx_word' id='word_1_287' title='bbox 218 2366 370 2394; x_wconf 80' lang='lat' dir='ltr'>Mediatrix</span> <span class='ocrx_word' id='word_1_288' title='bbox 389 2367 438 2394; x_wconf 89' lang='lat' dir='ltr'>Dei</span> <span class='ocrx_word' id='word_1_289' title='bbox 451 2368 480 2394; x_wconf 84' lang='lat' dir='ltr'>et</span> <span class='ocrx_word' id='word_1_290' title='bbox 493 2367 661 2403; x_wconf 86' lang='lat' dir='ltr'>hominum,</span> <span class='ocrx_word' id='word_1_291' title='bbox 676 2370 707 2397; x_wconf 86' lang='lat' dir='ltr'>tu</span> <span class='ocrx_word' id='word_1_292' title='bbox 723 2370 812 2405; x_wconf 87' lang='lat' dir='ltr'>digne</span> <span class='ocrx_word' id='word_1_293' title='bbox 828 2370 965 2405; x_wconf 85' lang='lat' dir='ltr'>magnifi-</span> <span class='ocrx_word' id='word_1_294' title='bbox 1201 2372 1279 2404; x_wconf 87' lang='lat' dir='ltr'>Jesu,</span> <span class='ocrx_word' id='word_1_295' title='bbox 1288 2370 1383 2399; x_wconf 86' lang='lat' dir='ltr'>fructu</span> <span class='ocrx_word' id='word_1_296' title='bbox 1394 2373 1426 2408; x_wconf 81' lang='lat' dir='ltr'>(b)</span> <span class='ocrx_word' id='word_1_297' title='bbox 1437 2375 1546 2402; x_wconf 88' lang='lat' dir='ltr'>ventris</span> <span class='ocrx_word' id='word_1_298' title='bbox 1557 2376 1608 2409; x_wconf 78' lang='lat' dir='ltr'>tui,</span> <span class='ocrx_word' id='word_1_299' title='bbox 1618 2379 1670 2405; x_wconf 76' lang='lat' dir='ltr'>etc.</span> 
     </span>
     <span class='ocr_line' id='line_1_31' title="bbox 183 2413 1337 2453; baseline 0.004 -12"><span class='ocrx_word' id='word_1_300' title='bbox 183 2421 231 2442; x_wconf 84' lang='lat' dir='ltr'>cas</span> <span class='ocrx_word' id='word_1_301' title='bbox 246 2413 416 2449; x_wconf 90' lang='lat' dir='ltr'>Dominum,</span> <span class='ocrx_word' id='word_1_302' title='bbox 434 2422 500 2450; x_wconf 82' lang='lat' dir='ltr'>quae</span> <span class='ocrx_word' id='word_1_303' title='bbox 515 2415 579 2443; x_wconf 90' lang='lat' dir='ltr'>sola</span> <span class='ocrx_word' id='word_1_304' title='bbox 595 2416 754 2451; x_wconf 87' lang='lat' dir='ltr'>concepisti</span> <span class='ocrx_word' id='word_1_305' title='bbox 777 2417 892 2452; x_wconf 85' lang='lat' dir='ltr'>Filium,</span> <span class='ocrx_word' id='word_1_306' title='bbox 913 2418 965 2453; x_wconf 88' lang='lat' dir='ltr'>qui</span> <span class='ocrx_word' id='word_1_307' title='bbox 1059 2417 1228 2452; x_wconf 60' lang='lat' dir='ltr'>Aatz‘phona.</span> <span class='ocrx_word' id='word_1_308' title='bbox 1245 2418 1337 2446; x_wconf 81' lang='lat' dir='ltr'>Alma.</span> 
     </span>
     <span class='ocr_line' id='line_1_32' title="bbox 183 2461 965 2492; baseline 0.005 -4"><span class='ocrx_word' id='word_1_309' title='bbox 183 2462 224 2488; x_wconf 82' lang='lat' dir='ltr'>est</span> <span class='ocrx_word' id='word_1_310' title='bbox 236 2468 307 2489; x_wconf 89' lang='lat' dir='ltr'>vera</span> <span class='ocrx_word' id='word_1_311' title='bbox 319 2461 398 2488; x_wconf 84' lang='lat' dir='ltr'>salus</span> <span class='ocrx_word' id='word_1_312' title='bbox 412 2461 571 2489; x_wconf 89' lang='lat' dir='ltr'>humilium</span> <span class='ocrx_word' id='word_1_313' title='bbox 596 2471 602 2489; x_wconf 88' lang='lat'>:</span> <span class='ocrx_word' id='word_1_314' title='bbox 626 2462 695 2490; x_wconf 88' lang='lat' dir='ltr'>hinc</span> <span class='ocrx_word' id='word_1_315' title='bbox 717 2464 851 2492; x_wconf 88' lang='lat' dir='ltr'>omnium</span> <span class='ocrx_word' id='word_1_316' title='bbox 874 2466 965 2492; x_wconf 90' lang='lat' dir='ltr'>Deum</span> 
     </span>
     <span class='ocr_line' id='line_1_33' title="bbox 183 2503 1482 2544; baseline 0.006 -10"><span class='ocrx_word' id='word_1_317' title='bbox 183 2508 376 2543; x_wconf 82' lang='lat' dir='ltr'>quaerentium</span> <span class='ocrx_word' id='word_1_318' title='bbox 392 2509 553 2544; x_wconf 79' lang='lat' dir='ltr'>generatio,</span> <span class='ocrx_word' id='word_1_319' title='bbox 575 2511 601 2537; x_wconf 88' lang='lat' dir='ltr'>te</span> <span class='ocrx_word' id='word_1_320' title='bbox 621 2509 739 2538; x_wconf 84' lang='lat' dir='ltr'>beatam</span> <span class='ocrx_word' id='word_1_321' title='bbox 756 2511 853 2539; x_wconf 80' lang='lat' dir='ltr'>dicere</span> <span class='ocrx_word' id='word_1_322' title='bbox 874 2513 901 2539; x_wconf 87' lang='lat' dir='ltr'>et</span> <span class='ocrx_word' id='word_1_323' title='bbox 915 2512 965 2539; x_wconf 76' lang='lat' dir='ltr'>de-</span> <span class='ocrx_word' id='word_1_324' title='bbox 1348 2503 1482 2530; x_wconf 59' lang='lat' dir='ltr'>PSALMS·</span> 
     </span>
    </p>
   </div>
   <div class='ocr_carea' id='block_1_6' title="bbox 1148 2560 1472 2596">
    <p class='ocr_par' dir='ltr' id='par_1_6' title="bbox 1148 2560 1472 2596">
     <span class='ocr_line' id='line_1_34' title="bbox 1148 2560 1472 2596; baseline 0.003 -8"><span class='ocrx_word' id='word_1_325' title='bbox 1148 2560 1193 2588; x_wconf 83' lang='lat' dir='ltr'>Ad</span> <span class='ocrx_word' id='word_1_326' title='bbox 1207 2560 1377 2596; x_wconf 84' lang='lat' dir='ltr'>Dominum,</span> <span class='ocrx_word' id='word_1_327' title='bbox 1393 2570 1472 2589; x_wconf 87' lang='lat' dir='ltr'>cum.</span> 
     </span>
    </p>
   </div>
   <div class='ocr_carea' id='block_1_7' title="bbox 217 2593 1815 2649">
    <p class='ocr_par' dir='ltr' id='par_1_7' title="bbox 217 2593 1815 2649">
     <span class='ocr_line' id='line_1_35' title="bbox 217 2593 1815 2649; baseline 0.004 -30"><span class='ocrx_word' id='word_1_328' title='bbox 217 2595 224 2611; x_wconf 84' lang='lat'>¹</span> <span class='ocrx_word' id='word_1_329' title='bbox 241 2595 280 2625; x_wconf 83' lang='lat' dir='ltr'>Cf.</span> <span class='ocrx_word' id='word_1_330' title='bbox 297 2596 360 2620; x_wconf 82' lang='lat' dir='ltr'>Edit.</span> <span class='ocrx_word' id='word_1_331' title='bbox 374 2597 507 2628; x_wconf 81' lang='lat' dir='ltr'>Argentin.</span> <span class='ocrx_word' id='word_1_332' title='bbox 528 2605 569 2621; x_wconf 84' lang='lat' dir='ltr'>an.</span> <span class='ocrx_word' id='word_1_333' title='bbox 588 2599 656 2629; x_wconf 74' lang='grc'>1495,</span> <span class='ocrx_word' id='word_1_334' title='bbox 668 2600 733 2629; x_wconf 79' lang='lat' dir='ltr'>part.</span> <span class='ocrx_word' id='word_1_335' title='bbox 748 2600 782 2629; x_wconf 87' lang='grc' dir='ltr'>ΙΙ;</span> <span class='ocrx_word' id='word_1_336' title='bbox 799 2600 859 2623; x_wconf 82' lang='lat' dir='ltr'>edit.</span> <span class='ocrx_word' id='word_1_337' title='bbox 874 2600 964 2631; x_wconf 69' lang='lat' dir='ltr'>Vatic,</span> <span class='ocrx_word' id='word_1_338' title='bbox 1058 2606 1142 2635; x_wconf 64' lang='lat' dir='ltr'>Alma</span> <span class='ocrx_word' id='word_1_339' title='bbox 1171 2607 1374 2643; x_wconf 65' lang='lat' dir='ltr'>Redemptorjs</span> <span class='ocrx_word' id='word_1_340' title='bbox 1406 2610 1494 2637; x_wconf 56' lang='lat' dir='ltr'>Mater</span> <span class='ocrx_word' id='word_1_341' title='bbox 1525 2610 1647 2647; x_wconf 50' lang='lat' dir='ltr'>eximia,</span> <span class='ocrx_word' id='word_1_342' title='bbox 1677 2614 1726 2649; x_wconf 62' lang='lat' dir='ltr'>qui</span> <span class='ocrx_word' id='word_1_343' title='bbox 1756 2593 1815 2642; x_wconf 46' lang='lat' dir='ltr'>tua&#39;</span> 
     </span>
    </p>
   </div>
   <div class='ocr_carea' id='block_1_8' title="bbox 185 2632 1800 2736">
    <p class='ocr_par' dir='ltr' id='par_1_8' title="bbox 185 2632 1800 2736">
     <span class='ocr_line' id='line_1_36' title="bbox 185 2632 964 2666; baseline 0.006 -12"><span class='ocrx_word' id='word_1_344' title='bbox 185 2636 227 2653; x_wconf 84' lang='lat' dir='ltr'>au.</span> <span class='ocrx_word' id='word_1_345' title='bbox 247 2632 325 2662; x_wconf 76' lang='lat'>1596,</span> <span class='ocrx_word' id='word_1_346' title='bbox 345 2634 407 2656; x_wconf 86' lang='lat' dir='ltr'>tom.</span> <span class='ocrx_word' id='word_1_347' title='bbox 433 2633 481 2663; x_wconf 80' lang='lat' dir='ltr'>Vl,</span> <span class='ocrx_word' id='word_1_348' title='bbox 502 2640 561 2664; x_wconf 74' lang='lat' dir='ltr'>pag.</span> <span class='ocrx_word' id='word_1_349' title='bbox 582 2635 638 2661; x_wconf 54' lang='lat'>48&amp;</span> <span class='ocrx_word' id='word_1_350' title='bbox 661 2635 721 2658; x_wconf 80' lang='lat' dir='ltr'>edit.</span> <span class='ocrx_word' id='word_1_351' title='bbox 746 2636 810 2659; x_wconf 79' lang='lat' dir='ltr'>Vcn.</span> <span class='ocrx_word' id='word_1_352' title='bbox 831 2642 872 2659; x_wconf 83' lang='lat' dir='ltr'>au.</span> <span class='ocrx_word' id='word_1_353' title='bbox 894 2636 964 2666; x_wconf 78' lang='grc'>1811,</span> 
     </span>
     <span class='ocr_line' id='line_1_37' title="bbox 186 2666 1800 2707; baseline 0.009 -19"><span class='ocrx_word' id='word_1_354' title='bbox 186 2666 248 2689; x_wconf 86' lang='lat' dir='ltr'>tom.</span> <span class='ocrx_word' id='word_1_355' title='bbox 264 2666 300 2696; x_wconf 84' lang='grc' dir='ltr'>ΙΙ;</span> <span class='ocrx_word' id='word_1_356' title='bbox 319 2667 379 2691; x_wconf 66' lang='lat' dir='ltr'>edit,</span> <span class='ocrx_word' id='word_1_357' title='bbox 395 2668 474 2699; x_wconf 79' lang='lat' dir='ltr'>Lugd.</span> <span class='ocrx_word' id='word_1_358' title='bbox 491 2675 533 2692; x_wconf 83' lang='lat' dir='ltr'>au.</span> <span class='ocrx_word' id='word_1_359' title='bbox 554 2670 623 2700; x_wconf 75' lang='lat'>1647,</span> <span class='ocrx_word' id='word_1_360' title='bbox 640 2672 701 2694; x_wconf 82' lang='lat' dir='ltr'>tom.</span> <span class='ocrx_word' id='word_1_361' title='bbox 721 2671 738 2700; x_wconf 87' lang='grc'>1,</span> <span class='ocrx_word' id='word_1_362' title='bbox 754 2677 811 2701; x_wconf 73' lang='lat' dir='ltr'>pag.</span> <span class='ocrx_word' id='word_1_363' title='bbox 829 2672 886 2697; x_wconf 68' lang='lat'>4912</span> <span class='ocrx_word' id='word_1_364' title='bbox 903 2671 963 2694; x_wconf 82' lang='lat' dir='ltr'>edit.</span> <span class='ocrx_word' id='word_1_365' title='bbox 1053 2672 1083 2701; x_wconf 78' lang='lat' dir='ltr'>(u)</span> <span class='ocrx_word' id='word_1_366' title='bbox 1101 2671 1174 2694; x_wconf 69' lang='lat' dir='ltr'>Forle</span> <span class='ocrx_word' id='word_1_367' title='bbox 1189 2670 1238 2695; x_wconf 80' lang='lat' dir='ltr'>del.</span> <span class='ocrx_word' id='word_1_368' title='bbox 1261 2671 1338 2695; x_wconf 66' lang='lat' dir='ltr'>Marici</span> <span class='ocrx_word' id='word_1_369' title='bbox 1362 2675 1463 2703; x_wconf 59' lang='lat' dir='ltr'>proplrr</span> <span class='ocrx_word' id='word_1_370' title='bbox 1479 2673 1633 2703; x_wconf 56' lang='lat' dir='ltr'>rliistlmmm.</span> <span class='ocrx_word' id='word_1_371' title='bbox 1648 2690 1678 2693; x_wconf 96' lang='lat'><strong>—</strong></span> <span class='ocrx_word' id='word_1_372' title='bbox 1693 2677 1725 2707; x_wconf 68' lang='grc'>(1,)</span> <span class='ocrx_word' id='word_1_373' title='bbox 1742 2680 1800 2704; x_wconf 55' lang='grc' dir='ltr'>(ἰή.</span> 
     </span>
     <span class='ocr_line' id='line_1_38' title="bbox 189 2701 1295 2736; baseline 0.006 -11"><span class='ocrx_word' id='word_1_374' title='bbox 189 2701 263 2732; x_wconf 58' lang='grc' dir='ltr'>νειμ,</span> <span class='ocrx_word' id='word_1_375' title='bbox 277 2708 317 2725; x_wconf 84' lang='lat' dir='ltr'>an.</span> <span class='ocrx_word' id='word_1_376' title='bbox 334 2704 404 2734; x_wconf 72' lang='lat'>1754,</span> <span class='ocrx_word' id='word_1_377' title='bbox 421 2705 482 2727; x_wconf 81' lang='lat' dir='ltr'>tom.</span> <span class='ocrx_word' id='word_1_378' title='bbox 500 2706 566 2736; x_wconf 85' lang='grc' dir='ltr'>ΧΙΙΙ,</span> <span class='ocrx_word' id='word_1_379' title='bbox 583 2713 640 2736; x_wconf 60' lang='lat' dir='ltr'>ling-r.</span> <span class='ocrx_word' id='word_1_380' title='bbox 657 2707 711 2730; x_wconf 59' lang='lat'>5²17.</span> <span class='ocrx_word' id='word_1_381' title='bbox 1023 2707 1082 2730; x_wconf 70' lang='lat' dir='ltr'>mlel.</span> <span class='ocrx_word' id='word_1_382' title='bbox 1099 2707 1174 2730; x_wconf 67' lang='lat' dir='ltr'>jesus</span> <span class='ocrx_word' id='word_1_383' title='bbox 1191 2708 1295 2732; x_wconf 70' lang='lat' dir='ltr'>fructus-</span> 
     </span>
    </p>
   </div>
  </div>
 </body>
</html>
