1955 3021
1707 249 1787 272 xxm

162 312 288 345 devotae
301 309 405 353 precis
420 309 606 350 offerimus,
623 309 660 342 ut
681 309 764 341 sicut
777 308 818 341 de
830 307 932 350 ipsius
946 308 1157 340 subversione
1169 308 1334 340 doluimus
1347 308 1514 348 hactenus,
1532 308 1578 341 ita
1591 308 1630 341 de
1648 317 1785 342 conver-

162 371 252 404 sione
265 371 300 402 in
313 371 478 411 posterum
498 369 701 411 gaudeamus
716 369 737 401 ¹.
752 378 767 398 »

203 430 304 462 Porro
318 429 404 470 quod
418 428 612 470 Apologiam
626 427 816 469 huJusmodi
836 426 1060 460 lucubraverit
1081 426 1196 459 Doctor
1216 428 1326 459 noster
1344 436 1431 459 anno
1450 429 1541 468 1269,
1563 427 1729 469 colligitur
1747 437 1789 461 ex

161 489 262 531 ipsius
272 488 439 530 Apologiae
453 487 573 528 verbis,
590 487 709 529 quibus
723 487 851 527 dieitur,
864 495 1024 528 pauperes
1039 486 1074 517 in
1088 495 1126 518 ea
1140 486 1330 527 defensatos,
1345 487 1440 519 licitis
1451 487 1567 527 modis,
1584 488 1707 529 absque
1721 488 1789 521 ullo

163 547 373 590 possessionis
387 547 542 587 dominio,
565 558 580 578 «
596 548 631 578 in
645 556 770 587 magna
781 546 988 579 multitudine
1009 546 1182 586 sexaginta
1195 547 1290 578 annis
1310 549 1341 578 et
1361 547 1502 588 amplius
1521 547 1643 581 vixisse
1662 551 1686 580 ⁵.
1707 559 1721 578 υ
1740 548 1790 580 Ab

164 617 250 640 anno
273 607 360 640 enim
379 608 475 646 1208,
500 615 566 648 quo
589 606 624 639 S.
654 606 842 638 FrancIsous
866 605 1083 647 pauperrimae
1106 605 1184 637 vitae
1201 614 1306 645 genus
1328 608 1376 638 est
1389 616 1583 648 aggressuS,
1605 607 1645 639 ad
1665 616 1790 639 annum

163 677 269 709 usque
282 669 374 707 1269,
388 668 459 708 ,iam
473 666 646 706 sexaginta
660 674 763 698 annos
777 667 808 697 et
822 664 961 706 amplius
979 664 1141 696 effluxisse
1157 666 1271 696 notum
1286 666 1342 696 est.
1359 664 1478 697 Eadem
1495 675 1595 699 sacrae
1615 666 1791 708 Scripturae

163 727 305 759 textibus
319 726 472 765 abundat,
490 734 572 767 quos
584 724 758 766 aliquando
774 724 880 763 refert,
897 726 995 764 prout
1005 723 1041 755 in
1051 722 1161 755 Graeco
1176 723 1344 764 leguntur,
1357 726 1436 765 puta
1450 734 1555 766 quum
1571 726 1615 757 ait
1631 737 1638 757 :
1657 737 1672 756 a
1690 725 1792 758 Evan-

165 785 289 827 gelicus
303 787 410 817 textus
422 784 600 817 secundum
616 784 884 825 chrysostomum
898 783 995 815 habet
1009 782 1043 814 in
1059 783 1189 816 Graeco:
1211 785 1304 818 Beati
1317 785 1472 824 mendici,
1490 786 1572 827 quia
1585 787 1731 827 ipsorum
1746 788 1792 819 est

164 854 299 888 reqnum
312 846 482 881 coelorum:
504 845 562 877 uhi
576 845 708 877 Latinus
732 844 853 876 habet:
876 844 971 876 Beati
982 851 1139 884 pauperes
1155 844 1279 884 spiritu
1301 845 1322 877 ³.
1346 855 1361 874 υ
1391 845 1625 877 Auctoritatem
1646 844 1794 885 allegans

163 905 238 938 libri
254 905 294 938 de
308 905 546 938 Ecclesiasticis
560 904 780 946 Doqmatibus,
798 913 865 936 non
880 904 1019 945 amplius
1037 903 1222 944 Augustino
1242 904 1365 943 tribuit,
1381 905 1436 936 sed
1454 906 1541 936 certo
1556 905 1628 945 ejus
1647 904 1794 945 scriptori

165 965 328 997 Gennadio
348 964 488 997 restituit
510 965 533 996 ⁴.
554 975 569 994 2)
598 964 824 1004 Augustinum
849 963 985 995 laudans
1008 965 1103 996 vocat
1124 964 1343 996 haereticorum
1366 963 1536 1003 malleum,
1568 973 1666 1005 quem
1697 964 1794 995 etiam

164 1026 332 1066 nuncupat
347 1025 510 1066 eqreqium
525 1024 689 1057 Doctorem
702 1024 724 1056 ¹⁵.
742 1023 805 1056 Sed
820 1024 852 1055 et
870 1023 1009 1055 aliorum
1023 1023 1156 1055 Patrum
1170 1023 1363 1055 testimoniis
1378 1023 1588 1054 refertissima
1604 1024 1663 1062 est,
1677 1032 1795 1064 nempe

166 1084 318 1125 Dionysii,
336 1083 497 1125 Cypriani,
513 1083 655 1123 Eusebii,
673 1083 842 1114 Athanasii
858 1086 880 1122 Β,
897 1084 956 1114 etc.
975 1082 1060 1113 Inter
1080 1083 1214 1114 concilia
1229 1083 1403 1115 laudantur
1420 1082 1684 1122 Carthaginense,
1702 1081 1794 1114 Tole-

165 1143 279 1174 tanum
293 1144 459 1183 quartum,
477 1144 509 1174 et
522 1142 724 1183 Agathense;
740 1142 825 1174 inter
840 1141 1010 1174 Pontifices
1021 1141 1175 1181 Gelasius,
1193 1141 1218 1173 N
1222 1142 1352 1181 icolaus,
1367 1142 1585 1180 Innocentius,
1600 1141 1792 1181 Gregorius;

165 1202 298 1243 insuper
312 1202 395 1233 sacri
412 1202 568 1241 Canones,
587 1201 709 1241 Glossa,
726 1201 828 1241 Plato,
845 1200 976 1239 Seneca,
993 1201 1249 1233 Jurisconsultus
1256 1201 1414 1241 Julianus,
1432 1201 1515 1233 alius
1528 1201 1792 1239 ,Iurisconsultus

167 1260 281 1302 Papias
292 1260 541 1292 Grammaticus.
554 1261 675 1293 Citatur
685 1271 816 1302 quoque
825 1261 878 1293 lex
890 1261 1103 1301 Postliminii,
1113 1263 1145 1293 et
1157 1263 1254 1302 caput
1263 1261 1304 1293 de
1314 1261 1494 1302 inofficioso
1504 1262 1688 1294 testamento
1698 1271 1707 1299 ;
1717 1260 1795 1291 item

167 1320 291 1360 Requla
305 1322 336 1353 et
348 1321 419 1353 vita
433 1320 524 1353 Frat.
543 1320 625 1353 Min.
641 1321 724 1353 beati
742 1321 924 1361 Pauperum
938 1321 1141 1353 Patriarchoe
1154 1321 1338 1358 Francisci,
1355 1320 1394 1352 de
1411 1329 1477 1361 quo
1495 1328 1623 1351 summe
1638 1328 1657 1350 a
1672 1318 1795 1350 Christo

166 1379 280 1411 dilecto
296 1379 358 1411 hoc
373 1379 594 1411 testimonium
614 1379 830 1411 certissimum
856 1379 1043 1420 perhibetur
1060 1390 1067 1411 :
1093 1392 1107 1409 α
1132 1379 1234 1420 Digne
1249 1380 1325 1412 huic
1343 1380 1539 1421 pauperculo
1555 1388 1645 1412 sacro
1660 1382 1684 1419 ⁷,
1700 1390 1715 1409 »
1733 1381 1793 1412 etc.

208 1439 367 1477 Quoniam
381 1440 491 1470 autem
513 1439 584 1470 haec
606 1439 764 1480 Apologia
778 1439 822 1470 ita
838 1439 958 1471 Divum
980 1439 1240 1472 Bonaventuram
1257 1442 1419 1472 auctorem
1441 1439 1617 1472 indubium
1632 1438 1734 1478 habet,
1759 1441 1798 1470 ut

169 1497 273 1530 velex
288 1497 359 1538 ipsa
373 1500 492 1531 attente
505 1498 644 1538 perlecta
658 1499 817 1538 glorietur
827 1498 971 1529 Oudinus
988 1507 1020 1530 se
1035 1500 1203 1539 aqnovisse
1218 1498 1403 1531 methodum
1420 1498 1594 1539 Seraphici
1608 1499 1755 1531 Doctoris
1765 1500 1795 1537 ⁶3

167 1556 278 1588 habita
292 1565 371 1588 vero
384 1556 458 1588 talis
472 1556 615 1589 methodi
630 1557 766 1596 ratione,
783 1557 869 1588 idem
886 1556 1031 1588 Oudinus
1047 1557 1087 1588 ab
1102 1557 1243 1589 indubiis
1258 1558 1377 1589 laudati
1394 1558 1632 1589 Bonaventurae
1647 1558 1799 1598 operibus

167 1616 281 1657 procul
304 1624 372 1647 esse
392 1617 520 1647 censeat
547 1615 618 1646 illas
644 1625 739 1647 voces
760 1626 767 1647 ε
801 1616 1028 1655 Deordinasti,
1055 1617 1268 1656 uniformem,
1291 1617 1536 1657 multiformem,
1563 1617 1796 1657 septiformem,

167 1676 409 1716 siqurationem,
426 1675 627 1716 aliqualiter,
645 1674 863 1715 qehennalem,
886 1675 1081 1714 (eternalem,
1102 1683 1230 1707 sursum
1247 1677 1414 1715 actionem,
1433 1675 1660 1714 mundialiter,
1676 1676 1798 1708 virtuo-

166 1742 249 1774 sum,
265 1734 510 1775 impretiabilis,
536 1735 725 1774 qratiosum,
749 1733 893 1767 domatio
909 1734 1099 1774 libidinum,
1123 1734 1313 1774 vilificatus,
1335 1734 1521 1776 jttdicialis,
1539 1735 1578 1767 de
1592 1735 1697 1774 facili,
1724 1736 1797 1774 etc„

168 1803 233 1826 non
248 1795 305 1826 abs
319 1803 355 1825 re
372 1794 519 1826 futurum
534 1803 607 1825 reor
624 1793 658 1824 in
675 1793 785 1825 eadem
803 1794 961 1834 Apologia
979 1794 1130 1826 adnotare
1147 1803 1240 1826 voces
1262 1797 1430 1835 sequentes
1448 1805 1455 1826 z
1481 1795 1537 1827 Dei
1553 1795 1707 1834 formium
1729 1795 1798 1826 vir-

169 1856 287 1892 tutum,
299 1855 551 1894 multiformium
564 1854 831 1894 perversitatum,
849 1862 863 1886 e
880 1857 978 1894 puteo
994 1853 1150 1894 abyssali,
1167 1854 1346 1887 sacerdotii
1360 1855 1545 1894 siqzirativi,
1561 1854 1798 1894 dogmatizare,

171 1913 373 1954 aliqualiter,
403 1912 600 1945 deordinata
626 1913 896 1951 circumstantia,
930 1913 1208 1953 sempiternalium
1236 1913 1504 1953 jucunditatum,
1534 1913 1800 1954 supereroqativa

171 1980 302 2005 sursum
325 1973 420 2011 actio,
438 1971 620 2004 mundialis
639 1971 814 2010 machinae,
833 1972 1052 2004 virtuosorum
1067 1972 1246 2012 habituum,
1263 1973 1480 2014 impretiabile
1495 1972 1627 2012 donum,
1645 1972 1800 2013 qratiosi—

174 2034 271 2066 tatem
294 2032 456 2073 obsequii,
483 2031 716 2064 edomationem
742 2032 1091 2071 concupiscentiarum,
1108 2032 1349 2073 ceniqmaticam
1361 2033 1676 2072 prceliyurationem,
1699 2032 1799 2072 septi-

175 2092 306 2130 formem
320 2091 579 2132 qermanitatem,
596 2090 782 2130 vilificatio,
800 2090 839 2122 de
852 2091 946 2130 facili
968 2091 1123 2130 illectiva,
1144 2094 1203 2123 etc.
1225 2091 1274 2123 Ex
1291 2092 1342 2123 his
1365 2101 1461 2123 nemo
1479 2101 1546 2123 non
1567 2091 1655 2123 videt
1676 2091 1800 2122 fluxam

174 2150 348 2182 admodum
362 2150 460 2182 fidem
474 2150 550 2182 artis
561 2150 677 2182 criticae
693 2150 821 2189 Oudini,
839 2151 893 2191 qui
911 2151 951 2182 ob
967 2151 1140 2182 nonnullus
1155 2161 1196 2182 ex
1215 2151 1323 2183 relatis
1342 2151 1489 2190 vocibus,
1510 2159 1689 2191 earumque
1710 2149 1799 2180 simi-

175 2209 231 2248 leS,
248 2211 354 2241 censet
369 2209 546 2250 abjicienda
560 2209 654 2250 plura
668 2209 905 2240 Bonaventurae
921 2209 1092 2250 Opuscula,
1110 2219 1213 2251 quum
1230 2212 1341 2242 tamen
1357 2210 1420 2242 alia
1433 2209 1600 2241 retinenda
1614 2209 1799 2248 arbitretur,

175 2268 210 2299 in
225 2268 345 2308 quibus
360 2269 478 2309 passim
505 2269 691 2301 occurrunt.
717 2267 861 2299 Profecto
884 2268 950 2307 ipse
974 2270 1031 2300 aut
1052 2278 1117 2300 non
1138 2269 1229 2309 legit,
1250 2271 1307 2301 aut
1330 2269 1412 2309 legit
1438 2271 1564 2301 tantum
1585 2268 1800 2309 perfunctorie

174 2329 273 2369 atque
287 2327 456 2359 oscitanter
470 2337 519 2367 ea,
534 2336 675 2368 quorum
691 2326 752 2358 sibi
767 2327 905 2368 sumpsit
915 2327 1087 2367 judicium.

217 2386 363 2419 Tertium
378 2389 409 2419 et
422 2389 576 2428 quartum
592 2387 801 2427 Opusculum,
817 2386 965 2418 videlicet
978 2387 1118 2420 Libellus
1134 2389 1356 2429 Apoloqeticus
1371 2390 1402 2420 et
1419 2388 1526 2428 Quare
1543 2388 1674 2420 Fratres
1691 2387 1801 2420 Mino-

174 2454 223 2479 res
233 2446 428 2487 praedicent,
441 2447 615 2477 occurrunt
628 2446 662 2476 in
677 2445 828 2485 Gatalogo
844 2445 976 2476 Mariani
988 2446 1174 2485 Florentini,
1191 2447 1225 2478 in
1240 2448 1377 2479 editione
1393 2446 1624 2487 Argentinensi
1639 2455 1691 2477 an.
1707 2448 1798 2485 1495,

175 2507 206 2537 et
230 2505 315 2537 inter
338 2505 467 2537 Codices
492 2504 652 2535 Romanos
677 2503 809 2535 Archivi
833 2505 866 2536 S.
890 2504 1002 2536 isidori
1024 2506 1101 2537 Min.
1127 2506 1244 2538 Recoll.
1271 2507 1409 2538 nationis
1424 2506 1614 2537 Hibernicae.
1637 2505 1784 2537 Posteriu

174 2566 284 2596 autem
299 2564 450 2596 laudatur
462 2564 594 2604 insuper
607 2563 647 2594 ab
658 2563 830 2603 Anonymo
843 2563 1040 2596 pistoriensi.
1059 2564 1230 2605 Utriusque
1249 2566 1351 2606 stylus
1366 2567 1397 2597 et
1412 2565 1557 2597 doctrina
1571 2566 1680 2596 nostro
1696 2554 1799 2596 Bona-

207 2684 214 2699 ¹
232 2683 269 2707 Ad
293 2682 336 2707 fin.
354 2690 410 2714 cap.
428 2689 469 2713 111,
492 2689 560 2713 resp.
580 2683 610 2713 tl,
628 2689 685 2713 pag.
703 2682 757 2711 454,
773 2681 822 2705 col.
843 2683 866 2705 2.
883 2695 912 2699 —
931 2682 939 2696 ²
955 2683 1032 2714 Rcsp.
1059 2685 1102 2715 lv,
1118 2692 1173 2716 cap.
1193 2691 1231 2716 ιιι,
1247 2693 1305 2716 pag.
1322 2687 1376 2715 513,
1392 2685 1441 2709 col.
1461 2688 1482 2709 l.
1503 2698 1529 2702 —
1551 2685 1559 2699 ³
1579 2684 1653 2714 1bid.,
1669 2691 1726 2715 pag.
1744 2685 1800 2714 516,

176 2719 226 2744 col.
242 2721 266 2744 2.
287 2731 318 2736 --
338 2719 346 2733 ⁴
365 2720 440 2750 Resp.
460 2719 502 2748 ill,
519 2726 574 2749 cap,
592 2724 609 2748 ι,
626 2725 683 2749 pag-r.
704 2717 759 2747 460,
775 2717 823 2740 col.
846 2719 868 2741 2.
885 2731 914 2735 —
934 2719 943 2734 ⁵
959 2719 1036 2750 Resp.
1054 2721 1071 2750 l,
1089 2728 1145 2751 cap.
1163 2727 1191 2750 11,
1208 2729 1266 2752 pag.
1292 2723 1343 2751 ²118,
1361 2721 1409 2745 col,
1429 2724 1451 2745 52.
1469 2735 1499 2738 —
1519 2722 1528 2735 Θ
1546 2720 1603 2745 Vid.
1620 2722 1695 2744 notas
1710 2720 1799 2751 singu-

175 2754 206 2778 lis
223 2754 323 2786 paginis
342 2754 462 2786 Opusculi
479 2754 615 2785 subjectas.
633 2767 660 2771 -—
678 2753 684 2768 7
703 2753 761 2777 vm.
780 2753 853 2783 Hesp.
873 2754 890 2783 iy
907 2762 963 2783 vap.
979 2761 1015 2784 ιιι,
1034 2763 1092 2786 pag.
1115 2759 1164 2780 2212.
1183 2757 1230 2781 101.
1251 2760 1269 2780 1.
1287 2772 1315 2774 —
1336 2771 1359 2774 fl
1380 2758 1387 2770 ¹³
1403 2758 1476 2781 Τιηιιι.
1496 2758 1536 2785 ΙΙΙ,
1554 2757 1602 2781 ool.
1619 2758 1674 2780 392.
