2029 3052
92 2257 184 2277 Fructus

91 2288 175 2308 ventris

92 2319 167 2339 Mariae

91 2352 124 2371 est
132 2351 171 2370 hu—

81 2381 176 2408 milium,

91 2414 167 2433 couti-a

97 2450 171 2470 super-

97 2474 164 2495 biam.

875 209 1014 242 LEGTIO
1036 210 1130 243 XVIl.

192 279 355 309 duodecim
373 279 497 315 fructus,
513 279 551 308 de
570 278 680 316 quibus
694 278 727 307 in
740 278 907 314 Apocalypsi
928 277 972 305 di-

192 327 267 355 citur
280 327 289 343 ¹
299 347 309 361 ,
325 327 412 363 'quod
439 326 563 362 angelus
578 325 683 355 Joanni
708 324 837 354 ostendit
854 324 972 360 lignum

192 376 258 404 vitae
274 375 400 404 afferens
413 375 525 404 fructus
540 374 710 403 duodecim.
728 375 760 401 Et
774 373 846 410 quia
859 373 972 401 fructus

191 422 255 458 iste,
269 422 381 451 fructus
395 422 470 458 vitae,
491 422 608 458 lignum
631 421 703 455 vitae,
720 420 860 449 omnibus
874 419 972 448 homi-

191 469 280 498 nibus
295 469 334 498 ad
347 469 437 498 vitam
453 469 636 506 producitur,
652 468 721 497 ideo
742 468 847 496 merito
873 467 971 495 omnis

190 516 283 545 homo
296 516 335 545 ad
347 516 534 545 laudandum
545 516 634 552 hujus
645 515 755 544 fructus
765 516 918 543 auctorem
927 513 974 541 in-

192 563 319 599 ducitur,
335 563 409 592 sicut
423 564 564 600 scriptum
580 563 650 592 est2:
665 563 848 598 Confiteantur
858 563 909 590 tibi
923 570 971 598 po-

190 612 261 646 puli,
279 613 358 646 Deus,
373 613 550 646 confiteantur
560 612 611 638 tibi
621 611 718 646 populi
728 618 815 638 omnes
823 620 832 645 ;
845 613 918 638 terra
930 610 974 637 de-

192 657 235 685 dit
252 659 373 692 fructum
393 666 480 686 suum.
510 657 560 686 Eia
581 665 672 692 nunc,
693 657 852 685 benedicta
877 659 973 685 mater

191 703 279 740 hujus
293 704 441 733 benedlcti
458 704 579 740 fructus,
599 704 645 732 fac
660 706 692 732 ut
705 704 763 732 hoc
781 704 878 732 fructu
892 704 976 732 frua-

191 759 260 780 mur
274 751 305 779 in
319 752 472 787 aeternum,
484 759 538 788 per
560 751 705 779 eumdum
726 750 854 779 fructum
877 751 975 779 Domi-

192 806 266 826 num
292 799 427 826 nostrum
451 799 551 826 Jesum
579 798 725 826 Christum
753 797 849 826 filium
876 799 971 826 tuum.

192 847 296 873 Amen.

455 944 591 974 LECTIO
619 944 710 974 XVII.

194 1012 307 1040 Fructus
320 1014 422 1040 ventris
437 1013 528 1041 Beatae
542 1014 639 1041 Marcae
652 1021 764 1049 quorum
775 1014 823 1049 sit,
838 1015 862 1040 et
878 1013 974 1048 quibas

516 1059 653 1087 debeatur.

229 1127 388 1156 Benedictus
395 1129 499 1162 fractus
506 1130 608 1156 ventris
618 1129 669 1156 tui.
683 1129 843 1164 Postquam
851 1127 975 1155 tenuiter

194 1173 323 1202 vidimus
331 1174 368 1202 de
374 1175 469 1203 fructu
477 1176 585 1204 ventris
591 1176 697 1210 Mariae,
707 1175 804 1212 qualis
812 1178 839 1203 et
847 1177 975 1212 quantus

194 1220 230 1248 sit
248 1223 275 1249 et
290 1222 426 1250 credatur
432 1232 440 1258 ;
460 1223 616 1251 videamus
631 1223 724 1251 modo
738 1231 868 1259 quorum
883 1222 930 1257 sit,
946 1225 974 1250 et

193 1267 302 1303 quibus
313 1268 467 1297 debeatur.
477 1270 596 1298 Fructus
606 1278 737 1306 namque
745 1265 798 1298 iste
807 1278 866 1298 non
876 1270 975 1298 solum

189 1316 236 1342 est
245 1314 356 1343 fructus
369 1316 489 1351 ventris,
502 1316 554 1344 sed
566 1317 654 1345 etiam
665 1317 782 1345 mentis.
795 1319 916 1345 Fructus
933 1318 976 1345 est

192 1364 302 1391 ventris
312 1363 403 1392 solius
411 1365 507 1393 Mariae
513 1375 521 1400 3
536 1366 648 1394 fructus
656 1368 754 1394 autem
760 1366 866 1394 mentis
878 1366 975 1401 cujus-

192 1410 264 1439 libet
273 1411 371 1439 fidelis
386 1412 508 1440 animae:
524 1413 636 1441 fructus
648 1414 757 1441 ventris
769 1422 822 1450 per
837 1421 957 1441 carnem
965 1423 973 1449 ς

193 1457 304 1485 fructus
318 1459 425 1487 mentis
441 1468 494 1496 per
503 1460 605 1488 fidem.
623 1461 703 1488 Unde
719 1462 836 1488 sanctus
852 1460 976 1488 Ambro-

194 1504 254 1532 sius
270 1505 310 1533 ait
320 1505 329 1522 ³
348 1515 354 1534 :
375 1515 389 1532 κ
406 1506 434 1534 Si
446 1507 610 1535 secundum
619 1516 740 1535 carnem
750 1516 810 1535 una
825 1509 919 1535 mater
934 1509 977 1535 est

194 1552 316 1588 Christi,
352 1554 518 1582 secundum
551 1556 652 1583 tamen
680 1557 810 1584 mentem
841 1555 976 1583 omnium

193 1598 303 1627 fructus
326 1602 368 1628 est
381 1601 520 1629 Christus.
549 1602 649 1630 Omnis
665 1602 744 1630 enim
761 1602 861 1630 anima
880 1602 976 1630 conci-

194 1645 237 1681 pit
251 1646 301 1674 Dei
312 1647 452 1682 Verbum,
465 1648 489 1675 si
504 1650 604 1676 tamen
619 1649 811 1677 immaculata
826 1651 853 1677 et
867 1649 975 1676 immu-

194 1693 240 1721 nis
253 1693 364 1722 vitiis.»
383 1695 482 1730 Igitur,
501 1696 666 1723 secundum
680 1696 881 1729 Ambrosium,
898 1704 977 1732 quae-

195 1747 324 1776 cumque
336 1749 420 1769 mens
433 1742 513 1769 hunc
524 1743 651 1771 fructum
658 1743 715 1771 sibi
724 1743 974 1779 volueritadesse,

196 1786 285 1815 debet
299 1795 317 1815 a
329 1787 407 1815 vitiis
421 1788 562 1816 immunis
577 1798 648 1817 esse.
665 1790 794 1818 Christus
811 1791 890 1818 enim
900 1790 978 1818 fruc-

194 1834 240 1861 tus
256 1836 298 1861 est
320 1835 426 1862 mentis
442 1843 503 1863 non
517 1836 644 1872 vitiosae,
663 1837 715 1864 sed
740 1837 876 1865 virtuosae
891 1846 897 1864 :
914 1846 975 1865 non

194 1880 305 1908 vitiosae
326 1889 380 1916 per
400 1885 513 1918 septem
527 1883 599 1911 vilia
619 1884 773 1919 capitalia,
793 1885 846 1912 sed
865 1885 976 1913 virtuo-

194 1935 233 1954 sae
248 1929 351 1955 contra
366 1930 478 1964 septem
504 1929 575 1957 vitia
597 1930 742 1966 capitalia.
768 1932 890 1959 Fructus
905 1940 976 1967 ergo

194 1973 248 2002 iste
274 1976 317 2002 est
338 1975 448 2003 fructus
471 1976 630 2004 humilium
658 1979 760 2005 contra
785 1978 956 2014 superbiam
967 2000 976 2013 ,

194 2020 306 2049 fructus
321 2022 486 2050 amantium
501 2025 602 2051 contra
625 2024 779 2059 invidiam,
800 2024 911 2053 fructus
923 2026 976 2053 mi-

196 2067 269 2096 tium
291 2071 393 2097 contra
414 2069 501 2105 iram,
519 2070 629 2098 fructus
652 2071 854 2099 laborantium
875 2074 977 2100 contra

197 2115 342 2151 acediam,
364 2116 475 2144 fructus
493 2117 662 2146 liberalium
686 2121 789 2147 contra
810 2120 976 2155 avaritiam,

197 2161 306 2189 fructus
322 2163 531 2192 abstinentium
547 2167 647 2193 contra
662 2165 774 2201 gulam,
785 2166 897 2195 fructus
908 2175 977 2195 con-

198 2208 354 2237 tinentium
368 2212 471 2239 contra
482 2211 643 2240 luxuriam.

234 2255 342 2291 Primo,
360 2256 536 2292 charissimi,
550 2259 706 2287 videamus
722 2260 877 2296 quomodo
902 2261 978 2289 fruc-

198 2304 245 2330 tus
259 2302 311 2330 iste
325 2303 499 2342 benedictus
519 2305 554 2332 sit
576 2305 733 2334 humilium
754 2310 857 2335 contra
879 2316 979 2344 super-

198 2349 290 2377 biam.
305 2351 343 2377 De
357 2350 414 2378 hoc
426 2351 505 2378 enim
520 2352 652 2388 accipere
662 2361 821 2389 possumus
834 2355 918 2390 quod
933 2356 977 2383 di-

199 2397 273 2425 citur
285 2397 315 2424 in
329 2397 407 2426 libro
423 2398 557 2433 Requmh:
574 2400 762 2435 Quodcumque
776 2403 907 2438 reliquum
921 2404 979 2436 fae-

197 2446 237 2471 rit
249 2445 281 2472 de
299 2444 374 2472 domo
394 2445 477 2480 Iuda,
497 2448 589 2473 mittet
608 2447 726 2474 radicem
742 2448 874 2483 deorsum,
897 2453 921 2477 et
935 2451 978 2483 fa-

198 2493 250 2519 ciet
269 2493 391 2525 fructum
406 2500 521 2520 sursum.
547 2494 584 2520 De
609 2493 701 2521 domo
722 2495 798 2523 Juda
822 2496 876 2523 fuit
889 2497 978 2525 beata

199 2539 305 2574 Maria,
321 2539 358 2567 de
373 2539 465 2568 domo
485 2540 559 2568 Juda
575 2542 617 2568 est
639 2541 779 2576 quaelibet
801 2542 898 2571 fidelis
916 2544 978 2572 ani-

232 2612 238 2627 ¹
256 2613 340 2642 Αροικ,
357 2620 425 2644 xxil,
445 2616 468 2637 2.
483 2628 514 2632 —
529 2613 539 2628 2
556 2614 624 2639 Psul.
645 2621 719 2645 ini,
735 2617 758 2639 7.
773 2629 803 2633 —
822 2617 830 2630 ³
846 2618 976 2650 Ambros„

200 2646 226 2669 in
245 2647 313 2678 Luc„
334 2649 377 2673 lib.
402 2650 435 2678 ΙΙ,
461 2658 486 2674 n.
512 2653 550 2675 26.
577 2664 605 2667 —
629 2651 639 2667 δ
656 2652 685 2674 iv
709 2652 777 2682 qu„
800 2659 860 2683 xrx,
887 2655 926 2677 30.
949 2668 974 2671 —

199 2682 209 2697 ⁶
224 2683 312 2713 Ecclzss,
337 2691 383 2715 111,
401 2688 439 2710 20.
464 2699 493 2703 —
515 2688 523 2699 '²
545 2687 674 2717 rimbtus„
699 2687 742 2712 lib.
764 2687 815 2719 cit„
839 2696 866 2713 11.
887 2691 925 2713 24.
945 2703 974 2708 —

1750 217 1810 249 285

1027 287 1076 307 ma
1089 288 1095 307 :
1120 279 1171 308 illa
1186 279 1389 316 corporaHter,
1405 279 1460 309 ista
1468 280 1659 317 spiritualiter
1675 291 1682 311 :
1698 283 1750 312 illa
1759 292 1814 320 per

1027 334 1158 361 carnem,
1171 327 1226 355 ista
1240 335 1294 364 per
1309 327 1461 359 sidem.,Et
1474 328 1543 357 ideo
1562 337 1624 358 non
1642 330 1740 359 solum
1754 333 1815 360 Ma-

1025 373 1080 408 ria,
1092 373 1145 402 sed
1159 374 1247 402 etiam
1260 374 1386 411 quilibet
1396 374 1492 403 tidelis
1503 375 1607 404 volens
1621 377 1718 406 facere
1734 378 1814 407 fruc-

1025 421 1090 448 tum
1109 428 1237 456 sursum,
1260 421 1348 456 debet
1369 422 1503 451 radicem
1527 423 1642 452 mittere
1659 425 1813 454 deorsum.

1027 467 1122 495 Radix
1138 470 1237 496 autem
1259 469 1400 498 deorsum
1418 470 1574 506 mittenda,
1589 471 1741 500 humilitas
1755 474 1813 508 est3

1028 522 1094 550 quae
1110 514 1148 542 ad
1164 515 1290 544 modum
1307 517 1416 544 radicis
1431 525 1548 554 semper
1565 518 1604 546 ad
1615 518 1675 547 ima
1689 519 1815 547 tendens

1028 563 1079 589 est.
1096 562 1186 597 Hujus
1211 562 1376 591 benedictae
1391 564 1501 592 radicis
1520 565 1610 593 arbor
1625 568 1736 602 quanto
1752 566 1816 594 fue-

1027 608 1065 636 rit
1078 609 1241 645 procerior,
1258 611 1338 638 tanto
1354 610 1440 639 radix
1464 611 1529 648 ipsa
1550 612 1639 641 dehet
1661 621 1723 641 esse
1746 622 1816 650 pro-

1027 654 1160 691 fundior,
1180 656 1264 692 juxta
1284 657 1361 685 illud
1386 659 1590 688 Ecclesz'astz'ci¹⁵
1606 669 1616 688 .·
1634 661 1739 694 Quanto
1759 669 1816 688 ma-

1029 711 1097 738 9nus
1113 711 1149 738 es,
1162 704 1278 731 humilia
1291 707 1316 732 te
1333 706 1363 732 in
1381 706 1515 740 omnibus,
1532 709 1557 734 et
1572 715 1662 734 coram
1678 709 1730 736 Deo
1742 710 1816 736 inve-

1029 752 1087 778 nies
1102 752 1232 785 qratiam.
1249 751 1389 787 Alioquin
1409 752 1500 780 arbor
1525 755 1636 789 quanto
1659 755 1757 790 maj0r
1771 764 1816 784 es-

1030 799 1082 831 set,
1098 798 1180 826 tanto
1200 797 1284 826 citius
1298 800 1387 827 vento
1403 799 1563 828 inflationis
1584 800 1816 837 subverteretur,

1030 844 1054 871 si
1075 852 1137 872 non
1162 853 1272 880 magna
1295 847 1322 873 et
1348 846 1500 882 profunda
1518 847 1691 876 humilitatis
1714 849 1816 877 radice

1029 892 1207 921 firmaretur.
1218 895 1376 922 Pensemus
1388 902 1459 930 ergo
1473 897 1620 931 quantum
1634 895 1713 924 illius
1724 897 1816 933 virgae

1029 939 1115 967 radix
1130 940 1281 976 profunda
1289 941 1386 976 fuerit,
1397 950 1463 978 quae
1478 943 1562 970 sicin
1574 943 1701 972 sublime
1718 952 1817 973 excre-

1028 986 1080 1021 vit,
1096 987 1179 1022 quod
1191 989 1318 1015 tructum
1329 988 1441 1023 angelis
1455 989 1591 1018 altiorem
1604 990 1679 1019 ferre
1691 991 1812 1026 meruit,

1028 1032 1157 1061 fructum
1169 1034 1270 1070 utique
1288 1034 1324 1062 de
1347 1043 1408 1071 quo
1424 1035 1528 1064 beatus
1544 1037 1717 1065 Ambrosius
1733 1039 1813 1066 ait⁶:

1032 1089 1046 1104 κ
1057 1082 1120 1116 lpse
1131 1080 1241 1109 fructus
1254 1083 1296 1109 est
1306 1082 1361 1110 flos
1369 1082 1488 1118 radicis,
1506 1083 1543 1111 de
1556 1091 1616 1120 qua
1630 1084 1667 1120 (a)
1680 1085 1770 1112 Isaias
1780 1086 1790 1102 ⁷
1805 1094 1812 1113 :

1031 1127 1122 1162 Exiet,
1142 1127 1247 1163 inquit,
1263 1130 1342 1163 virga
1357 1130 1388 1156 de
1402 1130 1495 1157 radice
1509 1131 1595 1166 Jesse,
1611 1134 1637 1158 et
1651 1133 1699 1166 flos
1715 1132 1748 1159 de
1765 1140 1813 1159 ra-

1030 1174 1089 1202 dz'ce
1105 1175 1162 1209 ejas
1176 1176 1308 1203 ascendet.
1318 1177 1539 1213 »Quaecumque
1553 1178 1652 1207 anima
1667 1178 1745 1206 hanc
1756 1179 1814 1207 hu-

1029 1221 1299 1250 militatisradicem
1306 1223 1449 1252 deorsum
1456 1224 1646 1261 miserit,ipsa
1661 1226 1741 1254 hunc
1753 1235 1816 1254 sur-

1030 1277 1097 1296 sum
1107 1269 1229 1297 habebit
1235 1280 1243 1305 3
1256 1278 1384 1306 sursum,
1395 1271 1531 1307 inquam,
1540 1272 1571 1300 in
1582 1272 1642 1301 alto
1653 1273 1814 1309 intellectu,

1030 1323 1148 1343 sursum
1167 1316 1197 1343 in
1219 1317 1277 1345 alto
1295 1317 1413 1353 affectu,
1437 1327 1555 1347 sursum
1579 1319 1609 1347 in
1633 1321 1816 1357 contempla-

1030 1362 1120 1398 tione,
1134 1371 1252 1391 sursum
1266 1364 1296 1392 in
1312 1364 1479 1394 dilectione.
1496 1366 1541 1394 Sic
1553 1375 1625 1403 ergo
1640 1367 1751 1395 fructus
1763 1368 1816 1396 iste

1031 1411 1205 1439 benedictus
1220 1412 1377 1440 humilium
1395 1415 1446 1442 est.
1465 1414 1535 1442 Ideo
1545 1414 1634 1443 Maria
1648 1423 1736 1451 super
1752 1424 1815 1443 om-

1031 1466 1083 1487 nes
1102 1459 1237 1487 homines
1264 1460 1318 1488 fuit
1337 1460 1394 1488 hoc
1414 1461 1604 1497 dignissima,
1633 1462 1705 1498 quia
1727 1471 1816 1499 super

1032 1513 1136 1533 omnes
1159 1506 1296 1535 homines
1319 1507 1483 1536 humilitate
1506 1508 1560 1536 fuit
1588 1509 1813 1538 radicatissima.

1030 1553 1152 1589 Propter
1167 1554 1249 1590 quod
1262 1554 1339 1582 bene
1350 1555 1454 1583 beatus
1463 1555 1629 1583 Bernardus
1641 1556 1813 1585 exclamans

1032 1600 1140 1628 dicits:
1171 1611 1183 1627 «
1194 1602 1215 1630 Ο
1229 1601 1327 1636 Virgo,
1344 1602 1428 1638 virga
1443 1602 1590 1636 sublimis,
1612 1603 1652 1631 ad
1668 1606 1813 1640 quantam

1032 1647 1237 1676 celsitudinem
1259 1649 1400 1676 verticem
1422 1651 1558 1677 sanctum
1578 1650 1686 1685 erigis!
1718 1659 1814 1687 usque

1032 1695 1071 1722 ad
1086 1695 1226 1722 thronum
1240 1696 1411 1731 majestatis,
1432 1697 1577 1732 quoniam
1591 1697 1622 1725 in
1638 1698 1731 1726 altum
1751 1699 1816 1726 mit-

1032 1741 1066 1769 tis
1081 1742 1213 1770 radicem
1227 1743 1409 1771 humilitatis.
1425 1754 1437 1769 n

1069 1789 1204 1817 Secundo
1230 1789 1386 1818 videamus
1396 1812 1405 1825 ,
1442 1791 1624 1826 charissimi,
1658 1793 1814 1828 quomodo

1031 1835 1143 1863 fructus
1163 1837 1215 1864 iste
1238 1837 1412 1865 benedictus
1434 1838 1470 1865 sit
1493 1839 1657 1866 amantium
1677 1841 1769 1867 Deum
1788 1842 1815 1868 et

1031 1883 1214 1918 proximum,
1240 1886 1343 1912 contra
1364 1884 1517 1913 invidiam.
1542 1887 1579 1913 De
1599 1886 1657 1914 hoc
1679 1887 1814 1923 accipere

1031 1938 1190 1965 possumus
1204 1930 1280 1958 illud
1296 1931 1439 1959 Psalmi⁰z
1457 1934 1521 1960 Ecce
1541 1933 1685 1962 hareditas
1706 1936 1816 1962 Domini

1032 1978 1086 2011 filz‘z‘
1099 1986 1206 2012 merces,
1224 1979 1331 2012 fructus
1341 1981 1452 2007 ventris.
1471 1981 1529 2007 Hoc
1542 1988 1696 2016 exponens
1710 1981 1815 2009 beatus

1033 2024 1206 2052 Ambrosius
1221 2025 1260 2052 ait
1273 2024 1292 2042 ¹⁰
1305 2035 1311 2052 :
1331 2026 1510 2054 «Heereditas
1525 2027 1653 2062 Domini,
1668 2028 1722 2056 filii
1737 2031 1816 2064 sunt,

1034 2071 1085 2107 qui
1100 2079 1212 2099 merces
1228 2074 1294 2100 sunt
1304 2072 1415 2100 fructus
1426 2073 1516 2108 illim,
1529 2074 1579 2110 qui
1591 2074 1628 2102 dc
1637 2075 1733 2103 Mariae
1743 2084 1816 2103 ven-

1033 2120 1076 2146 tre
1090 2119 1241 2155 processit.
1258 2130 1271 2146 n
1289 2120 1369 2147 Multi
1382 2128 1454 2155 ergo
1467 2120 1518 2147 filii
1530 2123 1598 2148 sunt
1613 2130 1725 2150 merces
1735 2123 1816 2150 unici

1033 2165 1098 2201 filii,
1116 2166 1167 2202 qui
1183 2168 1225 2194 θεῖ
1239 2166 1349 2194 fructus
1365 2167 1475 2195 ventris
1490 2168 1648 2196 benedicti.
1672 2170 1729 2197 Sed
1752 2170 1816 2205 ubi,

1034 2213 1083 2241 vel
1111 2214 1233 2249 quando
1260 2214 1367 2241 meruit
1394 2214 1471 2242 hanc
1497 2216 1688 2244 mercedem?
1717 2217 1818 2245 Meruit

1035 2262 1110 2288 certe
1133 2262 1294 2295 nascendo,
1315 2261 1424 2289 meruit
1447 2262 1478 2289 in
1504 2264 1649 2299 praesepio
1672 2264 1817 2300 Jaccndo,

1034 2308 1142 2335 meruit
1158 2308 1413 2336 circumcisionem
1431 2310 1613 2346 sustinendo,
1634 2312 1742 2339 meruit
1763 2312 1817 2339 do—

1036 2355 1142 2389 cendo,
1159 2355 1266 2382 meruit
1282 2363 1374 2391 opera
1389 2356 1490 2384 salutis
1510 2360 1617 2385 nostroe
1638 2359 1816 2392 exercendo,

1035 2402 1142 2429 meruit
1157 2401 1335 2438 moriendo,
1350 2404 1468 2439 meruit,
1491 2404 1625 2440 inquam,
1650 2406 1748 2440 nobis,
1765 2405 1816 2433 tri-

1035 2449 1117 2484 ginta
1133 2449 1225 2476 tribus
1246 2450 1331 2477 annis
1351 2451 1439 2478 nobis
1461 2451 1630 2479 serviendo.
1651 2454 1682 2480 Et
1696 2455 1817 2488 propter

1034 2495 1091 2523 hoc
1099 2495 1260 2530 justissime
1270 2497 1347 2524 hanc
1360 2498 1528 2525 mercedem
1545 2498 1644 2533 exigit,
1658 2498 1759 2526 dicens
1770 2501 1790 2518 ¹¹
1807 2509 1814 2527 z

1035 2543 1065 2570 Si
1089 2544 1184 2570 bonam
1209 2547 1246 2571 est
1265 2546 1294 2571 in
1315 2546 1399 2572 oculis
1421 2547 1528 2578 vestris,
1555 2546 1650 2579 afferte
1671 2546 1816 2577 mercedem

1036 2621 1042 2633 '¹
1058 2620 1118 2649 lsa„
1133 2625 1169 2649 Χῖ,
1187 2621 1207 2643 1.
1224 2633 1254 2637 -
1269 2619 1279 2636 ⁸
1295 2621 1380 2651 Rern„
1395 2620 1424 2643 [le
1438 2620 1498 2644 Adii.
1515 2621 1596 2650 Dum,
1613 2629 1689 2646 serm.
1705 2629 1733 2653 11,
1750 2629 1776 2646 n.
1793 2624 1815 2647 4.

1034 2670 1063 2673 —
1078 2655 1088 2670 ⁹
1101 2655 1166 2679 Psal.
1182 2662 1273 2686 cxxv,
1290 2657 1313 2680 3.
1324 2669 1354 2674 —-
1372 2658 1391 2673 ¹⁰
1408 2657 1518 2681 Ambros
1530 2676 1537 2688 ,
1552 2658 1595 2682 ubi
1613 2665 1668 2689 sup.
1688 2659 1816 2689 proxime.

1033 2705 1063 2709 —
1078 2692 1094 2707 ¹¹
1114 2692 1200 2722 lactc,
1217 2698 1253 2723 ει,
1270 2694 1351 2716 r1:2.—
1367 2692 1399 2723 (ιι)
1419 2693 1459 2716 Δί.
1476 2700 1536 2724 quo.

1844 1795 1939 1816 Fructus

1848 1828 1870 1846 M
1874 1826 1925 1846 ariae

1837 1859 1870 1879 est
1880 1857 1891 1877 d
1895 1857 1909 1877 il
1913 1857 1930 1877 i-

1829 1889 1938 1915 gentium,

1843 1921 1919 1940 contra

1833 1950 1893 1971 invid
1897 1951 1900 1970 i
1904 1957 1914 1969 :i
1918 1957 1939 1970 m
