<?xml version="1.0" encoding="UTF-8"?>
<!DOCTYPE html PUBLIC "-//W3C//DTD XHTML 1.0 Transitional//EN"
    "http://www.w3.org/TR/xhtml1/DTD/xhtml1-transitional.dtd">
<html xmlns="http://www.w3.org/1999/xhtml" xml:lang="en" lang="en">
 <head>
  <title>
</title>
<meta http-equiv="Content-Type" content="text/html;charset=utf-8" />
  <meta name='ocr-system' content='tesseract 3.04.00' />
  <meta name='ocr-capabilities' content='ocr_page ocr_carea ocr_par ocr_line ocrx_word'/>
</head>
<body>
  <div class='ocr_page' id='page_1' title='image "./operaomniasixtiv14bonauoft/operaomniasixtiv14bonauoft_0203.png"; bbox 0 0 2029 3052; ppageno 0'>
   <div class='ocr_carea' id='block_1_1' title="bbox 810 215 1741 249">
    <p class='ocr_par' dir='ltr' id='par_1_1' title="bbox 810 215 1741 249">
     <span class='ocr_line' id='line_1_1' title="bbox 810 215 1741 249; baseline -0.006 0"><span class='ocrx_word' id='word_1_1' title='bbox 810 216 1053 249; x_wconf 77' lang='lat' dir='ltr'>PHlLOMELA.</span> <span class='ocrx_word' id='word_1_2' title='bbox 1688 215 1741 244; x_wconf 79' lang='lat'>165</span> 
     </span>
    </p>
   </div>
   <div class='ocr_carea' id='block_1_2' title="bbox 119 286 911 1928">
    <p class='ocr_par' dir='ltr' id='par_1_2' title="bbox 119 286 900 563">
     <span class='ocr_line' id='line_1_2' title="bbox 155 286 900 327; baseline -0.008 -8"><span class='ocrx_word' id='word_1_3' title='bbox 155 291 235 325; x_wconf 81' lang='lat' dir='ltr'>l-leu,</span> <span class='ocrx_word' id='word_1_4' title='bbox 256 297 348 327; x_wconf 88' lang='lat' dir='ltr'>quam</span> <span class='ocrx_word' id='word_1_5' title='bbox 369 288 580 319; x_wconf 84' lang='lat' dir='ltr'>damnabiliter</span> <span class='ocrx_word' id='word_1_6' title='bbox 599 286 730 316; x_wconf 88' lang='lat' dir='ltr'>mundus</span> <span class='ocrx_word' id='word_1_7' title='bbox 748 287 792 315; x_wconf 86' lang='lat' dir='ltr'>est</span> <span class='ocrx_word' id='word_1_8' title='bbox 808 293 900 314; x_wconf 84' lang='lat' dir='ltr'>caeca-</span> 
     </span>
     <span class='ocr_line' id='line_1_3' title="bbox 191 339 248 373; baseline 0 -8"><span class='ocrx_word' id='word_1_9' title='bbox 191 339 248 373; x_wconf 82' lang='lat' dir='ltr'>tus,</span> 
     </span>
     <span class='ocr_line' id='line_1_4' title="bbox 119 381 784 419; baseline -0.006 -6"><span class='ocrx_word' id='word_1_10' title='bbox 119 385 174 419; x_wconf 92' lang='lat' dir='ltr'>Qui</span> <span class='ocrx_word' id='word_1_11' title='bbox 189 392 258 413; x_wconf 87' lang='lat' dir='ltr'>cum</span> <span class='ocrx_word' id='word_1_12' title='bbox 272 384 309 412; x_wconf 89' lang='lat' dir='ltr'>sit</span> <span class='ocrx_word' id='word_1_13' title='bbox 322 384 361 413; x_wconf 84' lang='lat' dir='ltr'>ab</span> <span class='ocrx_word' id='word_1_14' title='bbox 375 383 510 412; x_wconf 86' lang='lat' dir='ltr'><strong>hostibus</strong></span> <span class='ocrx_word' id='word_1_15' title='bbox 525 382 588 411; x_wconf 89' lang='lat' dir='ltr'>dire</span> <span class='ocrx_word' id='word_1_16' title='bbox 601 381 784 415; x_wconf 84' lang='lat' dir='ltr'>vulneratus,</span> 
     </span>
     <span class='ocr_line' id='line_1_5' title="bbox 120 429 900 466; baseline -0.008 -5"><span class='ocrx_word' id='word_1_17' title='bbox 120 433 202 461; x_wconf 83' lang='grc'><strong>1111116</strong></span> <span class='ocrx_word' id='word_1_18' title='bbox 220 431 349 460; x_wconf 76' lang='lat' dir='ltr'>declinat</span> <span class='ocrx_word' id='word_1_19' title='bbox 362 430 529 465; x_wconf 86' lang='lat' dir='ltr'>medicum,</span> <span class='ocrx_word' id='word_1_20' title='bbox 549 437 619 458; x_wconf 90' lang='lat' dir='ltr'>cum</span> <span class='ocrx_word' id='word_1_21' title='bbox 636 429 672 458; x_wconf 90' lang='lat' dir='ltr'>sit</span> <span class='ocrx_word' id='word_1_22' title='bbox 692 429 729 466; x_wconf 90' lang='lat' dir='ltr'>(a)</span> <span class='ocrx_word' id='word_1_23' title='bbox 749 435 900 466; x_wconf 76' lang='lat' dir='ltr'>praepara-</span> 
     </span>
     <span class='ocr_line' id='line_1_6' title="bbox 191 480 249 514; baseline 0.017 -7"><span class='ocrx_word' id='word_1_24' title='bbox 191 480 249 514; x_wconf 83' lang='lat' dir='ltr'>tus,</span> 
     </span>
     <span class='ocr_line' id='line_1_7' title="bbox 120 524 737 563; baseline -0.006 -7"><span class='ocrx_word' id='word_1_25' title='bbox 120 526 274 563; x_wconf 86' lang='lat' dir='ltr'>Languido</span> <span class='ocrx_word' id='word_1_26' title='bbox 289 525 425 563; x_wconf 88' lang='lat' dir='ltr'>aperiens</span> <span class='ocrx_word' id='word_1_27' title='bbox 439 533 528 554; x_wconf 90' lang='lat' dir='ltr'>suum</span> <span class='ocrx_word' id='word_1_28' title='bbox 542 525 630 553; x_wconf 81' lang='lat' dir='ltr'>dulce</span> <span class='ocrx_word' id='word_1_29' title='bbox 644 524 737 553; x_wconf 79' lang='lat' dir='ltr'>latus!</span> 
     </span>
    </p>

    <p class='ocr_par' dir='ltr' id='par_1_3' title="bbox 120 572 830 746">
     <span class='ocr_line' id='line_1_8' title="bbox 156 572 733 609; baseline -0.005 -6"><span class='ocrx_word' id='word_1_30' title='bbox 156 576 229 609; x_wconf 85' lang='lat' dir='ltr'>Heu,</span> <span class='ocrx_word' id='word_1_31' title='bbox 244 582 295 603; x_wconf 91' lang='lat' dir='ltr'>cur</span> <span class='ocrx_word' id='word_1_32' title='bbox 309 573 456 603; x_wconf 88' lang='lat' dir='ltr'>beneficia</span> <span class='ocrx_word' id='word_1_33' title='bbox 468 573 572 602; x_wconf 80' lang='lat' dir='ltr'>Christi</span> <span class='ocrx_word' id='word_1_34' title='bbox 586 572 733 609; x_wconf 82' lang='lat' dir='ltr'>passionis</span> 
     </span>
     <span class='ocr_line' id='line_1_9' title="bbox 120 619 793 656; baseline -0.007 -4"><span class='ocrx_word' id='word_1_35' title='bbox 120 625 210 652; x_wconf 83' lang='lat' dir='ltr'>Penes</span> <span class='ocrx_word' id='word_1_36' title='bbox 223 623 251 651; x_wconf 86' lang='lat' dir='ltr'>te</span> <span class='ocrx_word' id='word_1_37' title='bbox 265 621 446 655; x_wconf 81' lang='lat' dir='ltr'><strong>memoriter,</strong></span> <span class='ocrx_word' id='word_1_38' title='bbox 465 621 633 655; x_wconf 89' lang='lat' dir='ltr'>homo,non</span> <span class='ocrx_word' id='word_1_39' title='bbox 650 619 771 656; x_wconf 83' lang='lat' dir='ltr'>reponis</span> <span class='ocrx_word' id='word_1_40' title='bbox 780 620 793 646; x_wconf 67' lang='lat' dir='ltr'>&#39;P</span> 
     </span>
     <span class='ocr_line' id='line_1_10' title="bbox 120 667 828 705; baseline -0.006 -7"><span class='ocrx_word' id='word_1_41' title='bbox 120 671 174 699; x_wconf 90' lang='lat' dir='ltr'>Per</span> <span class='ocrx_word' id='word_1_42' title='bbox 187 670 264 699; x_wconf 86' lang='lat' dir='ltr'>hane</span> <span class='ocrx_word' id='word_1_43' title='bbox 279 669 360 697; x_wconf 90' lang='lat' dir='ltr'>enim</span> <span class='ocrx_word' id='word_1_44' title='bbox 374 668 454 705; x_wconf 90' lang='lat' dir='ltr'>rupti</span> <span class='ocrx_word' id='word_1_45' title='bbox 468 669 535 696; x_wconf 90' lang='lat' dir='ltr'>sunt</span> <span class='ocrx_word' id='word_1_46' title='bbox 544 667 645 704; x_wconf 85' lang='lat' dir='ltr'>laquei</span> <span class='ocrx_word' id='word_1_47' title='bbox 659 667 809 704; x_wconf 85' lang='lat' dir='ltr'>praedonis</span> <span class='ocrx_word' id='word_1_48' title='bbox 821 676 828 701; x_wconf 83' lang='lat'><em>3</em></span> 
     </span>
     <span class='ocr_line' id='line_1_11' title="bbox 121 713 830 746; baseline -0.007 0"><span class='ocrx_word' id='word_1_49' title='bbox 121 718 176 746; x_wconf 88' lang='lat' dir='ltr'>Per</span> <span class='ocrx_word' id='word_1_50' title='bbox 189 717 266 745; x_wconf 83' lang='grc'><strong>116116</strong></span> <span class='ocrx_word' id='word_1_51' title='bbox 282 715 411 745; x_wconf 79' lang='lat' dir='ltr'>Christus</span> <span class='ocrx_word' id='word_1_52' title='bbox 424 714 562 743; x_wconf 84' lang='lat' dir='ltr'>maximis</span> <span class='ocrx_word' id='word_1_53' title='bbox 576 716 603 742; x_wconf 92' lang='lat' dir='ltr'>te</span> <span class='ocrx_word' id='word_1_54' title='bbox 615 714 718 743; x_wconf 78' lang='lat' dir='ltr'>ditavit</span> <span class='ocrx_word' id='word_1_55' title='bbox 731 713 830 742; x_wconf 88' lang='lat' dir='ltr'>bonis.</span> 
     </span>
    </p>

    <p class='ocr_par' dir='ltr' id='par_1_4' title="bbox 121 760 829 890">
     <span class='ocr_line' id='line_1_12' title="bbox 156 760 829 800; baseline -0.006 -8"><span class='ocrx_word' id='word_1_56' title='bbox 156 765 215 793; x_wconf 88' lang='lat' dir='ltr'>Suo</span> <span class='ocrx_word' id='word_1_57' title='bbox 232 762 343 800; x_wconf 85' lang='lat' dir='ltr'>quippe</span> <span class='ocrx_word' id='word_1_58' title='bbox 361 770 486 798; x_wconf 87' lang='lat' dir='ltr'>corpore</span> <span class='ocrx_word' id='word_1_59' title='bbox 504 761 682 797; x_wconf 84' lang='lat' dir='ltr'>languidum</span> <span class='ocrx_word' id='word_1_60' title='bbox 697 762 724 789; x_wconf 87' lang='grc'>16</span> <span class='ocrx_word' id='word_1_61' title='bbox 738 760 829 797; x_wconf 86' lang='lat' dir='ltr'>pavit,</span> 
     </span>
     <span class='ocr_line' id='line_1_13' title="bbox 121 807 779 846; baseline -0.006 -7"><span class='ocrx_word' id='word_1_62' title='bbox 121 813 212 846; x_wconf 84' lang='lat' dir='ltr'>Quem</span> <span class='ocrx_word' id='word_1_63' title='bbox 227 810 259 838; x_wconf 86' lang='lat' dir='ltr'>in</span> <span class='ocrx_word' id='word_1_64' title='bbox 276 817 331 838; x_wconf 92' lang='lat' dir='ltr'>suo</span> <span class='ocrx_word' id='word_1_65' title='bbox 346 808 489 844; x_wconf 82' lang='lat' dir='ltr'>sanguine</span> <span class='ocrx_word' id='word_1_66' title='bbox 504 809 593 844; x_wconf 83' lang='lat' dir='ltr'>gratis</span> <span class='ocrx_word' id='word_1_67' title='bbox 607 807 759 836; x_wconf 80' lang='lat' dir='ltr'>balneavit</span> <span class='ocrx_word' id='word_1_68' title='bbox 771 817 779 842; x_wconf 78' lang='lat'><em>3</em></span> 
     </span>
     <span class='ocr_line' id='line_1_14' title="bbox 121 854 774 890; baseline -0.006 -4"><span class='ocrx_word' id='word_1_69' title='bbox 121 859 244 886; x_wconf 91' lang='lat' dir='ltr'>Demum</span> <span class='ocrx_word' id='word_1_70' title='bbox 258 865 347 884; x_wconf 88' lang='lat' dir='ltr'>suum</span> <span class='ocrx_word' id='word_1_71' title='bbox 360 856 448 885; x_wconf 86' lang='lat' dir='ltr'>dulce</span> <span class='ocrx_word' id='word_1_72' title='bbox 464 864 515 884; x_wconf 92' lang='lat' dir='ltr'>cor</span> <span class='ocrx_word' id='word_1_73' title='bbox 530 855 583 883; x_wconf 89' lang='lat' dir='ltr'>tibi</span> <span class='ocrx_word' id='word_1_74' title='bbox 599 854 774 890; x_wconf 85' lang='lat' dir='ltr'>denudavit,</span> 
     </span>
    </p>

    <p class='ocr_par' dir='ltr' id='par_1_5' title="bbox 121 902 758 939">
     <span class='ocr_line' id='line_1_15' title="bbox 121 902 758 939; baseline -0.003 -7"><span class='ocrx_word' id='word_1_75' title='bbox 121 906 154 933; x_wconf 92' lang='lat' dir='ltr'>Ut</span> <span class='ocrx_word' id='word_1_76' title='bbox 168 904 209 932; x_wconf 89' lang='lat' dir='ltr'>sic</span> <span class='ocrx_word' id='word_1_77' title='bbox 224 904 419 932; x_wconf 78' lang='lat' dir='ltr'>innotesceret</span> <span class='ocrx_word' id='word_1_78' title='bbox 436 904 580 939; x_wconf 89' lang='lat' dir='ltr'>quantum</span> <span class='ocrx_word' id='word_1_79' title='bbox 595 904 621 931; x_wconf 88' lang='lat' dir='ltr'>te</span> <span class='ocrx_word' id='word_1_80' title='bbox 637 902 758 930; x_wconf 83' lang='lat' dir='ltr'>amavit.</span> 
     </span>
    </p>

    <p class='ocr_par' dir='ltr' id='par_1_6' title="bbox 123 948 866 1033">
     <span class='ocr_line' id='line_1_16' title="bbox 156 948 866 988; baseline -0.006 -8"><span class='ocrx_word' id='word_1_81' title='bbox 156 953 178 981; x_wconf 93' lang='grc' dir='ltr'>Ο</span> <span class='ocrx_word' id='word_1_82' title='bbox 194 959 285 988; x_wconf 87' lang='lat' dir='ltr'>quam</span> <span class='ocrx_word' id='word_1_83' title='bbox 300 950 387 979; x_wconf 91' lang='lat' dir='ltr'>dulce</span> <span class='ocrx_word' id='word_1_84' title='bbox 400 950 552 984; x_wconf 84' lang='lat' dir='ltr'>balneum,</span> <span class='ocrx_word' id='word_1_85' title='bbox 569 957 635 978; x_wconf 88' lang='lat' dir='ltr'>esca</span> <span class='ocrx_word' id='word_1_86' title='bbox 649 957 741 986; x_wconf 85' lang='lat' dir='ltr'>quam</span> <span class='ocrx_word' id='word_1_87' title='bbox 756 948 866 984; x_wconf 75' lang='lat' dir='ltr'>suavis,</span> 
     </span>
     <span class='ocr_line' id='line_1_17' title="bbox 123 996 755 1033; baseline -0.005 -6"><span class='ocrx_word' id='word_1_88' title='bbox 123 1001 191 1033; x_wconf 85' lang='lat' dir='ltr'>Quae</span> <span class='ocrx_word' id='word_1_89' title='bbox 205 998 332 1027; x_wconf 81' lang='lat' dir='ltr'>sumenti</span> <span class='ocrx_word' id='word_1_90' title='bbox 348 998 436 1033; x_wconf 88' lang='lat' dir='ltr'>digne</span> <span class='ocrx_word' id='word_1_91' title='bbox 451 997 484 1025; x_wconf 87' lang='lat' dir='ltr'>fit</span> <span class='ocrx_word' id='word_1_92' title='bbox 501 996 632 1025; x_wconf 79' lang='lat' dir='ltr'>paradisi</span> <span class='ocrx_word' id='word_1_93' title='bbox 647 997 755 1024; x_wconf 84' lang='lat' dir='ltr'>clavis!</span> 
     </span>
    </p>

    <p class='ocr_par' dir='ltr' id='par_1_7' title="bbox 122 1044 740 1127">
     <span class='ocr_line' id='line_1_18' title="bbox 122 1044 740 1083; baseline -0.003 -9"><span class='ocrx_word' id='word_1_94' title='bbox 122 1048 155 1075; x_wconf 85' lang='lat' dir='ltr'>Et</span> <span class='ocrx_word' id='word_1_95' title='bbox 169 1046 196 1074; x_wconf 89' lang='lat' dir='ltr'>ei</span> <span class='ocrx_word' id='word_1_96' title='bbox 210 1054 300 1083; x_wconf 89' lang='lat' dir='ltr'>quem</span> <span class='ocrx_word' id='word_1_97' title='bbox 314 1045 409 1074; x_wconf 89' lang='lat' dir='ltr'>reficis</span> <span class='ocrx_word' id='word_1_98' title='bbox 424 1045 523 1073; x_wconf 89' lang='lat' dir='ltr'>nullus</span> <span class='ocrx_word' id='word_1_99' title='bbox 532 1044 619 1073; x_wconf 87' lang='lat' dir='ltr'>labor</span> <span class='ocrx_word' id='word_1_100' title='bbox 630 1044 740 1079; x_wconf 83' lang='lat' dir='ltr'>gravis,</span> 
     </span>
     <span class='ocr_line' id='line_1_19' title="bbox 125 1091 680 1127; baseline -0.007 -5"><span class='ocrx_word' id='word_1_101' title='bbox 125 1093 202 1122; x_wconf 81' lang='lat' dir='ltr'>Licet</span> <span class='ocrx_word' id='word_1_102' title='bbox 213 1093 252 1121; x_wconf 91' lang='lat' dir='ltr'>sis</span> <span class='ocrx_word' id='word_1_103' title='bbox 264 1092 382 1121; x_wconf 83' lang='lat' dir='ltr'>fastidio</span> <span class='ocrx_word' id='word_1_104' title='bbox 396 1092 539 1120; x_wconf 88' lang='lat' dir='ltr'>cordibus</span> <span class='ocrx_word' id='word_1_105' title='bbox 554 1091 680 1127; x_wconf 82' lang='lat' dir='ltr'>ignavis.</span> 
     </span>
    </p>

    <p class='ocr_par' dir='ltr' id='par_1_8' title="bbox 158 1138 812 1175">
     <span class='ocr_line' id='line_1_20' title="bbox 158 1138 812 1175; baseline -0.006 -6"><span class='ocrx_word' id='word_1_106' title='bbox 158 1142 214 1169; x_wconf 91' lang='lat' dir='ltr'>Cor</span> <span class='ocrx_word' id='word_1_107' title='bbox 227 1139 330 1175; x_wconf 86' lang='lat' dir='ltr'>ignavi</span> <span class='ocrx_word' id='word_1_108' title='bbox 344 1139 494 1175; x_wconf 87' lang='lat' dir='ltr'>siquidem</span> <span class='ocrx_word' id='word_1_109' title='bbox 508 1139 630 1166; x_wconf 87' lang='lat' dir='ltr'>minime</span> <span class='ocrx_word' id='word_1_110' title='bbox 645 1138 812 1174; x_wconf 84' lang='lat' dir='ltr'>perpendit,</span> 
     </span>
    </p>

    <p class='ocr_par' dir='ltr' id='par_1_9' title="bbox 122 1184 871 1506">
     <span class='ocr_line' id='line_1_21' title="bbox 122 1184 871 1223; baseline -0.005 -7"><span class='ocrx_word' id='word_1_111' title='bbox 122 1187 166 1217; x_wconf 77' lang='lat' dir='ltr'>Ad</span> <span class='ocrx_word' id='word_1_112' title='bbox 182 1187 255 1223; x_wconf 89' lang='lat' dir='ltr'>quid</span> <span class='ocrx_word' id='word_1_113' title='bbox 273 1186 401 1215; x_wconf 85' lang='lat' dir='ltr'>Christus</span> <span class='ocrx_word' id='word_1_114' title='bbox 417 1186 565 1222; x_wconf 87' lang='lat' dir='ltr'>optimum</span> <span class='ocrx_word' id='word_1_115' title='bbox 579 1194 666 1213; x_wconf 86' lang='lat' dir='ltr'>suum</span> <span class='ocrx_word' id='word_1_116' title='bbox 682 1193 733 1213; x_wconf 90' lang='lat' dir='ltr'>cor</span> <span class='ocrx_word' id='word_1_117' title='bbox 744 1184 871 1213; x_wconf 79' lang='lat' dir='ltr'>ostendit</span> 
     </span>
     <span class='ocr_line' id='line_1_22' title="bbox 123 1232 771 1270; baseline -0.003 -8"><span class='ocrx_word' id='word_1_118' title='bbox 123 1236 217 1270; x_wconf 87' lang='lat' dir='ltr'>Super</span> <span class='ocrx_word' id='word_1_119' title='bbox 227 1233 290 1262; x_wconf 91' lang='lat' dir='ltr'>alas</span> <span class='ocrx_word' id='word_1_120' title='bbox 302 1233 434 1269; x_wconf 85' lang='lat' dir='ltr'>positum</span> <span class='ocrx_word' id='word_1_121' title='bbox 446 1233 558 1268; x_wconf 84' lang='lat' dir='ltr'>crucis3</span> <span class='ocrx_word' id='word_1_122' title='bbox 572 1240 626 1261; x_wconf 90' lang='lat' dir='ltr'>nec</span> <span class='ocrx_word' id='word_1_123' title='bbox 637 1232 771 1266; x_wconf 88' lang='lat' dir='ltr'>attendit,</span> 
     </span>
     <span class='ocr_line' id='line_1_23' title="bbox 124 1279 748 1316; baseline -0.005 -6"><span class='ocrx_word' id='word_1_124' title='bbox 124 1281 211 1316; x_wconf 90' lang='lat' dir='ltr'>Quod</span> <span class='ocrx_word' id='word_1_125' title='bbox 223 1280 404 1309; x_wconf 79' lang='lat' dir='ltr'>reclinatorii</span> <span class='ocrx_word' id='word_1_126' title='bbox 418 1280 497 1308; x_wconf 89' lang='lat' dir='ltr'>vices</span> <span class='ocrx_word' id='word_1_127' title='bbox 512 1280 570 1308; x_wconf 91' lang='grc'><strong>1106</strong></span> <span class='ocrx_word' id='word_1_128' title='bbox 584 1279 748 1316; x_wconf 79' lang='lat' dir='ltr'>praetendit.</span> 
     </span>
     <span class='ocr_line' id='line_1_24' title="bbox 161 1327 793 1364; baseline -0.003 -8"><span class='ocrx_word' id='word_1_129' title='bbox 161 1330 221 1357; x_wconf 89' lang='lat' dir='ltr'>Hoc</span> <span class='ocrx_word' id='word_1_130' title='bbox 232 1328 456 1356; x_wconf 88' lang='lat' dir='ltr'>reclinatorium</span> <span class='ocrx_word' id='word_1_131' title='bbox 470 1327 586 1364; x_wconf 90' lang='lat' dir='ltr'>quoties</span> <span class='ocrx_word' id='word_1_132' title='bbox 601 1328 793 1360; x_wconf 85' lang='lat' dir='ltr'>monstratur,</span> 
     </span>
     <span class='ocr_line' id='line_1_25' title="bbox 125 1374 620 1410; baseline -0.006 -5"><span class='ocrx_word' id='word_1_133' title='bbox 125 1376 181 1405; x_wconf 79' lang='lat' dir='ltr'>Piae</span> <span class='ocrx_word' id='word_1_134' title='bbox 195 1375 287 1404; x_wconf 88' lang='lat' dir='ltr'>menti</span> <span class='ocrx_word' id='word_1_135' title='bbox 302 1375 387 1403; x_wconf 83' lang='lat' dir='ltr'>toties</span> <span class='ocrx_word' id='word_1_136' title='bbox 404 1375 431 1403; x_wconf 91' lang='lat' dir='ltr'>ei</span> <span class='ocrx_word' id='word_1_137' title='bbox 446 1374 620 1410; x_wconf 83' lang='lat' dir='ltr'>glutinatur,</span> 
     </span>
     <span class='ocr_line' id='line_1_26' title="bbox 127 1421 656 1458; baseline -0.004 -7"><span class='ocrx_word' id='word_1_138' title='bbox 127 1423 205 1452; x_wconf 88' lang='lat' dir='ltr'>Sicut</span> <span class='ocrx_word' id='word_1_139' title='bbox 219 1424 247 1450; x_wconf 89' lang='lat' dir='ltr'>et</span> <span class='ocrx_word' id='word_1_140' title='bbox 261 1422 400 1458; x_wconf 84' lang='lat' dir='ltr'>accipiter</span> <span class='ocrx_word' id='word_1_141' title='bbox 415 1423 493 1450; x_wconf 88' lang='lat' dir='ltr'>totus</span> <span class='ocrx_word' id='word_1_142' title='bbox 507 1421 656 1449; x_wconf 79' lang='lat' dir='ltr'>inescatur</span> 
     </span>
     <span class='ocr_line' id='line_1_27' title="bbox 128 1469 870 1506; baseline -0.004 -8"><span class='ocrx_word' id='word_1_143' title='bbox 128 1471 222 1506; x_wconf 82' lang='lat' dir='ltr'>Super</span> <span class='ocrx_word' id='word_1_144' title='bbox 242 1477 362 1497; x_wconf 84' lang='lat' dir='ltr'>carnem</span> <span class='ocrx_word' id='word_1_145' title='bbox 381 1469 517 1503; x_wconf 82' lang='lat' dir='ltr'>rubeam,</span> <span class='ocrx_word' id='word_1_146' title='bbox 534 1476 587 1504; x_wconf 87' lang='lat' dir='ltr'>per</span> <span class='ocrx_word' id='word_1_147' title='bbox 602 1476 694 1504; x_wconf 84' lang='lat' dir='ltr'>quam</span> <span class='ocrx_word' id='word_1_148' title='bbox 708 1469 870 1496; x_wconf 86' lang='lat' dir='ltr'>revocatur.</span> 
     </span>
    </p>

    <p class='ocr_par' dir='ltr' id='par_1_10' title="bbox 127 1515 911 1692">
     <span class='ocr_line' id='line_1_28' title="bbox 163 1515 845 1551; baseline -0.003 -6"><span class='ocrx_word' id='word_1_149' title='bbox 163 1517 230 1545; x_wconf 87' lang='lat' dir='ltr'>Post</span> <span class='ocrx_word' id='word_1_150' title='bbox 243 1516 300 1545; x_wconf 87' lang='lat' dir='ltr'>hoc</span> <span class='ocrx_word' id='word_1_151' title='bbox 315 1516 423 1544; x_wconf 87' lang='lat' dir='ltr'>clamat</span> <span class='ocrx_word' id='word_1_152' title='bbox 437 1515 537 1544; x_wconf 87' lang='lat' dir='ltr'>anima</span> <span class='ocrx_word' id='word_1_153' title='bbox 552 1515 638 1551; x_wconf 83' lang='lat' dir='ltr'>quasi</span> <span class='ocrx_word' id='word_1_154' title='bbox 654 1515 823 1543; x_wconf 84' lang='lat' dir='ltr'>dementata</span> <span class='ocrx_word' id='word_1_155' title='bbox 839 1524 845 1543; x_wconf 78' lang='lat' dir='ltr'><strong><em>z</em></strong></span> 
     </span>
     <span class='ocr_line' id='line_1_29' title="bbox 127 1563 653 1598; baseline -0.004 -6"><span class='ocrx_word' id='word_1_156' title='bbox 127 1565 150 1593; x_wconf 94' lang='grc' dir='ltr'>Ο</span> <span class='ocrx_word' id='word_1_157' title='bbox 164 1563 397 1598; x_wconf 86' lang='lat' dir='ltr'>reclinatorium,</span> <span class='ocrx_word' id='word_1_158' title='bbox 415 1570 484 1591; x_wconf 87' lang='lat' dir='ltr'>caro</span> <span class='ocrx_word' id='word_1_159' title='bbox 500 1563 653 1590; x_wconf 85' lang='lat' dir='ltr'>cruentata</span> 
     </span>
     <span class='ocr_line' id='line_1_30' title="bbox 128 1609 844 1646; baseline -0.003 -7"><span class='ocrx_word' id='word_1_160' title='bbox 128 1613 181 1639; x_wconf 89' lang='lat' dir='ltr'>Per</span> <span class='ocrx_word' id='word_1_161' title='bbox 195 1612 236 1639; x_wconf 86' lang='lat' dir='ltr'>tot</span> <span class='ocrx_word' id='word_1_162' title='bbox 251 1611 319 1639; x_wconf 86' lang='lat' dir='ltr'>loca</span> <span class='ocrx_word' id='word_1_163' title='bbox 331 1610 453 1646; x_wconf 86' lang='lat' dir='ltr'>propter</span> <span class='ocrx_word' id='word_1_164' title='bbox 472 1617 531 1644; x_wconf 88' lang='lat' dir='ltr'>me,</span> <span class='ocrx_word' id='word_1_165' title='bbox 547 1617 599 1637; x_wconf 88' lang='lat' dir='ltr'>cur</span> <span class='ocrx_word' id='word_1_166' title='bbox 613 1617 675 1637; x_wconf 90' lang='lat' dir='ltr'>non</span> <span class='ocrx_word' id='word_1_167' title='bbox 690 1609 844 1637; x_wconf 85' lang='lat' dir='ltr'>vulnerata</span> 
     </span>
     <span class='ocr_line' id='line_1_31' title="bbox 127 1656 911 1692; baseline -0.003 -6"><span class='ocrx_word' id='word_1_168' title='bbox 127 1659 235 1686; x_wconf 85' lang='lat' dir='ltr'>Tecum</span> <span class='ocrx_word' id='word_1_169' title='bbox 259 1665 325 1685; x_wconf 90' lang='lat' dir='ltr'>sum</span> <span class='ocrx_word' id='word_1_170' title='bbox 336 1666 344 1692; x_wconf 65' lang='grc' dir='ltr'><strong><em>ς</em></strong></span> <span class='ocrx_word' id='word_1_171' title='bbox 376 1657 448 1684; x_wconf 91' lang='lat' dir='ltr'>dum</span> <span class='ocrx_word' id='word_1_172' title='bbox 477 1656 602 1684; x_wconf 84' lang='lat' dir='ltr'>moreris</span> <span class='ocrx_word' id='word_1_173' title='bbox 612 1678 620 1691; x_wconf 98' lang='lat'>,</span> <span class='ocrx_word' id='word_1_174' title='bbox 648 1664 709 1684; x_wconf 91' lang='lat' dir='ltr'>non</span> <span class='ocrx_word' id='word_1_175' title='bbox 734 1664 800 1684; x_wconf 89' lang='lat' dir='ltr'>sum</span> <span class='ocrx_word' id='word_1_176' title='bbox 830 1656 911 1684; x_wconf 88' lang='lat' dir='ltr'>colli-</span> 
     </span>
    </p>

    <p class='ocr_par' dir='ltr' id='par_1_11' title="bbox 201 1706 288 1741">
     <span class='ocr_line' id='line_1_32' title="bbox 201 1706 288 1741; baseline -0.011 -8"><span class='ocrx_word' id='word_1_177' title='bbox 201 1706 288 1741; x_wconf 73' lang='lat' dir='ltr'>gata?</span> 
     </span>
    </p>

    <p class='ocr_par' dir='ltr' id='par_1_12' title="bbox 129 1751 821 1928">
     <span class='ocr_line' id='line_1_33' title="bbox 165 1751 796 1786; baseline -0.002 -6"><span class='ocrx_word' id='word_1_178' title='bbox 165 1752 243 1781; x_wconf 87' lang='lat' dir='ltr'>Licet</span> <span class='ocrx_word' id='word_1_179' title='bbox 257 1754 357 1781; x_wconf 88' lang='lat' dir='ltr'>tamen</span> <span class='ocrx_word' id='word_1_180' title='bbox 371 1752 486 1779; x_wconf 82' lang='lat' dir='ltr'>miserae</span> <span class='ocrx_word' id='word_1_181' title='bbox 501 1751 538 1779; x_wconf 90' lang='lat' dir='ltr'>sit</span> <span class='ocrx_word' id='word_1_182' title='bbox 551 1751 630 1779; x_wconf 88' lang='lat' dir='ltr'>istud</span> <span class='ocrx_word' id='word_1_183' title='bbox 644 1753 796 1786; x_wconf 82' lang='lat' dir='ltr'>negatum,</span> 
     </span>
     <span class='ocr_line' id='line_1_34' title="bbox 129 1798 779 1836; baseline -0.005 -7"><span class='ocrx_word' id='word_1_184' title='bbox 129 1799 197 1829; x_wconf 89' lang='lat' dir='ltr'>Mihi</span> <span class='ocrx_word' id='word_1_185' title='bbox 211 1799 335 1836; x_wconf 88' lang='lat' dir='ltr'>quidem</span> <span class='ocrx_word' id='word_1_186' title='bbox 351 1799 460 1835; x_wconf 80' lang='lat' dir='ltr'>eligam</span> <span class='ocrx_word' id='word_1_187' title='bbox 476 1807 589 1827; x_wconf 92' lang='lat' dir='ltr'>novum</span> <span class='ocrx_word' id='word_1_188' title='bbox 605 1798 779 1834; x_wconf 83' lang='lat' dir='ltr'>cruciatum,</span> 
     </span>
     <span class='ocr_line' id='line_1_35' title="bbox 129 1845 790 1882; baseline -0.003 -7"><span class='ocrx_word' id='word_1_189' title='bbox 129 1846 274 1876; x_wconf 89' lang='lat' dir='ltr'>Gemitum</span> <span class='ocrx_word' id='word_1_190' title='bbox 288 1846 436 1881; x_wconf 89' lang='lat' dir='ltr'>videlieet,</span> <span class='ocrx_word' id='word_1_191' title='bbox 449 1846 614 1882; x_wconf 87' lang='lat' dir='ltr'>jugemque</span> <span class='ocrx_word' id='word_1_192' title='bbox 629 1845 790 1881; x_wconf 80' lang='lat' dir='ltr'>ploratum,</span> 
     </span>
     <span class='ocr_line' id='line_1_36' title="bbox 130 1893 821 1928; baseline -0.001 -7"><span class='ocrx_word' id='word_1_193' title='bbox 130 1895 228 1922; x_wconf 85' lang='lat' dir='ltr'>Donec</span> <span class='ocrx_word' id='word_1_194' title='bbox 242 1893 347 1921; x_wconf 87' lang='lat' dir='ltr'>mundi</span> <span class='ocrx_word' id='word_1_195' title='bbox 360 1893 495 1921; x_wconf 80' lang='lat' dir='ltr'>deseram</span> <span class='ocrx_word' id='word_1_196' title='bbox 510 1901 633 1928; x_wconf 81' lang='lat' dir='ltr'>gravem</span> <span class='ocrx_word' id='word_1_197' title='bbox 647 1893 821 1920; x_wconf 84' lang='lat' dir='ltr'>incolatum.</span> 
     </span>
    </p>
   </div>
   <div class='ocr_carea' id='block_1_3' title="bbox 166 1939 914 1975">
    <p class='ocr_par' dir='ltr' id='par_1_13' title="bbox 166 1939 914 1975">
     <span class='ocr_line' id='line_1_37' title="bbox 166 1939 914 1975; baseline -0.003 -6"><span class='ocrx_word' id='word_1_198' title='bbox 166 1942 233 1969; x_wconf 91' lang='lat' dir='ltr'>Post</span> <span class='ocrx_word' id='word_1_199' title='bbox 258 1941 321 1968; x_wconf 79' lang='lat' dir='ltr'>haec</span> <span class='ocrx_word' id='word_1_200' title='bbox 343 1940 437 1968; x_wconf 88' lang='lat' dir='ltr'>dulcis</span> <span class='ocrx_word' id='word_1_201' title='bbox 457 1940 558 1968; x_wconf 89' lang='lat' dir='ltr'>anima</span> <span class='ocrx_word' id='word_1_202' title='bbox 581 1939 649 1975; x_wconf 88' lang='lat' dir='ltr'>plus</span> <span class='ocrx_word' id='word_1_203' title='bbox 674 1941 701 1968; x_wconf 89' lang='lat' dir='ltr'>et</span> <span class='ocrx_word' id='word_1_204' title='bbox 728 1939 796 1975; x_wconf 90' lang='lat' dir='ltr'>plus</span> <span class='ocrx_word' id='word_1_205' title='bbox 819 1940 914 1968; x_wconf 90' lang='lat' dir='ltr'>ferve-</span> 
     </span>
    </p>
   </div>
   <div class='ocr_carea' id='block_1_4' title="bbox 130 1995 854 2585">
    <p class='ocr_par' dir='ltr' id='par_1_14' title="bbox 130 1995 854 2585">
     <span class='ocr_line' id='line_1_38' title="bbox 201 1995 295 2023; baseline -0.011 -7"><span class='ocrx_word' id='word_1_206' title='bbox 201 1995 295 2023; x_wconf 88' lang='lat' dir='ltr'>scens,</span> 
     </span>
     <span class='ocr_line' id='line_1_39' title="bbox 131 2035 757 2072; baseline -0.006 -6"><span class='ocrx_word' id='word_1_207' title='bbox 131 2038 225 2066; x_wconf 89' lang='lat' dir='ltr'>Sensu</span> <span class='ocrx_word' id='word_1_208' title='bbox 239 2038 300 2065; x_wconf 88' lang='lat' dir='ltr'>toto</span> <span class='ocrx_word' id='word_1_209' title='bbox 316 2036 414 2064; x_wconf 88' lang='lat' dir='ltr'>deficit</span> <span class='ocrx_word' id='word_1_210' title='bbox 430 2045 436 2064; x_wconf 91' lang='lat'>:</span> <span class='ocrx_word' id='word_1_211' title='bbox 453 2043 579 2072; x_wconf 88' lang='lat' dir='ltr'>corpore</span> <span class='ocrx_word' id='word_1_212' title='bbox 592 2035 757 2069; x_wconf 81' lang='lat' dir='ltr'>tabescens,</span> 
     </span>
     <span class='ocr_line' id='line_1_40' title="bbox 130 2082 854 2120; baseline -0.003 -8"><span class='ocrx_word' id='word_1_213' title='bbox 130 2085 195 2113; x_wconf 83' lang='lat' dir='ltr'>Jam</span> <span class='ocrx_word' id='word_1_214' title='bbox 208 2084 260 2112; x_wconf 82' lang='lat' dir='ltr'>vix</span> <span class='ocrx_word' id='word_1_215' title='bbox 273 2083 359 2120; x_wconf 89' lang='lat' dir='ltr'>loqui</span> <span class='ocrx_word' id='word_1_216' title='bbox 371 2083 478 2111; x_wconf 86' lang='lat' dir='ltr'>sufficit</span> <span class='ocrx_word' id='word_1_217' title='bbox 487 2092 494 2118; x_wconf 83' lang='lat'>;</span> <span class='ocrx_word' id='word_1_218' title='bbox 512 2083 565 2110; x_wconf 91' lang='lat' dir='ltr'>sed</span> <span class='ocrx_word' id='word_1_219' title='bbox 580 2082 687 2111; x_wconf 86' lang='lat' dir='ltr'>affectu</span> <span class='ocrx_word' id='word_1_220' title='bbox 708 2090 854 2117; x_wconf 81' lang='lat' dir='ltr'>crescenS,</span> 
     </span>
     <span class='ocr_line' id='line_1_41' title="bbox 133 2130 769 2166; baseline -0.005 -7"><span class='ocrx_word' id='word_1_221' title='bbox 133 2131 191 2159; x_wconf 92' lang='lat' dir='ltr'>Suo</span> <span class='ocrx_word' id='word_1_222' title='bbox 204 2131 279 2159; x_wconf 92' lang='lat' dir='ltr'>lecto</span> <span class='ocrx_word' id='word_1_223' title='bbox 296 2130 434 2165; x_wconf 82' lang='lat' dir='ltr'>decubat,</span> <span class='ocrx_word' id='word_1_224' title='bbox 450 2132 550 2166; x_wconf 88' lang='lat' dir='ltr'>utpote</span> <span class='ocrx_word' id='word_1_225' title='bbox 564 2130 769 2165; x_wconf 80' lang='lat' dir='ltr'>languescens.</span> 
     </span>
     <span class='ocr_line' id='line_1_42' title="bbox 170 2178 788 2214; baseline -0.003 -8"><span class='ocrx_word' id='word_1_226' title='bbox 170 2180 245 2214; x_wconf 83' lang='lat' dir='ltr'>Ergo</span> <span class='ocrx_word' id='word_1_227' title='bbox 261 2178 356 2206; x_wconf 92' lang='lat' dir='ltr'>dulcis</span> <span class='ocrx_word' id='word_1_228' title='bbox 372 2178 496 2213; x_wconf 83' lang='lat' dir='ltr'>gutturis</span> <span class='ocrx_word' id='word_1_229' title='bbox 507 2185 622 2212; x_wconf 85' lang='lat' dir='ltr'>organo</span> <span class='ocrx_word' id='word_1_230' title='bbox 638 2178 788 2213; x_wconf 84' lang='lat' dir='ltr'>quassato,</span> 
     </span>
     <span class='ocr_line' id='line_1_43' title="bbox 134 2223 811 2261; baseline -0.003 -8"><span class='ocrx_word' id='word_1_231' title='bbox 134 2225 245 2261; x_wconf 83' lang='lat' dir='ltr'>Lingua</span> <span class='ocrx_word' id='word_1_232' title='bbox 259 2226 373 2253; x_wconf 84' lang='lat' dir='ltr'>tantum</span> <span class='ocrx_word' id='word_1_233' title='bbox 386 2224 546 2260; x_wconf 79' lang='lat' dir='ltr'>palpitans,</span> <span class='ocrx_word' id='word_1_234' title='bbox 563 2224 661 2252; x_wconf 85' lang='lat' dir='ltr'>sonitu</span> <span class='ocrx_word' id='word_1_235' title='bbox 677 2223 794 2252; x_wconf 85' lang='lat' dir='ltr'>sublato</span> <span class='ocrx_word' id='word_1_236' title='bbox 803 2233 811 2258; x_wconf 76' lang='lat'>,-</span> 
     </span>
     <span class='ocr_line' id='line_1_44' title="bbox 135 2271 842 2309; baseline -0.006 -7"><span class='ocrx_word' id='word_1_237' title='bbox 135 2273 193 2304; x_wconf 92' lang='lat' dir='ltr'>Sed</span> <span class='ocrx_word' id='word_1_238' title='bbox 209 2280 265 2309; x_wconf 90' lang='lat' dir='ltr'>pro</span> <span class='ocrx_word' id='word_1_239' title='bbox 280 2271 379 2300; x_wconf 86' lang='lat' dir='ltr'>verbis</span> <span class='ocrx_word' id='word_1_240' title='bbox 392 2271 443 2307; x_wconf 89' lang='lat' dir='ltr'>pia</span> <span class='ocrx_word' id='word_1_241' title='bbox 456 2279 540 2299; x_wconf 88' lang='lat' dir='ltr'>mens</span> <span class='ocrx_word' id='word_1_242' title='bbox 553 2271 623 2299; x_wconf 85' lang='lat' dir='ltr'>fletu</span> <span class='ocrx_word' id='word_1_243' title='bbox 639 2273 842 2307; x_wconf 89' lang='lat' dir='ltr'>compensato,</span> 
     </span>
     <span class='ocr_line' id='line_1_45' title="bbox 135 2318 760 2350; baseline -0.008 0"><span class='ocrx_word' id='word_1_244' title='bbox 135 2321 322 2350; x_wconf 89' lang='lat' dir='ltr'>Lamentatur</span> <span class='ocrx_word' id='word_1_245' title='bbox 337 2318 495 2346; x_wconf 75' lang='lat' dir='ltr'>DomInum</span> <span class='ocrx_word' id='word_1_246' title='bbox 510 2318 600 2345; x_wconf 90' lang='lat' dir='ltr'>corde</span> <span class='ocrx_word' id='word_1_247' title='bbox 618 2318 760 2346; x_wconf 85' lang='lat' dir='ltr'>sauciato.</span> 
     </span>
     <span class='ocr_line' id='line_1_46' title="bbox 171 2364 806 2402; baseline -0.006 -6"><span class='ocrx_word' id='word_1_248' title='bbox 171 2368 216 2396; x_wconf 88' lang='lat' dir='ltr'>Sic</span> <span class='ocrx_word' id='word_1_249' title='bbox 230 2365 383 2402; x_wconf 82' lang='lat' dir='ltr'>languenti</span> <span class='ocrx_word' id='word_1_250' title='bbox 397 2364 546 2400; x_wconf 85' lang='lat' dir='ltr'>siquidem</span> <span class='ocrx_word' id='word_1_251' title='bbox 561 2364 604 2392; x_wconf 89' lang='lat' dir='ltr'>nil</span> <span class='ocrx_word' id='word_1_252' title='bbox 618 2364 673 2392; x_wconf 90' lang='lat' dir='ltr'>nisi</span> <span class='ocrx_word' id='word_1_253' title='bbox 688 2365 806 2400; x_wconf 86' lang='lat' dir='ltr'>plorare</span> 
     </span>
     <span class='ocr_line' id='line_1_47' title="bbox 137 2411 700 2450; baseline -0.011 -6"><span class='ocrx_word' id='word_1_254' title='bbox 137 2415 228 2450; x_wconf 88' lang='lat' dir='ltr'>Libet,</span> <span class='ocrx_word' id='word_1_255' title='bbox 246 2417 273 2442; x_wconf 97' lang='grc'>61</span> <span class='ocrx_word' id='word_1_256' title='bbox 288 2415 419 2448; x_wconf 77' lang='lat' dir='ltr'>satagere</span> <span class='ocrx_word' id='word_1_257' title='bbox 435 2411 525 2439; x_wconf 87' lang='lat' dir='ltr'>corde</span> <span class='ocrx_word' id='word_1_258' title='bbox 540 2411 700 2446; x_wconf 88' lang='lat' dir='ltr'>suspirare.</span> 
     </span>
     <span class='ocr_line' id='line_1_48' title="bbox 137 2458 682 2490; baseline -0.011 0"><span class='ocrx_word' id='word_1_259' title='bbox 137 2463 210 2490; x_wconf 90' lang='lat' dir='ltr'>Suos</span> <span class='ocrx_word' id='word_1_260' title='bbox 221 2461 300 2489; x_wconf 85' lang='lat' dir='ltr'>enim</span> <span class='ocrx_word' id='word_1_261' title='bbox 316 2459 420 2488; x_wconf 90' lang='lat' dir='ltr'>oculos</span> <span class='ocrx_word' id='word_1_262' title='bbox 435 2458 527 2486; x_wconf 86' lang='lat' dir='ltr'>nescit</span> <span class='ocrx_word' id='word_1_263' title='bbox 541 2465 682 2486; x_wconf 85' lang='lat' dir='ltr'>revocare</span> 
     </span>
     <span class='ocr_line' id='line_1_49' title="bbox 138 2506 765 2540; baseline -0.008 -3"><span class='ocrx_word' id='word_1_264' title='bbox 138 2511 157 2536; x_wconf 90' lang='grc' dir='ltr'>Α</span> <span class='ocrx_word' id='word_1_265' title='bbox 173 2508 276 2537; x_wconf 84' lang='lat' dir='ltr'>Christi</span> <span class='ocrx_word' id='word_1_266' title='bbox 287 2506 471 2540; x_wconf 83' lang='lat' dir='ltr'>vulneribus,</span> <span class='ocrx_word' id='word_1_267' title='bbox 487 2506 538 2533; x_wconf 90' lang='lat' dir='ltr'>aut</span> <span class='ocrx_word' id='word_1_268' title='bbox 551 2512 602 2532; x_wconf 89' lang='lat' dir='ltr'>cor</span> <span class='ocrx_word' id='word_1_269' title='bbox 616 2512 765 2540; x_wconf 86' lang='lat' dir='ltr'>separare.</span> 
     </span>
     <span class='ocr_line' id='line_1_50' title="bbox 174 2551 749 2585; baseline -0.007 -3"><span class='ocrx_word' id='word_1_270' title='bbox 174 2555 219 2582; x_wconf 91' lang='lat' dir='ltr'>Sic</span> <span class='ocrx_word' id='word_1_271' title='bbox 234 2555 276 2582; x_wconf 83' lang='lat' dir='ltr'>est</span> <span class='ocrx_word' id='word_1_272' title='bbox 286 2555 384 2582; x_wconf 88' lang='lat' dir='ltr'>autem</span> <span class='ocrx_word' id='word_1_273' title='bbox 399 2552 516 2581; x_wconf 87' lang='lat' dir='ltr'>animus</span> <span class='ocrx_word' id='word_1_274' title='bbox 531 2551 611 2579; x_wconf 92' lang='lat' dir='ltr'>illius</span> <span class='ocrx_word' id='word_1_275' title='bbox 625 2551 749 2585; x_wconf 88' lang='lat' dir='ltr'>illectus,</span> 
     </span>
    </p>
   </div>
   <div class='ocr_carea' id='block_1_5' title="bbox 141 2627 917 2731">
    <p class='ocr_par' dir='ltr' id='par_1_15' title="bbox 141 2627 917 2731">
     <span class='ocr_line' id='line_1_51' title="bbox 174 2627 917 2659; baseline -0.001 -7"><span class='ocrx_word' id='word_1_276' title='bbox 174 2630 180 2645; x_wconf 86' lang='lat'><strong>¹</strong></span> <span class='ocrx_word' id='word_1_277' title='bbox 198 2630 272 2659; x_wconf 68' lang='lat' dir='ltr'>Aug„</span> <span class='ocrx_word' id='word_1_278' title='bbox 290 2629 319 2652; x_wconf 82' lang='lat' dir='ltr'>de</span> <span class='ocrx_word' id='word_1_279' title='bbox 332 2628 401 2652; x_wconf 75' lang='lat' dir='ltr'>verb.</span> <span class='ocrx_word' id='word_1_280' title='bbox 415 2628 510 2658; x_wconf 62' lang='lat' dir='ltr'>Apes-L,</span> <span class='ocrx_word' id='word_1_281' title='bbox 528 2634 606 2651; x_wconf 83' lang='lat' dir='ltr'>serm.</span> <span class='ocrx_word' id='word_1_282' title='bbox 624 2633 689 2658; x_wconf 72' lang='lat' dir='ltr'>xvir,</span> <span class='ocrx_word' id='word_1_283' title='bbox 706 2627 738 2651; x_wconf 80' lang='lat' dir='ltr'>al.</span> <span class='ocrx_word' id='word_1_284' title='bbox 755 2633 830 2657; x_wconf 75' lang='lat' dir='ltr'>cmx,</span> <span class='ocrx_word' id='word_1_285' title='bbox 846 2635 872 2650; x_wconf 90' lang='lat' dir='ltr'>n.</span> <span class='ocrx_word' id='word_1_286' title='bbox 895 2629 917 2656; x_wconf 87' lang='lat'>1,</span> 
     </span>
     <span class='ocr_line' id='line_1_52' title="bbox 141 2663 917 2694; baseline -0.001 -6"><span class='ocrx_word' id='word_1_287' title='bbox 141 2667 166 2688; x_wconf 85' lang='lat' dir='ltr'>et</span> <span class='ocrx_word' id='word_1_288' title='bbox 180 2664 287 2688; x_wconf 69' lang='lat' dir='ltr'>refertur</span> <span class='ocrx_word' id='word_1_289' title='bbox 309 2664 436 2688; x_wconf 77' lang='lat' dir='ltr'>Decretal.</span> <span class='ocrx_word' id='word_1_290' title='bbox 459 2664 502 2688; x_wconf 79' lang='lat' dir='ltr'>lib.</span> <span class='ocrx_word' id='word_1_291' title='bbox 528 2664 570 2694; x_wconf 89' lang='grc'><strong>111,</strong></span> <span class='ocrx_word' id='word_1_292' title='bbox 594 2664 630 2689; x_wconf 80' lang='lat' dir='ltr'>lit.</span> <span class='ocrx_word' id='word_1_293' title='bbox 652 2663 682 2687; x_wconf 67' lang='lat' dir='ltr'>cle</span> <span class='ocrx_word' id='word_1_294' title='bbox 703 2663 917 2691; x_wconf 63' lang='lat' dir='ltr'>«,·elehae·‹1e.i‡!2&#39;ss.‚</span> 
     </span>
     <span class='ocr_line' id='line_1_53' title="bbox 142 2700 425 2731; baseline -0.004 -6"><span class='ocrx_word' id='word_1_295' title='bbox 142 2708 165 2725; x_wconf 91' lang='grc'>6.</span> <span class='ocrx_word' id='word_1_296' title='bbox 179 2700 241 2726; x_wconf 80' lang='lat' dir='ltr'>Cum</span> <span class='ocrx_word' id='word_1_297' title='bbox 255 2700 342 2731; x_wconf 64' lang='lat' dir='ltr'>Mart„</span> <span class='ocrx_word' id='word_1_298' title='bbox 356 2700 371 2731; x_wconf 66' lang='lat' dir='ltr'>g</span> <span class='ocrx_word' id='word_1_299' title='bbox 381 2700 425 2725; x_wconf 89' lang='lat' dir='ltr'>ult.</span> 
     </span>
    </p>
   </div>
   <div class='ocr_carea' id='block_1_6' title="bbox 957 283 1755 2586">
    <p class='ocr_par' dir='ltr' id='par_1_16' title="bbox 957 283 1584 415">
     <span class='ocr_line' id='line_1_54' title="bbox 957 283 1584 321; baseline -0.003 -8"><span class='ocrx_word' id='word_1_300' title='bbox 957 284 1046 319; x_wconf 83' lang='lat' dir='ltr'>Quasi</span> <span class='ocrx_word' id='word_1_301' title='bbox 1060 284 1086 313; x_wconf 91' lang='lat' dir='ltr'>ei</span> <span class='ocrx_word' id='word_1_302' title='bbox 1101 292 1232 321; x_wconf 65' lang='lat' dir='ltr'>praesens</span> <span class='ocrx_word' id='word_1_303' title='bbox 1246 284 1283 312; x_wconf 91' lang='lat' dir='ltr'>sit</span> <span class='ocrx_word' id='word_1_304' title='bbox 1295 283 1428 313; x_wconf 89' lang='lat' dir='ltr'>moriens</span> <span class='ocrx_word' id='word_1_305' title='bbox 1442 283 1584 318; x_wconf 86' lang='lat' dir='ltr'>dilectus;</span> 
     </span>
     <span class='ocr_line' id='line_1_55' title="bbox 957 331 1563 367; baseline -0.003 -7"><span class='ocrx_word' id='word_1_306' title='bbox 957 333 990 360; x_wconf 88' lang='lat' dir='ltr'>Et</span> <span class='ocrx_word' id='word_1_307' title='bbox 1009 340 1027 360; x_wconf 89' lang='lat' dir='ltr'>a</span> <span class='ocrx_word' id='word_1_308' title='bbox 1041 340 1127 360; x_wconf 89' lang='lat' dir='ltr'>cruce</span> <span class='ocrx_word' id='word_1_309' title='bbox 1142 332 1265 361; x_wconf 85' lang='lat' dir='ltr'>minime</span> <span class='ocrx_word' id='word_1_310' title='bbox 1280 331 1401 360; x_wconf 80' lang='lat' dir='ltr'>retrahit</span> <span class='ocrx_word' id='word_1_311' title='bbox 1416 332 1563 367; x_wconf 83' lang='lat' dir='ltr'>aspectus,</span> 
     </span>
     <span class='ocr_line' id='line_1_56' title="bbox 957 378 1503 415; baseline -0.002 -8"><span class='ocrx_word' id='word_1_312' title='bbox 957 378 1032 414; x_wconf 84' lang='lat' dir='ltr'>Quia</span> <span class='ocrx_word' id='word_1_313' title='bbox 1047 379 1090 407; x_wconf 87' lang='lat' dir='ltr'>ibi</span> <span class='ocrx_word' id='word_1_314' title='bbox 1105 379 1221 415; x_wconf 89' lang='lat' dir='ltr'>oculus,</span> <span class='ocrx_word' id='word_1_315' title='bbox 1240 379 1293 408; x_wconf 91' lang='lat' dir='ltr'>ubi</span> <span class='ocrx_word' id='word_1_316' title='bbox 1309 381 1352 408; x_wconf 90' lang='lat' dir='ltr'>est</span> <span class='ocrx_word' id='word_1_317' title='bbox 1370 378 1503 407; x_wconf 84' lang='lat' dir='ltr'>affectus.</span> 
     </span>
    </p>

    <p class='ocr_par' dir='ltr' id='par_1_17' title="bbox 957 426 1613 604">
     <span class='ocr_line' id='line_1_57' title="bbox 993 426 1612 464; baseline -0.005 -8"><span class='ocrx_word' id='word_1_318' title='bbox 993 427 1134 462; x_wconf 82' lang='lat' dir='ltr'>Gemitus,</span> <span class='ocrx_word' id='word_1_319' title='bbox 1149 427 1286 464; x_wconf 87' lang='lat' dir='ltr'>suspiria,</span> <span class='ocrx_word' id='word_1_320' title='bbox 1302 427 1455 463; x_wconf 71' lang='lat' dir='ltr'>lacrymae,</span> <span class='ocrx_word' id='word_1_321' title='bbox 1470 426 1612 458; x_wconf 86' lang='lat' dir='ltr'>lamenta,</span> 
     </span>
     <span class='ocr_line' id='line_1_58' title="bbox 957 473 1515 510; baseline -0.004 -7"><span class='ocrx_word' id='word_1_322' title='bbox 957 475 1019 504; x_wconf 91' lang='lat' dir='ltr'>Sibi</span> <span class='ocrx_word' id='word_1_323' title='bbox 1033 476 1101 502; x_wconf 85' lang='grc'><strong>511111</strong></span> <span class='ocrx_word' id='word_1_324' title='bbox 1113 474 1238 510; x_wconf 65' lang='lat' dir='ltr'>deliciae,</span> <span class='ocrx_word' id='word_1_325' title='bbox 1254 474 1349 509; x_wconf 90' lang='lat' dir='ltr'>cibus,</span> <span class='ocrx_word' id='word_1_326' title='bbox 1365 473 1515 508; x_wconf 87' lang='lat' dir='ltr'>alimenta,</span> 
     </span>
     <span class='ocr_line' id='line_1_59' title="bbox 958 519 1613 558; baseline -0.005 -8"><span class='ocrx_word' id='word_1_327' title='bbox 958 522 1071 557; x_wconf 91' lang='lat' dir='ltr'>Quibus</span> <span class='ocrx_word' id='word_1_328' title='bbox 1081 529 1160 550; x_wconf 85' lang='lat' dir='ltr'>nova</span> <span class='ocrx_word' id='word_1_329' title='bbox 1170 523 1283 558; x_wconf 86' lang='lat' dir='ltr'>martyr</span> <span class='ocrx_word' id='word_1_330' title='bbox 1299 523 1341 549; x_wconf 90' lang='lat' dir='ltr'>est</span> <span class='ocrx_word' id='word_1_331' title='bbox 1355 519 1554 550; x_wconf 88' lang='lat' dir='ltr'>interimenda</span> <span class='ocrx_word' id='word_1_332' title='bbox 1565 520 1613 556; x_wconf 80' lang='lat' dir='ltr'>(b),</span> 
     </span>
     <span class='ocr_line' id='line_1_60' title="bbox 958 568 1577 604; baseline -0.003 -7"><span class='ocrx_word' id='word_1_333' title='bbox 958 569 1003 597; x_wconf 91' lang='lat' dir='ltr'>Sic</span> <span class='ocrx_word' id='word_1_334' title='bbox 1015 577 1069 597; x_wconf 91' lang='lat' dir='ltr'>suo</span> <span class='ocrx_word' id='word_1_335' title='bbox 1080 569 1223 604; x_wconf 84' lang='lat' dir='ltr'>martyrio</span> <span class='ocrx_word' id='word_1_336' title='bbox 1239 568 1372 604; x_wconf 74' lang='lat' dir='ltr'>praebent</span> <span class='ocrx_word' id='word_1_337' title='bbox 1385 568 1577 596; x_wconf 86' lang='lat' dir='ltr'>incrementa.</span> 
     </span>
    </p>

    <p class='ocr_par' dir='ltr' id='par_1_18' title="bbox 958 615 1742 700">
     <span class='ocr_line' id='line_1_61' title="bbox 996 615 1742 652; baseline -0.007 -7"><span class='ocrx_word' id='word_1_338' title='bbox 996 619 1028 645; x_wconf 89' lang='lat' dir='ltr'>In</span> <span class='ocrx_word' id='word_1_339' title='bbox 1040 616 1099 645; x_wconf 89' lang='grc'><strong>1106</strong></span> <span class='ocrx_word' id='word_1_340' title='bbox 1114 617 1191 644; x_wconf 87' lang='grc'><strong>51610</strong></span> <span class='ocrx_word' id='word_1_341' title='bbox 1211 615 1322 652; x_wconf 85' lang='lat' dir='ltr'>respuit</span> <span class='ocrx_word' id='word_1_342' title='bbox 1341 615 1492 652; x_wconf 88' lang='lat' dir='ltr'>quidquid</span> <span class='ocrx_word' id='word_1_343' title='bbox 1515 616 1557 643; x_wconf 91' lang='lat' dir='ltr'>est</span> <span class='ocrx_word' id='word_1_344' title='bbox 1579 616 1742 647; x_wconf 88' lang='lat' dir='ltr'>terrenum,</span> 
     </span>
     <span class='ocr_line' id='line_1_62' title="bbox 958 663 1584 700; baseline -0.005 -8"><span class='ocrx_word' id='word_1_345' title='bbox 958 663 1120 700; x_wconf 88' lang='lat' dir='ltr'>Mundique</span> <span class='ocrx_word' id='word_1_346' title='bbox 1134 663 1274 691; x_wconf 88' lang='lat' dir='ltr'>solatium</span> <span class='ocrx_word' id='word_1_347' title='bbox 1287 663 1404 698; x_wconf 88' lang='lat' dir='ltr'>reputat</span> <span class='ocrx_word' id='word_1_348' title='bbox 1416 669 1584 697; x_wconf 88' lang='lat' dir='ltr'>venenum;</span> 
     </span>
    </p>

    <p class='ocr_par' dir='ltr' id='par_1_19' title="bbox 959 708 1744 1028">
     <span class='ocr_line' id='line_1_63' title="bbox 959 708 1677 744; baseline -0.007 -4"><span class='ocrx_word' id='word_1_349' title='bbox 959 711 1016 740; x_wconf 91' lang='lat' dir='ltr'>Sed</span> <span class='ocrx_word' id='word_1_350' title='bbox 1030 711 1070 739; x_wconf 86' lang='lat' dir='ltr'>ad</span> <span class='ocrx_word' id='word_1_351' title='bbox 1083 718 1197 739; x_wconf 82' lang='lat' dir='ltr'>nonam</span> <span class='ocrx_word' id='word_1_352' title='bbox 1210 710 1331 738; x_wconf 89' lang='lat' dir='ltr'>veniens</span> <span class='ocrx_word' id='word_1_353' title='bbox 1348 709 1473 737; x_wconf 87' lang='lat' dir='ltr'>moritur</span> <span class='ocrx_word' id='word_1_354' title='bbox 1487 709 1527 737; x_wconf 90' lang='lat' dir='ltr'>ad</span> <span class='ocrx_word' id='word_1_355' title='bbox 1542 708 1677 744; x_wconf 90' lang='lat' dir='ltr'>plenum,</span> 
     </span>
     <span class='ocr_line' id='line_1_64' title="bbox 959 755 1655 794; baseline -0.007 -7"><span class='ocrx_word' id='word_1_356' title='bbox 959 760 1033 787; x_wconf 91' lang='lat' dir='ltr'>Cum</span> <span class='ocrx_word' id='word_1_357' title='bbox 1048 757 1159 787; x_wconf 89' lang='lat' dir='ltr'>amoris</span> <span class='ocrx_word' id='word_1_358' title='bbox 1177 758 1305 794; x_wconf 87' lang='lat' dir='ltr'>impetus</span> <span class='ocrx_word' id='word_1_359' title='bbox 1320 757 1416 785; x_wconf 84' lang='lat' dir='ltr'>carnis</span> <span class='ocrx_word' id='word_1_360' title='bbox 1431 756 1542 792; x_wconf 86' lang='lat' dir='ltr'>rumpit</span> <span class='ocrx_word' id='word_1_361' title='bbox 1559 755 1655 783; x_wconf 86' lang='lat' dir='ltr'>filum.</span> 
     </span>
     <span class='ocr_line' id='line_1_65' title="bbox 996 801 1744 840; baseline -0.007 -6"><span class='ocrx_word' id='word_1_362' title='bbox 996 807 1068 834; x_wconf 87' lang='lat' dir='ltr'>Nam</span> <span class='ocrx_word' id='word_1_363' title='bbox 1102 813 1170 833; x_wconf 90' lang='lat' dir='ltr'>cum</span> <span class='ocrx_word' id='word_1_364' title='bbox 1181 826 1190 840; x_wconf 92' lang='lat'>‚</span> <span class='ocrx_word' id='word_1_365' title='bbox 1220 806 1439 834; x_wconf 80' lang='lat' dir='ltr'>consummatum</span> <span class='ocrx_word' id='word_1_366' title='bbox 1467 806 1524 839; x_wconf 78' lang='lat' dir='ltr'>est,</span> <span class='ocrx_word' id='word_1_367' title='bbox 1558 801 1663 831; x_wconf 86' lang='lat' dir='ltr'>recolit</span> <span class='ocrx_word' id='word_1_368' title='bbox 1685 801 1744 829; x_wconf 87' lang='lat' dir='ltr'>cla-</span> 
     </span>
     <span class='ocr_line' id='line_1_66' title="bbox 1031 861 1129 881; baseline 0 0"><span class='ocrx_word' id='word_1_369' title='bbox 1031 861 1129 881; x_wconf 86' lang='lat' dir='ltr'>masse</span> 
     </span>
     <span class='ocr_line' id='line_1_67' title="bbox 960 898 1593 934; baseline -0.006 -6"><span class='ocrx_word' id='word_1_370' title='bbox 960 902 1037 928; x_wconf 88' lang='lat' dir='ltr'>Hora</span> <span class='ocrx_word' id='word_1_371' title='bbox 1051 908 1133 928; x_wconf 87' lang='lat' dir='ltr'>nona</span> <span class='ocrx_word' id='word_1_372' title='bbox 1146 899 1314 933; x_wconf 82' lang='lat' dir='ltr'>Dominum,</span> <span class='ocrx_word' id='word_1_373' title='bbox 1334 900 1362 927; x_wconf 86' lang='lat' dir='ltr'>et</span> <span class='ocrx_word' id='word_1_374' title='bbox 1375 898 1416 926; x_wconf 89' lang='lat' dir='ltr'>sic</span> <span class='ocrx_word' id='word_1_375' title='bbox 1432 898 1593 934; x_wconf 77' lang='lat' dir='ltr'>expirasse,</span> 
     </span>
     <span class='ocr_line' id='line_1_68' title="bbox 960 946 1601 982; baseline -0.006 -7"><span class='ocrx_word' id='word_1_376' title='bbox 960 947 1049 982; x_wconf 87' lang='lat' dir='ltr'>Quasi</span> <span class='ocrx_word' id='word_1_377' title='bbox 1063 947 1153 975; x_wconf 87' lang='lat' dir='ltr'>simul</span> <span class='ocrx_word' id='word_1_378' title='bbox 1167 947 1297 974; x_wconf 85' lang='lat' dir='ltr'>moriens</span> <span class='ocrx_word' id='word_1_379' title='bbox 1312 946 1421 974; x_wconf 84' lang='lat' dir='ltr'>clamat</span> <span class='ocrx_word' id='word_1_380' title='bbox 1433 947 1601 981; x_wconf 85' lang='lat' dir='ltr'>penetrasse</span> 
     </span>
     <span class='ocr_line' id='line_1_69' title="bbox 961 992 1636 1028; baseline -0.007 -5"><span class='ocrx_word' id='word_1_381' title='bbox 961 997 1070 1023; x_wconf 91' lang='lat' dir='ltr'>Vocem</span> <span class='ocrx_word' id='word_1_382' title='bbox 1085 994 1172 1022; x_wconf 87' lang='lat' dir='ltr'>istam</span> <span class='ocrx_word' id='word_1_383' title='bbox 1187 1001 1275 1021; x_wconf 85' lang='lat' dir='ltr'>suum</span> <span class='ocrx_word' id='word_1_384' title='bbox 1296 1001 1357 1027; x_wconf 89' lang='lat' dir='ltr'>cor,</span> <span class='ocrx_word' id='word_1_385' title='bbox 1373 994 1463 1028; x_wconf 85' lang='lat' dir='ltr'>atque</span> <span class='ocrx_word' id='word_1_386' title='bbox 1482 992 1636 1019; x_wconf 86' lang='lat' dir='ltr'>lacerasse.</span> 
     </span>
    </p>

    <p class='ocr_par' dir='ltr' id='par_1_20' title="bbox 962 1037 1710 1124">
     <span class='ocr_line' id='line_1_70' title="bbox 998 1037 1710 1076; baseline -0.008 -6"><span class='ocrx_word' id='word_1_387' title='bbox 998 1044 1083 1070; x_wconf 86' lang='lat' dir='ltr'>Ferre</span> <span class='ocrx_word' id='word_1_388' title='bbox 1102 1041 1224 1070; x_wconf 84' lang='lat' dir='ltr'>tandem</span> <span class='ocrx_word' id='word_1_389' title='bbox 1237 1041 1385 1076; x_wconf 86' lang='lat' dir='ltr'>impotens</span> <span class='ocrx_word' id='word_1_390' title='bbox 1399 1039 1533 1075; x_wconf 78' lang='lat' dir='ltr'>jaculum</span> <span class='ocrx_word' id='word_1_391' title='bbox 1549 1040 1610 1066; x_wconf 90' lang='lat' dir='ltr'>tam</span> <span class='ocrx_word' id='word_1_392' title='bbox 1624 1037 1710 1071; x_wconf 83' lang='lat' dir='ltr'>forte,</span> 
     </span>
     <span class='ocr_line' id='line_1_71' title="bbox 962 1086 1618 1124; baseline -0.009 -6"><span class='ocrx_word' id='word_1_393' title='bbox 962 1089 1092 1124; x_wconf 86' lang='lat' dir='ltr'>Moritur,</span> <span class='ocrx_word' id='word_1_394' title='bbox 1107 1090 1139 1117; x_wconf 91' lang='lat' dir='ltr'>ut</span> <span class='ocrx_word' id='word_1_395' title='bbox 1155 1088 1266 1116; x_wconf 88' lang='lat' dir='ltr'>dictum</span> <span class='ocrx_word' id='word_1_396' title='bbox 1283 1089 1335 1119; x_wconf 87' lang='lat' dir='ltr'>est,</span> <span class='ocrx_word' id='word_1_397' title='bbox 1352 1086 1406 1114; x_wconf 90' lang='lat' dir='ltr'>sed</span> <span class='ocrx_word' id='word_1_398' title='bbox 1420 1086 1498 1114; x_wconf 77' lang='lat' dir='ltr'>felici</span> <span class='ocrx_word' id='word_1_399' title='bbox 1508 1087 1618 1119; x_wconf 83' lang='lat' dir='ltr'>morte;</span> 
     </span>
    </p>

    <p class='ocr_par' dir='ltr' id='par_1_21' title="bbox 963 1132 1617 1172">
     <span class='ocr_line' id='line_1_72' title="bbox 963 1132 1617 1172; baseline -0.009 -7"><span class='ocrx_word' id='word_1_400' title='bbox 963 1139 1035 1165; x_wconf 86' lang='lat' dir='ltr'>Nam</span> <span class='ocrx_word' id='word_1_401' title='bbox 1050 1136 1224 1172; x_wconf 87' lang='lat' dir='ltr'>panduntur</span> <span class='ocrx_word' id='word_1_402' title='bbox 1239 1134 1375 1170; x_wconf 86' lang='lat' dir='ltr'>protinus</span> <span class='ocrx_word' id='word_1_403' title='bbox 1391 1133 1417 1161; x_wconf 90' lang='lat' dir='ltr'>ei</span> <span class='ocrx_word' id='word_1_404' title='bbox 1433 1132 1498 1161; x_wconf 86' lang='lat' dir='ltr'>coeli</span> <span class='ocrx_word' id='word_1_405' title='bbox 1514 1134 1617 1169; x_wconf 68' lang='lat' dir='ltr'>porlfe,</span> 
     </span>
    </p>

    <p class='ocr_par' dir='ltr' id='par_1_22' title="bbox 964 1181 1628 1266">
     <span class='ocr_line' id='line_1_73' title="bbox 964 1181 1628 1219; baseline -0.006 -8"><span class='ocrx_word' id='word_1_406' title='bbox 964 1184 1088 1219; x_wconf 85' lang='lat' dir='ltr'>Dignam</span> <span class='ocrx_word' id='word_1_407' title='bbox 1103 1185 1135 1211; x_wconf 90' lang='lat' dir='ltr'>ut</span> <span class='ocrx_word' id='word_1_408' title='bbox 1149 1182 1293 1217; x_wconf 77' lang='lat' dir='ltr'>intelligat</span> <span class='ocrx_word' id='word_1_409' title='bbox 1307 1190 1337 1209; x_wconf 92' lang='grc'>56</span> <span class='ocrx_word' id='word_1_410' title='bbox 1353 1182 1524 1209; x_wconf 83' lang='lat' dir='ltr'>sanctorum</span> <span class='ocrx_word' id='word_1_411' title='bbox 1540 1181 1628 1207; x_wconf 84' lang='lat' dir='ltr'>sorte.</span> 
     </span>
     <span class='ocr_line' id='line_1_74' title="bbox 1001 1228 1627 1266; baseline -0.006 -8"><span class='ocrx_word' id='word_1_412' title='bbox 1001 1232 1128 1266; x_wconf 78' lang='lat' dir='ltr'>Requiem</span> <span class='ocrx_word' id='word_1_413' title='bbox 1142 1238 1197 1266; x_wconf 89' lang='lat' dir='ltr'>pro</span> <span class='ocrx_word' id='word_1_414' title='bbox 1213 1229 1313 1257; x_wconf 86' lang='lat' dir='ltr'>anima</span> <span class='ocrx_word' id='word_1_415' title='bbox 1324 1228 1375 1257; x_wconf 86' lang='lat' dir='ltr'>tali</span> <span class='ocrx_word' id='word_1_416' title='bbox 1389 1236 1451 1255; x_wconf 90' lang='lat' dir='ltr'>non</span> <span class='ocrx_word' id='word_1_417' title='bbox 1464 1229 1627 1257; x_wconf 76' lang='lat' dir='ltr'>cantamus,</span> 
     </span>
    </p>

    <p class='ocr_par' dir='ltr' id='par_1_23' title="bbox 964 1275 1541 1308">
     <span class='ocr_line' id='line_1_75' title="bbox 964 1275 1541 1308; baseline -0.009 -2"><span class='ocrx_word' id='word_1_418' title='bbox 964 1280 1026 1306; x_wconf 91' lang='lat' dir='ltr'>Imo</span> <span class='ocrx_word' id='word_1_419' title='bbox 1045 1280 1088 1306; x_wconf 88' lang='lat' dir='ltr'>est</span> <span class='ocrx_word' id='word_1_420' title='bbox 1102 1277 1238 1305; x_wconf 85' lang='lat' dir='ltr'>introitus</span> <span class='ocrx_word' id='word_1_421' title='bbox 1252 1276 1342 1305; x_wconf 78' lang='lat' dir='ltr'>Missae</span> <span class='ocrx_word' id='word_1_422' title='bbox 1357 1275 1541 1308; x_wconf 81' lang='lat' dir='ltr'>Gaudeamus,</span> 
     </span>
    </p>

    <p class='ocr_par' dir='ltr' id='par_1_24' title="bbox 964 1325 1588 1360">
     <span class='ocr_line' id='line_1_76' title="bbox 964 1325 1588 1360; baseline -0.008 -7"><span class='ocrx_word' id='word_1_423' title='bbox 964 1325 1038 1359; x_wconf 88' lang='lat' dir='ltr'>Quia</span> <span class='ocrx_word' id='word_1_424' title='bbox 1057 1325 1081 1352; x_wconf 89' lang='lat' dir='ltr'>si</span> <span class='ocrx_word' id='word_1_425' title='bbox 1095 1332 1150 1360; x_wconf 89' lang='lat' dir='ltr'>pro</span> <span class='ocrx_word' id='word_1_426' title='bbox 1165 1326 1295 1360; x_wconf 88' lang='lat' dir='ltr'>martyre</span> <span class='ocrx_word' id='word_1_427' title='bbox 1311 1325 1403 1351; x_wconf 88' lang='lat' dir='ltr'>Deum</span> <span class='ocrx_word' id='word_1_428' title='bbox 1418 1329 1588 1354; x_wconf 79' lang='lat' dir='ltr'>exoramus,</span> 
     </span>
    </p>

    <p class='ocr_par' dir='ltr' id='par_1_25' title="bbox 964 1368 1670 1407">
     <span class='ocr_line' id='line_1_77' title="bbox 964 1368 1670 1407; baseline -0.008 -7"><span class='ocrx_word' id='word_1_429' title='bbox 964 1374 998 1400; x_wconf 93' lang='lat' dir='ltr'>Ut</span> <span class='ocrx_word' id='word_1_430' title='bbox 1010 1372 1162 1400; x_wconf 89' lang='lat' dir='ltr'>decretum</span> <span class='ocrx_word' id='word_1_431' title='bbox 1176 1371 1310 1407; x_wconf 90' lang='lat' dir='ltr'>loquitur</span> <span class='ocrx_word' id='word_1_432' title='bbox 1325 1369 1344 1405; x_wconf 90' lang='lat'>¹,</span> <span class='ocrx_word' id='word_1_433' title='bbox 1360 1371 1462 1398; x_wconf 86' lang='lat' dir='ltr'>sancto</span> <span class='ocrx_word' id='word_1_434' title='bbox 1478 1368 1670 1404; x_wconf 77' lang='lat' dir='ltr'>derogamus.</span> 
     </span>
    </p>

    <p class='ocr_par' dir='ltr' id='par_1_26' title="bbox 1001 1416 1587 1454">
     <span class='ocr_line' id='line_1_78' title="bbox 1001 1416 1587 1454; baseline -0.007 -7"><span class='ocrx_word' id='word_1_435' title='bbox 1001 1419 1061 1454; x_wconf 87' lang='lat' dir='ltr'>Eia,</span> <span class='ocrx_word' id='word_1_436' title='bbox 1078 1418 1174 1446; x_wconf 88' lang='lat' dir='ltr'>dulcis</span> <span class='ocrx_word' id='word_1_437' title='bbox 1189 1418 1306 1453; x_wconf 81' lang='lat' dir='ltr'>anima3</span> <span class='ocrx_word' id='word_1_438' title='bbox 1324 1417 1380 1452; x_wconf 87' lang='lat' dir='ltr'>eia,</span> <span class='ocrx_word' id='word_1_439' title='bbox 1397 1416 1493 1444; x_wconf 92' lang='lat' dir='ltr'>dulcis</span> <span class='ocrx_word' id='word_1_440' title='bbox 1507 1423 1587 1449; x_wconf 85' lang='lat' dir='ltr'>rosa,</span> 
     </span>
    </p>

    <p class='ocr_par' dir='ltr' id='par_1_27' title="bbox 964 1463 1569 1595">
     <span class='ocr_line' id='line_1_79' title="bbox 964 1463 1569 1500; baseline -0.007 -6"><span class='ocrx_word' id='word_1_441' title='bbox 964 1466 1071 1494; x_wconf 88' lang='lat' dir='ltr'>Lilium</span> <span class='ocrx_word' id='word_1_442' title='bbox 1085 1465 1278 1500; x_wconf 82' lang='lat' dir='ltr'>convallium,</span> <span class='ocrx_word' id='word_1_443' title='bbox 1295 1472 1415 1500; x_wconf 80' lang='lat' dir='ltr'>gemma</span> <span class='ocrx_word' id='word_1_444' title='bbox 1429 1463 1569 1500; x_wconf 83' lang='lat' dir='ltr'>pretiosa,</span> 
     </span>
     <span class='ocr_line' id='line_1_80' title="bbox 965 1512 1481 1546; baseline -0.006 -4"><span class='ocrx_word' id='word_1_445' title='bbox 965 1514 1017 1542; x_wconf 90' lang='lat' dir='ltr'>Cui</span> <span class='ocrx_word' id='word_1_446' title='bbox 1033 1513 1129 1541; x_wconf 82' lang='lat' dir='ltr'>carnis</span> <span class='ocrx_word' id='word_1_447' title='bbox 1144 1513 1260 1540; x_wconf 84' lang='lat' dir='ltr'>foeditas</span> <span class='ocrx_word' id='word_1_448' title='bbox 1276 1512 1368 1540; x_wconf 78' lang='lat' dir='ltr'>extitit</span> <span class='ocrx_word' id='word_1_449' title='bbox 1380 1519 1481 1546; x_wconf 78' lang='lat' dir='ltr'>exosa,</span> 
     </span>
     <span class='ocr_line' id='line_1_81' title="bbox 967 1558 1558 1595; baseline -0.007 -6"><span class='ocrx_word' id='word_1_450' title='bbox 967 1561 1046 1589; x_wconf 82' lang='lat' dir='ltr'>Felix</span> <span class='ocrx_word' id='word_1_451' title='bbox 1061 1563 1128 1588; x_wconf 87' lang='lat' dir='ltr'>tuus</span> <span class='ocrx_word' id='word_1_452' title='bbox 1142 1560 1247 1594; x_wconf 81' lang='lat' dir='ltr'>exitus,</span> <span class='ocrx_word' id='word_1_453' title='bbox 1263 1566 1405 1595; x_wconf 87' lang='lat' dir='ltr'>morsque</span> <span class='ocrx_word' id='word_1_454' title='bbox 1419 1558 1558 1594; x_wconf 87' lang='lat' dir='ltr'>pretiosa.</span> 
     </span>
    </p>

    <p class='ocr_par' dir='ltr' id='par_1_28' title="bbox 967 1604 1607 1739">
     <span class='ocr_line' id='line_1_82' title="bbox 1003 1604 1607 1644; baseline -0.007 -8"><span class='ocrx_word' id='word_1_455' title='bbox 1003 1608 1094 1643; x_wconf 80' lang='lat' dir='ltr'>Felix,</span> <span class='ocrx_word' id='word_1_456' title='bbox 1109 1616 1176 1644; x_wconf 77' lang='lat' dir='ltr'>quae</span> <span class='ocrx_word' id='word_1_457' title='bbox 1189 1607 1253 1642; x_wconf 87' lang='lat' dir='ltr'>jam</span> <span class='ocrx_word' id='word_1_458' title='bbox 1264 1606 1368 1634; x_wconf 86' lang='lat' dir='ltr'>frueris</span> <span class='ocrx_word' id='word_1_459' title='bbox 1382 1605 1487 1641; x_wconf 82' lang='lat' dir='ltr'>requie</span> <span class='ocrx_word' id='word_1_460' title='bbox 1497 1604 1607 1640; x_wconf 87' lang='lat' dir='ltr'>cupita,</span> 
     </span>
     <span class='ocr_line' id='line_1_83' title="bbox 967 1652 1561 1691; baseline -0.007 -8"><span class='ocrx_word' id='word_1_461' title='bbox 967 1657 1044 1684; x_wconf 88' lang='lat' dir='ltr'>Inter</span> <span class='ocrx_word' id='word_1_462' title='bbox 1056 1655 1162 1691; x_wconf 90' lang='lat' dir='ltr'>Sponsi</span> <span class='ocrx_word' id='word_1_463' title='bbox 1177 1653 1301 1682; x_wconf 87' lang='lat' dir='ltr'>brachia</span> <span class='ocrx_word' id='word_1_464' title='bbox 1316 1653 1441 1681; x_wconf 89' lang='lat' dir='ltr'>dulciter</span> <span class='ocrx_word' id='word_1_465' title='bbox 1450 1652 1561 1688; x_wconf 88' lang='lat' dir='ltr'>sopita,</span> 
     </span>
     <span class='ocr_line' id='line_1_84' title="bbox 968 1701 1469 1739; baseline -0.006 -8"><span class='ocrx_word' id='word_1_466' title='bbox 968 1704 1095 1739; x_wconf 87' lang='lat' dir='ltr'>Ejusque</span> <span class='ocrx_word' id='word_1_467' title='bbox 1108 1702 1222 1739; x_wconf 87' lang='lat' dir='ltr'>spiritui</span> <span class='ocrx_word' id='word_1_468' title='bbox 1238 1702 1361 1729; x_wconf 83' lang='lat' dir='ltr'>firmiter</span> <span class='ocrx_word' id='word_1_469' title='bbox 1375 1701 1469 1735; x_wconf 86' lang='lat' dir='ltr'>unita,</span> 
     </span>
    </p>

    <p class='ocr_par' dir='ltr' id='par_1_29' title="bbox 968 1747 1530 1785">
     <span class='ocr_line' id='line_1_85' title="bbox 968 1747 1530 1785; baseline -0.005 -7"><span class='ocrx_word' id='word_1_470' title='bbox 968 1751 1011 1778; x_wconf 88' lang='lat' dir='ltr'>Ab</span> <span class='ocrx_word' id='word_1_471' title='bbox 1027 1750 1135 1778; x_wconf 88' lang='lat' dir='ltr'>eodem</span> <span class='ocrx_word' id='word_1_472' title='bbox 1147 1749 1276 1785; x_wconf 88' lang='lat' dir='ltr'>percipis</span> <span class='ocrx_word' id='word_1_473' title='bbox 1292 1748 1393 1776; x_wconf 89' lang='lat' dir='ltr'>oscula</span> <span class='ocrx_word' id='word_1_474' title='bbox 1407 1747 1530 1776; x_wconf 87' lang='lat' dir='ltr'>mellita.</span> 
     </span>
    </p>

    <p class='ocr_par' dir='ltr' id='par_1_30' title="bbox 968 1795 1702 1928">
     <span class='ocr_line' id='line_1_86' title="bbox 1003 1795 1702 1833; baseline -0.006 -7"><span class='ocrx_word' id='word_1_475' title='bbox 1003 1800 1067 1826; x_wconf 86' lang='lat' dir='ltr'>Jam</span> <span class='ocrx_word' id='word_1_476' title='bbox 1083 1797 1239 1833; x_wconf 87' lang='lat' dir='ltr'>quiescunt</span> <span class='ocrx_word' id='word_1_477' title='bbox 1254 1795 1344 1830; x_wconf 89' lang='lat' dir='ltr'>oculi,</span> <span class='ocrx_word' id='word_1_478' title='bbox 1361 1796 1476 1823; x_wconf 85' lang='lat' dir='ltr'>cessant</span> <span class='ocrx_word' id='word_1_479' title='bbox 1491 1795 1702 1831; x_wconf 76' lang='lat' dir='ltr'>aquaeductu53</span> 
     </span>
     <span class='ocr_line' id='line_1_87' title="bbox 968 1842 1592 1880; baseline -0.01 -6"><span class='ocrx_word' id='word_1_480' title='bbox 968 1847 1041 1874; x_wconf 90' lang='lat' dir='ltr'>Nam</span> <span class='ocrx_word' id='word_1_481' title='bbox 1056 1846 1157 1880; x_wconf 87' lang='lat' dir='ltr'>aperte</span> <span class='ocrx_word' id='word_1_482' title='bbox 1172 1843 1300 1879; x_wconf 88' lang='lat' dir='ltr'>percipis</span> <span class='ocrx_word' id='word_1_483' title='bbox 1315 1843 1378 1879; x_wconf 89' lang='lat' dir='ltr'>spei</span> <span class='ocrx_word' id='word_1_484' title='bbox 1392 1845 1448 1870; x_wconf 79' lang='lat' dir='ltr'>tuae</span> <span class='ocrx_word' id='word_1_485' title='bbox 1464 1842 1575 1869; x_wconf 85' lang='lat' dir='ltr'>fructus</span> <span class='ocrx_word' id='word_1_486' title='bbox 1584 1851 1592 1876; x_wconf 81' lang='lat'>3</span> 
     </span>
     <span class='ocr_line' id='line_1_88' title="bbox 969 1889 1599 1928; baseline -0.008 -8"><span class='ocrx_word' id='word_1_487' title='bbox 969 1892 1044 1926; x_wconf 84' lang='lat' dir='ltr'>Quia</span> <span class='ocrx_word' id='word_1_488' title='bbox 1058 1899 1111 1928; x_wconf 89' lang='lat' dir='ltr'>per</span> <span class='ocrx_word' id='word_1_489' title='bbox 1126 1899 1216 1927; x_wconf 86' lang='lat' dir='ltr'>quem</span> <span class='ocrx_word' id='word_1_490' title='bbox 1232 1890 1331 1918; x_wconf 80' lang='lat' dir='ltr'>saeculi</span> <span class='ocrx_word' id='word_1_491' title='bbox 1350 1889 1467 1917; x_wconf 87' lang='lat' dir='ltr'>evasisti</span> <span class='ocrx_word' id='word_1_492' title='bbox 1482 1889 1599 1921; x_wconf 82' lang='lat' dir='ltr'>fluctus,</span> 
     </span>
    </p>

    <p class='ocr_par' dir='ltr' id='par_1_31' title="bbox 969 1936 1559 1967">
     <span class='ocr_line' id='line_1_89' title="bbox 969 1936 1559 1967; baseline -0.007 0"><span class='ocrx_word' id='word_1_493' title='bbox 969 1941 1046 1967; x_wconf 89' lang='lat' dir='ltr'>Tuos</span> <span class='ocrx_word' id='word_1_494' title='bbox 1061 1939 1135 1966; x_wconf 89' lang='lat' dir='ltr'>inter</span> <span class='ocrx_word' id='word_1_495' title='bbox 1151 1938 1253 1966; x_wconf 88' lang='lat' dir='ltr'>oscula</span> <span class='ocrx_word' id='word_1_496' title='bbox 1267 1937 1438 1965; x_wconf 85' lang='lat' dir='ltr'>consolatur</span> <span class='ocrx_word' id='word_1_497' title='bbox 1453 1936 1559 1963; x_wconf 85' lang='lat' dir='ltr'>luctus.</span> 
     </span>
    </p>

    <p class='ocr_par' dir='ltr' id='par_1_32' title="bbox 970 1982 1755 2162">
     <span class='ocr_line' id='line_1_90' title="bbox 1007 1982 1755 2021; baseline -0.008 -7"><span class='ocrx_word' id='word_1_498' title='bbox 1007 1986 1067 2021; x_wconf 84' lang='lat' dir='ltr'>Dic,</span> <span class='ocrx_word' id='word_1_499' title='bbox 1088 1985 1146 2020; x_wconf 90' lang='lat' dir='ltr'>dic,</span> <span class='ocrx_word' id='word_1_500' title='bbox 1168 1984 1263 2013; x_wconf 90' lang='lat' dir='ltr'>dulcis</span> <span class='ocrx_word' id='word_1_501' title='bbox 1282 1983 1394 2018; x_wconf 86' lang='lat' dir='ltr'>anima,</span> <span class='ocrx_word' id='word_1_502' title='bbox 1410 1983 1449 2011; x_wconf 89' lang='lat' dir='ltr'>ad</span> <span class='ocrx_word' id='word_1_503' title='bbox 1465 1982 1540 2019; x_wconf 90' lang='lat' dir='ltr'>quid</span> <span class='ocrx_word' id='word_1_504' title='bbox 1555 1982 1632 2010; x_wconf 85' lang='lat' dir='ltr'>ultra</span> <span class='ocrx_word' id='word_1_505' title='bbox 1646 1982 1755 2009; x_wconf 70' lang='lat' dir='ltr'>fleres?</span> 
     </span>
     <span class='ocr_line' id='line_1_91' title="bbox 970 2029 1675 2068; baseline -0.01 -6"><span class='ocrx_word' id='word_1_506' title='bbox 970 2034 1087 2062; x_wconf 87' lang='lat' dir='ltr'>Habens</span> <span class='ocrx_word' id='word_1_507' title='bbox 1103 2032 1168 2061; x_wconf 87' lang='lat' dir='ltr'>coeli</span> <span class='ocrx_word' id='word_1_508' title='bbox 1184 2031 1329 2068; x_wconf 83' lang='lat' dir='ltr'>gaudium</span> <span class='ocrx_word' id='word_1_509' title='bbox 1346 2032 1455 2064; x_wconf 89' lang='lat' dir='ltr'>tecum,</span> <span class='ocrx_word' id='word_1_510' title='bbox 1472 2037 1524 2057; x_wconf 82' lang='lat' dir='ltr'>cur</span> <span class='ocrx_word' id='word_1_511' title='bbox 1538 2029 1675 2064; x_wconf 79' lang='lat' dir='ltr'>lugeres?</span> 
     </span>
     <span class='ocr_line' id='line_1_92' title="bbox 970 2076 1683 2115; baseline -0.008 -6"><span class='ocrx_word' id='word_1_512' title='bbox 970 2082 1043 2109; x_wconf 89' lang='lat' dir='ltr'>Nam</span> <span class='ocrx_word' id='word_1_513' title='bbox 1058 2080 1139 2109; x_wconf 90' lang='lat' dir='ltr'>salus</span> <span class='ocrx_word' id='word_1_514' title='bbox 1154 2079 1186 2115; x_wconf 88' lang='lat' dir='ltr'>(c)</span> <span class='ocrx_word' id='word_1_515' title='bbox 1202 2080 1244 2107; x_wconf 90' lang='lat' dir='ltr'>est</span> <span class='ocrx_word' id='word_1_516' title='bbox 1256 2078 1404 2113; x_wconf 88' lang='lat' dir='ltr'>omnium,</span> <span class='ocrx_word' id='word_1_517' title='bbox 1423 2077 1469 2105; x_wconf 87' lang='lat' dir='ltr'>cui</span> <span class='ocrx_word' id='word_1_518' title='bbox 1485 2078 1517 2104; x_wconf 89' lang='lat' dir='ltr'>tu</span> <span class='ocrx_word' id='word_1_519' title='bbox 1533 2076 1683 2110; x_wconf 65' lang='lat' dir='ltr'>adhferes3</span> 
     </span>
     <span class='ocr_line' id='line_1_93' title="bbox 972 2124 1630 2162; baseline -0.009 -5"><span class='ocrx_word' id='word_1_520' title='bbox 972 2130 1003 2157; x_wconf 86' lang='lat' dir='ltr'>Et</span> <span class='ocrx_word' id='word_1_521' title='bbox 1017 2128 1041 2156; x_wconf 89' lang='lat' dir='ltr'>si</span> <span class='ocrx_word' id='word_1_522' title='bbox 1054 2127 1147 2156; x_wconf 87' lang='lat' dir='ltr'>velles</span> <span class='ocrx_word' id='word_1_523' title='bbox 1162 2126 1301 2162; x_wconf 84' lang='lat' dir='ltr'>amplius,</span> <span class='ocrx_word' id='word_1_524' title='bbox 1324 2127 1401 2153; x_wconf 87' lang='lat' dir='ltr'>certe</span> <span class='ocrx_word' id='word_1_525' title='bbox 1416 2132 1478 2152; x_wconf 87' lang='lat' dir='ltr'>non</span> <span class='ocrx_word' id='word_1_526' title='bbox 1493 2124 1630 2151; x_wconf 66' lang='lat' dir='ltr'>haberes</span> 
     </span>
    </p>

    <p class='ocr_par' dir='ltr' id='par_1_33' title="bbox 971 2170 1663 2301">
     <span class='ocr_line' id='line_1_94' title="bbox 1007 2170 1663 2211; baseline -0.009 -8"><span class='ocrx_word' id='word_1_527' title='bbox 1007 2175 1063 2204; x_wconf 85' lang='lat' dir='ltr'>Sed</span> <span class='ocrx_word' id='word_1_528' title='bbox 1076 2176 1139 2211; x_wconf 75' lang='lat' dir='ltr'>Jam</span> <span class='ocrx_word' id='word_1_529' title='bbox 1154 2175 1282 2201; x_wconf 85' lang='lat' dir='ltr'>metrum</span> <span class='ocrx_word' id='word_1_530' title='bbox 1297 2172 1383 2206; x_wconf 84' lang='lat' dir='ltr'>finio,</span> <span class='ocrx_word' id='word_1_531' title='bbox 1395 2179 1431 2199; x_wconf 87' lang='lat' dir='ltr'>ne</span> <span class='ocrx_word' id='word_1_532' title='bbox 1444 2171 1498 2198; x_wconf 91' lang='lat' dir='ltr'>sim</span> <span class='ocrx_word' id='word_1_533' title='bbox 1509 2170 1663 2203; x_wconf 67' lang='lat' dir='ltr'>taediosus,-</span> 
     </span>
     <span class='ocr_line' id='line_1_95' title="bbox 971 2217 1635 2254; baseline -0.012 -3"><span class='ocrx_word' id='word_1_534' title='bbox 971 2225 1045 2251; x_wconf 87' lang='lat' dir='ltr'>Nam</span> <span class='ocrx_word' id='word_1_535' title='bbox 1059 2222 1083 2249; x_wconf 86' lang='lat' dir='ltr'>si</span> <span class='ocrx_word' id='word_1_536' title='bbox 1097 2221 1207 2249; x_wconf 82' lang='lat' dir='ltr'>vellem</span> <span class='ocrx_word' id='word_1_537' title='bbox 1221 2219 1351 2246; x_wconf 82' lang='lat' dir='ltr'>scribere</span> <span class='ocrx_word' id='word_1_538' title='bbox 1365 2226 1457 2254; x_wconf 87' lang='lat' dir='ltr'>quam</span> <span class='ocrx_word' id='word_1_539' title='bbox 1474 2217 1635 2245; x_wconf 87' lang='lat' dir='ltr'>deliciosus</span> 
     </span>
     <span class='ocr_line' id='line_1_96' title="bbox 972 2264 1655 2301; baseline -0.01 -3"><span class='ocrx_word' id='word_1_540' title='bbox 972 2270 1012 2298; x_wconf 88' lang='lat' dir='ltr'>Sit</span> <span class='ocrx_word' id='word_1_541' title='bbox 1026 2269 1073 2297; x_wconf 86' lang='lat' dir='ltr'>hic</span> <span class='ocrx_word' id='word_1_542' title='bbox 1088 2270 1178 2296; x_wconf 85' lang='lat' dir='ltr'>status</span> <span class='ocrx_word' id='word_1_543' title='bbox 1195 2267 1311 2299; x_wconf 72' lang='lat' dir='ltr'>animae,</span> <span class='ocrx_word' id='word_1_544' title='bbox 1328 2272 1480 2301; x_wconf 83' lang='lat' dir='ltr'>quamque</span> <span class='ocrx_word' id='word_1_545' title='bbox 1496 2264 1655 2300; x_wconf 81' lang='lat' dir='ltr'>gloriosus,</span> 
     </span>
    </p>

    <p class='ocr_par' dir='ltr' id='par_1_34' title="bbox 973 2311 1610 2351">
     <span class='ocr_line' id='line_1_97' title="bbox 973 2311 1610 2351; baseline -0.011 -6"><span class='ocrx_word' id='word_1_546' title='bbox 973 2320 994 2346; x_wconf 83' lang='lat' dir='ltr'><strong>A</strong></span> <span class='ocrx_word' id='word_1_547' title='bbox 1009 2315 1148 2351; x_wconf 76' lang='lat' dir='ltr'>malignis</span> <span class='ocrx_word' id='word_1_548' title='bbox 1163 2314 1277 2342; x_wconf 86' lang='lat' dir='ltr'>dicerer</span> <span class='ocrx_word' id='word_1_549' title='bbox 1292 2312 1383 2340; x_wconf 80' lang='lat' dir='ltr'>fallax</span> <span class='ocrx_word' id='word_1_550' title='bbox 1396 2313 1424 2339; x_wconf 86' lang='grc'>61</span> <span class='ocrx_word' id='word_1_551' title='bbox 1439 2311 1610 2339; x_wconf 89' lang='lat' dir='ltr'>mendosus.</span> 
     </span>
    </p>

    <p class='ocr_par' dir='ltr' id='par_1_35' title="bbox 972 2358 1755 2492">
     <span class='ocr_line' id='line_1_98' title="bbox 1008 2358 1755 2398; baseline -0.007 -8"><span class='ocrx_word' id='word_1_552' title='bbox 1008 2362 1161 2398; x_wconf 86' lang='lat' dir='ltr'>Quidquid</span> <span class='ocrx_word' id='word_1_553' title='bbox 1174 2364 1271 2389; x_wconf 82' lang='lat' dir='ltr'>tamen</span> <span class='ocrx_word' id='word_1_554' title='bbox 1289 2360 1341 2387; x_wconf 89' lang='lat' dir='ltr'>alii</span> <span class='ocrx_word' id='word_1_555' title='bbox 1357 2359 1457 2387; x_wconf 83' lang='lat' dir='ltr'>dicant</span> <span class='ocrx_word' id='word_1_556' title='bbox 1473 2359 1523 2395; x_wconf 83' lang='lat' dir='ltr'>(d),</span> <span class='ocrx_word' id='word_1_557' title='bbox 1546 2358 1635 2386; x_wconf 82' lang='lat' dir='ltr'>frater</span> <span class='ocrx_word' id='word_1_558' title='bbox 1658 2358 1755 2392; x_wconf 85' lang='lat' dir='ltr'>chare,</span> 
     </span>
     <span class='ocr_line' id='line_1_99' title="bbox 973 2406 1620 2443; baseline -0.009 -5"><span class='ocrx_word' id='word_1_559' title='bbox 973 2412 1063 2439; x_wconf 90' lang='lat' dir='ltr'>Istum</span> <span class='ocrx_word' id='word_1_560' title='bbox 1074 2416 1188 2437; x_wconf 88' lang='lat' dir='ltr'>novum</span> <span class='ocrx_word' id='word_1_561' title='bbox 1201 2408 1363 2443; x_wconf 87' lang='lat' dir='ltr'>martyrem</span> <span class='ocrx_word' id='word_1_562' title='bbox 1377 2406 1474 2433; x_wconf 83' lang='lat' dir='ltr'>libens</span> <span class='ocrx_word' id='word_1_563' title='bbox 1489 2406 1620 2439; x_wconf 85' lang='lat' dir='ltr'>imitare;</span> 
     </span>
     <span class='ocr_line' id='line_1_100' title="bbox 972 2453 1650 2492; baseline -0.012 -6"><span class='ocrx_word' id='word_1_564' title='bbox 972 2459 1106 2492; x_wconf 87' lang='lat' dir='ltr'>Cumque</span> <span class='ocrx_word' id='word_1_565' title='bbox 1123 2455 1188 2483; x_wconf 85' lang='lat' dir='ltr'>talis</span> <span class='ocrx_word' id='word_1_566' title='bbox 1202 2455 1303 2487; x_wconf 81' lang='lat' dir='ltr'>fueris,</span> <span class='ocrx_word' id='word_1_567' title='bbox 1317 2453 1463 2481; x_wconf 85' lang='lat' dir='ltr'>Christum</span> <span class='ocrx_word' id='word_1_568' title='bbox 1480 2453 1650 2488; x_wconf 83' lang='lat' dir='ltr'>deprecare,</span> 
     </span>
    </p>

    <p class='ocr_par' dir='ltr' id='par_1_36' title="bbox 973 2500 1610 2537">
     <span class='ocr_line' id='line_1_101' title="bbox 973 2500 1610 2537; baseline -0.011 -5"><span class='ocrx_word' id='word_1_569' title='bbox 973 2506 1006 2532; x_wconf 92' lang='lat' dir='ltr'>Ut</span> <span class='ocrx_word' id='word_1_570' title='bbox 1019 2506 1045 2532; x_wconf 83' lang='lat' dir='ltr'>te</span> <span class='ocrx_word' id='word_1_571' title='bbox 1061 2504 1164 2531; x_wconf 85' lang='lat' dir='ltr'>cantus</span> <span class='ocrx_word' id='word_1_572' title='bbox 1180 2503 1346 2537; x_wconf 87' lang='lat' dir='ltr'>martyrum</span> <span class='ocrx_word' id='word_1_573' title='bbox 1361 2500 1468 2528; x_wconf 81' lang='lat' dir='ltr'>doceat</span> <span class='ocrx_word' id='word_1_574' title='bbox 1482 2501 1610 2526; x_wconf 85' lang='lat' dir='ltr'>cantare.</span> 
     </span>
    </p>

    <p class='ocr_par' dir='ltr' id='par_1_37' title="bbox 1009 2545 1686 2586">
     <span class='ocr_line' id='line_1_102' title="bbox 1009 2545 1686 2586; baseline -0.01 -7"><span class='ocrx_word' id='word_1_575' title='bbox 1009 2552 1242 2586; x_wconf 85' lang='lat' dir='ltr'>Frequentemus</span> <span class='ocrx_word' id='word_1_576' title='bbox 1257 2548 1405 2576; x_wconf 85' lang='lat' dir='ltr'>canticum</span> <span class='ocrx_word' id='word_1_577' title='bbox 1420 2546 1509 2581; x_wconf 87' lang='lat' dir='ltr'>istud,</span> <span class='ocrx_word' id='word_1_578' title='bbox 1526 2554 1611 2573; x_wconf 84' lang='lat' dir='ltr'>soror</span> <span class='ocrx_word' id='word_1_579' title='bbox 1626 2545 1686 2581; x_wconf 80' lang='lat' dir='ltr'>pia,</span> 
     </span>
    </p>
   </div>
   <div class='ocr_carea' id='block_1_7' title="bbox 930 2593 1584 2632">
    <p class='ocr_par' dir='ltr' id='par_1_38' title="bbox 930 2593 1584 2632">
     <span class='ocr_line' id='line_1_103' title="bbox 930 2593 1584 2632; baseline -0.009 -6"><span class='ocrx_word' id='word_1_580' title='bbox 930 2607 932 2609; x_wconf 67' lang='grc'><strong><em>’</em></strong></span> <span class='ocrx_word' id='word_1_581' title='bbox 974 2600 1012 2626; x_wconf 87' lang='grc' dir='ltr'>Ν6</span> <span class='ocrx_word' id='word_1_582' title='bbox 1027 2606 1082 2625; x_wconf 87' lang='grc'><strong>1105</strong></span> <span class='ocrx_word' id='word_1_583' title='bbox 1099 2597 1215 2632; x_wconf 84' lang='lat' dir='ltr'>frangat</span> <span class='ocrx_word' id='word_1_584' title='bbox 1230 2595 1317 2624; x_wconf 68' lang='lat' dir='ltr'>taedio</span> <span class='ocrx_word' id='word_1_585' title='bbox 1333 2594 1399 2622; x_wconf 77' lang='lat' dir='ltr'>vitae</span> <span class='ocrx_word' id='word_1_586' title='bbox 1414 2594 1502 2629; x_wconf 82' lang='lat' dir='ltr'>hujus</span> <span class='ocrx_word' id='word_1_587' title='bbox 1518 2593 1584 2627; x_wconf 87' lang='lat' dir='ltr'>via;</span> 
     </span>
    </p>
   </div>
   <div class='ocr_carea' id='block_1_8' title="bbox 975 2657 1756 2728">
    <p class='ocr_par' dir='ltr' id='par_1_39' title="bbox 975 2657 1756 2728">
     <span class='ocr_line' id='line_1_104' title="bbox 1008 2657 1756 2692; baseline -0.007 -7"><span class='ocrx_word' id='word_1_588' title='bbox 1008 2664 1039 2692; x_wconf 76' lang='lat' dir='ltr'>(a)</span> <span class='ocrx_word' id='word_1_589' title='bbox 1059 2662 1119 2685; x_wconf 81' lang='lat' dir='ltr'>Cael.</span> <span class='ocrx_word' id='word_1_590' title='bbox 1137 2660 1196 2684; x_wconf 68' lang='lat' dir='ltr'>edit.</span> <span class='ocrx_word' id='word_1_591' title='bbox 1213 2660 1282 2683; x_wconf 84' lang='lat' dir='ltr'>assit.</span> <span class='ocrx_word' id='word_1_592' title='bbox 1300 2672 1330 2676; x_wconf 90' lang='lat'><em>-</em></span> <span class='ocrx_word' id='word_1_593' title='bbox 1348 2658 1381 2687; x_wconf 75' lang='grc' dir='ltr'>(Ιι)</span> <span class='ocrx_word' id='word_1_594' title='bbox 1402 2659 1462 2681; x_wconf 80' lang='lat' dir='ltr'>Item</span> <span class='ocrx_word' id='word_1_595' title='bbox 1478 2657 1580 2681; x_wconf 83' lang='lat' dir='ltr'>interim</span> <span class='ocrx_word' id='word_1_596' title='bbox 1597 2657 1709 2681; x_wconf 72' lang='lat' dir='ltr'>inventa</span> <span class='ocrx_word' id='word_1_597' title='bbox 1726 2669 1756 2673; x_wconf 89' lang='lat'><strong>—</strong></span> 
     </span>
     <span class='ocr_line' id='line_1_105' title="bbox 975 2694 1449 2728; baseline -0.011 -6"><span class='ocrx_word' id='word_1_598' title='bbox 975 2699 1005 2728; x_wconf 70' lang='lat' dir='ltr'>(e)</span> <span class='ocrx_word' id='word_1_599' title='bbox 1022 2699 1084 2722; x_wconf 79' lang='lat' dir='ltr'>Item</span> <span class='ocrx_word' id='word_1_600' title='bbox 1100 2696 1211 2722; x_wconf 83' lang='lat' dir='ltr'>solus.—</span> <span class='ocrx_word' id='word_1_601' title='bbox 1228 2695 1261 2727; x_wconf 73' lang='grc'><strong>((1)</strong></span> <span class='ocrx_word' id='word_1_602' title='bbox 1277 2696 1338 2720; x_wconf 72' lang='lat' dir='ltr'>Hem</span> <span class='ocrx_word' id='word_1_603' title='bbox 1353 2694 1449 2720; x_wconf 72' lang='lat' dir='ltr'>«licum.</span> 
     </span>
    </p>
   </div>
  </div>
 </body>
</html>
