2029 3052
252 295 311 326 ⁴78

252 362 354 390 Dicens
367 360 376 378 ¹
392 369 399 390 :
416 361 514 396 Pater,
529 362 560 388 in
574 367 669 388 manus
691 362 754 388 tuas
777 358 930 387 commendo
949 359 1035 395 spiri-

322 411 380 436 tum
394 415 490 436 meum.

251 457 285 485 Et
295 455 437 484 inclinato
453 454 560 491 capite,
573 453 650 482 fixus
665 453 695 482 in
711 453 925 489 crucisstipite,

250 502 362 532 Acriter
376 501 529 530 cruentato
543 502 582 536 te,
596 500 721 538 turpiter
735 501 764 528 et
774 499 924 535 indebite;

251 551 293 578 Tu
307 548 427 578 emisisti
442 547 590 584 spiritum,
612 549 641 575 et
659 546 741 576 orbis
762 546 852 576 talem
870 546 1033 581 fremitum,

251 596 338 631 Quod
352 595 480 632 quisque
494 603 548 632 per
561 594 717 624 circuitum
731 595 815 623 tuum
824 593 958 630 percepit
971 593 1034 622 obi-

323 644 386 671 tum

252 691 285 718 Ut
303 664 409 718 cunet'a
430 689 532 718 fletum
553 689 694 725 facerent,
717 691 746 717 et
763 688 912 717 elementa
930 689 1036 716 treme-

322 738 398 773 rent,

253 786 286 814 Ut
305 792 378 814 saxa
392 792 423 814 se
437 784 653 822 dirumperent,
671 785 700 812 et
718 783 855 820 sepulcra
874 791 905 811 se
919 782 1035 820 pande-

323 834 389 861 rent

254 881 286 908 Ut
306 853 400 908 terrae,
411 881 512 908 motus
530 878 624 914 fieret,
639 878 739 907 velum
753 877 859 915 templi
873 886 904 906 se
917 877 1034 906 scinde-

323 929 367 955 ret

253 975 286 1002 Ut
299 948 600 1009 luna’retrocederet‚
622 973 727 1010 solque
751 972 1036 1006 contenebresceret,

254 1022 285 1049 Ut
303 1020 436 1049 mundus
458 1021 674 1057 ingemisceret,
694 1022 722 1049 et
741 1022 846 1048 natura
865 1020 938 1048 tiens
958 1019 1036 1047 dice-

324 1070 385 1097 ret:

255 1117 313 1151 Ego
332 1116 438 1152 lugens
453 1115 571 1151 deficio,
588 1115 634 1144 vel
651 1116 709 1143 Deo
725 1115 799 1143 inest
813 1115 922 1151 passio.

287 1217 291 1229 ¹
309 1216 376 1246 Luta,
395 1222 470 1247 xxm,
490 1218 528 1240 ’.6.

668 292 718 324 DE
740 290 899 323 SEPTEM
921 288 1062 323 VERBIS
1086 289 1224 322 DOMiNl
1249 290 1290 322 ΙΝ
1312 287 1448 322 CRUCE.

1428 388 1535 417 Oratio.

1089 453 1111 482 Ο
1131 459 1225 488 mors,
1245 459 1328 481 mors
1345 451 1560 489 lacrymabilis,
1580 458 1670 488 super
1693 459 1785 488 quam
1803 451 1872 489 plo-
1918 454 1924 459 ⁶

1161 500 1228 528 rant
1240 498 1360 528 omnia!

1090 547 1113 575 Ο
1128 553 1220 581 mors,
1239 553 1322 574 mors
1341 545 1553 581 lamentabilie,
1574 553 1665 583 super
1686 553 1779 583 quam
1801 545 1875 574 flent

1162 592 1303 622 innoxia!

1091 641 1114 669 Ο
1128 648 1221 674 morS,
1234 648 1317 669 mors
1328 640 1526 676 admirabilis,
1537 647 1599 677 qua
1608 639 1786 669 suscitantur
1794 647 1875 668 mor-

1162 686 1223 715 tui!

1091 734 1114 762 Ο
1133 742 1226 770 mom,
1247 742 1329 763 mors
1350 734 1528 769 amicabilis,
1542 742 1604 771 qua
1617 733 1784 764 exaltantur
1801 736 1876 764 stre-

1163 781 1234 810 nui!

1091 830 1114 857 Ο
1128 836 1210 858 mors
1224 836 1318 865 sacra,
1333 837 1416 858 mors
1427 828 1549 864 nobilis,
1565 836 1619 866 per
1633 836 1726 866 quam
1740 828 1878 857 delentur

1164 876 1294 905 scelera!

1092 924 1114 952 Ο
1136 931 1219 952 mors
1239 923 1301 960 pia,
1321 931 1403 952 mors
1426 923 1519 958 utilis,
1539 931 1594 960 per
1615 931 1707 961 quam
1727 923 1877 953 donantur

1165 971 1306 1008 proemia!

1092 1020 1209 1054 Praesta,
1230 1020 1264 1047 ut
1283 1018 1346 1046 haec
1370 1018 1518 1047 memoria
1537 1026 1593 1047 nos
1609 1019 1708 1046 teneat
1728 1017 1876 1054 continue,

1093 1069 1126 1096 Et
1138 1067 1268 1096 stimulet
1282 1066 1460 1104 praecordia,
1482 1074 1594 1103 corque
1614 1067 1730 1102 pungat
1747 1065 1876 1099 assidue,

1093 1116 1125 1142 Ut
1139 1114 1231 1143 menti
1246 1114 1348 1143 lumen
1363 1114 1477 1148 intluut,
1498 1115 1527 1142 et
1549 1113 1579 1141 in
1601 1112 1725 1149 agendis
1743 1112 1877 1148 instruat,

1093 1163 1127 1189 [Jt
1140 1169 1195 1190 nos
1210 1170 1228 1190 a
1243 1161 1339 1198 culpis
1353 1163 1456 1196 exuat,
1479 1163 1506 1189 et
1529 1161 1595 1189 vitm
1621 1160 1737 1189 donum
1757 1159 1875 1188 tribuat.

1202 1212 1303 1237 Amen.
