2029 3052
231 245 291 276 202

265 309 354 346 Virgo
369 309 420 339 Dei
434 310 572 347 genitrix,
593 318 684 347 quem
698 310 776 339 totus
790 317 853 338 non
868 309 947 346 capit
961 317 1011 338 or-

229 356 295 385 bis:
310 357 341 385 in
354 359 406 386 tua
420 365 450 386 se
465 357 569 386 clausit
581 357 695 386 viscera
707 357 801 385 factus
814 357 919 386 homo.
940 355 1011 385 Glo-

230 405 276 434 ria
291 405 377 440 Patri,
393 407 448 434 etc.

528 482 654 509 Psnuus
667 482 712 509 14.

266 546 401 581 Domina,
417 545 484 582 quis
505 545 652 574 habitabit
673 545 705 573 in
724 545 916 574 tabernaculo
939 545 1012 574 Dei?

229 595 280 622 aut
296 593 363 630 quis
378 592 544 629 requiescet
557 600 627 621 cum
641 592 828 622 senatoribus
842 592 948 629 populi
961 593 976 620 ⁶?

265 641 413 676 Pauperes
427 639 541 676 spiritu,
556 641 584 668 et
598 639 704 668 mundi
720 639 810 668 corde
828 649 835 668 ε
852 639 946 675 mites,
959 647 1011 675 pa-

229 686 318 722 cifici,
334 688 424 723 atque
440 686 585 722 lugentes.

265 733 445 768 Recordare,
469 733 613 769 Domina,
635 736 668 762 ut
686 733 821 770 loquaris
845 741 900 770 pro
923 733 1012 761 nobis

228 779 310 808 bona
321 789 328 808 ι
346 782 373 809 et
384 780 618 816 indignationem
629 780 692 809 Filii
704 780 746 808 tui
757 782 872 808 avertas
882 788 900 808 a
911 779 1010 808 nobis.

264 827 486 864 Amplectamur
508 827 604 856 Marioe
622 827 746 863 vestigia
767 828 939 864 peccatores
956 836 961 853 :
983 828 1012 854 et

229 874 292 909 ejus
304 874 399 902 beatis
409 874 536 911 pedibus
550 874 774 910 provolvamur.

265 923 427 950 Teneamus
441 929 508 949 eam
522 921 645 955 fortiter,
661 928 715 948 nec
731 920 915 948 dimittamus
930 929 936 947 :
954 920 1009 948 do-

227 976 282 996 nec
305 968 344 996 ab
374 976 408 996 ca
432 968 628 996 meruerimus
656 967 804 995 benedici.
832 967 931 996 Gloria
958 968 1011 995 Pa-

228 1016 278 1049 tri,
294 1017 348 1043 etc.

530 1052 654 1078 Ps.u.uus
670 1051 713 1077 15.

265 1111 413 1139 Conserva
434 1118 492 1144 me,
517 1110 653 1143 Domina,
679 1109 825 1145 quoniam
848 1108 965 1145 speravi
981 1109 1012 1136 in

228 1159 255 1186 te
272 1167 278 1185 ι
296 1157 428 1193 mihique
445 1159 500 1184 tuce
515 1156 664 1184 stillicidia
679 1156 778 1191 gratiae
793 1155 955 1192 impartire.

265 1204 355 1233 Alvus
373 1205 440 1232 tuus
463 1202 616 1239 virginalis
634 1205 662 1231 et
676 1203 789 1230 viscera
807 1205 856 1230 tua
873 1212 882 1230 :
906 1202 1011 1230 Filium

228 1251 366 1280 Altissimi
382 1252 557 1287 genuerunt.

265 1298 422 1326 Benedicta
443 1298 499 1326 sint
519 1298 613 1326 ubera
634 1300 705 1326 tua:
732 1297 844 1333 quibus
859 1296 932 1324 lactc
951 1295 1012 1324 dei-

228 1346 285 1374 fico
298 1345 480 1374 Salvatorem
495 1345 648 1372 enutriisti.

265 1392 451 1421 confitemini
460 1391 565 1420 laudes
579 1391 689 1427 Virgini
702 1391 840 1427 glorioste
852 1400 857 1418 :
877 1390 1012 1426 quicum-

229 1448 287 1477 que
304 1439 385 1476 apud
409 1446 475 1467 eam
491 1439 618 1474 gratiam
639 1440 666 1466 ct
681 1437 918 1466 misericordiam
934 1437 1013 1465 inve-

229 1487 321 1515 nistis.

266 1537 333 1563 Date
348 1534 600 1570 magnificentiam
615 1533 729 1560 nomini
746 1533 807 1568 ejus
825 1542 830 1560 :
856 1534 883 1560 ct
898 1531 1011 1560 collau-

230 1583 297 1610 date
308 1583 338 1610 in
352 1582 494 1610 soeculum
509 1582 686 1616 conceptum
698 1582 787 1616 atque
803 1582 921 1616 partum
936 1580 1010 1615 ejus.

230 1629 338 1663 Gloria,
357 1631 411 1657 etc.

527 1665 652 1691 Pssumis
668 1665 711 1690 iti.

266 1723 389 1757 Exaudi,
407 1722 541 1755 Domina,
555 1721 698 1756 justitiam
713 1729 811 1748 meam
823 1723 849 1748 et
861 1728 1010 1748 amorem:

230 1778 337 1798 amove
353 1777 370 1798 a
386 1777 432 1797 me
450 1768 669 1796 tribulationem
686 1776 795 1795 meam.

266 1816 437 1845 Confitebor
453 1815 503 1843 tibi
518 1815 548 1842 in
561 1823 634 1843 voce
645 1814 833 1843 exultationis
847 1823 852 1842 :
872 1823 939 1842 cum
955 1822 1013 1842 ma-

231 1863 416 1900 gnificaveris
430 1870 519 1898 super
534 1870 580 1890 mc
596 1862 832 1890 miscricordiam
846 1864 936 1890 tuam.

269 1910 424 1938 imitamini
449 1918 526 1944 cam,
542 1912 648 1937 sancta}
666 1909 797 1944 virgines
814 1909 861 1936 Dei
879 1918 885 1935 ε
905 1910 935 1936 ut
951 1909 1015 1936 imi-

233 1960 298 1987 tatae
314 1960 381 1986 sunt
396 1961 508 1993 Agnes,
527 1958 670 1992 Barbara,
694 1957 850 1991 llorotliea,
867 1960 893 1985 ct
911 1957 1014 1985 Catha-

232 2006 308 2034 rina.

269 2052 464 2080 Honoriticate
491 2059 556 2079 eam
586 2052 615 2079 in
644 2059 716 2080 voce
744 2051 895 2080 labiorum
921 2054 1015 2079 resto-

234 2107 299 2127 rum
317 2109 322 2127 :
354 2107 406 2135 per
432 2099 488 2127 hoc
514 2099 576 2134 ejus
599 2098 723 2134 gratiam
752 2098 881 2134 Agatha,
910 2099 1014 2134 Lucia,

236 2146 398 2181 Margarita,
417 2148 444 2174 ct
458 2145 573 2174 Caecilia
587 2148 788 2181 susceperunt.

273 2194 420 2229 Sponsum
445 2193 528 2220 dabit
553 2193 639 2220 vobis
664 2193 752 2220 Patris
778 2192 900 2220 Filium:
924 2195 951 2220 ct
979 2192 1015 2220 dc

237 2239 365 2268 paradisi
377 2240 446 2266 liliis
459 2247 601 2268 coronam
615 2239 885 2275 incomparabiliter
900 2239 1017 2267 radian-

237 2290 305 2314 tem.
323 2286 430 2316 Gloria.
448 2289 502 2313 cte.

538 2366 663 2391 Psimius
682 2367 723 2391 17.

275 2428 399 2463 biligam
415 2430 452 2461 te,
472 2427 595 2454 Domina
610 2426 675 2453 osi-li
695 2430 722 2454 ct
738 2429 818 2454 terrm
836 2436 841 2454 :
858 2430 885 2455 ct
902 2427 930 2455 in
947 2435 1017 2462 gen-

239 2475 316 2503 tibus
333 2482 443 2502 nomeu
460 2476 541 2501 tuum
555 2473 713 2501 invocabo.

274 2520 461 2549 Confitcmini
478 2520 532 2554 illi,
548 2520 679 2548 tribulati
695 2520 784 2548 corde
800 2530 805 2548 :
822 2523 848 2549 et
864 2521 1017 2549 roborabit

239 2576 292 2596 vos
303 2570 405 2595 contra
423 2568 558 2595 inimicos
574 2570 696 2595 vestros.

275 2614 356 2642 Stilla
380 2614 477 2649 nobis,
500 2614 633 2649 Domina,
660 2614 784 2649 gratiam
806 2615 930 2643 uberum
955 2617 1018 2643 tuo-

240 2669 306 2689 rum
324 2670 329 2688 :
348 2669 382 2688 ex
410 2664 549 2689 manante
570 2662 643 2689 lacte
666 2661 831 2689 dulcedinis
853 2664 907 2689 tuae
932 2663 1018 2690 retice

242 2709 355 2736 viscera
373 2716 534 2744 puerorum
554 2710 682 2737 tuorum.

569 241 826 274 PSALTERIUM
847 240 974 273 MAJUS
995 240 1140 273 BEATAE
1161 241 1301 273 MARlAE
1325 240 1509 273 VlRGlNlS.

1101 309 1241 346 Religiosi
1261 318 1376 346 omnes,
1398 310 1544 339 honorate
1564 309 1672 339 illam:
1692 310 1764 348 quia
1779 310 1847 348 ipsa

1066 358 1110 384 est
1120 356 1258 394 adjutrix.
1275 358 1304 386 et
1313 358 1410 386 vestra
1423 356 1561 394 specialis
1575 356 1732 386 advocata.

1100 405 1167 433 Esto
1175 404 1363 441 refrigerium
1372 406 1516 439 nostrum,
1527 404 1658 440 gloriosa
1669 406 1756 434 Mater
1765 404 1847 433 Chri·

1065 450 1101 478 sti
1117 459 1124 479 z
1141 451 1213 488 quia
1227 453 1259 479 tu
1278 459 1309 479 es
1328 451 1413 480 totius
1426 451 1580 488 religionis
1595 451 1732 480 mirabile
1746 452 1846 480 firma-

1066 500 1209 526 mentum.
1222 498 1322 527 Gloria
1335 497 1422 534 Patri,
1437 500 1494 527 etc.

1355 579 1481 607 Psiimus
1495 579 1540 606 18.

1101 640 1171 669 Coeli
1194 641 1332 668 enarrant
1353 639 1481 675 gloriam
1499 641 1604 668 tuam:
1629 641 1659 668 et
1681 641 1846 676 unguento-

1065 695 1133 716 rum
1147 690 1267 716 tuorum
1280 686 1442 722 fragrantia
1455 686 1486 714 in
1498 686 1636 722 gentibus
1648 688 1691 715 est
1700 687 1845 724 dispersa.

1100 735 1250 772 Respirate
1271 735 1310 763 ad
1333 735 1433 770 illam,
1457 735 1567 771 perditi
1590 737 1761 771 peccatores
1785 745 1794 763 ε
1819 736 1847 764 et

1065 782 1209 818 perducet
1221 790 1276 810 vos
1289 781 1329 810 ad
1343 781 1536 818 indulgentiae
1549 784 1680 818 portum.

1102 831 1133 858 ln
1147 829 1266 866 hymnis
1280 831 1308 857 et
1327 828 1449 865 psalmis
1469 831 1497 857 et
1516 828 1635 857 canticis
1655 828 1770 865 pulsate
1791 828 1848 856 vis-

1064 884 1133 905 cera
1154 877 1217 912 ejus
1238 885 1244 904 :
1261 878 1288 904 et
1305 875 1429 904 stillabit
1442 875 1530 904 vobis
1539 875 1666 912 gratiam
1680 875 1847 904 dulcedinis

1065 932 1135 952 suae.

1101 969 1266 998 Glorificate
1281 978 1358 1004 eam,
1367 969 1449 1006 justi,
1460 971 1527 998 ante
1541 969 1682 998 thronum
1693 968 1743 997 Dei
1757 977 1763 996 :
1776 968 1848 1005 quia

1065 1016 1161 1044 fructu
1175 1016 1284 1044 ventris
1300 1017 1364 1052 ejus
1377 1017 1445 1045 estis
1457 1016 1601 1052 justitiam
1618 1015 1742 1053 operati.

1101 1063 1230 1091 Laudate
1244 1071 1322 1098 eam,
1339 1063 1405 1091 coeli
1420 1063 1564 1091 coelorum
1581 1072 1588 1090 z
1609 1065 1637 1090 et
1657 1070 1768 1091 nomen
1784 1062 1848 1098 ejus

1066 1110 1210 1146 glorificet
1224 1110 1321 1138 omnis
1336 1112 1424 1138 terra.
1440 1110 1540 1138 Gloria
1555 1109 1642 1142 Patri,
1657 1111 1712 1137 etc.

1366 1192 1492 1219 Psuucs
1506 1193 1551 1220 19.

1103 1250 1249 1279 Exaudias
1267 1258 1333 1285 nos,
1356 1250 1490 1286 Domina,
1507 1250 1537 1278 in
1557 1250 1605 1279 die
1628 1250 1846 1278 tribulationis:

1067 1300 1095 1326 et
1112 1297 1250 1334 precibus
1267 1297 1373 1326 nostris
1391 1300 1529 1326 converte
1549 1297 1724 1326 clementem
1743 1297 1848 1325 faciem

1067 1347 1159 1373 tuam.

1104 1394 1142 1420 Ne
1158 1391 1298 1428 projicias
1314 1399 1369 1420 nos
1383 1391 1414 1419 in
1436 1393 1570 1427 tempore
1591 1390 1694 1419 mortis
1716 1392 1824 1419 nostrae
1839 1400 1847 1426 ;

1067 1439 1120 1467 sed
1144 1446 1280 1467 succurre
1307 1438 1433 1472 animae,
1457 1445 1526 1466 cum
1554 1437 1715 1466 deseruerit
1740 1445 1849 1474 corpus

1067 1494 1165 1514 suum.

1104 1533 1178 1561 Mitte
1199 1532 1339 1568 angelum
1361 1533 1390 1560 in
1419 1539 1576 1560 occursum
1593 1532 1674 1567 ejus:
1691 1539 1745 1567 per
1759 1539 1850 1568 quem

1067 1580 1105 1608 ab
1120 1580 1255 1608 hostibus
1271 1579 1458 1607 defendatur.

1104 1627 1228 1655 Ostende
1238 1627 1262 1655 ci
1275 1627 1496 1654 serenissimum
1506 1625 1640 1654 Judicem
1653 1625 1846 1653 saeculorum:

1069 1675 1120 1710 qui
1138 1674 1177 1702 ob
1194 1674 1234 1701 tui
1250 1674 1375 1709 gratiam
1389 1673 1507 1701 veniam
1522 1672 1548 1700 ei
1564 1672 1716 1707 largiatur.

1105 1721 1213 1749 Sentiat
1234 1721 1265 1749 in
1287 1720 1382 1757 poenis
1405 1719 1590 1755 refrigerium
1611 1721 1716 1747 tuum:
1737 1721 1765 1747 et
1781 1726 1850 1747 con-

1070 1768 1141 1797 cede
1155 1768 1181 1796 ei
1197 1768 1296 1796 locum
1312 1767 1387 1795 inter
1398 1766 1506 1795 electos
1518 1766 1576 1794 Dei.
1590 1766 1688 1794 Gloria
1697 1766 1783 1801 Patri,
1794 1768 1849 1794 etc.

1368 1849 1494 1875 Psuuus
1506 1847 1551 1874 20.

1108 1908 1243 1942 Domina,
1267 1908 1297 1935 in
1326 1907 1431 1935 virtute
1459 1909 1507 1935 tua
1532 1906 1680 1934 laetabitur
1703 1914 1754 1934 cor
1782 1915 1850 1935 nos-

1071 1958 1164 1984 trum:
1182 1956 1251 1983 etin
1267 1954 1425 1982 dulcedine
1442 1953 1572 1982 nominis
1589 1953 1630 1981 tui
1650 1953 1851 1982 consolabitur

1072 2003 1172 2031 anima
1183 2005 1292 2030 nostra.

1109 2052 1145 2077 Dc
1160 2049 1281 2077 sedibus
1292 2049 1372 2076 mitte
1390 2048 1477 2075 nobis
1487 2047 1663 2083 sapientiam
1675 2057 1680 2074 :
1698 2054 1750 2083 per
1760 2056 1851 2083 quam

1072 2098 1102 2125 in
1118 2097 1200 2126 omni
1216 2097 1335 2124 veritate
1355 2095 1479 2123 dulciter
1494 2095 1685 2122 illustremur.

1109 2147 1130 2172 Α
1145 2144 1313 2172 carnalibus
1335 2142 1488 2170 desideriis
1510 2141 1640 2170 concede
1660 2142 1784 2177 gratiam
1801 2142 1852 2170 ab-

1072 2191 1198 2219 stinendi
1215 2200 1220 2217 ε
1245 2193 1275 2217 ut
1290 2190 1390 2217 lumen
1415 2188 1513 2224 gratia:
1536 2188 1565 2216 in
1585 2189 1691 2216 nostris
1711 2188 1851 2217 cordibus

1074 2238 1194 2266 oriatur.

1110 2286 1203 2318 Quam
1219 2282 1319 2310 ‹lulcia
1335 2281 1527 2317 diligentibus
1543 2283 1568 2309 te
1584 2281 1704 2318 eloquia
1719 2284 1778 2317 tua,
1799 2284 1851 2310 Do-

1074 2332 1169 2359 mina!
1189 2338 1279 2367 quam
1296 2330 1399 2357 suavia
1414 2331 1482 2357 sunt
1497 2331 1613 2357 tuarum
1623 2329 1770 2357 stillicidia
1786 2337 1850 2364 gra-

1074 2379 1195 2407 tiarum!

1110 2426 1239 2454 Gloriam
1254 2427 1281 2452 ct
1298 2424 1443 2451 honorem
1468 2422 1594 2459 psallam
1611 2422 1681 2450 tibi:
1708 2424 1735 2450 et
1755 2423 1785 2450 in
1801 2431 1851 2451 uo-

1075 2474 1153 2501 mine
1189 2475 1237 2500 tuo
1266 2471 1419 2507 gloriabor
1440 2470 1468 2497 in
1497 2470 1648 2497 saeculum.
1680 2469 1777 2498 Gloria
1799 2472 1851 2498 Pa—

1075 2520 1121 2554 tri,
1139 2522 1191 2548 etc.

1375 2555 1501 2581 Psnuus
1517 2554 1560 2579 21.

1113 2616 1197 2647 Deus,
1209 2614 1282 2641 Deus
1298 2620 1381 2640 meus
1394 2621 1399 2639 ε
1413 2610 1549 2647 respiciat
1563 2610 1592 2637 in
1608 2618 1654 2638 me
1665 2610 1775 2638 meritis
1785 2611 1850 2646 tuis,

1077 2662 1163 2696 Virgo
1180 2667 1297 2695 semper
1313 2659 1409 2688 Maria.

1114 2707 1238 2737 Domina
1254 2713 1331 2741 mea,
1345 2704 1474 2734 clamavi
1487 2703 1526 2734 ad
1537 2705 1563 2732 te
1578 2711 1631 2740 per
1647 2703 1726 2733 diem
1741 2706 1768 2733 et
1783 2712 1853 2734 noc-
