2029 3052
238 169 298 199 478

237 233 350 265 tionali
364 234 373 251 ¹
389 234 538 266 Ecclesiae
553 234 700 272 collocat,
717 241 758 264 ex
771 240 836 273 quo
855 224 1017 272 judicium

238 297 313 319 cum
325 288 461 321 veritate
474 287 659 329 responderi
671 286 803 324 solebat,
819 294 892 316 cum
908 287 1017 315 tamen

238 341 308 373 haec
322 352 381 374 sua
388 343 532 375 doctrina
541 342 631 374 omni
644 343 750 372 eareat
759 340 881 371 ratione
889 338 1015 379 ¹iudicii,

238 398 269 427 et
276 397 465 428 rectitudine
474 395 626 428 veritatis.
639 394 748 434 Fingit
756 393 852 425 etiam
860 392 978 433 superb
983 401 1018 424 u-

238 451 358 483 merale
372 451 546 492 quoddam,
562 450 649 491 quod
660 447 935 485 buicirrationali‚
949 447 1017 478 sive

236 505 417 545 phantasiae
438 506 580 545 coaptat,
596 503 758 535 adducens
772 502 805 533 in
821 501 924 533 medio
938 501 1018 532 duo-

237 558 341 590 decim
365 559 454 590 viros
476 560 601 590 sanctos
624 560 720 598 atque
734 556 944 598 approbatos,
960 555 1017 596 qui

239 613 278 645 de
291 614 377 645 statu
389 613 587 654 paupertatis
601 611 639 643 ad
653 610 879 652 dispensandas
888 610 1016 642 divitias

236 668 393 708 assumpti
417 667 565 705 fuerunt,
581 666 774 697 Clementem
787 689 795 704 ‚
813 664 1014 702 silvestrum,

236 720 430 761 Gregorium
442 745 449 758 ‚
480 720 675 761 Cyprianum
685 742 695 758 ‚
725 718 882 750 Hilarium
893 742 901 757 ,
927 717 1016 749 Basi-

234 774 327 814 liam,
345 774 617 816 chrysostomum,
630 773 817 810 Martinum,
836 770 1013 809 Nicolaum,

236 827 385 867 Paulum,
402 827 636 868 Augustinum‚
652 826 857 865 Anselmum,
875 834 1014 866 quorum

234 882 382 923 exempla
396 891 455 914 suo
470 882 623 922 adaptans
635 881 749 919 errori,
762 881 794 911 in
805 879 1015 921 sequentibus

233 935 341 967 subdit
357 947 364 967 :
385 947 400 966 α
414 935 468 966 Isti
486 938 560 967 sunt
577 934 744 966 duodecim
760 934 900 965 filiorum
917 933 1014 965 lsrael

233 990 382 1029 nomina,
397 989 448 1020 isti
464 991 540 1021 sunt
554 989 642 1021 vittre
657 989 877 1029 hyacinthinae
888 1013 895 1026 ‚
910 991 942 1020 et
961 997 1014 1020 ca-

234 1044 353 1075 tenulae
379 1053 498 1075 aureae.
515 1054 530 1072 n
546 1043 623 1075 Post
638 1052 711 1084 quae
725 1043 812 1074 addit
826 1052 833 1074 ε
854 1054 869 1072 «
890 1042 951 1074 Ista
967 1045 1014 1073 est

233 1097 377 1129 doctrina
388 1098 557 1136 dominica,
570 1099 687 1129 statuto
700 1097 915 1138 apostolorum
935 1096 1012 1127 Hie-

233 1151 403 1193 rosolymis
417 1151 569 1190 solidata,
586 1161 605 1182 a
621 1151 738 1182 sanctis
752 1151 934 1181 doctoribus
953 1159 1012 1180 cx-

235 1207 356 1247 posita,
373 1217 392 1238 a
408 1207 554 1247 perfectis
575 1207 691 1238 Christi
715 1206 932 1237 imitatoribus
953 1206 1010 1237 ob-

232 1263 374 1299 servata,
397 1270 461 1291 non
475 1264 511 1292 ut
526 1260 605 1292 nihil
620 1261 651 1291 in
668 1261 847 1298 comumni,
866 1264 920 1291 aut
936 1269 1010 1300 pro-

232 1314 301 1355 prio
324 1314 513 1353 haben-tur,
531 1315 583 1345 sed
607 1318 659 1353 ut,
678 1317 782 1355 spreta
808 1314 1010 1355 proprietate,

231 1367 389 1398 honorum
414 1368 561 1399 Ecclesia*
584 1368 798 1399 communitas
813 1370 1009 1399 servaretur.

232 1421 262 1452 Si
279 1420 370 1451 aliter
384 1421 550 1460 docueris,
567 1431 644 1453 cave
668 1432 707 1452 ne
732 1422 789 1452 fias
801 1445 810 1460 ,
832 1421 1011 1452 sec-undum

230 1474 418 1515 Apostolum
431 1500 439 1514 ‚
466 1476 654 1514 anathema,
680 1475 765 1516 quod
790 1485 808 1506 a
831 1476 900 1505 viro
930 1474 1012 1505 absit

231 1528 395 1567 catholico,
421 1529 474 1568 qui
501 1529 608 1569 puniri
633 1531 757 1560 recusat
778 1538 852 1559 cum
868 1530 1011 1569 apostata

229 1582 368 1614 iuliano.
386 1594 400 1611 »
420 1583 494 1614 lla¹c
520 1584 616 1614 verba
639 1583 750 1624 ipsius.
778 1582 813 1613 lu
839 1583 957 1622 quibus
981 1585 1011 1613 ct

232 1637 432 1676 ignorantem
453 1648 485 1667 se
501 1646 568 1667 esse
588 1637 800 1674 demonstrat,
817 1638 847 1667 et
862 1637 1008 1677 implum.

230 1689 294 1721 Nisi
311 1691 396 1721 enim
413 1691 532 1731 impius
545 1693 636 1729 vssvt,
655 1700 821 1730 nunquam
841 1690 878 1720 dv
894 1691 1009 1730 profes-

230 1744 354 1774 soribus
384 1744 596 1784 paupel‘taliS‚
620 1745 653 1774 in
677 1754 740 1784 qua
767 1744 846 1774 nihil
873 1744 1010 1774 liabetur

229 1798 262 1828 in
285 1798 424 1838 proprio,
447 1798 497 1829 vel
513 1798 689 1836 communi,
707 1799 855 1828 sensisset
871 1800 935 1828 tam
951 1798 1008 1828 im-

230 1851 296 1891 pie,
311 1855 346 1883 ut
368 1861 442 1891 eos,
463 1854 617 1892 tauquam
639 1851 816 1890 haereticos,
833 1851 1008 1891 jiulicasset

228 1905 398 1936 anathema
418 1915 486 1936 esse
501 1915 519 1936 a
534 1906 669 1936 Christo.
688 1906 755 1943 Qua
778 1905 908 1945 quidem
929 1905 1008 1936 blas-

228 1959 355 1999 phemia
370 1968 434 1990 uon
450 1959 554 1990 solum
570 1959 628 1989 hos
644 1959 757 1989 Christi
774 1968 940 1999 pauperes,
953 1959 1007 1990 sed

227 2018 257 2046 et
280 2014 454 2046 Romanam
483 2015 649 2045 Ecclesiam
674 2015 810 2055 impetit,
829 2024 901 2054 qua}
921 2014 1007 2045 hunc

228 2069 359 2099 viu-ndi
377 2070 508 2099 modum
529 2069 728 2109 approbavit.
756 2068 891 2107 Insuper
905 2071 936 2099 ct
953 2068 1007 2099 bo-

228 2133 284 2153 nos
300 2124 386 2154 viros
399 2124 542 2163 catalogo
560 2124 750 2154 Sanctorum
765 2123 956 2162 adscriptos,
976 2125 1006 2153 ct

227 2177 311 2217 quod
332 2178 436 2217 majus
451 2179 496 2207 est
510 2201 517 2214 ⁷
540 2177 623 2216 ipsos
637 2177 813 2216 Apostolos,
830 2177 897 2216 qui,
916 2179 950 2206 ut
966 2185 1005 2206 ex

228 2231 447 2271 superioribus
468 2231 580 2269 clarel„
604 2231 634 2260 in
658 2233 802 2261 extrema
821 2233 1006 2271 paupertate

228 2285 399 2323 vixerunt,
414 2285 533 2324 quibus
548 2285 644 2314 ctiam
668 2287 821 2324 tanquam
837 2284 1005 2315 duodecim

228 2339 300 2369 tiliis
317 2338 410 2369 Israel
427 2339 457 2368 in
480 2338 735 2377 superhunwrali
756 2340 873 2369 summi
898 2338 1005 2369 Ponti-

227 2393 294 2423 ticis
309 2392 424 2423 Christi
446 2391 631 2431 conscriptis
645 2416 652 2429 ,
670 2395 699 2422 rt
719 2402 774 2432 per
800 2393 928 2432 propria
952 2402 1006 2423 no·

227 2447 313 2477 mina
324 2445 510 2485 designatis,
525 2454 652 2475 summa
662 2449 830 2485 paupertas
840 2446 1001 2477 indicitur.

227 2501 278 2531 Sic.
290 2500 376 2531 enim
392 2499 541 2530 scribitur
555 2499 589 2530 in
604 2499 752 2529 Mattluuo
766 2500 818 2539 tul:
834 2499 1004 2539 Apostolo-

258 2600 264 2616 ¹
292 2600 385 2623 Alludit
412 2599 442 2622 ad
470 2598 592 2622 rationale
616 2598 743 2629 pontilicis
772 2598 946 2621 llelirmorum.
973 2611 1004 2616 -—

226 2637 234 2650 «Ἰ
248 2636 349 2663 Mami„
365 2643 390 2665 x,
406 2638 428 2665 2,
442 2637 464 2666 Ji,
480 2638 503 2658 t).
523 2648 554 2652 —
566 2636 575 2651 ³
592 2635 707 2664 Hieron„
722 2634 755 2657 ml
772 2635 912 2664 Lucanum,
929 2634 1002 2665 epist.

226 2677 320 2702 xxvnl,
336 2672 383 2695 col.
400 2679 434 2695 m.
453 2672 507 2695 22⁰.
521 2683 550 2687 —
566 2671 573 2684 ⁸
591 2670 679 2701 Eccli„
692 2676 751 2699 xin,
766 2673 790 2694 1⁴

817 161 1029 196 Al‘oLoGIAE
1051 161 1270 196 PAUPERUM

1071 238 1145 263 rum
1166 233 1302 264 nomina
1319 235 1396 265 sunt
1408 232 1490 272 ltoec,
1507 233 1618 266 Simon
1635 235 1776 276 prmus,
1791 239 1851 278 qui

1072 283 1196 318 dicitur
1210 285 1334 318 Petrus.
1351 285 1390 318 Et
1404 286 1519 319 dehinc
1538 289 1662 321 caeteris
1677 290 1850 324 nominatas

1071 339 1242 380 subjungit
1258 351 1266 371 ε
1284 341 1349 373 Hos
1362 340 1533 374 duodecim
1551 343 1642 376 misit
1655 343 1758 383 Jesus,
1772 353 1853 386 prm-

1072 394 1195 434 cz'pz‘ens
1210 395 1255 427 eis
1274 405 1285 425 .-
1303 395 1411 428 Nolice
1424 395 1591 436 possidere
1606 405 1735 436 aurum,
1750 407 1852 440 neque

1072 450 1259 489 argentum,
1285 457 1388 489 neque
1418 451 1593 490 pecuniam
1622 451 1659 483 in
1686 453 1783 485 zonis
1802 461 1853 486 ve-

1071 503 1171 540 stris,
1199 504 1260 533 etc.
1285 501 1321 533 In
1343 503 1461 543 quibus
1481 504 1746 544 superhumerale
1776 507 1853 539 vitae

1071 556 1253 596 apostolicae
1266 565 1340 588 cum
1355 556 1505 588 rationali
1520 558 1721 598 perfectionis
1732 562 1764 592 et
1775 569 1853 602 pau-

1070 608 1203 648 pertatis
1216 607 1391 648 altissimae,
1409 618 1466 649 per
1481 609 1670 642 charitatem
1684 612 1776 652 regni
1791 621 1852 644 οω-

1071 659 1178 701 lestis,
1196 664 1350 703 tanquam
1373 663 1452 695 vitta
1472 663 1682 705 hyacinthina
1694 689 1702 703 ‚
1717 665 1852 698 indisso-

1071 715 1162 747 lubili
1174 717 1328 756 junctura
1347 717 1550 757 constringit,
1568 727 1642 749 cum
1656 718 1848 760 interponit;

1073 769 1182 802 Gratis
1207 771 1399 810 accepistis,
1422 772 1527 812 aratis
1551 771 1636 804 date.
1653 771 1719 804 Hoc
1740 775 1852 805 autem

1069 824 1328 864 superhumerali
1353 827 1384 856 et
1408 825 1553 857 rationali
1581 835 1678 858 verus
1704 826 1850 860 Pontifex

1071 877 1215 909 Christus
1240 879 1416 911 adornatus
1437 879 1516 919 fuit,
1532 880 1611 911 dum
1633 883 1750 912 sanctae
1773 890 1851 922 pau-

1070 933 1201 973 pertatis
1230 933 1457 974 perfectionem
1482 936 1514 965 et
1540 934 1641 966 verbo
1668 935 1788 975 docuit,
1817 937 1851 967 et

1070 987 1217 1027 exemplo
1241 987 1452 1024 monstravit,
1477 989 1509 1018 et
1533 989 1609 1018 tunc
1633 988 1847 1028 potissimum,

1069 1040 1198 1081 quando
1220 1042 1257 1072 ut
1278 1050 1375 1072 verus
1400 1040 1547 1072 Pontifex
1571 1050 1628 1082 per
1653 1041 1849 1082 sanguinem

1069 1094 1237 1134 proprium
1253 1095 1419 1134 ingressus
1434 1095 1468 1126 iu
1481 1098 1600 1132 sancta,
1614 1104 1735 1137 pauper
1747 1098 1778 1128 et
1791 1105 1850 1128 nu·

1069 1147 1128 1178 dus
1151 1148 1183 1178 in
1205 1158 1299 1180 cruce
1322 1149 1479 1190 pependit.
1498 1149 1564 1181 Hoc
1584 1152 1772 1182 ornamento
1787 1159 1844 1182 no-

1069 1201 1123 1232 bili
1139 1205 1169 1233 et
1186 1203 1343 1243 spirituali
1355 1228 1363 1242 ,
1387 1213 1451 1244 quo
1471 1213 1490 1234 a
1508 1204 1726 1244 corporalibus
1747 1205 1848 1236 cruci-

1069 1256 1224 1287 fixoribus
1247 1256 1390 1288 Christus
1413 1257 1541 1298 spoliari
1566 1267 1630 1289 uon
1653 1258 1768 1298 potuit,
1792 1258 1847 1290 hic

1069 1310 1157 1341 velut
1180 1311 1396 1342 atrocissimus
1417 1311 1526 1352 praedo
1545 1321 1619 1343 eum
1640 1312 1761 1343 nudare
1775 1321 1847 1349 con-

1068 1364 1178 1403 tendit,
1197 1367 1228 1395 et
1242 1365 1327 1396 aliud
1344 1365 1505 1405 quoddam
1519 1366 1705 1405 confingere
1720 1366 1844 1405 nititur,

1068 1427 1132 1449 nou
1159 1419 1237 1450 vitta
1257 1418 1482 1459 hyacinthina,
1503 1420 1534 1449 et
1554 1419 1708 1449 catenulis
1727 1419 1844 1458 aureis,

1068 1472 1122 1503 sed
1151 1475 1354 1504 terrenarum
1386 1473 1618 1512 possessionum
1649 1473 1823 1504 affluentiis
1835 1497 1844 1512 ,

1069 1529 1221 1567 tanquam
1239 1527 1394 1566 junctura
1414 1526 1499 1557 lutea
1521 1529 1552 1558 et
1576 1527 1699 1558 viscosa
1716 1527 1847 1559 constri-

1068 1584 1167 1620 ctum,
1185 1582 1277 1622 quasi
1299 1581 1442 1612 Christus
1456 1590 1530 1611 cum
1547 1581 1705 1621 Apostolis
1720 1584 1846 1613 terrena

1067 1635 1247 1675 possederit,
1258 1635 1264 1664 i
1270 1644 1388 1675 psaqm¹
1397 1635 1578 1665 communis
1586 1635 1740 1675 possessio
1750 1635 1846 1666 altius

1066 1689 1233 1728 provehat,
1250 1689 1417 1728 magisque
1425 1689 1464 1719 ad
1476 1688 1614 1719 coelestia
1622 1688 1733 1726 elevet,
1746 1698 1844 1729 quam

1066 1744 1210 1773 extrema
1226 1745 1257 1773 et
1271 1742 1424 1773 altissima
1440 1744 1620 1782 paupertas.
1639 1742 1730 1779 Quod
1747 1751 1844 1775 nemo

1065 1795 1187 1826 dubitat
1198 1796 1323 1834 salsum,
1340 1796 1399 1826 nisi
1416 1796 1471 1836 qui
1488 1795 1597 1827 modos
1614 1804 1744 1836 prorsus
1754 1795 1846 1836 igno-

1066 1851 1115 1880 rat
1127 1850 1274 1881 mentalis
1288 1850 1475 1881 elevationis
1491 1850 1524 1881 in
1540 1850 1652 1881 ileum.
1671 1849 1759 1881 Unde
1774 1849 1845 1882 Hie-

1066 1912 1221 1944 ronymus
1245 1904 1288 1934 ait
1301 1904 1331 1935 ⁸:
1354 1916 1368 1933 ιι
1385 1904 1501 1945 Josepli
1523 1913 1597 1935 cum
1616 1904 1724 1935 tunica
1741 1904 1843 1945 AEgy-

1065 1958 1163 1998 ptIam
1191 1958 1337 1998 elingere
1361 1968 1423 1989 non
1450 1958 1563 1999 poluit.
1582 1958 1773 1989 Adolescens
1787 1958 1844 1998 qui

1064 2014 1193 2051 opertus
1225 2012 1358 2043 sindone
1393 2012 1586 2052 sequebatur
1610 2011 1740 2051 Jesum,
1767 2012 1844 2052 quia

1064 2068 1170 2096 tentus
1181 2066 1285 2096 suerat
1299 2075 1319 2096 a
1335 2066 1501 2104 ministris,
1515 2069 1678 2097 terrenum
1691 2066 1842 2106 abjiciens

1063 2119 1300 2159 operimentum
1314 2143 1323 2157 ,
1354 2119 1462 2150 nudus
1490 2119 1600 2150 evasit.
1633 2119 1716 2150 Elias
1744 2119 1842 2158 igneo

1063 2183 1160 2205 curru
1175 2177 1286 2214 raptus
1302 2174 1333 2204 in
1349 2173 1477 2212 coelum,
1496 2174 1646 2204 melotam
1667 2173 1795 2214 reliquit
1809 2173 1842 2204 in

1063 2228 1167 2258 terris,
1193 2227 1315 2258 Eliseus
1333 2228 1432 2258 boves
1452 2229 1483 2257 et
1502 2227 1586 2266 juga
1607 2227 1721 2267 prioris
1739 2227 1842 2267 operis

1062 2282 1157 2312 vertit
1173 2282 1205 2312 iu
1219 2284 1302 2312 vota.
1317 2280 1470 2321 Loquitur
1486 2280 1740 2320 sapientissimus
1751 2280 1838 2312 vir⁸2

1064 2336 1131 2375 Qui
1167 2336 1274 2375 tanqz‘c
1309 2336 1409 2375 picem
1430 2359 1439 2373 ,
1469 2334 1696 2374 inquinabitur
1725 2335 1763 2366 ab
1790 2343 1838 2366 ea.

1064 2390 1223 2427 Quamdiu
1239 2398 1408 2420 versamur
1429 2389 1460 2419 iu
1479 2389 1586 2419 saecuti
1604 2389 1710 2426 rebus,
1726 2391 1756 2420 et
1770 2389 1838 2419 ani-

1062 2453 1113 2475 ma
1128 2446 1235 2474 nostra
1251 2443 1483 2484 possessionum
1495 2446 1525 2473 et
1535 2442 1714 2473 reddituum
1729 2451 1839 2482 procu-

1060 2498 1182 2528 ratione
1207 2497 1353 2529 devincta
1373 2499 1420 2527 est
1432 2521 1440 2535 ,
1457 2496 1494 2527 dc
1512 2497 1571 2527 Deo
1587 2496 1684 2526 libere
1698 2495 1837 2534 cogitare

1062 2561 1125 2583 non
1134 2560 1338 2592 possumus.»
1347 2550 1404 2581 Cui
1414 2553 1444 2581 et
1457 2550 1565 2581 Glossa
1579 2550 1729 2581 consonat
1742 2557 1838 2588 super

1095 2672 1125 2700 (a)
1141 2670 1201 2693 (3:1⁵1.
1217 2669 1276 2693 ellit.
1294 2667 1449 2693 Matthccum.
