2029 3052
68 1046 93 1066 Β.
106 1045 176 1066 itini-ia

67 1077 175 1104 pienaroe-

81 1108 160 1128 eundi-

68 1140 112 1160 tate
124 1145 174 1165 pro—

68 1169 96 1190 lis
118 1169 175 1190 divi-

68 1207 111 1222 ωε.

188 225 254 258 254·

183 291 273 320 Israel
283 297 402 326 effrenus
411 289 448 326 (a)
457 290 497 318 est
507 296 559 326 per
569 296 637 318 eam.
657 289 744 317 Porta
754 287 852 316 Mariae
865 285 968 314 clausa

184 337 240 366 tuit
261 345 328 366 sera
346 335 500 373 virginali3
524 335 571 364 vir
592 342 654 363 non
676 333 813 362 transivit
832 340 886 370 per
899 339 967 360 eam

185 384 326 422 amplexu
341 383 485 419 maritali;
508 382 650 411 Dominus
667 383 743 410 Deus
767 387 903 418 egressus
925 381 969 408 est

183 439 239 468 per
253 439 320 460 eam
333 430 484 459 nativitate
500 428 653 465 singulari.
666 427 724 457 Sed
739 429 827 463 certe,
842 426 914 464 quia
927 425 967 454 ad

184 477 462 514 multiplicationem
485 475 564 511 olei,
590 483 660 504 vasa
682 475 772 503 etiam
800 473 968 502 vicinorum

183 532 246 553 non
262 532 358 561 pauca
379 523 502 551 collecta
520 521 653 555 suerunt;
679 521 748 550 ideo
770 528 892 558 quoque
912 527 968 556 per

184 579 257 600 vasa
270 570 322 599 illa
336 577 439 598 omnes
453 568 563 605 signari
578 569 719 605 possunt,
740 567 792 604 qui
807 566 966 604 plenitudi-

185 617 231 646 nis
249 615 460 646 misericordiae
473 615 569 644 Mariae
581 614 738 652 participes
751 616 828 642 sunt.
845 613 900 648 Qui
917 621 966 641 au-

186 666 245 693 tem
260 663 317 692 sint
331 663 390 698 illi,
402 662 507 691 beatus
522 661 688 690 Bernardus
703 660 882 695 declaravit,
899 668 967 688 cum

187 711 262 739 dixit
292 709 320 738 ¹:
344 709 458 738 «Maria
485 708 627 737 omnibus
644 707 743 736 sinum
758 706 968 736 misericordiae

191 756 327 794 aperuit,
346 759 378 784 ut
403 764 440 785 ex
460 755 643 792 plenitudine
665 754 728 790 ejus
742 753 888 790 accipiant
903 753 968 780 uni-

185 804 263 832 versi
274 813 280 832 :
290 803 453 840 captivatus
462 803 495 839 (b)
503 801 749 838 redemptionem,
756 808 834 836 aeger
842 800 970 828 curatio-

187 859 268 886 nem,
277 850 372 885 ,tristis
395 849 645 881 consolationem,
670 848 808 884 peccator
831 847 968 882 veniam,

185 899 281 934 justus
295 898 431 934 gratiam,
455 895 580 931 angelus
600 894 746 929 laetitiam,
767 894 896 930 denique
909 895 970 922 tota

188 944 311 973 Trinitas
325 943 468 980 gloriam,
488 941 552 970 Filii
568 949 696 978 persona
715 941 811 969 carnis
831 941 970 969 humanae

189 990 394 1019 substantiam.
405 1000 419 1015 n

225 1037 343 1073 Quinto,
357 1035 532 1070 charissimi,
547 1035 770 1064 consideremus
785 1034 869 1071 quod
881 1033 971 1071 plena

191 1086 234 1113 est
247 1084 336 1113 Maria
350 1083 568 1112 foecundatione
582 1082 676 1119 prolis
691 1082 811 1111 divinae.
828 1083 866 1109 De
876 1081 971 1117 pleni-

191 1131 293 1160 tudiue
307 1131 358 1159 illa
372 1130 536 1166 intelligere
560 1138 718 1166 possumus
742 1128 818 1157 illud
838 1128 918 1156 isaiae
933 1127 944 1142 ²
963 1137 969 1155 z

194 1179 262 1207 Vidi
277 1180 420 1207 Dominum
434 1177 566 1205 sedentem
581 1184 662 1212 super
676 1177 772 1204 solium
787 1176 928 1206 eaecelsum,
946 1177 972 1202 et

191 1226 337 1260 elevatum,
359 1227 384 1253 et
396 1225 477 1260 plena
491 1226 549 1251 erat
561 1223 654 1250 domus
670 1223 809 1257 mnjestate
831 1222 896 1256 ejus.
915 1222 972 1248 Do-

191 1280 258 1300 mus
273 1272 324 1300 illa
338 1271 368 1299 in
383 1271 467 1307 cujus
481 1270 557 1298 solio
575 1270 715 1298 Dominus
729 1269 815 1304 sedit,
829 1270 870 1296 est
885 1268 973 1296 beata

192 1318 291 1355 Virgo,
302 1318 332 1346 in
348 1318 432 1353 cujus
453 1317 558 1345 inentis
573 1316 648 1345 solio
661 1316 801 1344 Dominus
816 1315 971 1351 requievit.

193 1367 215 1394 Ο
229 1374 296 1394 vere
311 1364 515 1392 beatissimum
526 1385 534 1398 ,
560 1371 577 1390 o
600 1371 668 1390 vere
685 1361 909 1390 stabilissimum
926 1369 972 1389 so-

193 1412 282 1440 lium!
306 1412 380 1439 sicut
403 1411 510 1438 dicitur
529 1410 558 1437 in
574 1409 652 1438 libro
667 1410 768 1444 Requm
783 1409 792 1425 ³
809 1419 816 1435 :
833 1409 974 1435 Firmissi-

192 1467 264 1486 mum
275 1459 370 1487 solium
385 1461 461 1485 tuum
476 1459 505 1484 in
522 1460 661 1485 (eternum.
683 1457 741 1483 Hoc
757 1455 866 1483 solium
880 1454 975 1482 excel-

193 1514 259 1534 sum
271 1508 311 1533 cst
323 1505 352 1532 in
364 1504 523 1538 intellectu,
537 1503 686 1531 elevatum
701 1502 731 1530 in
746 1502 862 1530 affeetu.
878 1501 974 1529 Excel-

194 1561 259 1580 sum
275 1555 316 1580 est
331 1559 451 1588 quoquc
468 1558 556 1586 super
565 1550 714 1583 hominm,
728 1548 874 1576 elevatum
887 1555 976 1584 super

194 1599 340 1627 homines.
354 1597 506 1626 Excelsum
522 1597 643 1632 insuper
655 1598 696 1623 est
711 1595 815 1631 gratia,
828 1595 976 1623 clevatum

195 1647 223 1674 in
236 1646 342 1682 gloria.
358 1647 388 1673 ln
403 1645 479 1672 solio
492 1652 562 1679 ergo
579 1643 682 1676 Mariae,
696 1643 725 1670 in
737 1642 824 1675 solio,
841 1642 976 1677 iuquam,

195 1693 301 1721 mentis
317 1693 379 1727 ejus
394 1691 534 1719 Dominus
548 1690 669 1717 sedebat
687 1690 730 1724 (a),
750 1692 776 1716 et
793 1689 900 1716 domus
914 1696 976 1715 eor-

195 1739 276 1775 poris
292 1739 354 1774 ejus
377 1738 527 1773 majestate
544 1737 627 1764 Verbi
645 1735 786 1763 incarnati
804 1735 893 1770 plena
904 1737 975 1761 emt.

197 1788 234 1815 De
250 1787 306 1814 hac
326 1785 469 1814 ineffabili
485 1783 669 1820 plenitudine
682 1783 786 1810 beatus
803 1782 978 1810 Ambrosius

196 1834 236 1861 ait
251 1835 260 1850 ⁴
275 1842 281 1861 ;
301 1844 313 1859 ιι
324 1835 398 1860 Bene
415 1831 478 1859 sola
494 1832 587 1867 gratia
598 1830 687 1866 plena
702 1830 820 1863 dicitur,
833 1837 898 1865 quae
914 1828 978 1856 sola

196 1880 332 1915 gratiam,
340 1887 429 1915 quam
438 1878 517 1905 nulla
525 1877 582 1905 alia
590 1877 639 1912 (d),
647 1878 805 1905 consecuta
814 1877 866 1909 est,
876 1877 907 1903 ut
915 1883 979 1910 gra-

198 1929 241 1955 tiae
256 1927 418 1963 repleretur
429 1927 558 1953 auctore.
573 1936 585 1950 ι)
599 1926 620 1952 Ο
635 1932 703 1952 vere
714 1923 784 1951 felix
796 1923 904 1951 domus
919 1925 978 1950 tam

196 1974 273 2002 felici
300 1973 487 2001 soecunditate
518 1972 624 2007 plena!
652 1971 695 1999 Ait
724 1978 854 2006 namque
875 1970 979 1997 beatus

198 2021 364 2049 Bernartius
377 2021 386 2036 ¹⁵
404 2030 409 2047 :
430 2031 442 2045 u
453 2022 527 2047 [leue
543 2019 635 2054 gratia
650 2018 749 2054 plena,
766 2026 832 2053 (111OE
847 2018 875 2044 et
891 2016 979 2051 virgi-

198 2068 295 2097 nitatis
314 2067 439 2102 gratiam
461 2066 561 2099 tenuit,
587 2068 613 2092 et
637 2064 831 2092 foecunditatis
853 2063 979 2097 gloriam

199 2114 364 2150 acquisivit.
380 2124 392 2139 ι)
417 2113 557 2140 Dominus
573 2120 643 2147 ergo
666 2112 695 2138 in
710 2110 785 2139 solio
801 2110 907 2137 mentis
922 2111 976 2136 Ma-

198 2162 249 2189 riae
263 2160 337 2188 sedit
361 2168 413 2196 per
435 2159 570 2195 gratiam,
586 2161 613 2186 et
629 2158 753 2185 domum
770 2157 903 2192 corporis
918 2156 980 2190 rjus

200 2208 349 2242 majestate
360 2215 412 2234 sua
425 2205 557 2241 implevit
568 2213 620 2241 per
633 2206 816 2240 assumptum
832 2205 976 2230 naturam.

201 2254 282 2281 Unde
298 2253 327 2280 iu
345 2253 426 2279 tertio
438 2253 537 2286 Itegjum
551 2251 657 2279 dicitur
671 2252 700 2278 ⁶:
717 2252 878 2286 buplevcrat
893 2251 980 2285 qloria

201 2301 311 2328 Domini
342 2300 445 2326 <torrium
482 2300 599 2325 Domini.
629 2300 708 2326 Tune
729 2298 768 2325 ait
789 2297 929 2324 Salomon
945 2297 954 2312 7
973 2305 979 2323 :

202 2349 281 2375 Discit
301 2348 446 2377 Dominus,
478 2348 508 2371 ut
533 2345 719 2374 habitur-etin
739 2344 844 2371 nebula.
873 2344 981 2370 Domus

203 2401 274 2429 ergo
302 2391 415 2420 Domini
439 2391 527 2419 Maria
548 2390 667 2425 impleta
691 2393 732 2417 cst
756 2390 851 2425 gloria
873 2389 981 2416 divinae

203 2439 361 2475 majestatis
375 2446 428 2474 per
443 2437 585 2465 nebulam
601 2439 757 2472 assumptae
772 2445 788 2463 a
803 2438 861 2464 Deo
876 2436 982 2463 huma-

204 2487 300 2515 nitatis
311 2508 318 2520 ,
335 2485 418 2513 illam
433 2484 500 2512 dico
516 2483 674 2513 nebulam,
701 2484 738 2510 de
759 2491 818 2519 qua
834 2483 940 2510 dicitur
952 2482 982 2509 in

792 2536 805 2549 D

239 2574 242 2585 ¹
262 2571 394 2601 Dei-nard,
416 2569 519 2593 Domin.
538 2569 584 2593 iut'.
601 2570 686 2592 octav.
705 2569 845 2598 Assumpt„
862 2574 887 2591 u.
909 2568 931 2591 2.
952 2580 983 2584 —

204 2608 214 2625 Ξ
238 2609 298 2636 Ira„
322 2613 361 2636 ri,
384 2610 406 2630 1.
431 2619 461 2623 —
478 2605 488 2621 ³
507 2605 537 2629 ΙΙΙ
558 2605 624 2634 Κεφ,
650 2604 760 2633 vu1,13.
783 2617 809 2620 -
829 2604 837 2619 ⁴
854 2603 982 2632 Anibi-os„

206 2646 229 2667 in
251 2644 318 2670 Luc..
335 2642 378 2665 lib.
398 2643 428 2671 ll,
449 2648 474 2664 u.
499 2642 520 2665 9.
537 2654 567 2658 —
586 2640 595 2656 ⁵
611 2640 698 2670 Deru„
722 2646 798 2669 super
818 2639 908 2662 *Missus
932 2640 982 2666 est,

204 2679 274 2704 hom.
293 2679 414 2709 111,u.3.
427 2689 458 2695 -
472 2678 482 2693 ὅ
496 2677 529 2700 ΙΙΙ
544 2676 612 2706 Κεφ,
631 2681 687 2706 vui,
704 2677 741 2699 tt.
755 2674 805 2692 —7
823 2674 896 2703 ibid.²
911 2675 983 2697 122<

630 219 837 253 SPECULUM
858 213 1004 250 BEATAE
1023 211 1166 245 MARlAE
1186 211 1373 246 VIRGINIS.

1025 281 1214 309 Ecclesiastico
1227 280 1260 308 ἐ
1276 280 1414 308 Medicina
1434 281 1554 309 omnium
1577 282 1610 310 in
1627 282 1805 317 mutatione

1023 327 1138 356 nebutoe.
1158 329 1191 356 Et
1203 327 1311 356 iterum
1326 335 1334 355 ε
1347 328 1434 361 Quasi
1446 328 1527 356 stalla
1548 330 1689 358 mentina
1707 330 1740 359 in
1751 339 1806 360 me-

1024 374 1072 402 dio
1084 374 1204 409 nabutte,
1219 375 1274 402 etc.
1300 375 1374 403 Nam
1389 375 1474 411 quasi
1488 375 1574 404 stella
1592 375 1623 404 in
1638 375 1750 406 nebula
1763 379 1806 407 est

1024 421 1155 450 Verbum
1168 420 1198 448 in
1215 428 1303 449 carne
1321 423 1482 458 assumpta.

1061 468 1148 496 Sexto
1172 467 1418 502 consideremus,
1441 468 1622 504 charissimi,
1648 469 1805 506 quomodo

1024 513 1114 544 uaria
1127 513 1216 542 fuerit
1227 513 1319 550 plena
1329 513 1511 550 perfectione
1521 515 1697 545 universalis
1711 516 1807 546 Eccle-

1024 560 1083 588 siae.
1100 559 1234 588 Diversas
1248 561 1277 588 et
1291 559 1432 588 mirificas
1445 560 1641 597 perfectiones
1655 564 1684 591 et
1696 563 1806 599 gratias

1024 606 1055 635 in
1070 606 1194 635 diversis
1208 606 1316 635 sanctis
1330 606 1390 635 suis
1405 607 1510 636 habuit
1523 610 1551 636 et
1564 608 1653 638 habet
1665 609 1805 646 Ecclesia,

1024 654 1055 682 in
1074 661 1205 690 quorum
1227 653 1415 690 plenitudine
1437 653 1556 683 videtur
1574 654 1693 684 detenta
1715 656 1806 686 fuisse

1024 700 1125 735 Maria,
1139 702 1172 728 ut
1185 708 1254 729 vere
1269 701 1362 737 possit
1377 700 1476 730 dicere
1487 701 1562 730 illud
1576 703 1759 731 Ecclesiastici
1765 703 1786 721 ¹⁰
1798 713 1805 732 :

1025 748 1058 776 1η
1067 748 1240 784 plenitudine
1254 750 1410 776 sanctorum
1422 748 1542 777 detentio
1557 757 1626 778 mea.
1646 751 1758 779 Revera
1775 750 1808 779 in

1025 794 1210 831 plenitudine
1224 796 1395 823 sanctorum
1405 795 1500 824 Mariae
1510 795 1640 825 detentio
1654 796 1719 830 fuit,
1734 797 1807 825 dum

1026 841 1056 870 in
1067 841 1192 870 mirifica
1206 841 1386 879 perfectione
1402 850 1466 878 sua,
1480 842 1636 879 plenitudo
1651 844 1807 880 perfectio-

1026 888 1072 916 nis
1099 890 1269 917 sanctorum
1297 889 1354 917 sibi
1381 897 1443 918 non
1467 889 1570 918 defuit.
1596 890 1675 919 Sicut
1703 890 1808 920 beatus

1026 935 1192 964 Bernardus
1208 935 1350 971 declarat,
1365 943 1434 965 cum
1449 937 1489 965 ait
1502 945 1509 964 ε
1528 946 1542 963 α
1553 937 1653 965 Merito
1667 937 1698 965 in
1712 937 1808 974 pleni-

1026 982 1128 1011 tudine
1143 984 1313 1011 sanctorum
1327 982 1457 1012 detentio
1468 984 1550 1020 ejus,
1575 983 1622 1012 cui
1644 991 1699 1012 nec
1715 983 1809 1012 detuit

1026 1028 1102 1057 fides
1116 1029 1367 1065 patriarcharum,
1381 1030 1500 1066 spiritus
1514 1030 1745 1067 prophetarum,
1760 1038 1809 1059 ze-

1027 1074 1073 1103 lus
1087 1075 1310 1111 apostolorum,
1325 1076 1490 1105 constantia
1504 1079 1681 1114 martyrum,
1696 1077 1808 1105 sobrie-

1028 1124 1072 1150 tas
1086 1122 1289 1151 confessorum
1301 1143 1310 1157 ,
1327 1123 1444 1152 castitas
1457 1124 1618 1159 virginum,
1635 1123 1810 1152 foecunditas

1029 1169 1259 1205 conjugatorum
1273 1191 1281 1204 ,
1306 1169 1368 1198 imo
1391 1178 1446 1198 nec
1464 1171 1576 1206 puritas
1595 1171 1780 1207 angelorum.
1793 1181 1806 1197 n

1028 1216 1173 1252 Scriptum
1182 1216 1262 1244 enim
1271 1216 1349 1244 estin
1359 1218 1545 1245 Ecclesiastico
1554 1219 1573 1236 ¹¹
1585 1228 1593 1245 :
1603 1218 1812 1253 Inplenitudine

1028 1266 1121 1291 sancta
1141 1263 1332 1291 admirabitur.
1357 1263 1399 1292 Ad
1416 1264 1473 1292 hoe
1488 1266 1565 1292 certe
1580 1265 1610 1292 in
1626 1264 1810 1302 plenitudine

1029 1312 1217 1344 sanctorum,
1239 1317 1300 1337 non
1321 1310 1351 1337 in
1375 1310 1561 1346 plenitudine
1582 1311 1744 1347 impiorum
1759 1311 1811 1340 de-

1031 1357 1120 1385 tentio
1134 1356 1229 1385 Marioe
1243 1359 1300 1392 est;
1326 1357 1397 1393 quia
1412 1358 1493 1394 apud
1508 1365 1559 1386 eos
1575 1358 1626 1394 qui
1641 1358 1722 1394 pleni
1745 1360 1813 1386 sunt

1030 1404 1198 1438 sanctitate,
1220 1411 1280 1431 non
1303 1404 1384 1440 apud
1407 1412 1458 1432 eos
1484 1405 1536 1441 qui
1560 1405 1641 1441 pleni
1664 1407 1732 1433 sunt
1759 1405 1814 1432 ini-

1031 1451 1159 1487 quitate,
1184 1450 1274 1478 Maria
1297 1450 1423 1479 libenter
1443 1453 1496 1479 est.
1528 1452 1593 1487 Ipsa
1615 1459 1736 1488 quoque
1751 1459 1812 1479 non

1031 1497 1130 1526 solum
1146 1498 1175 1525 in
1190 1497 1374 1533 plenitudine
1389 1500 1559 1526 sanctorum
1573 1498 1737 1533 detinetur,
1761 1498 1814 1526 sed

1032 1544 1120 1572 etiam
1135 1544 1165 1571 in
1180 1543 1365 1580 plenitudine
1381 1547 1498 1572 sanctos
1513 1545 1640 1580 detinet,
1654 1552 1691 1573 ne
1709 1553 1814 1573 eorum

1031 1590 1186 1627 plenitudo
1202 1591 1362 1619 minuatur.
1386 1591 1497 1619 Detinet
1515 1592 1656 1619 nimirum
1675 1592 1814 1626 virtutes,

1032 1646 1066 1665 ne
1083 1637 1211 1673 fugiant3
1230 1637 1339 1665 detinet
1356 1638 1477 1672 merita,
1500 1646 1536 1665 ne
1551 1640 1687 1674 pereant,·
1705 1638 1815 1666 detinet

1032 1684 1198 1718 daemones,
1217 1692 1254 1711 ue
1269 1687 1411 1719 noceant3
1429 1685 1540 1712 detinet
1556 1685 1678 1720 Filium,
1696 1693 1733 1713 ne
1748 1693 1815 1721 pec-

1031 1734 1145 1759 catores
1161 1731 1316 1766 percutiat.
1331 1733 1402 1759 Ante
1418 1732 1538 1759 Mariam
1554 1740 1615 1760 non
1631 1732 1694 1766 tuit,
1708 1732 1758 1768 qui
1774 1732 1815 1760 sie

1032 1778 1162 1805 detinere
1179 1778 1337 1805 Dominum
1350 1778 1490 1813 auderet,
1516 1780 1639 1807 testante
1655 1779 1746 1813 isaia,
1762 1779 1813 1815 qui

1032 1824 1107 1852 dixit
1122 1825 1141 1841 ¹⁴³
1154 1833 1160 1851 :
1176 1826 1236 1852 Xon
1253 1828 1291 1851 cst
1307 1826 1355 1859 qui
1370 1827 1471 1853 invocet
1486 1833 1579 1853 nomen
1595 1829 1681 1861 tuum,
1692 1827 1740 1861 qui
1755 1833 1813 1853 con-

1031 1874 1125 1905 surgat
1141 1874 1165 1898 et
1186 1874 1274 1898 teneat
1289 1874 1323 1898 te.

1069 1918 1198 1954 Septimo
1223 1918 1454 1952 consideremus,
1483 1919 1638 1955 quomodo
1665 1919 1755 1955 plena
1778 1919 1814 1947 sit

1034 1964 1121 1992 Maria
1136 1964 1319 2000 respersione
1342 1965 1498 1993 odoriferae
1523 1966 1619 1993 samm.
1641 1966 1719 1994 Sicut
1735 1966 1812 1994 enim

1033 2019 1104 2046 ager
1117 2011 1222 2047 plenus
1242 2011 1459 2039 odoriferarum
1475 2013 1640 2049 specierum
1657 2012 1811 2046 odoribus,

1033 2058 1073 2085 sie
1090 2058 1177 2085 Maria
1193 2058 1283 2094 plena
1304 2062 1345 2086 est
1366 2059 1522 2086 odoriferis
1537 2059 1622 2087 famae
1636 2058 1812 2095 aspersioni-

1034 2105 1098 2133 bus,
1118 2107 1154 2133 De
1171 2106 1225 2133 hae
1240 2106 1422 2141 plenitudine
1446 2107 1624 2143 accipiamus
1644 2106 1727 2143 quod
1741 2106 1813 2142 legi-

1035 2154 1081 2179 tur
1097 2153 1126 2179 in
1137 2153 1239 2180 Genesi
1250 2154 1257 2169 ¹
1267 2155 1286 2180 ἱ;
1305 2154 1368 2180 Ecce
1381 2153 1446 2180 odor
1458 2155 1512 2187 filii
1522 2155 1584 2187 mei,
1599 2156 1668 2181 sicut
1681 2153 1745 2181 odor
1754 2155 1815 2188 aqri

1032 2200 1117 2234 pleni,
1135 2201 1179 2226 cui
1194 2200 1331 2226 benediaeit
1347 2200 1487 2227 Dominus.
1504 2202 1579 2235 Ager
1592 2200 1643 2227 iste
1658 2202 1701 2228 est
1714 2199 1814 2234 Maria,

1035 2245 1065 2272 in
1081 2254 1141 2282 qua
1164 2246 1319 2274 thesaurus
1340 2246 1516 2281 angelorum
1531 2268 1539 2280 ,
1565 2247 1625 2275 imo
1660 2248 1737 2275 totus
1765 2246 1813 2274 Dei

1035 2293 1126 2320 Patris
1141 2292 1333 2320 absconditus
1348 2295 1398 2320 est.
1414 2293 1492 2321 Felix
1509 2293 1560 2329 qui
1578 2293 1599 2309 ¹⁸
1614 2293 1707 2320 vendit
1724 2294 1815 2321 omnia

1036 2348 1094 2374 quae
1109 2340 1198 2372 habet,
1214 2342 1238 2366 et
1254 2342 1318 2367 emit
1333 2348 1427 2373 cyrum
1445 2342 1537 2367 istum.
1554 2340 1643 2375 liujus
1656 2339 1718 2375 agri
1734 2338 1813 2375 pleni

1036 2386 1141 2422 plenus
1156 2385 1233 2413 odor
1256 2388 1297 2413 est
1319 2386 1407 2421 plena
1420 2386 1508 2414 Maria
1533 2386 1621 2421 sama,
1637 2387 1744 2422 plenus
1758 2385 1811 2413 ho-

1036 2440 1101 2461 nor.
1128 2434 1164 2460 De
1180 2432 1237 2461 hoe
1260 2433 1363 2460 beatus
1385 2433 1581 2469 Hieronymus
1596 2433 1636 2461 ait
1651 2434 1670 2449 '⁵
1688 2442 1694 2460 :
1713 2443 1727 2458 α
1741 2432 1814 2465 Quia

1039 2522 1046 2533 ⁸
1064 2519 1153 2549 Eccli.,
1169 2525 1247 2549 mu,
1261 2521 1299 2543 24.
1318 2532 1347 2536 —
1365 2520 1375 2536 ⁹
1392 2519 1464 2550 ibid,
1483 2526 1506 2550 L,
1525 2521 1587 2544 6.-
1601 2520 1622 2537 ¹⁰
1633 2519 1723 2547 Ecclt..
1739 2524 1810 2549 xxiv,

1039 2558 1076 2579 iti.
1095 2568 1125 2572 —
1141 2556 1158 2571 ¹¹
1176 2555 1250 2585 ibid„
1265 2558 1287 2579 3.
1301 2568 1331 2572 -
1348 2555 1365 2571 ¹²
1383 2556 1442 2586 isa„
1461 2555 1626 2584 Lx1v‚7.—¹³
1639 2555 1711 2585 Gen„
1727 2560 1811 2583 xxvii,

1037 2592 1076 2615 27.
1092 2604 1121 2608 —
1136 2591 1156 2608 ¹⁸
1175 2590 1274 2620 Macae..
1291 2596 1354 2620 xm,
1374 2592 1411 2615 45.
1430 2604 1455 2608 —
1475 2591 1492 2606 '⁵
1507 2591 1621 2619 Hieron„
1637 2590 1679 2614 ubi
1695 2596 1779 2621 supra.

1070 2637 1105 2667 (a)
1123 2636 1197 2667 Vulg.
1221 2637 1355 2667 inqressus.
1375 2649 1405 2653 —
1421 2636 1454 2666 (b)
1470 2636 1511 2660 ΑΙ,
1527 2636 1650 2667 captivus.
1666 2649 1691 2653 -
1708 2635 1810 2667 (ἠθικὴ

1037 2672 1098 2697 edit.
1114 2671 1220 2696 sedebit.
1239 2685 1265 2689 —
1283 2671 1318 2700 (d)
1333 2671 1567 2701 Su111›t.1u-›r1mrat.

1820 477 1847 497 Β.
1854 475 1928 498 Uul..

1840 507 1906 535 plen·

1832 538 1916 566 perseo-

1844 569 1904 590 uon·

1826 599 1918 621 nniver-

1819 629 1873 651 uli·
1882 630 1926 650 Βο-

1819 660 1899 682 cle-in.

1830 1932 1854 1952 Β.
1866 1930 1937 1951 Muri·

1848 1963 1913 1989 plena

1840 1999 1926 2019 resper-

1858 2024 1920 2044 sione

1833 2054 1927 2075 odoi-ite-

1827 2092 1858 2107 το
1863 2085 1906 2106 tam
1911 2091 1936 2106 ι.
