2029 3052
166 214 224 244 396
711 214 762 245 DE
784 213 1050 247 PAUPERTATE
1072 215 1226 248 CHRISTI

163 287 282 311 norum
296 278 392 311 Sedes
412 279 593 321 Apostoliea
614 281 757 313 noscitur
774 282 942 322 approbas-

164 342 232 365 se.»
251 333 341 364 Patet
361 333 459 364 etiam
479 343 536 374 per
554 333 712 374 Regulam
732 334 766 367 Β.
783 335 944 367 Francisci

163 396 183 418 a
196 387 326 419 domino
337 387 477 420 Honorio
492 389 712 429 approbatam,
727 392 757 422 et
771 391 941 422 confirma-

163 441 241 478 tam,
268 441 457 473 ubidicitur
471 442 556 482 quod
582 453 598 473 <1
611 443 730 475 vadant
751 444 863 476 fratres
883 454 941 485 910

163 494 366 536 eleemosyna
380 496 586 528 confidenter.
601 507 617 526 »
637 496 698 528 Sed
710 497 736 528 si
752 498 872 530 erravit
882 498 943 530 hoe

163 549 379 589 approbando,
395 550 426 580 et
439 551 560 581 constat
573 559 648 582 eum
660 550 721 582 hoc
735 552 938 592 approbasse,

163 603 194 633 et
208 602 431 641 confirmasse;
449 605 571 635 constat
588 604 685 636 etiam
707 605 792 645 quod
808 606 939 638 univer-

162 655 237 686 salis
250 655 388 686 Ecclesia
402 665 459 696 per
478 658 580 688 totum
601 659 760 690 mundum
774 659 942 700 huJusmo-

161 709 194 741 di
207 709 334 740 ordines
349 711 380 741 et
395 712 495 741 status
509 714 669 752 acceptat:
686 713 941 745 concludendum

161 765 209 794 est
232 772 312 803 ergo
336 764 513 796 secundum
534 765 655 797 dictum
678 766 778 807 hujus
802 767 941 800 hominis

161 817 271 856 11111115,
287 818 372 858 quod
385 819 576 852 universalis
585 820 723 852 Ecclesia
732 822 798 852 tota
809 822 940 863 erravit,

161 873 192 902 et
207 871 336 912 decepta
353 872 424 911 fuit,
440 875 470 904 et
484 873 539 914 qui
554 874 743 914 hujusmodi
757 876 877 906 statum
891 885 939 906 er-

160 935 297 957 roneum
306 927 501 958 invenerunt
512 929 542 959 et
551 929 821 969 approbaverunt,
830 939 941 961 omnes

160 979 302 1011 damnati
325 982 400 1012 sunt
411 991 419 1019 ;
444 981 530 1021 quod
545 984 592 1013 est
611 982 893 1015 horribilissimam
910 986 940 1015 et

160 1033 487 1073 incredibilissimum,
500 1036 585 1076 quod
598 1035 677 1067 Deus
688 1037 943 1076 permittereter-

160 1096 233 1119 rare
253 1088 478 1120 universaliter
501 1089 656 1130 populum
674 1092 820 1122 sanctum
831 1101 939 1130 suum,

160 1143 191 1173 et
204 1143 325 1173 tantam
337 1142 576 1174 multitudinem
589 1143 794 1184 sapientium,
805 1144 862 1184 qui
872 1144 942 1176 haec

159 1197 304 1235 tempora
324 1199 566 1236 praecesserunt.
593 1196 668 1234 Quis
683 1199 792 1228 autem
814 1200 879 1228 tam
895 1208 941 1229 sa-

159 1249 260 1289 piens,
275 1251 305 1280 et
320 1251 385 1280 tam
396 1250 516 1289 justus,
533 1251 569 1281 ut
583 1250 697 1282 audeat
711 1254 842 1283 caeteros
857 1262 938 1292 91εο-

160 1304 207 1334 ter
221 1312 254 1333 se
266 1303 410 1342 judicare
427 1303 523 1334 fuisse
546 1303 692 1344 deceptos
713 1307 743 1335 et
764 1306 940 1345 reprobos?

159 1356 239 1387 Mira
254 1358 302 1388 est
315 1356 385 1388 haec
399 1357 563 1397 sapientia,
583 1367 655 1398 quae
671 1359 817 1390 omnium
839 1361 940 1390 osten-

159 1409 205 1440 dit
219 1410 454 1450 insipientia1n3
478 1413 508 1441 et
523 1411 604 1442 mira
618 1412 761 1451 Justitia,
785 1422 858 1453 quae
881 1422 941 1444 cae-

160 1464 244 1494 teros
258 1464 458 1495 condemnat.
476 1464 565 1502 Quod
580 1465 605 1496 si
621 1465 681 1496 hoc
696 1475 759 1497 non
771 1466 937 1506 sapientia,

160 1516 214 1547 sed
238 1517 343 1557 potius
370 1518 548 1557 temeritas,
583 1518 697 1550 Sedem
723 1519 938 1560 Apostolicam

160 1570 240 1601 velle
252 1571 408 1611 judicare,
425 1581 498 1612 quae
513 1581 532 1602 a
547 1572 614 1603 solo
639 1572 700 1603 Deo
713 1573 888 1613 Judicatur,
909 1576 940 1605 et

160 1625 230 1664 ejus
247 1624 403 1664 judicium
427 1628 457 1656 et
481 1627 671 1657 sententiam
693 1628 884 1667 reprobare,
909 1630 940 1660 et

161 1679 204 1708 tot
219 1678 305 1709 viros
325 1681 450 1710 sanctos
468 1679 500 1709 in
516 1679 676 1710 infernum
698 1681 862 1712 retrudere
874 1706 882 1719 ,
909 1684 940 1712 et

160 1731 192 1762 in
211 1731 401 1762 barathrum
416 1732 639 1771 damnationis,
655 1734 763 1773 procul
779 1744 860 1773 ergo
870 1735 939 1766 haec

160 1785 238 1816 fiant
253 1795 271 1816 a
287 1786 434 1817 cordibus
451 1786 597 1817 fidelibus
609 1789 639 1818 et
654 1787 846 1819 chrIstianis.

200 1838 350 1870 Refellere
365 1840 462 1870 etiam
477 1843 612 1872 conatur
628 1841 781 1881 plurima,
795 1842 860 1873 imo
875 1843 941 1874 fere

160 1893 277 1931 onmia,
295 1895 448 1934 tanquam
464 1894 614 1925 doctrinm
631 1895 812 1935 apostolica}
831 1896 937 1927 inimi-

160 1956 216 1984 ca,
245 1956 302 1987 pro
324 1956 360 1978 eo
385 1948 471 1987 quod
504 1948 577 1978 dicit
608 1949 874 1980 mendicationem
899 1951 939 1980 ab

160 2000 310 2040 Apostolo
333 2010 399 2031 esse
414 2001 609 2041 prohibitam
625 2004 778 2042 tanquam
802 2003 936 2042 malam,

160 2056 191 2084 et
214 2056 338 2085 tantum
362 2055 394 2085 in
427 2064 501 2086 casu
531 2064 599 2086 esse
637 2065 829 2088 concessam.
862 2057 940 2088 Dicit

161 2108 256 2138 etiam
280 2118 331 2139 me
352 2109 447 2139 fuisse
469 2110 659 2148 mentitum,
677 2112 707 2141 et
731 2113 840 2142 contra
855 2111 939 2142 Scri—

161 2163 289 2201 pturam
305 2165 335 2193 et
350 2163 535 2202 Apostolum
559 2164 735 2195 defendisse
760 2165 892 2203 salsum,
910 2168 940 2196 et

161 2215 329 2246 defendere
358 2217 391 2246 in
413 2217 484 2256 hoc,
512 2218 598 2258 quod
628 2218 702 2249 dicit
730 2228 781 2249 me
810 2219 936 2258 dixisse,

162 2269 247 2308 quod
263 2269 408 2301 laborare
424 2280 519 2311 opere
540 2272 682 2302 manuali
706 2281 771 2302 non
796 2273 836 2303 sit
856 2282 941 2312 prae-

163 2324 301 2363 ceptum.
327 2323 406 2355 Dicit
431 2325 542 2363 igitur,
562 2326 646 2365 quod
673 2326 851 2357 mendicare
874 2336 941 2357 non

163 2379 209 2407 est
225 2377 418 2416 indifferens,
441 2378 494 2408 sed
519 2379 639 2409 malum
653 2390 659 2416 ;
678 2381 709 2409 et
725 2380 794 2410 ideo
811 2382 940 2420 propter

164 2430 371 2469 adiectionem
389 2432 636 2463 circumstantia}
652 2433 720 2463 fieri
734 2442 940 2473 nequaquam

164 2486 266 2522 potest
282 2485 414 2524 honum,
432 2486 498 2516 imo
513 2486 599 2526 quod
615 2486 685 2526 plus
700 2489 755 2524 est,
772 2487 803 2517 in
819 2487 939 2527 praedi-

164 2538 310 2569 cantibus
331 2540 444 2570 asserit
463 2549 531 2570 esse
557 2540 779 2571 simoniacum.
800 2541 863 2572 lloc
885 2551 941 2572 au-

165 2593 229 2622 tem
243 2601 311 2623 suae
332 2593 496 2633 positionis
517 2593 761 2625 fundamentum
786 2595 938 2635 frequen-

199 2674 205 2689 ¹
223 2673 242 2696 ll
262 2674 327 2703 sor„
346 2679 400 2703 vni,
417 2676 440 2698 9.
455 2687 484 2692 -
500 2675 508 2689 ⁷
524 2675 615 2704 Gloss.,
632 2682 661 2699 ex
677 2676 737 2699 Bed.
756 2675 779 2699 in
796 2676 865 2701 1111110
879 2677 939 2708 loc„

167 2715 247 2740 usque
258 2709 449 2741 1‘1zpztrpu1·a.—
461 2711 471 2727 3
481 2711 621 2742 Cbrysost.,
635 2712 661 2735 in
672 2711 773 2741 Mam„
786 2712 855 2736 hom.
868 2718 939 2743 me,

998 282 1064 314 tius
1075 283 1238 325 iteratum,
1247 286 1338 319 facile
1351 287 1400 319 est
1408 286 1573 320 advertere
1581 296 1649 319 esse
1658 289 1770 321 ruino-

999 345 1083 375 sum,
1103 347 1179 369 cum
1199 340 1288 371 omni
1307 350 1356 379 eo,
1382 341 1468 382 quod
1481 341 1771 381 superaedificatur.

998 389 1079 422 Nam
1093 391 1120 422 si
1134 393 1314 425 mendicare
1337 394 1538 435 prohibitum
1552 396 1610 434 est,
1629 397 1661 427 et
1681 405 1774 427 men-

998 444 1103 476 dicare
1125 455 1274 486 peccare;
1306 457 1387 488 ergo
1409 457 1478 480 esse
1499 449 1702 488 mendicum,
1727 452 1776 482 est

997 506 1066 529 esse
1080 501 1287 539 peccatorem.
1303 501 1383 533 Cum
1398 511 1476 542 ergo
1491 502 1634 534 Christus
1645 512 1678 534 se
1692 503 1774 535 dicat

998 552 1193 592 mendicum,
1209 554 1274 586 imo
1284 555 1439 596 propheta
1448 555 1482 587 in
1495 565 1632 596 persona
1646 557 1773 597 Christi,

997 605 1113 637 fatetur
1133 616 1212 647 ergo
1236 608 1379 640 Christus
1403 619 1437 641 se
1460 619 1527 641 esse
1549 612 1746 651 peccatorem
1764 623 1771 643 :

997 659 1083 699 quod
1090 660 1207 700 dicere,
1216 661 1268 693 vel
1275 662 1413 701 credere,
1423 672 1488 694 non
1496 673 1634 704 parvum
1653 666 1701 696 est
1714 665 1774 697 ssa-

998 713 1127 753 gitium,
1143 714 1195 746 vel
1206 717 1382 756 peccatum.
1399 715 1532 756 Rursus,
1553 717 1579 748 si
1593 718 1773 750 mendicare

997 775 1126 807 peccare
1149 770 1210 807 est,
1233 769 1418 801 mendicitas
1438 772 1602 811 peccatum
1624 773 1681 810 est,
1706 772 1774 804 sive

997 820 1195 853 mendicatio.
1210 821 1271 854 Sed
1284 833 1380 864 super
1394 824 1473 855 illud
1485 825 1507 863 ¹,
1525 825 1563 858 Ut
1577 825 1645 866 eJ'us
1660 826 1774 866 inopia

998 881 1053 906 vos
1069 874 1188 908 divites
1201 877 1321 916 essetis,
1340 877 1448 909 Glossa
1465 878 1477 895 ²
1494 878 1585 910 dicit:
1602 879 1726 911 «Nemo
1740 890 1773 912 se

996 929 1178 960 contemnat
1188 941 1195 960 :
1206 940 1328 971 pauper
1337 931 1370 962 in
1378 931 1468 971 cella,
1480 932 1569 963 dives
1575 933 1609 963 in
1616 934 1775 965 conscien-

996 981 1050 1020 tia,
1060 982 1202 1014 securior
1212 983 1369 1015 dormitin
1378 987 1473 1023 terra,
1487 995 1585 1026 quam
1596 995 1676 1017 auro
1686 986 1775 1019 dives

996 1035 1029 1066 in
1043 1045 1198 1077 purpura.
1219 1037 1290 1069 Non
1313 1047 1505 1079 expavescas
1524 1048 1605 1079 ergo
1625 1049 1700 1071 cum
1719 1042 1775 1071 tua

996 1091 1198 1123 mendicitate
1213 1092 1253 1124 ad
1268 1092 1361 1124 illum
1383 1094 1546 1133 accedere,
1564 1094 1621 1135 qui
1641 1094 1775 1126 indutus

996 1146 1043 1175 est
1069 1147 1179 1177 nostra
1206 1149 1413 1187 paupertate:
1433 1148 1487 1179 ubi
1517 1158 1549 1179 se
1575 1148 1772 1189 pauperavit,

996 1207 1055 1229 nos
1071 1199 1193 1231 ditavit.
1210 1210 1225 1228 n
1244 1200 1330 1240 Ergo
1346 1201 1532 1232 mendicitas
1542 1201 1691 1242 disponit,
1708 1210 1774 1233 non

996 1252 1127 1283 retrahit
1153 1262 1172 1284 a
1197 1254 1306 1285 divino
1339 1264 1468 1286 accessu
1495 1266 1502 1286 ι
1527 1257 1648 1286 constat
1672 1255 1775 1294 igitur

995 1306 1080 1346 quod
1094 1316 1158 1338 non
1175 1309 1220 1338 est
1238 1309 1414 1348 peccatum.
1430 1308 1577 1349 Amplius
1592 1308 1774 1349 Chrysosto-

996 1369 1068 1392 mus
1092 1361 1166 1392 dicit
1181 1362 1211 1392 ³:
1236 1373 1250 1391 «
1267 1361 1445 1394 Mendicare
1470 1363 1504 1393 in
1526 1362 1614 1394 nullo
1642 1363 1774 1395 offendit

998 1414 1115 1453 Deum3
1144 1415 1244 1447 furari
1272 1418 1380 1447 autem
1412 1417 1481 1449 sive
1508 1426 1620 1457 rapere
1642 1417 1775 1449 offendit

995 1469 1107 1508 Deum,
1124 1472 1154 1500 et
1167 1470 1344 1502 hominem.
1360 1481 1375 1500 n

1036 1523 1100 1554 1100
1119 1523 1214 1554 etiam
1231 1526 1315 1564 patet
1331 1533 1387 1564 per
1400 1525 1620 1556 auctoritatem
1636 1525 1773 1567 Chryso-

994 1577 1088 1607 stomi
1103 1578 1251 1617 superius
1267 1577 1440 1617 allegatam
1454 1578 1492 1610 de
1509 1579 1646 1611 Homilia
1661 1583 1774 1621 quarta

994 1639 1090 1670 super
1105 1630 1304 1662 Matthaeum.
1322 1630 1392 1662 Nou
1411 1641 1489 1671 ergo
1505 1635 1551 1663 est
1566 1633 1605 1663 ab
1621 1633 1773 1673 Apostolo

994 1684 1203 1724 prohibitum,
1222 1694 1280 1716 nec
1300 1685 1462 1716 invenitur
1487 1686 1603 1717 alicubi
1617 1686 1677 1717 hoc
1692 1687 1774 1728 Apo-

994 1737 1111 1769 stolum
1126 1738 1340 1778 prohibuisse,
1357 1739 1411 1770 sed
1424 1739 1531 1779 potius
1541 1749 1615 1771 eum
1628 1740 1694 1771 suis
1702 1749 1771 1772 coa-

994 1793 1122 1833 postolis
1135 1793 1383 1824 commendasse.
1401 1793 1480 1824 Nam
1502 1796 1532 1824 et
1551 1794 1735 1833 praedicavit
1749 1795 1771 1833 ⁸,

994 1846 1024 1875 et
1038 1845 1232 1884 procuravit,
1256 1845 1342 1885 quod
1361 1845 1502 1876 colleetce
1519 1845 1631 1876 tierent
1646 1846 1678 1876 in
1693 1855 1774 1886 pau-

994 1907 1084 1937 peres
1106 1900 1301 1936 sanctorum,
1322 1898 1379 1938 qui
1402 1900 1494 1929 erant
1510 1899 1543 1929 in
1562 1898 1771 1939 Hierusalem,

994 1951 1075 1983 sicut
1091 1952 1301 1992 eleemosyna}
1317 1952 1361 1983 eis
1381 1952 1482 1991 gratis
1498 1952 1668 1992 111190115ῑο;
1684 1956 1715 1984 et
1728 1953 1773 1984 di-

994 2005 1068 2043 cit⁵,
1086 2006 1171 2046 quod
1191 2005 1302 2037 Petrus
1317 2008 1345 2037 et
1360 2005 1493 2037 Jacobus
1508 2005 1672 2038 dexteram
1682 2006 1774 2039 dede-

994 2063 1072 2093 rum
1088 2060 1172 2092 milti
1186 2063 1214 2092 ec
1229 2060 1387 2092 Barnaboe
1407 2061 1581 2099 societaciS,
1604 2064 1639 2092 uc
1657 2068 1714 2093 nos
1735 2061 1772 2093 in

994 2114 1162 2154 (sentibus,
1179 2115 1246 2154 ipse?
1270 2114 1306 2144 in
1326 2114 1581 2152 circumcisione,
1598 2117 1723 2147 tantum
1736 2118 1772 2148 ut

994 2176 1172 2208 pauperum
1191 2176 1344 2200 memores
1359 2176 1506 2200 essemus.
1521 2168 1645 2199 Glossa:
1661 2180 1675 2198 «
1694 2169 1772 2201 Pau-

996 2231 1122 2261 perum,
1139 2222 1196 2261 qui
1212 2231 1322 2252 rerum
1338 2231 1469 2253 suarum
1484 2222 1684 2253 venditarum
1699 2232 1770 2263 pre-

995 2275 1078 2305 tium
1094 2275 1132 2306 ad
1150 2275 1244 2315 pedes
1261 2275 1483 2315 Apostolorum
1503 2279 1684 2316 posuerant,
1701 2286 1772 2308 me-

996 2338 1099 2359 mores
1127 2337 1284 2366 essemuS‚
1308 2329 1347 2359 ad
1371 2338 1452 2369 opus
1476 2329 1603 2360 illorum
1631 2330 1772 2361 faciendo

995 2382 1154 2413 collectas.
1191 2392 1205 2409 1)
1232 2381 1261 2412 Si
1285 2391 1364 2421 ergo
1387 2382 1558 2422 Apostolus
1583 2383 1772 2414 simoniacus

994 2445 1059 2466 non
1079 2437 1145 2466 erat
1168 2435 1200 2465 in
1216 2435 1293 2473 1100,
1317 2436 1401 2476 quod
1422 2436 1566 2467 collectas
1586 2437 1726 2476 petebat,
1741 2438 1771 2467 et

995 2489 1069 2520 disci
1074 2489 1167 2529 pulos
1186 2489 1341 2528 mittebat,
1359 2489 1398 2520 ad
1412 2489 1472 2520 hoe
1486 2492 1521 2520 ut
1534 2492 1676 2530 peterent
1690 2490 1771 2521 elee-

997 2552 1146 2582 mosynas
1166 2543 1206 2573 ab
1227 2543 1294 2580 his,
1311 2544 1427 2583 quibus
1448 2543 1623 2584 spiritualia
1638 2543 1771 2574 semina-

996 2598 1096 2635 verat,
1116 2605 1175 2637 pro
1190 2597 1384 2637 pauperibus
1401 2597 1457 2637 qui
1470 2598 1560 2627 erant
1574 2596 1606 2626 in
1620 2595 1768 2627 Hierusa-

996 2677 1029 2701 al.
1047 2682 1112 2707 Lxx,
1128 2684 1154 2701 11.
1171 2678 1194 2701 [1.
1209 2690 1234 2695 -
1257 2677 1288 2701 ⁴1
1312 2677 1379 2706 Con,
1401 2682 1458 2708 xvr,
1483 2678 1492 2700 1
1517 2678 1543 2700 et
1561 2683 1615 2708 seq.
1634 2690 1657 2693 —
1676 2676 1686 2692 5
1702 2676 1769 2708 Gal.‚

997 2719 1025 2742 11,
1042 2713 1108 2736 9-10.
