2029 3052
603 200 654 233 DE
674 199 753 233 UNA
776 200 807 232 S.
833 199 1007 232 VlRGlNE.
1031 199 1162 231 SERMO
1184 199 1221 230 V.

113 282 200 310 num;
215 274 360 311 quantum
379 272 466 308 putas
486 268 626 299 delectari
649 268 790 304 unimam,
807 267 883 296 divi-

113 328 186 351 num
200 320 304 350 audire
318 317 512 355 colloquium,
528 317 557 345 et
577 315 661 344 dulce
684 314 776 351 ipsius
798 321 885 351 expe-

112 367 164 397 riri
183 366 375 396 convivium?
396 363 477 394 Unde
498 363 506 381 ¹
534 371 541 391 :
573 373 587 388 «
610 363 681 390 Ecce
701 369 756 397 ego
778 363 823 390 sto
847 360 887 389 ad

114 413 234 448 ostium,
249 415 278 441 et
290 412 392 450 pulso;
407 410 431 439 si
441 409 508 447 quis
518 408 644 438 audierit
656 416 761 436 vocem
777 415 886 442 meam,

115 462 144 489 et
157 459 304 497 aperuerit
317 457 389 487 mihi
399 458 534 494 januam,
550 463 606 491 ego
622 455 738 483 intrabo
751 454 790 482 ad
807 462 886 488 eum,

116 508 145 536 et
159 506 283 535 coenabo
297 512 365 534 cum
379 503 441 539 illo,
452 503 552 540 etipse
567 509 694 530 mecum.
707 511 720 528 n
735 502 756 530 Ο
771 509 888 529 sumina
902 535 904 537 Ι

116 552 279 588 delectatio,
297 559 413 580 coenare
428 559 496 579 cum
517 557 635 578 summo
654 549 752 582 bono,
774 548 805 576 iu
826 556 887 584 quo

116 602 159 630 est
170 599 267 628 omnis
281 598 410 626 dulcedo
425 598 456 626 in
471 596 628 630 infinitum,
642 595 710 632 plus
723 602 814 632 quam
829 595 888 622 lin-

116 655 175 684 gua
188 646 285 675 dicere
298 644 416 682 poterit,
430 644 478 672 vel
492 642 629 679 cogitatio
641 642 741 670 cordis
752 641 886 677 attingat!

116 693 192 728 Quid
206 692 286 722 enim
300 691 386 720 melle
402 690 538 719 dulcius?
553 689 606 717 sed
620 689 650 716 in
668 688 815 716 infinitum
828 696 889 716 ma-

116 740 161 776 gis
175 741 217 768 est
237 738 342 767 animae
357 739 430 766 Deus
445 736 550 765 dulcis,
571 737 667 763 Tantae
687 734 766 763 enim
787 734 889 763 dulce-

116 786 194 816 dinis
207 787 250 814 cst
264 787 348 820 Deus,
363 785 396 812 ut
410 783 499 812 nullis
513 781 613 819 poenis
628 781 728 810 anima
742 783 890 817 gravetur,

117 833 190 862 dum
208 831 310 860 divina
329 830 457 859 dulcedo
482 829 587 858 animm
603 830 645 856 est
664 836 802 864 praesenS,
818 828 892 856 sicut

116 879 146 908 in
158 879 263 908 sanctis
277 877 452 914 Martyribus
464 877 598 913 apparet,
616 875 668 912 qui
689 874 805 910 gladios
821 882 890 903 cou-

116 926 308 962 tempserunt,
319 926 346 952 et
356 925 438 960 ignes
450 933 456 952 :
470 931 505 952 eo
521 922 604 960 quod
619 921 784 955 delectatio,
800 929 890 958 quam

117 972 238 1001 interius
253 971 432 1006 sentiebant,
446 978 566 1007 poenam
579 977 698 1008 omnem
713 968 891 996 extrinsecus

117 1019 285 1055 superabat.
300 1020 396 1046 Tantae
411 1017 490 1046 enim
509 1015 674 1044 dulcedinis
693 1017 734 1043 est
748 1015 828 1043 clara
843 1015 891 1043 Dei

118 1066 210 1102 visio,
237 1067 265 1094 et
293 1065 388 1093 dulcis
414 1064 477 1100 ejus
504 1063 619 1097 fruitio,
643 1062 726 1099 quod
751 1062 774 1090 si
799 1062 891 1090 homo

119 1115 212 1142 Deum
240 1112 371 1147 videret,
395 1119 515 1149 poenam
541 1111 571 1139 in
595 1110 710 1138 inferno
736 1117 796 1138 non
825 1117 891 1137 sen-

119 1160 192 1188 tiret.

154 1206 259 1240 Quinto
274 1207 372 1234 autem
390 1205 493 1233 audire
509 1204 652 1232 debemus
667 1203 812 1232 Christum
827 1210 893 1231 cor-

119 1253 274 1290 ripientem
299 1260 354 1280 nos
368 1261 377 1287 3
402 1253 430 1280 et
453 1251 509 1279 hoc
530 1250 712 1284 verecunde,
736 1252 763 1278 et
790 1251 894 1277 treme-

118 1299 220 1328 bunde
232 1320 242 1334 ,
270 1301 297 1327 et
326 1300 468 1335 tanquam
502 1296 720 1325 severissimum
751 1295 892 1332 judicem.

121 1346 202 1375 Unde
216 1346 310 1374 Adam
329 1345 443 1382 primus
463 1352 570 1380 parens
586 1343 625 1371 ait
636 1342 647 1358 ²
663 1352 669 1370 :
691 1353 703 1368 «
722 1342 828 1370 Audivi
843 1350 894 1370 vo—

123 1401 187 1421 cem
205 1394 285 1420 tuam
306 1392 337 1420 in
357 1391 508 1428 paradiso,
530 1392 557 1418 ct
579 1389 672 1429 timui.
689 1399 701 1415 »
725 1389 794 1422 Quis
815 1389 894 1417 enim

123 1448 184 1468 non
198 1440 298 1467 timeat
312 1439 445 1474 judicem
461 1438 705 1474 potentissimum,
721 1437 822 1465 omnia
841 1445 895 1473 po-

122 1489 240 1520 tentem,
257 1488 285 1514 et
295 1485 412 1514 nullum
426 1484 647 1518 formidantem,
662 1492 716 1512 nec
731 1483 819 1511 ullius
832 1491 896 1519 per-

121 1542 226 1562 sonam
247 1532 459 1569 accipientem?
475 1531 544 1565 Quis
564 1539 625 1558 non
646 1530 746 1558 timeat
763 1530 896 1566 judicem

121 1579 378 1617 sapientissimum,
395 1578 495 1606 omnia
505 1579 741 1613 cognoscentem,
755 1580 782 1605 et
795 1577 896 1612 exqui-

121 1629 244 1662 rentem,
262 1628 290 1654 ct
305 1625 544 1654 examinantem?
559 1625 628 1658 Quis
648 1631 710 1652 non
732 1623 831 1651 timeat
847 1624 895 1659 ju-

122 1674 220 1703 dicem
239 1672 448 1708 jnstissimum,
471 1671 544 1699 nulli
570 1670 692 1698 omnino
714 1672 894 1706 parcentem,

122 1721 176 1749 sed
193 1727 313 1756 poenam
335 1718 484 1752 omnibus,
507 1719 538 1745 ut
558 1717 682 1752 dignum
698 1719 750 1750 est,
771 1717 897 1744 inferen-

121 1767 202 1795 tem?
216 1768 291 1802 Ergo
303 1766 418 1794 nullum
431 1764 614 1798 formidabit,
627 1764 697 1799 quia
709 1763 896 1799 omnipotens

123 1815 173 1841 est.
194 1813 305 1842 Nullius
325 1812 448 1840 fallaciis
465 1811 561 1847 decipi
584 1812 688 1846 potest,
705 1810 776 1845 quia
799 1810 895 1837 omni-

123 1860 216 1887 sciens
239 1861 291 1886 est.
314 1858 425 1886 Nullius
448 1857 596 1885 mercibus
620 1856 769 1892 corrumpi
790 1858 896 1892 potest,

124 1906 195 1942 quia
206 1905 383 1941 justissimus
399 1906 449 1932 est.
459 1904 506 1931 Vis
521 1903 609 1937 scire,
625 1903 695 1938 quia
710 1903 897 1938 omnipotens

123 1954 185 1980 est?
193 1952 202 1969 ³
214 1951 264 1980 «Si
276 1951 417 1979 fortitudo
428 1950 575 1986 quaeritur,
584 1949 803 1977 robustissimus
818 1951 868 1976 est.
880 1960 892 1974 »

124 2000 157 2027 Et
170 1998 282 2027 ibidem
297 1998 322 2025 '·:
335 2007 348 2024 «
364 1997 433 2031 Quis
447 1996 549 2024 restitit
563 1996 599 2030 ei,
615 1998 643 2023 et
656 2003 760 2031 pacem
774 1995 895 2022 habuit?

125 2045 180 2079 Qui
202 2044 347 2073 transtulit
369 2045 499 2077 montes,
523 2044 550 2070 et
574 2042 739 2069 nescierunt
756 2042 801 2076 hi,
822 2049 897 2078 quos

125 2091 267 2120 subvertit
280 2091 311 2119 in
325 2091 424 2118 furore
443 2097 507 2117 suo.
528 2089 582 2123 Qui
602 2090 769 2116 commovet
791 2091 898 2116 terram

126 2138 163 2166 de
177 2138 243 2165 loco
258 2146 324 2172 suo,
340 2139 368 2165 et
381 2137 526 2164 columnae
540 2136 602 2171 ejus
617 2135 831 2163 concutiuntur.
844 2135 898 2169 Qui

125 2184 257 2220 praecipit
275 2184 345 2218 soli,
362 2186 390 2211 et
407 2191 468 2211 non
492 2183 597 2218 oritur3
618 2184 646 2210 et
670 2182 768 2209 stellas
790 2182 899 2210 claudit

127 2231 211 2268 quasi
226 2231 281 2258 sub
303 2230 464 2265 signaculo.
481 2229 535 2263 Qui
550 2228 679 2256 extendit
702 2228 791 2256 eoelos
807 2229 896 2262 solus,

127 2280 154 2306 et
168 2277 299 2313 graditur
314 2285 402 2312 super
416 2277 520 2303 fluctus
534 2275 633 2303 maris.
650 2275 703 2308 Qui
716 2274 783 2302 facit
796 2277 897 2303 Arctu-

128 2333 206 2359 rum,
222 2326 250 2352 et
263 2323 383 2358 Oriona,
399 2324 427 2350 et
448 2322 574 2358 Hyadas,
594 2325 622 2349 et
640 2321 778 2349 interiora
793 2323 896 2350 Austri.

128 2371 181 2405 Qui
195 2370 264 2399 facit
277 2378 386 2405 magna
398 2372 425 2397 et
438 2368 757 2404 incomprehensibilia,
771 2377 899 2404 quorum

128 2426 190 2446 non
204 2419 246 2445 est
266 2424 418 2445 numerus.
437 2426 450 2441 »
470 2417 500 2442 Et
522 2414 623 2442 addit:
647 2415 701 2442 «Si
721 2418 840 2450 repenle
854 2416 898 2443 in-

129 2465 267 2499 terroget,
284 2463 350 2499 quis
369 2461 561 2498 respondebit
585 2461 630 2488 ei?
651 2461 699 2489 vel
717 2462 782 2497 quis
803 2462 899 2490 dicere

130 2512 245 2546 potest:
261 2511 317 2537 Cur
332 2509 372 2538 ita
386 2509 477 2537 facis?
493 2509 576 2542 Deus,
594 2508 676 2542 cujus
691 2508 740 2535 irae
754 2516 842 2536 nemo
856 2517 901 2537 re-

130 2557 228 2585 sistere
241 2558 346 2592 potest,
360 2558 387 2584 et
397 2555 452 2583 sub
466 2563 526 2591 quo
538 2557 706 2588 curvantur,
721 2555 770 2590 qui
784 2557 901 2591 portant

165 2655 331 2685 1Apoc,‚111,
346 2655 385 2678 20.
401 2666 430 2671 —
446 2653 454 2667 ²
468 2653 538 2682 Gen„
560 2657 602 2682 111,
621 2654 657 2675 lo.
671 2665 702 2669 —
717 2652 726 2668 ³
740 2652 794 2683 Jub,
809 2659 845 2684 ix,
866 2655 901 2678 to.

1657 198 1709 228 10¹

943 267 1058 296 orbem.
1073 278 1087 294 n
1105 267 1152 296 Vis
1165 266 1250 301 scire,
1269 265 1341 302 quia
1354 264 1408 292 scit
1422 263 1547 292 omnia?
1565 263 1640 292 Audi
1661 264 1716 293 lob

942 313 1049 342 eodem
1063 313 1192 350 capitulo
1208 312 1354 341 dicentem
1371 320 1379 339 :
1394 320 1408 337 α
1421 310 1541 347 Sapiens
1555 310 1644 338 corde
1659 312 1715 346 est;

942 362 971 389 et
984 360 1008 388 si
1020 361 1143 389 volucro
1158 359 1336 388 contendere
1352 366 1419 386 cum
1434 365 1481 392 cO,
1498 364 1558 386 non
1573 358 1676 394 potero
1691 357 1716 386 ei

941 406 1122 444 respondere
1133 414 1225 434 unum
1236 414 1289 442 pro
1301 404 1390 433 mille.
1407 415 1421 431 ι)
1436 405 1468 432 Et
1482 403 1593 432 ibidem
1607 412 1614 431 ε
1634 415 1647 429 =‹
1662 404 1717 438 Qui

942 453 1028 482 etiam
1042 453 1066 481 si
1078 453 1211 481 habuero
1223 452 1377 489 quippiam
1388 451 1510 487 justum,
1522 458 1583 478 non
1597 458 1718 487 respon-

943 501 1038 536 debo,
1064 500 1117 528 sed
1141 508 1240 528 meum
1262 499 1394 535 judicem
1415 497 1609 534 deprecabor.
1634 508 1647 522 υ
1673 497 1718 525 Vis

944 547 1059 580 audire,
1075 547 1146 584 quia
1160 547 1360 575 severissimus
1382 547 1443 574 est?
1457 545 1528 574 audi
1547 545 1602 573 Joh
1619 544 1650 572 in
1669 552 1718 572 eo-

944 595 1013 622 dem
1028 594 1141 630 capite:
1161 603 1174 619 ιι
1190 594 1221 622 ln
1239 593 1355 621 turbine
1376 595 1506 621 conteret
1529 600 1588 626 me,
1604 593 1631 620 et
1645 591 1720 619 mul-

944 641 1087 678 tiplicabit
1096 640 1220 669 vulnera
1233 648 1300 668 mea
1314 639 1402 668 etiam
1418 639 1531 675 absque
1542 646 1641 667 causa.
1656 639 1719 666 Non

944 687 1080 716 concedit
1094 687 1277 724 requiescere
1292 686 1427 722 spiritum
1440 694 1549 721 meum,
1570 687 1598 713 ct
1619 684 1721 721 implet

943 743 991 763 me
1007 733 1262 763 amaritudiuibus.
1285 743 1298 760 n
1320 734 1351 761 Et
1373 732 1486 760 ibidem
1503 741 1509 760 :
1528 741 1542 758 α
1565 732 1593 760 Si
1614 731 1720 768 quoeri-

945 785 1002 816 tur,
1019 793 1032 808 ι)
1050 782 1155 818 inquit,
1171 791 1184 808 <t
1205 780 1327 817 aequitas
1347 779 1462 815 Judicii‚
1488 787 1576 808 nemo
1600 779 1721 808 audebit

945 829 1144 858 testimonium
1159 827 1283 856 reddere
1301 836 1308 854 :
1332 829 1359 854 et
1374 827 1398 854 si
1418 835 1466 854 me
1485 826 1644 862 justificare
1668 834 1721 854 vo-

944 876 1039 910 luero,
1057 883 1090 903 os
1105 883 1205 903 mcum
1221 873 1432 902 condemnabit
1447 881 1493 900 mc
1511 881 1517 900 :
1539 874 1568 901 et
1589 873 1612 900 si
1635 873 1721 900 inno-

946 924 1059 950 centem
1074 930 1122 950 me
1136 921 1302 955 ostendero,
1320 928 1447 956 pravum
1469 927 1516 947 me
1539 919 1721 955 comproba-

947 969 998 997 bit.
1016 979 1029 995 »
1048 970 1122 1004 Lege
1145 970 1238 997 toturn
1259 967 1431 1003 capitulum,
1453 968 1481 994 et
1502 966 1629 994 finaliter
1647 965 1723 993 duo-

947 1016 1096 1044 decimum
1124 1014 1286 1051 capitulum
1322 1014 1470 1048 Sapientia}
1481 1033 1490 1047 ,
1520 1012 1571 1040 ubi
1604 1012 1641 1040 de
1668 1012 1723 1039 huc

948 1063 1071 1091 materia
1093 1065 1160 1090 suut
1180 1061 1283 1096 multa,
1310 1063 1338 1088 et
1360 1060 1495 1097 pulchra,
1521 1068 1587 1095 quae
1611 1059 1724 1087 timoris

947 1112 1016 1138 suut
1030 1110 1184 1138 incussiva.
1203 1110 1234 1136 Et
1249 1108 1329 1136 dicas
1340 1115 1408 1135 cum
1422 1107 1477 1135 Job
1488 1107 1517 1134 in
1528 1106 1635 1134 eodem
1646 1106 1725 1141 capi-

949 1157 1010 1185 tulo
1024 1158 1034 1174 ⁵
1055 1166 1061 1184 ε
1085 1166 1098 1182 «
1122 1156 1249 1184 Verebar
1271 1155 1372 1183 omnia
1393 1163 1485 1191 opera
1506 1162 1589 1188 mea,
1613 1153 1724 1188 sciens,

949 1204 1032 1241 quod
1071 1211 1131 1232 non
1167 1210 1303 1239 parceres
1339 1201 1530 1238 deIInquenti.
1571 1211 1585 1227 n
1627 1202 1722 1235 Roge-

949 1259 1031 1286 muS,
1058 1252 1111 1278 etc.

1233 1319 1360 1349 SERMO
1383 1318 1408 1347 V
1421 1320 1444 1347 ⁶.

986 1392 1093 1426 Diffusa
1112 1393 1150 1418 est
1164 1392 1256 1426 qratia
1271 1391 1300 1416 in
1316 1390 1398 1416 labiis
1415 1390 1480 1422 tuis,
1497 1390 1641 1424 propterea
1653 1388 1726 1415 bene-

951 1439 1024 1466 discit
1041 1441 1064 1466 te
1078 1439 1144 1465 Deus
1160 1439 1189 1464 in
1205 1439 1331 1464 aeternum
1345 1437 1365 1463 ⁷.
1389 1435 1468 1469 Quis,
1485 1437 1725 1471 quantacumque

951 1485 1071 1513 scientia
1084 1484 1203 1520 polleat,
1215 1483 1328 1510 etiamsi
1338 1483 1470 1517 linguam
1478 1481 1622 1509 eruditam
1637 1481 1728 1517 possi-

951 1532 1027 1565 deat,
1041 1531 1128 1566 digne
1144 1530 1265 1557 laudare
1282 1529 1369 1563 valet,
1384 1537 1473 1564 quam
1498 1530 1571 1556 Deus
1587 1528 1617 1555 in
1632 1527 1727 1554 nobili

949 1577 1146 1615 praerogativa
1162 1576 1285 1603 electam
1300 1575 1386 1609 hanc,
1402 1576 1430 1602 et
1446 1574 1583 1602 dilectam
1599 1573 1655 1601 sibi
1667 1574 1727 1601 Yir-

950 1625 1059 1660 ginem,
1081 1623 1174 1659 gratia
1193 1622 1350 1650 decorante
1372 1621 1401 1648 in
1423 1622 1482 1654 via,
1499 1623 1527 1648 et
1544 1620 1639 1655 gloria
1660 1628 1728 1648 con-

950 1672 1115 1699 summante
1144 1670 1173 1697 in
1197 1668 1306 1705 patria,
1338 1667 1486 1695 statuerit?
1516 1667 1616 1695 Omnis
1649 1667 1726 1694 enim

949 1719 1081 1746 humana
1101 1716 1251 1752 perfectio,
1276 1714 1323 1742 vel
1342 1714 1459 1749 respicit
1481 1715 1588 1741 statum
1609 1714 1680 1748 viae,
1697 1713 1727 1740 in

951 1773 1011 1801 quo
1032 1763 1135 1791 merita
1153 1762 1352 1795 cumulantur,
1371 1760 1418 1788 vel
1439 1761 1546 1788 statum
1565 1760 1680 1796 patriae,
1697 1759 1726 1787 in

951 1820 1010 1848 quo
1035 1809 1157 1846 praemia
1179 1808 1395 1836 condonantur.
1424 1807 1546 1842 Dignum
1570 1809 1612 1834 est
1635 1807 1725 1841 enim,

951 1858 1033 1894 quod
1048 1857 1098 1892 qui
1114 1855 1243 1890 legitime
1258 1854 1358 1888 bellat,
1374 1861 1516 1881 coronam
1538 1855 1606 1889 post
1626 1853 1726 1880 trium-

950 1905 1043 1940 phum
1072 1902 1205 1938 accipiat.
1235 1903 1307 1928 Nam
1334 1903 1399 1928 ante
1424 1900 1607 1936 triumphum
1636 1907 1725 1927 nemo

949 1949 1128 1984 laudandus,
1149 1951 1176 1976 et
1194 1956 1283 1975 nemo
1308 1947 1498 1974 coronandus
1525 1949 1576 1974 est.
1600 1948 1663 1974 Non
1685 1948 1727 1974 est

951 1997 1030 2025 enim
1045 1995 1197 2024 laudanda
1212 1993 1377 2029 navigantis
1398 1993 1532 2027 felicitas,
1556 1992 1651 2020 donec
1674 2001 1726 2020 na-

950 2044 1011 2071 vim
1027 2043 1057 2070 in
1071 2043 1165 2070 littore
1181 2043 1295 2075 statuat,
1320 2042 1348 2068 et
1366 2042 1484 2075 portum
1507 2039 1725 2075 tranquillitatis

952 2090 1082 2118 obtineat
1108 2099 1114 2116 :
1139 2088 1210 2125 quia
1233 2086 1378 2123 quamdiu
1406 2086 1474 2113 hinc
1499 2085 1569 2113 iude
1593 2094 1610 2114 a
1633 2086 1725 2113 venti÷

951 2137 1090 2165 flantibus
1105 2143 1185 2163 mare
1201 2134 1295 2168 saltat,
1318 2136 1345 2160 et
1360 2133 1433 2160 inter
1456 2134 1601 2160 tumentes
1621 2133 1726 2160 fluctus

952 2183 1095 2217 ambulat,
1113 2182 1255 2209 incertum
1271 2183 1321 2214 est,
1346 2179 1385 2207 ad
1405 2187 1495 2215 quem
1515 2179 1604 2206 finem
1624 2188 1727 2215 pervc-

952 2231 1021 2258 niat.
1038 2228 1173 2257 Similiter
1188 2235 1242 2254 nec
1258 2226 1341 2253 miles
1360 2225 1529 2253 laudandus
1551 2228 1602 2261 est,
1623 2234 1727 2262 quam-

953 2278 1004 2304 diu
1020 2277 1055 2304 de
1071 2275 1152 2303 bello
1170 2273 1284 2309 aliquid
1306 2274 1404 2306 restat,
1426 2273 1496 2308 quia
1515 2272 1590 2301 sicut
1611 2273 1726 2301 vincere

952 2325 1063 2360 potest,
1094 2321 1134 2348 sic
1158 2323 1186 2348 et
1212 2319 1336 2355 perdere
1360 2318 1493 2346 similiter
1516 2321 1620 2355 potest.
1648 2321 1726 2347 lianc

953 2379 1023 2406 ergo
1039 2372 1169 2397 sanctam
1184 2367 1344 2402 Virginem,
1369 2366 1501 2394 similiter
1517 2370 1544 2394 et
1561 2368 1725 2403 Martyrem,

953 2426 1018 2453 quae
1036 2417 1098 2451 jam
1117 2422 1223 2443 navem
1239 2421 1323 2441 suam
1347 2413 1504 2441 collocavit
1528 2413 1558 2440 in
1573 2413 1680 2447 littore,
1701 2416 1728 2440 et

952 2464 1073 2499 plenam
1088 2461 1240 2489 victoriam
1254 2460 1414 2495 reportavit
1427 2459 1464 2487 ab
1479 2459 1573 2493 hoste,
1590 2460 1620 2486 in
1634 2459 1726 2487 verbo

954 2510 1104 2546 praemisso
1125 2516 1141 2536 a
1164 2507 1282 2535 duobus
1307 2506 1434 2542 legimus
1457 2505 1695 2533 commendatam
1711 2514 1728 2533 a

955 2558 1055 2584 sancto
1068 2555 1210 2591 Propheta
1223 2563 1228 2581 :
1241 2553 1349 2589 primo,
1358 2553 1395 2580 ab
1408 2552 1577 2588 eloquentia
1585 2553 1726 2588 virtuosa,

955 2632 986 2637 —-
1002 2620 1010 2636 i
1027 2619 1098 2647 ibid„⁴
1115 2619 1126 2641 4
1143 2620 1235 2647 etseq.
1252 2628 1282 2632 —
1297 2615 1306 2631 5
1320 2614 1374 2641 λοῦ,
1393 2621 1427 2644 lx,
1444 2616 1482 2638 26.
1499 2628 1527 2632 —-
1544 2615 1551 2629 ὓ
1565 2615 1637 2639 Hunc
1651 2616 1727 2639 habet

958 2655 1018 2679 edit.
1035 2655 1148 2685 llageno.
1165 2659 1208 2677 an.
1224 2651 1294 2675 1496.
1308 2663 1339 2667 —
1354 2649 1364 2665 ⁷
1380 2649 1448 2674 Psal.
1466 2656 1534 2680 κων,
1549 2651 1572 2674 3.
