2029 3052
94 2297 173 2317 Exem-

67 2328 136 2354 plum.

676 239 726 271 DE
748 238 832 271 UNA
854 239 888 271 S.
911 238 1087 271 VlRGlNE.
1113 237 1246 270 SERMO
1268 237 1294 270 Ῑ.
1756 238 1790 267 91

179 310 334 338 creatura?
349 310 382 338 Et
395 309 553 346 propterea
571 307 715 336 Dominus
730 306 801 335 dicit
815 306 855 335 ad
875 308 956 343 Moy-

178 365 230 385 sen
243 358 251 375 ¹
265 366 271 385 :
289 367 301 383 ιι
315 357 470 392 congrega
485 355 524 383 ad
539 363 586 383 me
613 362 735 383 omnem
749 354 908 391 populum,
925 354 957 381 ut

179 404 281 432 audiat
299 410 450 431 sermones
483 409 585 436 meoS,
613 403 641 430 et
666 394 758 429 discat
784 400 886 429 timere
909 409 958 429 me

180 450 263 478 omni
287 451 430 486 tempore.
452 458 466 475 »
496 448 576 476 Unde
600 447 799 476 Psalmista‘:
822 447 960 475 «Timeat

181 497 338 526 Dominum
357 496 453 525 omnis
471 497 567 531 terra3
588 495 626 524 ab
644 503 680 523 eo
698 497 796 523 autem
821 502 958 523 commo-

180 547 304 573 veantur
325 552 428 572 omnes
452 543 650 572 inhabitantes
679 542 793 571 orbem.
817 553 831 568 »
861 544 933 570 Nam
949 564 957 578 ‚

179 592 254 621 sicut
281 591 388 620 dicitur
419 592 430 609 ³
453 600 459 619 :
494 602 505 616 u
535 590 624 619 vobis
651 590 820 618 timentibus
846 597 958 618 nomen

179 648 280 668 meum
293 638 404 667 orietur
420 638 466 667 sol
477 638 604 674 justitiae.
622 648 634 663 n
648 639 720 666 Nam
735 638 763 665 et
773 645 858 672 reges
873 645 960 664 mun-

181 687 223 722 di,
239 688 267 714 et
281 686 441 723 principes,
461 685 589 714 multum
614 686 715 713 amant
739 683 859 718 milites,
882 692 958 721 quos

179 734 282 762 vident
305 734 382 761 circa
405 741 436 761 se
465 734 643 767 reverentes,
667 734 695 760 et
713 733 880 759 reverenter
898 731 958 759 suis

179 780 311 817 imperiis
328 780 542 816 obsequentes;
559 779 612 807 sed
629 778 805 814 disperdunt
817 779 844 806 et
859 778 959 814 oppri-

180 830 265 856 munt
279 826 460 855 contrarium
474 826 625 854 facientes.

215 874 364 909 Secundo,
380 874 491 902 discere
506 873 651 902 debemus
667 867 805 901 'amorem
823 873 960 900 benevo-

179 922 275 950 lentiae
294 922 372 949 circa
389 921 571 957 proximum.
588 922 620 948 Ut
636 920 736 948 scribit
750 919 909 956 Apos'olus
924 921 934 937 ⁴
952 929 958 948 ε

183 980 196 996 ι(
213 969 270 1005 lpsi
282 969 362 997 enim
379 977 431 997 vos
447 977 464 997 a
481 970 538 996 Deo
554 968 708 1003 didicistis,
726 969 758 995 ut
773 968 902 1003 diligatis
916 967 962 995 in-

182 1017 285 1045 vicem.
312 1027 325 1043 »
348 1017 430 1044 Certe
452 1016 510 1044 hoc
535 1015 631 1050 docet,
657 1016 685 1042 et
703 1015 844 1051 praedicat
864 1014 961 1042 omnis

181 1064 340 1100 Scriptura,
357 1065 384 1091 et
397 1063 455 1091 hoc
469 1063 556 1091 etiam
572 1062 659 1090 docet
674 1062 738 1098 ipsa
754 1064 867 1090 natura.
881 1062 960 1096 Quid

182 1111 261 1139 enim
279 1111 381 1147 aspide
401 1111 536 1147 serpente
558 1109 731 1138 crudelius?
754 1111 781 1137 et
802 1111 901 1137 tamen
921 1109 962 1137 sic

182 1167 270 1186 suum
303 1165 475 1193 comparem
505 1157 612 1192 diligit,
643 1159 675 1184 ut
703 1157 816 1193 absque
846 1165 881 1184 eo
913 1157 963 1184 vix

182 1205 281 1233 vivere
308 1205 400 1241 possit
426 1214 432 1232 :
461 1204 542 1232 unde
566 1204 588 1231 si
612 1204 678 1240 quis
699 1211 804 1231 eorum
831 1204 964 1240 aliquem

183 1252 318 1280 occidere
337 1252 412 1286 vult,
433 1251 506 1279 alter
529 1259 633 1279 eorum
653 1251 730 1278 miro
750 1251 843 1278 modo
864 1259 963 1287 perse-

183 1299 282 1335 quitur
298 1299 472 1333 occisorem,
493 1300 520 1326 et
540 1298 625 1325 illum
641 1298 824 1334 ubicumque
840 1297 962 1332 invenit,

183 1346 297 1374 invadit
311 1354 390 1381 eum,
407 1348 434 1373 et
448 1345 524 1373 mori
539 1353 593 1381 pro
610 1345 744 1381 compari
760 1344 961 1380 parvipendit.

183 1393 259 1428 Quid
283 1393 362 1421 enim
383 1393 513 1421 mundus
531 1394 616 1426 esset,
637 1392 688 1428 qui
710 1394 768 1419 tam
795 1392 914 1420 diversa
934 1393 965 1420 in

184 1449 277 1468 unum
300 1440 373 1474 unit,
401 1440 423 1467 si
451 1448 536 1467 amor
556 1441 758 1467 creaturarum
782 1447 843 1466 non
869 1440 965 1467 esset?

185 1488 255 1521 Quis
271 1487 349 1514 enim
364 1486 510 1522 complete
525 1488 640 1513 enarret
655 1485 876 1519 columbarum,
889 1488 964 1514 stru-

185 1535 331 1568 thionum,
348 1542 456 1569 gruum
472 1535 499 1561 et
516 1541 654 1561 anserum
671 1540 804 1560 amorem
818 1533 907 1560 simul
923 1533 967 1560 in-

186 1581 367 1616 cedentium,
389 1580 479 1608 simul
494 1580 708 1616 quiescentium
719 1580 732 1606 ’.Ρ
749 1581 824 1614 Ergo
839 1580 864 1607 si
877 1580 915 1608 ita
925 1582 968 1608 est

186 1629 216 1656 in
230 1628 347 1663 avibus,
363 1628 387 1655 si
402 1627 442 1655 ita
455 1628 486 1655 in
507 1627 705 1663 serpentibus,
724 1627 799 1663 quid
819 1627 850 1654 in
870 1627 967 1654 homi-

185 1675 285 1710 nibus,
302 1675 353 1712 qui
369 1676 437 1702 sunt
451 1674 489 1702 ab
503 1682 564 1702 uno
581 1676 638 1702 Deo
650 1674 785 1710 quodam
797 1673 889 1702 modo
903 1682 968 1709 spe—

186 1723 307 1758 cialiter,
318 1722 444 1759 quisunt
459 1722 497 1749 ab
511 1729 571 1749 uno
588 1721 653 1749 solo
668 1722 790 1749 homine
807 1722 874 1756 orti,
890 1723 967 1750 etad

186 1778 276 1798 unam
293 1769 507 1798 beatitudinem
523 1769 663 1804 ordinati,
680 1769 732 1804 qui
755 1769 792 1796 dc
813 1769 877 1805 ipsa
893 1769 967 1797 dile-

186 1817 281 1845 ctione
297 1818 401 1844 mutua
416 1816 455 1844 ad
472 1816 603 1849 fratrem,
625 1817 676 1843 aut
691 1816 870 1851 proximum,
891 1816 967 1843 divi-

186 1872 258 1891 num
274 1866 449 1899 acceperunt
465 1862 502 1898 (ιι)
519 1865 699 1899 praeceptum
710 1864 724 1890 ⁵?
748 1865 889 1891 Amemus
912 1863 966 1898 igi-

187 1913 232 1938 tur
252 1919 318 1944 nos,
343 1910 458 1944 fratres,
480 1918 542 1937 non
562 1911 656 1937 solum
673 1910 785 1945 lingua,
801 1910 854 1938 sed
870 1912 897 1938 et
910 1918 967 1938 ser-

186 1965 293 1991 mone;
313 1959 340 1985 et
354 1965 415 1984 non
435 1958 549 1984 tantum
564 1956 664 1990 corde,
681 1957 733 1984 sed
749 1957 836 1984 etiam
853 1965 943 1992 opere
959 1966 966 1984 :

187 2005 267 2040 quia,
283 2006 314 2032 ut
329 2004 486 2039 Gregorius
509 2003 579 2031 dicit
599 2004 620 2037 5,
642 2013 654 2028 t<
675 2003 812 2039 probatio
832 2003 964 2032 dilectio-

186 2051 240 2083 nis,
258 2050 400 2078 exhibitio
416 2052 458 2078 est
474 2051 581 2087 operis.
599 2061 611 2076 n

222 2098 328 2132 Tertio,
347 2098 458 2126 discere
475 2098 620 2126 debemus
644 2098 774 2133 rigorem
795 2098 913 2133 justitiae
936 2099 967 2126 in

186 2146 330 2182 nosipsos.
348 2146 428 2173 Unde
444 2148 470 2173 et
485 2146 630 2182 Propheta
646 2146 764 2173 dicebat
781 2147 790 2163 θ
809 2155 814 2174 z
833 2156 847 2171 ι
863 2146 964 2174 Confi-

188 2193 270 2220 tebor
284 2193 339 2220 tibi
354 2192 385 2220 in
400 2193 561 2220 directione
578 2193 686 2228 cordis,
708 2193 737 2220 in
763 2201 798 2220 eo
820 2193 903 2229 quod
922 2193 966 2221 di-

188 2239 245 2267 dici
257 2239 369 2274 judicia
381 2239 498 2274 justitiae
512 2241 578 2274 tuae,
594 2250 608 2265 i>
622 2239 653 2267 id
668 2242 719 2274 est,
736 2240 826 2267 didici
842 2248 889 2267 me
904 2249 968 2267 cor-

188 2286 291 2321 rigere.
310 2287 383 2313 Nam
396 2287 424 2313 et
437 2286 484 2313 leo
502 2286 598 2314 cauda
613 2294 643 2314 se
658 2286 738 2321 ferit,-
753 2286 841 2322 lupus
857 2287 966 2314 acerri-

188 2341 238 2361 mo
261 2333 347 2360 dente
368 2332 476 2368 pedem
495 2332 697 2361 offendentem
716 2333 850 2368 stringit;
868 2333 966 2368 gallus

189 2388 219 2408 se
235 2380 288 2408 alis
302 2379 436 2416 percutit,
448 2387 502 2407 nec
513 2388 617 2408 canere
629 2380 792 2416 praesumit,
806 2382 966 2416 antequam

188 2435 218 2455 se
234 2426 434 2463 percusserit:
452 2426 522 2462 quia
543 2435 645 2454 revera
667 2427 766 2455 nullus
786 2427 825 2455 ad
847 2430 966 2455 cantum

189 2477 330 2503 aeternum
345 2474 458 2502 valebit
476 2474 642 2510 pervenire,
661 2475 712 2510 qui
733 2483 763 2502 se
783 2475 830 2503 hic
846 2483 907 2503 non
923 2475 966 2503 af-

189 2522 303 2550 flixerit.
322 2524 384 2550 Haec
400 2522 502 2550 omnia
516 2521 608 2549 sancti
624 2523 761 2550 Doctores
776 2522 917 2556 fecerunt,
931 2522 967 2549 si-

223 2608 228 2623 ¹
246 2607 378 2636 Dent.‚1v,
401 2609 436 2630 10.
453 2620 483 2624 —
497 2607 507 2622 Ξ
522 2606 691 2636 Psul.xxx11‚
707 2608 729 2630 8.
743 2621 772 2625 —
787 2608 795 2621 ³
810 2607 913 2635 Malae„
930 2613 966 2636 1v,

190 2644 213 2667 2.
239 2656 269 2659 —-
291 2642 301 2658 ⁴
324 2644 332 2666 1
360 2643 449 2672 Thess„
477 2648 512 2673 iv,
535 2644 556 2666 9,
579 2655 608 2659 -
633 2643 643 2658 5
666 2643 784 2673 Gregor„
808 2644 833 2666 in
859 2643 966 2673 Eurum„

192 2679 261 2702 hom.
279 2684 340 2707 xxx,
355 2685 380 2701 n.
399 2681 420 2702 1.
439 2690 468 2695 —
484 2678 493 2694 ⁶
513 2678 691 2708 Psal.cxv111‚
707 2679 730 2700 7.
749 2692 778 2695 —
796 2679 803 2692 ⁷
820 2679 825 2701 Ι
844 2679 912 2707 Cor„
931 2685 966 2708 lx,

192 2715 230 2737 27.
241 2727 270 2731 —
283 2714 290 2727 ⁸
302 2713 418 2743 Hieron,
434 2713 467 2736 ad
480 2713 605 2743 Eustoch„
618 2712 689 2743 epist.
704 2718 770 2744 xxm,
786 2715 844 2744 post
856 2714 964 2737 initium.

1015 308 1064 335 cut
1087 306 1264 335 eorumdem
1283 304 1371 334 nobis
1394 304 1503 341 scripta
1522 304 1692 333 ostendunt.
1713 303 1795 333 Unde

1014 354 1077 390 ipse
1091 355 1197 382 Doctor
1213 353 1347 389 gentium
1359 352 1448 380 nobis
1462 351 1581 380 dicebat
1594 353 1604 369 ⁷
1623 361 1629 379 ;
1649 361 1663 377 α
1677 352 1794 387 Castigo

1015 409 1123 438 corpus
1138 409 1249 436 meum,
1265 401 1335 429 etin
1350 400 1521 428 servitutem
1537 399 1642 435 redigo
1656 408 1662 427 ι
1676 407 1713 427 ne
1727 407 1796 427 cum

1015 448 1080 476 aliis
1095 448 1329 484 praedicaverim,
1348 447 1411 484 ipse
1430 446 1578 483 reprobus
1596 446 1716 474 efficiar.
1740 447 1796 473 Ex-

1015 495 1148 531 emplum
1167 495 1257 523 sancti
1285 493 1472 531 Hieronymi,
1493 493 1649 530 quomodo
1676 500 1797 520 carnem

1015 550 1101 570 suam
1116 542 1225 570 attrivit
1245 541 1274 569 in
1298 541 1495 576 orationibus,
1517 542 1545 569 et
1562 539 1692 576 jejuniis,
1709 542 1737 568 et
1752 539 1798 566 vi-

1016 590 1094 625 giliis
1107 590 1126 616 ⁸.
1143 591 1217 625 Lege
1233 590 1296 625 eJ'us
1313 589 1496 625 Legendam.

1174 689 1226 725 DE
1262 689 1348 725 UNA
1379 689 1409 727 S.
1441 689 1638 725 VIRGINE.

1237 767 1365 797 SERMO
1390 766 1534 796 PRIMUS
1550 765 1572 795 ⁹.

1057 829 1126 856 Veni
1150 828 1182 855 de
1205 827 1318 862 Libano,
1340 828 1424 854 veni:
1447 826 1615 854 coronaberis
1632 825 1665 852 ¹⁰.
1686 826 1738 854 Vix
1759 827 1801 854 est

1018 883 1120 903 servus
1141 876 1202 902 tam
1224 874 1331 908 malus,
1355 873 1456 909 sicque
1485 881 1654 909 perversuS,
1683 873 1734 909 qui
1761 873 1801 901 ad

1019 921 1178 949 dominum
1201 929 1300 953 suum,
1319 923 1453 954 vocatus,
1473 922 1578 948 renuat
1593 920 1706 948 venire.
1728 921 1801 947 Nam

1019 971 1046 996 et
1075 968 1174 1003 eatuli,
1197 976 1215 996 a
1236 967 1365 995 dominis
1386 967 1544 1001 verberati,
1575 967 1702 994 redeunt
1727 974 1798 994 mox

1019 1015 1132 1051 vocati;
1154 1015 1281 1042 redeunt
1295 1014 1334 1042 ad
1349 1022 1456 1042 manus
1476 1013 1670 1042 dominorum
1686 1015 1714 1041 et
1726 1014 1802 1041 acci-

1019 1062 1127 1098 pitres;
1149 1062 1276 1090 redeunt
1295 1064 1321 1089 et
1342 1061 1484 1096 falcones,
1505 1061 1643 1097 quamvis
1659 1061 1716 1088 sint
1731 1069 1802 1088 aves

1020 1110 1108 1138 valde
1130 1109 1277 1143 crudeles,
1301 1109 1338 1136 de
1360 1108 1425 1136 sola
1443 1108 1549 1144 rapina
1570 1107 1710 1136 viventes.
1733 1109 1803 1141 Quae

1021 1159 1063 1184 est
1078 1164 1149 1192 ergo
1165 1155 1346 1192 ingratitudo
1366 1158 1477 1189 nostra,
1493 1163 1559 1191 quae
1575 1157 1617 1183 est
1632 1155 1803 1190 arrogantia

1020 1206 1130 1238 nostra,
1153 1212 1219 1239 quae
1246 1205 1288 1231 est
1309 1203 1431 1230 stultitia
1455 1204 1565 1236 nostra,
1583 1210 1652 1229 cum
1667 1202 1765 1230 vocati
1785 1210 1803 1230 a

1021 1251 1157 1284 Domino,
1180 1259 1241 1278 non
1262 1250 1300 1278 ad
1320 1249 1507 1286 corporalem
1529 1252 1557 1277 et
1578 1250 1742 1285 periturum
1764 1250 1802 1277 ci-

1020 1299 1105 1330 bum,
1126 1305 1181 1325 nec
1202 1297 1241 1325 ad
1267 1297 1464 1333 supplicium,
1479 1296 1532 1324 sed
1547 1296 1585 1324 ad
1601 1298 1743 1324 aeternum
1757 1304 1802 1324 re-

1021 1353 1115 1380 gnum
1131 1346 1289 1372 vocantem
1304 1352 1365 1371 non
1380 1343 1641 1375 attendimus‚non
1653 1343 1802 1378 audimus,

1021 1393 1074 1420 sed
1090 1391 1317 1425 contemnimus,
1332 1399 1423 1427 quein
1439 1394 1515 1418 terra
1530 1391 1636 1425 tremit,
1650 1399 1732 1418 mare
1749 1399 1802 1418 au-

1022 1439 1074 1474 dit,
1092 1441 1119 1466 et
1134 1438 1266 1466 infernus
1280 1438 1466 1475 expavescit!
1480 1439 1544 1465 Haec
1557 1438 1645 1473 Virgo
1661 1446 1721 1465 non
1737 1437 1804 1465 talis

1021 1485 1092 1521 fuit3
1111 1486 1163 1513 sed
1178 1486 1232 1513 fuit
1246 1485 1334 1521 Virgo
1351 1487 1461 1519 sancta,
1479 1485 1567 1520 Virgo
1581 1479 1702 1521 pudica,
1714 1485 1802 1520 Virgo

1022 1535 1118 1560 mente
1145 1534 1173 1560 et
1196 1540 1321 1568 corpore
1341 1532 1537 1568 praefulgida;
1569 1532 1621 1559 scd
1646 1540 1663 1559 a
1690 1532 1802 1559 Christo

1022 1581 1137 1614 vocata,
1151 1579 1249 1615 primo
1265 1579 1383 1606 servivit
1397 1579 1427 1605 in
1443 1578 1546 1613 gratia,
1565 1580 1592 1606 et
1607 1579 1739 1606 secundo
1750 1587 1804 1606 vo-

1023 1629 1086 1654 cata
1098 1626 1136 1654 ad
1152 1626 1289 1661 gloriam,
1300 1625 1421 1653 accessit
1432 1625 1577 1653 obediens
1592 1625 1632 1653 ad
1646 1633 1801 1653 coronam.

1022 1675 1098 1700 Bene
1111 1681 1182 1708 ergo
1198 1672 1306 1700 dicitur
1320 1672 1346 1700 ei
1359 1681 1365 1699 :
1382 1673 1452 1699 Vem’
1465 1673 1498 1699 de
1512 1673 1622 1707 Lzbano,
1636 1675 1689 1700 etc.
1699 1673 1731 1700 In
1741 1681 1802 1708 quo

1023 1720 1115 1748 verbo
1131 1719 1382 1747 commendabilis
1399 1719 1545 1753 redditur,
1560 1722 1588 1747 et
1608 1722 1752 1755 quantum
1764 1719 1804 1746 ad

1022 1769 1129 1794 statum
1145 1766 1209 1800 viu2,
1219 1774 1280 1802 quo
1293 1766 1430 1794 militavit
1446 1767 1476 1793 in
1491 1766 1609 1801 saeculo,
1621 1768 1649 1794 et
1659 1769 1804 1802 quantum

1023 1814 1061 1842 ad
1077 1815 1184 1841 statum
1199 1813 1311 1849 patriae,
1329 1821 1389 1849 quo
1405 1813 1568 1849 triumphat
1582 1813 1613 1840 in
1629 1813 1714 1840 ccelo.
1731 1814 1804 1841 Nam

1022 1863 1111 1888 status
1134 1860 1249 1896 primus
1269 1860 1385 1896 respicit
1407 1860 1462 1887 vice
1486 1860 1636 1894 meritum,
1664 1868 1724 1895 quo
1749 1859 1802 1887 fuit

1022 1907 1115 1942 gratia
1140 1907 1304 1942 adornatag
1326 1907 1378 1934 sed
1402 1908 1492 1934 status
1515 1906 1663 1934 secundus
1686 1906 1804 1942 respicit

1021 1956 1122 1991 patriae
1143 1955 1311 1991 praemium,
1341 1962 1402 1990 quo
1427 1961 1506 1981 nunc
1535 1956 1577 1981 est
1599 1953 1694 1988 gloria
1717 1962 1803 1981 coro-

1022 2004 1099 2030 nata.
1117 2001 1348 2029 commendatur
1362 2009 1434 2036 ergo
1450 2001 1547 2036 primo
1567 2008 1585 2028 a
1608 2000 1724 2035 merito,
1742 2009 1802 2036 quo

1022 2049 1126 2077 claruit
1143 2049 1308 2077 luculenter
1327 2049 1357 2076 in
1377 2048 1436 2083 via,
1453 2056 1522 2075 cum
1537 2047 1645 2075 dicitur
1662 2056 1668 2074 :
1689 2049 1756 2075 Vem'
1771 2048 1803 2074 de

1021 2097 1131 2123 Libano.
1149 2095 1296 2130 Secundo,
1313 2095 1542 2123 commendatur
1559 2102 1575 2121 a
1590 2094 1724 2129 praemio,
1741 2102 1802 2130 quo

1022 2144 1183 2172 sublimata
1200 2144 1291 2171 claret
1311 2143 1341 2170 in
1357 2143 1463 2179 patria,
1480 2151 1548 2170 cum
1564 2142 1701 2169 additur:
1722 2144 1802 2176 Venz',

1022 2192 1197 2219 coronaberis.
1215 2191 1285 2217 Dicit
1301 2197 1371 2224 ergo
1394 2189 1534 2217 Dominus
1552 2191 1578 2216 et
1597 2189 1733 2216 Salvator
1747 2196 1802 2216 no-

1021 2241 1079 2266 ster
1096 2247 1102 2265 :
1123 2239 1191 2265 Veni
1206 2238 1239 2264 de
1255 2238 1366 2264 Libano.
1387 2236 1517 2264 Libanus
1536 2236 1696 2263 candidatio
1713 2236 1802 2263 inter-

1021 2286 1161 2321 pretatur,
1179 2292 1238 2320 qua
1253 2285 1344 2311 status
1357 2283 1453 2311 meriti
1469 2283 1649 2317 designatur,
1666 2290 1701 2309 eo
1718 2282 1802 2318 quod

1022 2332 1051 2358 in
1068 2331 1197 2359 candore
1212 2330 1359 2358 munditia
1373 2329 1502 2357 hominis
1520 2329 1673 2364 utriusque
1694 2328 1801 2364 accipi—

1023 2382 1077 2406 tur.
1094 2380 1140 2406 Est
1155 2386 1225 2413 ergo
1240 2378 1417 2412 notandum,
1442 2377 1525 2413 quod
1544 2377 1650 2412 triplex
1671 2379 1713 2404 est
1732 2384 1802 2403 can-

1022 2426 1088 2459 dor,
1105 2425 1166 2452 sive
1181 2425 1337 2459 munditia,
1353 2433 1413 2460 quo
1425 2424 1533 2460 aliquis
1547 2423 1695 2451 candescit
1708 2432 1714 2450 :
1732 2431 1803 2450 nam

1021 2473 1119 2508 primo
1134 2474 1176 2499 est
1189 2471 1314 2505 candor,
1330 2480 1390 2507 quo
1404 2471 1470 2507 quis
1486 2470 1622 2506 splendet
1638 2470 1668 2497 in
1684 2472 1800 2505 mente,-

1022 2519 1169 2552 secundo,
1184 2520 1226 2546 est
1240 2518 1364 2552 candor,
1381 2526 1441 2554 quo
1457 2517 1523 2553 quis
1538 2517 1630 2552 fulget
1645 2517 1676 2544 in
1692 2525 1799 2551 carne,

1024 2596 1092 2620 idem
1107 2595 1216 2620 refertur
1233 2595 1258 2619 in
1276 2595 1331 2626 ejus
1350 2594 1410 2624 vita¹
1427 2600 1484 2625 quae
1506 2593 1599 2624 scripta
1617 2595 1654 2618 est
1669 2593 1695 2617 in
1715 2581 1802 2616 limine

1023 2638 1132 2662 operum
1147 2631 1210 2661 ejus.
1227 2644 1256 2648 —
1273 2631 1283 2646 ⁹
1295 2631 1384 2660 Neque
1399 2631 1476 2659 huuc,
1496 2636 1579 2661 neque
1596 2631 1647 2653 tres
1666 2630 1802 2660 sequentes

1023 2668 1099 2691 hahet
1118 2667 1175 2691 edit.
1192 2668 1305 2698 Hageno.
1323 2674 1363 2689 an.
1383 2668 1450 2690 1496.
1464 2679 1494 2684 --
1511 2667 1527 2680 '⁰
1541 2666 1625 2693 Cant„
1641 2671 1677 2695 ιν,
1694 2666 1716 2689 8.

1057 2712 1090 2742 (a)
1109 2712 1167 2736 Coet.
1184 2711 1243 2735 edil.
1261 2712 1422 2741 acceperant.
