2029 3052
250 230 311 260 454

251 297 288 327 ut
310 294 350 326 ad
362 293 481 325 coelum
501 290 647 323 homines
667 289 817 321 elevaret.
840 287 881 318 Et
902 287 939 317 ut
958 286 1024 317 tam

251 347 414 385 humanis,
429 354 528 387 quam
542 343 660 376 divinis
673 344 746 374 utar
760 340 926 381 exemplis,
943 338 1026 370 Elias

249 402 363 442 jerno
377 409 431 432 ore
450 399 567 430 coelum
589 396 720 434 clausit,
743 396 752 413 ¹
770 396 902 436 jejunus
923 392 1028 424 filium

254 455 363 488 viduae
376 454 416 486 ab
430 452 541 484 inferis
555 449 735 488 suscitavit,
757 449 889 489 JeJunus
903 445 1029 487 pluvias

255 519 310 541 ore
324 507 479 549 deposuit,
493 506 627 546 jeiunus
635 504 727 543 ignes
740 501 872 533 deduxit
887 500 926 531 de
936 499 1028 538 coelo,

253 564 385 604 jeJunus
403 569 501 592 curru
516 560 564 590 est
581 558 694 597 raptus
712 555 748 586 in
760 554 889 592 ccelum,
906 555 937 584 et
952 561 1033 592 qua-

256 615 406 655 draginta
427 614 553 645 dierum
564 609 689 652 jejunio
709 608 854 642 divinam
865 605 1035 647 acquisivit

256 668 474 712 praesentiam.
508 666 598 698 Tunc
625 663 764 704 denique
790 661 862 702 plus
897 659 1033 698 meruit,

258 723 388 765 quando
400 721 471 762 plus
478 717 651 761 Jejunavit.
660 720 671 737 ²
684 716 761 754 Quis
772 724 812 746 ex
821 714 966 745 humana
973 712 1035 744 vir-

259 779 328 809 tute
343 776 457 816 igneos
476 781 575 814 equos
594 773 625 803 et
644 778 758 802 currus
767 769 921 810 potuisset
930 775 1038 798 ascen-

260 831 346 869 dere,
361 829 425 860 nisi
445 827 501 868 qui
520 827 669 858 naturam
694 823 875 854 humanam
899 820 1040 861 corporis

261 880 512 923 incorruptibilis
536 878 653 920 jejunii
681 877 802 909 virtute
828 875 1006 906 mutasset?
1021 884 1035 902 »³

264 937 321 969 Dat
335 937 432 968 etiam
447 934 600 966 virtutem
614 929 787 972 superandi
802 929 946 967 adversa,
962 928 1042 959 sicut

264 991 351 1023 idem
367 987 558 1021 Ambrosius
572 986 647 1017 dicit
660 984 780 1015 ibidem
798 983 808 1000 ⁸
826 992 834 1014 ε
855 994 870 1012 «
885 982 940 1014 Est
955 991 1043 1022 quae-

264 1045 338 1077 dam
354 1045 511 1075 creaturae
522 1042 650 1078 natura,
662 1047 759 1079 quam
771 1036 988 1069 adamantium
1004 1035 1043 1075 (a)

268 1099 396 1137 vocant,
411 1096 500 1128 nullo
514 1094 615 1126 facilis
630 1093 709 1132 igne
722 1090 879 1128 consumi,
897 1098 969 1130 quae
983 1089 1044 1119 im-

268 1153 370 1193 posita
383 1150 461 1182 focis
479 1147 632 1188 ignescit,
655 1145 738 1176 illico
761 1143 885 1175 sublata
898 1142 936 1173 de
951 1142 1047 1173 ssam-

270 1215 340 1244 ma,
370 1207 524 1244 tanquam
553 1208 712 1241 aquarum
740 1197 899 1229 infusione
927 1195 1048 1227 munda

271 1257 461 1300 resplendet.
482 1255 570 1287 Talia
590 1254 682 1285 erant
706 1259 882 1293 puerorum
898 1250 1050 1281 Hebraeo-

278 1321 353 1344 rum
373 1318 523 1350 corpora,
546 1316 619 1348 quae
631 1306 754 1347 Jejunio
775 1305 808 1335 in
827 1303 998 1335 adamantii
1011 1303 1048 1343 (b)

276 1365 499 1398 transformata
513 1364 674 1398 naturam,
686 1367 804 1399 vapore
818 1357 915 1397 ignis,
931 1365 995 1387 non
1011 1356 1050 1386 ad

280 1418 482 1460 dispendium
508 1415 573 1453 sui,
598 1413 652 1445 sed
667 1413 706 1444 ad
728 1411 866 1452 gratiam
883 1410 1052 1441 mutaban-

280 1473 389 1512 ωηο).
399 1472 409 1488 “
418 1469 525 1502 Daniel
536 1476 665 1509 quoque
675 1466 772 1497 trium
780 1464 1053 1496 hebdomadarum

275 1526 401 1568 jeJunio
417 1525 524 1556 leones
546 1520 672 1553 edocuit
691 1520 854 1560 jejunare,
881 1518 998 1548 missus
1021 1517 1054 1547 in

278 1581 396 1618 lacum,
413 1581 443 1610 et
458 1578 490 1608 in
503 1574 739 1607 adamantinam
753 1572 941 1603 soliditatem
958 1571 1055 1601 absti-

279 1635 397 1666 neutiae
421 1632 530 1671 rigore
552 1628 697 1660 membra
716 1626 850 1657 duratus
871 1634 935 1655 non
958 1624 1059 1664 patuit

281 1687 419 1721 vulneri.
434 1685 484 1716 Sic
504 1692 579 1715 eum
594 1681 853 1713 constrinxerant
864 1679 999 1719 JeJunia,
1026 1680 1060 1708 ut

283 1742 316 1773 in
331 1742 401 1781 ejus
418 1746 549 1779 corpore
565 1736 706 1767 ferarum
718 1733 877 1764 morsibus
891 1732 979 1763 locus
994 1740 1061 1762 esse

285 1804 349 1826 non
364 1794 480 1834 posset.
497 1791 608 1822 Clausa
624 1788 775 1819 tenebant
796 1786 854 1817 feri
874 1786 978 1816 leones
993 1794 1061 1823 ora,

286 1857 359 1890 quae
375 1845 576 1878 abstinentiae
593 1842 785 1883 propheticae
806 1840 955 1871 sanctitas
975 1848 1062 1870 com-

287 1901 456 1942 primebat,
481 1901 517 1930 ut
539 1907 576 1929 ea
597 1898 673 1927 ferte
690 1895 813 1935 aperire
836 1903 901 1925 non
915 1894 1064 1933 possent,

290 1955 388 1987 veluti
407 1954 448 1994 (d)
467 1951 660 1993 quibusdam
675 1949 811 1980 vinculis
827 1948 967 1987 altigata.
981 1958 996 1976 n
1022 1946 1067 1977 Ex

291 2010 341 2040 his
356 2009 458 2048 igitur
475 2010 505 2038 et
520 2006 591 2037 aliis
607 2004 765 2045 praedictis
790 2002 963 2041 colligitur,
983 2000 1069 2041 quod

294 2073 366 2094 cum
382 2071 438 2102 per
458 2060 619 2101 jejunium
636 2058 818 2089 obtineatur
833 2056 981 2096 perfectio
997 2063 1071 2085 san-

297 2116 424 2153 etitaus,
448 2113 610 2154 sapientiae
630 2114 659 2142 ct
670 2110 808 2148 virtutis,
824 2118 881 2149 per
894 2118 966 2149 quw
983 2116 1072 2138 mens

297 2171 440 2201 humana
456 2169 628 2207 purgatur,
651 2164 851 2195 illuminatur
866 2165 896 2193 ct
913 2162 1074 2201 perficitur

299 2224 402 2254 instar
417 2220 604 2252 hierarchia}
620 2218 753 2250 coelestis
764 2242 773 2254 ,
799 2217 838 2248 ab
854 2216 1004 2247 omnibus
1018 2215 1075 2245 de-

300 2277 352 2307 bet
367 2275 488 2306 servari
500 2276 529 2304 ct
544 2272 658 2313 appeti,
671 2272 724 2302 sed
736 2271 875 2301 maxime
891 2270 929 2299 ab
945 2269 1004 2307 bis,
1022 2268 1077 2308 qui

301 2329 437 2370 cupiunt
453 2336 519 2358 esso
536 2325 677 2366 perfecti.
704 2324 791 2355 Unde
807 2326 837 2353 ct
852 2323 921 2353 liwc
936 2323 995 2352 tria
1010 2322 1078 2352 brc-

301 2384 383 2415 viter
409 2380 559 2421 exprimit
587 2378 784 2417 Gregoriana
810 2376 863 2406 illa
885 2376 1026 2416 prais-atio
1049 2376 1077 2413 ⁵,

302 2446 366 2477 qua
381 2435 507 2472 dicitur,
523 2432 607 2473 quod
624 2432 704 2462 Deus
719 2430 877 2470 corporale?
891 2428 1019 2469 Jejum'o
1034 2429 1080 2461 υί-

336 2536 342 2551 ¹
364 2533 494 2561 Ambros„
515 2530 559 2554 ubi
580 2537 647 2560 sup,
669 2536 690 2552 c.
710 2535 741 2558 11,
758 2536 783 2551 n.
801 2531 823 2552 ti.
839 2542 869 2545 —
888 2529 897 2543 ἲ
914 2527 1025 2558 tt›i‹1.,‹:.
1044 2533 1082 2558 111,

306 2578 331 2594 n.
354 2571 375 2593 4.
391 2581 422 2585 —
441 2568 451 2583 ’ὁ
473 2567 546 2595 tliitt.³
569 2574 590 2589 c.
614 2571 662 2594 vu,
685 2571 711 2587 n.
736 2566 769 2587 ta.
789 2577 814 2580 ψ
834 2564 844 2579 ⁸
861 2563 935 2593 ibid„
955 2570 979 2586 11.
999 2565 1036 2587 ΞΟ.
1053 2577 1082 2581 —-

308 2607 318 2622 ¹⁵
343 2605 414 2629 l’rfet'.
441 2603 590 2634 quadrag-ms.
614 2614 644 2618 —
670 2600 678 2613 ⁴³
699 2601 751 2623 {mo
775 2601 862 2622 auctor
888 2606 964 2622 scrin.
992 2605 1083 2629 mun,

309 2649 334 2664 ll.
349 2643 371 2670 1,
386 2640 451 2663 iuter
464 2639 540 2668 Opcr.
555 2638 609 2666 Aug
623 2654 629 2665 ‚
647 2635 762 2666 Appentl.
779 2637 842 2659 ton»,
855 2636 883 2657 Υ.
895 2648 925 2651 -
937 2635 943 2648 ⁷
956 2635 1064 2659 Auitum<
1077 2654 1084 2666 5

310 2676 436 2705 11l=isup.‚
452 2681 473 2697 c.
492 2674 682 2701 i'.11,11.:.’·.¹.—-
698 2671 1084 2697 >tvm-„nr11,-=·1.¹0J„-‚,

311 2718 347 2742 At,
368 2714 385 2734 l.
404 2723 429 2726 J
451 2711 467 2725 ἶ·
485 2710 513 2739 ΕΔΑ
525 2708 564 2731 ltcs
579 2726 584 2735 ,
603 2715 638 2734 ts,
658 2708 691 2729 t‘..

830 217 1038 251 APOLOGIAE
1059 216 1278 250 PAUPERUM

1082 286 1132 318 tz'a
1145 285 1341 326 comprimit,
1357 286 1492 318 mentem
1504 284 1612 324 elevat,
1628 285 1778 320 virtutem
1790 287 1857 321 lar-

1082 339 1171 380 qitzar
1185 343 1215 372 ec
1233 339 1382 379 proemia.
1398 338 1438 370 Et
1455 338 1660 378 Augustinus
1673 339 1708 371 in
1721 341 1860 381 quodam

1084 402 1231 424 sermone
1243 393 1253 410 ⁸
1271 401 1279 423 :
1298 403 1312 422 α
1326 392 1342 424 J
1344 391 1500 433 ejunium,
1513 392 1630 433 inquit,
1642 396 1763 434 purgat
1773 404 1864 427 men-

1084 448 1162 486 tem,
1179 446 1325 479 sublevat
1338 455 1481 485 sensum,
1502 456 1632 478 carnem
1646 448 1772 488 spiritui
1787 450 1865 480 sub-

1083 500 1163 541 jicit,
1173 509 1227 531 cor
1235 499 1309 531 facit
1317 499 1491 531 contritum
1501 501 1533 531 et
1543 500 1763 540 humiliatum,
1776 502 1863 542 quod

1088 554 1170 585 Deus
1189 563 1257 585 non
1278 552 1414 594 spernit,
1439 553 1704 593 concupiscentiae
1730 555 1866 587 nebulas

1089 607 1262 648 dispergit,
1279 606 1450 637 libidinum
1460 606 1589 638 ardores
1603 607 1785 648 extinguit,
1801 617 1869 640 cas-

1090 660 1189 691 titatis
1225 660 1336 691 lumen
1374 659 1527 698 accendit,
1544 661 1769 693 verbositatem
1803 672 1869 694 non

1092 715 1191 753 amat,
1206 713 1392 745 divitiarum
1407 714 1644 753 superfluitates
1661 715 1797 754 abdicat,
1811 725 1869 748 su-

1093 767 1239 808 perbiam
1260 767 1368 805 calcat,
1389 766 1603 799 humilitatem
1625 770 1837 801 commendat.
1851 780 1866 799 ι)

1094 821 1285 853 Ambrosius
1306 820 1414 859 etiam,
1429 821 1484 851 ubi
1500 830 1598 861 supra
1618 821 1629 838 ⁷
1645 832 1653 852 :
1675 833 1690 852 ε(
1706 821 1752 863 Jej
1758 822 1872 854 unium

1096 874 1299 908 continentiae
1322 875 1544 914 magisterium
1558 877 1616 914 est,
1632 876 1792 916 pudicitiae
1806 876 1871 907 dis-

1097 929 1225 970 ciplina,
1249 928 1415 960 humilitas
1431 929 1558 967 mentis,
1574 929 1739 969 castigatio
1753 930 1870 968 carnis,

1099 984 1202 1014 forma
1217 981 1404 1020 sobrietatis,
1414 991 1527 1013 norma
1536 981 1674 1021 virtutis,
1695 982 1873 1022 purificatio

1101 1036 1230 1073 animae,
1255 1035 1467 1066 miserationis
1493 1044 1643 1075 expensa,
1668 1035 1806 1066 lenitatis
1827 1036 1874 1067 in-

1103 1090 1237 1127 stitutio,
1257 1088 1408 1120 castitatis
1428 1089 1533 1128 origo,
1557 1098 1670 1120 senum
1693 1089 1809 1128 gratia,
1825 1098 1877 1120 cu-

1102 1143 1204 1174 stodia
1224 1142 1414 1183 juventutis.
1430 1153 1444 1171 >1
1473 1141 1547 1173 Haec
1574 1143 1612 1173 de
1637 1143 1754 1183 jeJ‘unii
1780 1142 1874 1174 laude

1102 1196 1249 1227 diffusius
1262 1195 1414 1232 diximus,
1430 1197 1466 1226 ut
1475 1195 1643 1226 carnaliter
1654 1197 1805 1236 sapientis
1820 1196 1875 1228 ho-

1105 1250 1202 1281 minis
1217 1251 1248 1280 et
1262 1249 1439 1280 intellectus
1449 1249 1639 1287 instruatur,
1656 1251 1687 1280 et
1701 1249 1881 1281 inflamme-

1105 1306 1157 1334 tur
1175 1303 1317 1340 affectus,
1344 1304 1504 1342 quatenus
1532 1311 1628 1333 suum
1649 1311 1882 1343 recognoscens

1106 1365 1259 1393 errorem,
1276 1356 1309 1386 in
1320 1355 1456 1395 jejunio,
1469 1355 1545 1386 ssetu
1561 1357 1591 1386 et
1609 1355 1739 1396 planctu
1753 1365 1884 1388 conver-

1108 1413 1194 1442 tatur
1208 1410 1247 1441 ad
1269 1409 1442 1441 Dominum
1463 1421 1470 1440 ι
1494 1419 1589 1450 super
1603 1419 1666 1450 quo
1687 1409 1772 1441 Patri
1789 1410 1884 1441 mise-

1109 1463 1320 1495 ricordiarum
1338 1463 1530 1494 sacrificium
1547 1464 1670 1495 devotae
1688 1464 1791 1504 precis
1805 1464 1885 1495 offe-

1110 1518 1223 1556 rimus,
1238 1520 1273 1548 ut
1287 1517 1366 1548 sicut
1388 1517 1427 1548 de
1442 1517 1541 1557 ipsius
1555 1517 1762 1549 subversione
1783 1517 1887 1550 dolui-

1111 1580 1184 1602 mus
1208 1571 1372 1609 hactenus,
1400 1570 1444 1601 ita
1469 1570 1507 1602 de
1531 1571 1737 1602 conversione
1761 1571 1795 1602 in
1814 1580 1887 1611 pos-

1114 1628 1219 1657 terum
1236 1625 1447 1665 gaudeamus.

1241 1742 1558 1780 RESPONSIONIS
1590 1742 1765 1779 TERTIAE

1337 1830 1481 1864 CAPUT
1509 1829 1682 1863 PRIMUM

1122 1903 1157 1930 In
1177 1908 1228 1936 quo
1249 1901 1405 1928 voluntaria
1424 1902 1449 1926 ct
1468 1901 1613 1934 penuriosa
1634 1900 1780 1935 paupertas
1797 1898 1899 1931 funda-

1159 1947 1277 1973 mentum
1293 1945 1455 1978 ecanqcle'coe
1463 1945 1638 1979 perfectionis
1649 1944 1794 1977 astruitur,
1807 1945 1832 1970 et
1842 1950 1900 1977 quoe

1160 1991 1221 2017 huic
1238 1989 1329 2016 videri
1341 1992 1453 2024 possunt
1470 1989 1619 2022 contraria,
1636 1988 1828 2015 dissolvuntur.

1168 2055 1356 2086 Christianae
1381 2053 1546 2092 religionis
1568 2053 1811 2083 fundamentum
1833 2059 1902 2082 esse

1128 2108 1290 2140 Christum
1324 2107 1450 2145 Jesum,
1478 2106 1603 2146 sapiens
1629 2106 1681 2137 ille
1713 2105 1904 2136 architectus

1131 2161 1301 2202 Apostolus
1315 2159 1432 2191 Paulus
1447 2159 1491 2191 act
1512 2159 1693 2192 Corinthios
1710 2159 1831 2197 asserit,
1848 2159 1903 2190 do-

1130 2218 1227 2246 cens¹³
1249 2214 1491 2253 [undamentum
1514 2213 1607 2245 aliud
1626 2213 1705 2253 poni
1728 2220 1792 2244 non
1814 2219 1905 2252 posse

1130 2272 1246 2309 prepter
1261 2268 1309 2305 td,
1327 2267 1412 2307 quod
1424 2268 1564 2307 positum
1579 2269 1635 2304 cst,
1651 2266 1736 2306 quod
1751 2268 1796 2298 est
1813 2265 1904 2297 Chri-

1133 2325 1199 2354 stas
1213 2322 1312 2353 Jcsus.
1332 2320 1397 2351 lloc
1417 2320 1546 2360 quidem
1562 2320 1593 2350 in
1616 2322 1725 2350 nostro
1745 2318 1906 2350 intellectu

1135 2375 1304 2406 collocatur
1323 2383 1378 2414 pcr
1396 2373 1503 2411 fidem,
1520 2382 1617 2413 quam
1633 2373 1718 2403 idem
1739 2371 1908 2412 Apostolus

1136 2429 1210 2459 dicit
1225 2428 1268 2460 ad
1283 2427 1430 2459 Hebroeos
1444 2427 1465 2465 ⁹,
1475 2435 1579 2458 rernm
1591 2425 1824 2466 sperandarum
1840 2434 1909 2456 esse

1137 2483 1368 2519 substanciam
1387 2481 1419 2511 in
1434 2481 1547 2510 affectu
1558 2489 1634 2510 vcro
1645 2488 1700 2519 per
1711 2478 1908 2516 charitatem,

1139 2537 1176 2566 de
1191 2545 1253 2576 qua
1264 2535 1346 2565 idem
1360 2534 1403 2566 ad
1414 2534 1564 2573 Ephesios
1578 2532 1686 2563 scribit
1699 2535 1721 2551 ¹⁰
1735 2543 1741 2562 :
1756 2532 1794 2562 Ιη
1809 2531 1912 2563 chari-

1171 2598 1201 2628 (ιι)
1230 2598 1257 2620 In
1286 2596 1409 2627 mw‘yinalt
1436 2594 1584 2619 amantium.
1611 2592 1685 2624 Apud
1709 2593 1823 2618 Ambros.
1850 2592 1911 2616 edit.

1140 2634 1234 2657 Bz'sont.
1248 2632 1396 2656 amiantum.
1412 2643 1442 2648 —
1459 2631 1492 2662 (b)
1508 2631 1569 2654 Item
1585 2628 1690 2652 amantii
1705 2628 1741 2652 rel
1757 2628 1870 2652 amianti.
1883 2641 1913 2645 —

1140 2670 1169 2699 (v)
1189 2669 1213 2691 Ιιι
1231 2669 1297 2699 taz-iq.
1318 2668 1461 2692 utebantur.
1475 2680 1505 2684 —
1521 2665 1556 2696 (LI)
1573 2665 1631 2688 Item
1646 2664 1737 2689 meriti.
1758 2678 1789 2683 -—
1804 2665 1834 2695 (a)
1851 2664 1912 2688 Coet.

1140 2704 1202 2727 cdd.
1219 2703 1285 2734 quia,
