2029 3052
635 188 918 232 RESPONSIONlS
941 187 1078 220 PRlMAE
1101 186 1228 219 CAPUT
1251 187 1304 219 111.

164 261 378 304 praesidentiis
406 259 603 301 regiminum
613 282 621 297 ‚
647 257 778 299 judiciis
801 257 940 298 justitia-

162 325 250 353 rum,
267 317 297 347 et
311 314 478 346 beneficiis
491 312 745 350 miserationum;
767 311 872 343 cultus
886 320 942 342 au-

164 372 228 402 tem
244 369 298 401 Dei
313 369 348 400 in
362 367 570 400 reverentiae
580 366 674 407 vigili
690 364 941 406 frequentatione

163 423 379 465 psalmorum,
399 422 610 463 hymnorum,
627 420 822 452 canticorum
843 418 939 459 spiri-

162 477 312 516 tualium,
321 475 555 514 adorationum,
563 474 748 512 missarum,
758 475 790 504 et
800 472 939 504 aliarum

162 530 348 562 divinarum
362 529 554 561 orationum.
572 529 648 560 Haec
662 529 769 560 autem
784 526 881 558 simul
893 535 939 557 re-

161 584 266 624 perire
281 584 316 615 in
331 583 437 624 aliquo
452 593 518 615 uno
528 584 613 614 statu
625 581 792 622 religionis
807 579 937 622 praecel-

160 636 290 677 lentius,
307 647 406 679 quam
421 637 456 669 in
471 637 552 676 aliis,
565 637 657 669 valde
672 635 810 674 difficile,
827 637 858 666 et
871 635 936 666 for-

160 692 249 723 tassis
264 691 459 732 impossibile
471 691 598 723 videtur
610 690 781 731 diligenter
795 688 937 720 conside-

158 745 254 776 ranti.
273 745 310 776 Et
319 745 400 784 ideo,
410 744 559 786 quamvis
569 754 655 776 unus
663 743 827 783 religionis
836 743 937 773 status

158 798 295 830 alterum
317 798 478 838 praecellat
499 798 534 829 in
553 798 637 830 votis
661 796 934 834 substantialibus,

156 860 222 883 non
236 853 345 883 tamen
359 851 503 892 praeferri
517 853 620 892 potest
634 851 667 882 in
683 850 844 889 omnibus,
861 858 934 880 cum

156 905 289 946 quilibet
302 907 401 937 status
415 905 535 946 aliquid
550 905 776 946 praerogativae
792 903 935 944 specialis

155 959 307 998 obtineat,
323 968 387 999 quo
402 961 510 990 sancta
525 961 627 991 mater
639 961 759 998 nostra,
772 960 803 990 et
818 966 935 998 sponsa

155 1013 282 1052 Christi,
297 1013 447 1052 Ecclesia,
464 1015 618 1054 tanquam
636 1013 754 1045 vestitu
769 1012 932 1050 deaurata,

155 1067 353 1099 circumdata
366 1068 520 1098 varietate
534 1068 714 1106 decoratur,
727 1069 757 1098 et
769 1066 933 1097 deiformis

154 1121 302 1153 efficitur.
322 1121 381 1152 Per
395 1121 482 1153 hunc
496 1121 591 1153 etiam
606 1121 740 1152 modum
756 1120 933 1151 secundum

155 1175 296 1206 officium
314 1174 510 1215 praelationis
528 1175 732 1206 excellentior
746 1176 794 1205 est
811 1173 932 1213 perfec-

154 1229 210 1267 tio,
227 1229 261 1259 in
279 1238 344 1269 quo
366 1229 557 1260 eminentior
576 1228 738 1259 confertur
753 1227 933 1259 sublimitas

154 1283 286 1322 ordinis,
302 1283 448 1315 videlicet
463 1282 502 1314 ad
517 1282 736 1323 purgandum,
752 1281 934 1313 illuminan-

154 1337 231 1368 dum
246 1338 278 1368 et
296 1337 543 1377 perficiendum3
570 1336 734 1368 onerosior
756 1335 933 1376 imponitur

154 1391 279 1422 sarcina
305 1391 424 1422 laboris
437 1415 444 1429 ,
474 1391 509 1421 in
542 1391 698 1431 pascendo
724 1390 932 1421 commissum

155 1454 291 1485 gregem
307 1444 465 1485 exemplo,
482 1444 579 1476 verbo
597 1446 628 1475 et
642 1443 810 1484 temporali
826 1443 932 1474 subsi-

154 1499 217 1538 dio;
235 1499 363 1531 uberior
378 1499 473 1530 etiam
488 1499 658 1530 comitatur
673 1498 874 1529 fructuositas
885 1507 933 1529 sa-

153 1553 240 1592 lutis,
257 1553 338 1584 etin
352 1562 390 1584 eo
404 1552 460 1593 qui
474 1552 633 1593 praesidet,
648 1552 724 1583 etin
734 1552 779 1583 eis
794 1552 849 1592 qui
860 1552 933 1583 sub-

153 1608 247 1645 sunt,
278 1609 308 1638 et
334 1607 368 1637 in
397 1606 519 1637 caeteris
546 1606 586 1637 ad
619 1615 700 1647 quos
731 1606 932 1646 praesidentis

153 1660 300 1700 exempla
314 1659 518 1701 perveniunt.
535 1659 723 1700 Requiritur
746 1660 847 1699 igitur
868 1659 930 1690 hu-

149 1715 204 1754 jus
227 1715 426 1755 perfectionis
456 1714 647 1746 eminentior
675 1714 869 1753 sublimitas,
895 1716 932 1745 ut

153 1769 304 1808 praelatus
318 1768 465 1800 Ecclesiae
479 1770 600 1809 quanto
617 1768 787 1799 sublimius
801 1770 927 1808 praeest,

151 1823 240 1853 tanto
254 1822 394 1852 sanctius
408 1822 509 1860 vivat,
534 1821 697 1852 sollicitius
721 1822 881 1861 invigilet,
899 1824 930 1853 et

151 1875 346 1906 fructuosius
364 1884 501 1914 gregem
521 1876 638 1914 pascat.
658 1874 691 1905 Si
712 1877 820 1905 autem
844 1884 929 1906 coni-

151 1929 273 1970 paratio
289 1930 343 1960 fiat
365 1928 565 1969 perfectionis
587 1928 627 1959 ad
647 1928 872 1968 perfectionem
896 1929 930 1960 in

151 1991 270 2022 genere
284 1983 421 2022 diverso,
438 1984 596 2022 quantum
618 1981 657 2012 ad
672 1982 804 2012 modum
821 1985 852 2013 et
871 1985 930 2014 sta-

150 2038 231 2076 tum,
248 2036 416 2077 dupliciter
431 2038 533 2076 potest
547 2035 695 2075 intelligi,
713 2035 763 2067 vel
783 2045 928 2077 praesup-

150 2089 319 2129 positorie,
350 2089 402 2120 vel
424 2089 563 2129 praecise.
583 2087 617 2119 Si
632 2090 927 2129 praesuppositorie,

149 2142 195 2173 sic
220 2143 341 2183 absque
364 2143 461 2173 dubio
483 2143 586 2182 maj0r
601 2144 648 2173 est
668 2143 835 2182 perfectio,
854 2153 927 2184 quae

149 2197 321 2228 attenditur
345 2197 524 2228 secundum
560 2197 749 2228 exercitium
780 2198 905 2229 virtutis
917 2222 925 2237 ,

148 2252 262 2281 votum
284 2250 470 2289 religionis,
501 2253 531 2281 et
552 2251 694 2282 officium
718 2251 925 2291 praelationis,

148 2313 247 2345 quam
276 2304 374 2334 altero
406 2304 500 2335 modo
531 2306 668 2336 tantum.
698 2304 759 2335 Sed
790 2305 817 2335 si
846 2314 927 2345 prae-

148 2358 210 2389 cise
245 2366 469 2397 comparamus
500 2358 725 2397 perfectionem
759 2358 926 2398 religionis

147 2414 204 2443 aut
231 2411 425 2452 praelationis
455 2411 495 2441 ad
525 2411 750 2451 perfectionem
778 2412 905 2444 virtutis
916 2437 923 2451 ,

147 2466 237 2497 nulla
258 2474 389 2506 prorsus
411 2467 458 2496 est
477 2465 671 2505 comparatio
698 2466 733 2496 in
755 2475 832 2497 vero
859 2476 925 2497 esse

149 2520 286 2553 virtutis.
304 2519 384 2551 Nam
401 2522 512 2551 votum
528 2519 706 2558 religionis,
725 2520 792 2551 sine
808 2520 925 2551 exerci-

182 2620 189 2636 ¹
204 2619 275 2650 Sap„
291 2625 325 2650 Vl,
341 2620 364 2642 7.
380 2632 411 2636 -
426 2619 434 2632 2
450 2618 557 2649 Philip„
574 2623 603 2648 11,
619 2620 642 2642 3.
658 2631 688 2636 -—
703 2619 713 2635 3
727 2619 803 2649 Aug„
818 2618 847 2641 [le
863 2619 922 2643 Bon.

149 2655 256 2685 conjuq„
271 2662 293 2678 c.
311 2660 389 2684 xxm,
404 2661 431 2678 n.
449 2656 489 2678 20.
504 2667 534 2671 -
551 2654 561 2670 ⁴
576 2654 650 2678 Caus.
668 2660 718 2685 xil,
739 2662 763 2685 q.
786 2661 807 2685 ι,
827 2662 850 2678 c.
868 2661 923 2686 xix,

150 2698 179 2715 ex
199 2697 271 2714 conc.
290 2690 390 2721 Agath„
406 2696 462 2714 can.
478 2692 516 2714 48.

1717 196 1777 226 429

998 255 1117 288 tatione
1133 255 1280 296 perfectae
1295 256 1438 296 virtutis,
1459 266 1524 289 non
1544 260 1592 290 est
1611 260 1772 300 perfectio,

997 310 1051 341 sed
1067 310 1243 350 perversio,
1268 319 1332 341 non
1356 311 1558 351 perfectionis
1580 313 1772 354 sublimita<‚

996 363 1050 395 scd
1066 363 1228 395 simulatio
1243 364 1411 404 aequitatis.
1434 364 1581 397 Officium
1596 376 1671 398 vero
1691 377 1774 408 prae-

996 415 1136 456 lationis,
1153 418 1222 448 sine
1232 417 1373 449 culmine
1385 418 1513 450 virtutis
1523 422 1554 450 et
1567 420 1699 458 meritis,
1710 430 1773 452 nou

995 472 1042 502 est
1055 479 1133 502 vera
1147 470 1341 510 sublimatio,
1367 472 1422 503 scd
1442 472 1586 513 dejectio,
1608 483 1675 505 non
1700 474 1774 514 glo—

994 523 1079 555 riosa
1093 524 1289 564 excellentia,
1314 525 1368 557 sed
1394 526 1572 566 periculosa
1596 528 1700 567 ruina,
1716 537 1774 569 pro

994 587 1032 609 eo
1055 578 1142 619 quod
1165 578 1173 595 ¹
1198 582 1342 618 potentes
1367 582 1512 620 potenter
1537 584 1693 615 tormenta
1712 591 1774 623 pa-

994 631 1126 668 tientur,
1155 633 1183 662 ec
1209 630 1424 664 durissimum
1446 632 1613 673 judicium
1635 634 1688 667 his
1716 637 1775 676 qui

992 686 1136 724 proesunc
1160 684 1224 723 fiet.
1259 684 1338 716 Cum
1370 685 1472 725 igitur
1500 688 1648 727 perfectio
1673 691 1774 720 status

992 738 1061 769 sine
1083 738 1205 770 ratione
1227 739 1305 777 voti,
1331 739 1399 770 sine
1423 740 1547 772 ratione
1570 742 1681 782 officii,
1706 744 1774 775 sine

993 792 1185 832 perfectione
1201 793 1319 831 meriti,
1338 803 1395 834 pro
1410 794 1536 825 modica
1556 795 1702 828 habenda
1719 797 1772 836 sit,

991 846 1142 886 perfectio
1157 856 1234 878 vero
1245 847 1349 878 meriti
1364 848 1499 879 obtineri
1514 858 1579 880 non
1593 850 1691 890 possit
1705 851 1774 882 sine

991 900 1155 940 charltate,
1176 910 1251 941 quae
1275 903 1321 932 est
1347 902 1470 933 donum
1494 902 1633 943 Spiritus
1653 904 1770 944 Sancti,

991 956 1020 984 et
1036 962 1132 985 nemo
1147 955 1236 993 sciat,
1253 957 1365 986 utrum
1387 955 1524 987 alterum
1547 957 1581 987 in
1607 957 1667 989 hoc
1688 959 1772 990 dono

990 1007 1165 1047 praecellat,
1182 1008 1257 1048 quia
1271 1009 1368 1039 etiam
1383 1009 1482 1040 nescit
1498 1019 1532 1041 se
1555 1010 1634 1042 illud
1651 1012 1772 1043 donum

990 1060 1121 1101 habere,
1136 1061 1244 1092 nullus
1258 1062 1352 1093 debet
1373 1072 1405 1094 se
1419 1063 1512 1094 alteri
1531 1064 1564 1094 in
1580 1065 1772 1105 perfectione

990 1115 1157 1154 praeferre;
1185 1116 1263 1156 quin
1288 1117 1405 1156 potius,
1432 1117 1457 1148 si
1487 1118 1543 1149 fiat
1575 1120 1771 1159 comparatIO

988 1178 1200 1208 personarum
1216 1170 1250 1200 in
1271 1170 1458 1201 excellentia
1479 1172 1692 1212 perfectionis,
1714 1174 1769 1205 de-

989 1222 1065 1253 bent
1090 1223 1151 1254 viri
1179 1225 1477 1264 quantumcumque
1503 1226 1653 1265 perfecti,
1674 1228 1770 1267 juxta

988 1276 1163 1307 doctrinam
1179 1276 1352 1317 Apostoli2,
1367 1279 1547 1318 superiores
1557 1279 1618 1310 sibi
1630 1280 1770 1313 invicem

988 1331 1150 1362 arbitrari.
1167 1330 1256 1362 Unde
1271 1331 1489 1371 Augustinus,
1506 1334 1549 1365 De
1565 1333 1642 1367 bono
1655 1335 1768 1375 conju-

987 1384 1057 1425 gali
1077 1388 1087 1404 ³
1112 1397 1118 1417 :
1144 1397 1158 1415 (ι
1172 1385 1242 1417 Non
1263 1388 1365 1424 recte,
1396 1386 1517 1427 inquit,
1543 1392 1770 1429 comparantur·

987 1439 1134 1471 homines
1148 1440 1336 1471 hominibus
1351 1440 1383 1471 in
1401 1440 1442 1481 (a)
1459 1451 1525 1473 uno
1540 1442 1648 1483 aliquo
1670 1444 1767 1476 bono,

987 1493 1070 1524 Fieri
1085 1494 1172 1524 enim
1187 1496 1289 1534 potest
1302 1497 1338 1525 ut
1358 1495 1440 1526 alius
1456 1496 1553 1527 homo
1569 1506 1634 1528 non
1652 1498 1769 1530 habeat

987 1547 1107 1588 aliquid
1132 1548 1219 1588 quod
1240 1548 1322 1579 alius
1336 1548 1451 1587 habet,
1474 1550 1528 1580 sed
1551 1551 1633 1582 alius
1654 1552 1768 1583 habeat

986 1601 1073 1641 quod
1099 1602 1200 1642 pluris
1226 1602 1452 1633 aestimandum
1479 1605 1536 1634 est.
1566 1615 1580 1633 ι)
1609 1606 1646 1636 Et
1670 1607 1766 1646 paulo

986 1657 1079 1694 post:
1104 1655 1245 1686 «Melius
1259 1658 1306 1687 est
1329 1656 1449 1687 hahere
1468 1659 1577 1688 omnia
1597 1659 1691 1699 hona,
1715 1662 1765 1692 vel

986 1709 1123 1748 minora,
1138 1719 1237 1750 quam
1248 1719 1408 1750 maguum
1419 1711 1540 1742 bonum
1556 1722 1631 1744 cum
1644 1723 1765 1754 magno

986 1763 1081 1803 malo,
1098 1764 1174 1804 quia
1188 1764 1223 1794 in
1243 1764 1334 1794 lionis
1349 1765 1490 1804 corporis
1506 1766 1622 1797 melius
1637 1770 1684 1798 est
1705 1769 1764 1800 ha-

985 1817 1059 1848 bere
1081 1820 1236 1848 staturam
1258 1817 1381 1848 Zachaei
1405 1828 1478 1849 cum
1503 1821 1649 1860 sanitate,
1666 1832 1765 1862 quam

985 1869 1082 1900 Goliae
1098 1880 1173 1901 cum
1188 1871 1285 1901 febre.
1309 1882 1323 1899 »
1345 1871 1445 1902 Porro
1469 1872 1507 1903 de
1528 1876 1764 1914 comparatione

984 1926 1126 1955 statuum
1151 1924 1317 1964 religionis
1345 1927 1376 1955 et
1399 1926 1611 1967 praelationis,
1641 1930 1763 1961 meliori

983 1977 1072 2008 salvo
1088 1977 1216 2017 judicio,
1233 1978 1337 2008 dIcere
1351 1987 1534 2019 possumuS,
1550 1982 1634 2021 quod
1647 1983 1704 2024 huj
1711 1994 1763 2015 us-

983 2031 1070 2061 modi
1085 2031 1280 2071 comparatio
1299 2032 1368 2062 fieri
1390 2036 1509 2072 potest,
1535 2035 1586 2066 vel
1605 2040 1763 2076 quantum

983 2085 1022 2115 ad
1037 2093 1085 2122 ea,
1104 2093 1177 2124 quae
1192 2086 1266 2115 sunt
1278 2085 1317 2116 de
1333 2086 1520 2126 substantia,
1538 2089 1590 2120 vel
1606 2094 1762 2129 quantum

982 2138 1021 2169 ad
1036 2148 1083 2177 ea,
1101 2148 1173 2178 quae
1189 2141 1264 2170 sunt
1276 2140 1313 2170 de
1327 2142 1541 2180 congruentia
1556 2145 1711 2177 statuum.
1728 2145 1761 2177 Si

982 2197 1138 2233 quantum
1153 2194 1193 2224 ad
1208 2203 1255 2232 ea,
1274 2203 1347 2234 quae
1368 2198 1442 2226 sunt
1456 2196 1494 2227 de
1515 2198 1704 2239 substantia,
1717 2201 1762 2232 sic

981 2255 1015 2277 se
1029 2247 1147 2277 habent
1163 2246 1251 2278 velut
1272 2248 1458 2279 excedentia
1479 2252 1511 2280 et
1533 2260 1677 2291 excessa,
1703 2263 1761 2294 pro

981 2310 1018 2331 eo
1045 2300 1207 2339 videlicet,
1233 2301 1319 2340 quod
1341 2302 1382 2332 ad
1405 2303 1636 2341 perfectionem
1661 2309 1761 2339 status

980 2355 1146 2393 religionis
1182 2355 1360 2386 necessario
1393 2357 1569 2397 requiritur
1605 2360 1760 2393 abdicatio

980 2409 1191 2448 proprietatis,
1207 2409 1247 2439 ad
1262 2419 1360 2449 quam
1374 2412 1483 2442 tamen
1497 2413 1629 2444 minime
1644 2415 1760 2446 astrin-

981 2464 1104 2502 guntur
1118 2462 1241 2502 praelati
1256 2462 1414 2502 Ecclesiae,
1438 2465 1520 2496 sicut
1542 2469 1639 2506 patet,
1664 2477 1759 2500 causa

978 2526 1034 2555 XII,
1052 2526 1083 2556 q.
1099 2520 1127 2554 11,
1145 2525 1186 2547 ex
1198 2517 1331 2548 concilio
1352 2518 1506 2558 Agatensi
1523 2522 1534 2538 a
1551 2531 1557 2551 :
1578 2532 1592 2550 «
1610 2521 1758 2563 Episcopi

979 2572 1017 2602 de
1032 2571 1128 2602 rebus
1146 2571 1293 2611 propriis,
1322 2572 1371 2603 vel
1397 2574 1572 2613 acquisitis,
1597 2576 1647 2606 vel
1669 2577 1758 2616 quid·
1790 2569 1794 2571 Δ

978 2626 1052 2666 quisi
1070 2626 1108 2656 de
1127 2626 1257 2665 proprio
1279 2626 1407 2664 liabent,
1433 2627 1614 2659 haeredibus
1637 2631 1713 2668 suis,
1729 2632 1755 2661 si

1011 2690 1044 2719 (a)
1061 2687 1132 2718 Apud
1146 2688 1211 2718 Auy.
1231 2695 1272 2712 ex.
