2029 3052
617 235 901 269 RESPONSlONIS
924 237 1098 276 QUARTAE
1120 239 1249 272 CAPUT
1273 240 1310 272 ll.

156 305 376 347 interpositam
390 314 566 347 personam
581 305 725 346 ipsorum
740 305 845 337 valeat
859 305 936 337 rele-

156 360 226 392 vari
240 359 418 398 necessitaS,
434 360 510 401 quia
524 359 615 392 valde
631 359 805 391 absurdum
823 361 869 390 est
883 359 934 390 in-

156 413 311 453 telligere,
333 413 418 454 quod
434 413 535 445 cuivis
550 413 639 444 diviti
661 422 725 444 non
739 413 831 444 liceat
852 413 933 445 elee-

156 476 325 508 mosynam
342 476 397 508 per
410 467 562 508 seipsum,
579 472 637 499 aut
649 477 704 508 per
715 467 864 504 alterum,
878 476 937 507 pro

156 529 215 552 sua
229 521 393 552 voluntate
408 522 563 553 conferre.
580 521 670 559 Quod
686 521 712 552 si
726 523 865 553 reservet
881 531 938 552 au-

156 574 299 606 ctoritate
321 574 406 607 illius
433 584 491 616 pro
517 584 582 616 quo
601 575 810 616 dispensanda
833 577 891 613 est,
909 574 937 605 ei

156 629 307 668 competit
330 630 360 660 et
384 629 416 660 in
445 638 574 660 causam
598 629 744 667 trahere,
768 631 798 660 et
823 630 938 660 caetera

156 691 264 722 agere,
290 691 363 723 quae
386 685 488 723 potest
511 683 657 724 quisquis
676 692 790 714 verum
811 683 858 713 rei
878 683 938 713 sibi

157 737 338 769 vendicavit
358 738 548 769 dominium.
573 737 611 769 Et
625 737 696 776 hoc,
721 737 797 777 quia
816 737 936 778 profes-

157 791 238 824 sioni
264 792 399 822 fratrum
419 791 603 823 nullatenus
629 791 796 829 convenit,
826 791 938 822 beatus

156 844 342 875 Franciscus
363 853 512 885 expresse
538 844 694 883 inhibuit,
720 845 797 885 quia
823 854 938 876 secun-

155 898 233 929 dum
250 897 417 929 veritatem
432 900 588 938 quantum
599 898 637 928 ad
653 898 879 938 proprietatem
891 899 937 930 rei

155 962 221 984 non
235 953 341 990 refert,
357 954 466 983 utrum
477 952 549 992 quis
562 952 622 983 hoc
632 952 726 983 modo
739 953 870 993 recipiat
880 946 940 994 per

155 1007 317 1048 propriam
329 1015 473 1045 manum,
496 1006 547 1036 vel
562 1005 711 1037 alienam.
726 1006 815 1037 Hanc
829 1009 938 1038 autem

155 1060 378 1100 differendam,
397 1062 427 1091 et
442 1059 597 1090 naturalis
616 1060 698 1091 ratio
713 1060 813 1098 docet,
837 1063 869 1091 et
887 1061 939 1101 jus

155 1114 309 1154 scriptum
332 1114 444 1155 papale
466 1114 614 1145 declarat.
637 1113 725 1144 Sicut
749 1114 835 1144 enim
850 1114 936 1145 mul-

155 1171 224 1200 tum
241 1169 348 1207 refert,
373 1171 483 1200 utrum
503 1168 558 1208 qui
580 1168 740 1199 ministrat
766 1168 872 1207 alicui,
898 1169 939 1200 sit

154 1222 255 1262 ipsius
270 1232 393 1261 servm,
410 1223 462 1254 vel
472 1222 608 1262 alicujus
627 1222 858 1253 excellentioris
871 1232 940 1263 per-

155 1285 243 1307 sonae
262 1277 419 1314 minister,
443 1285 501 1316 pro
522 1277 614 1316 cujus
635 1275 800 1306 voluntate
815 1278 849 1307 et
876 1276 939 1307 1111-

154 1330 243 1372 perio
258 1331 472 1361 ministerium
497 1330 576 1361 illud
595 1329 763 1370 impendit,
785 1331 938 1370 quemad-

155 1384 288 1415 modum
309 1384 462 1415 differunt
486 1383 702 1414 ministerium
721 1384 836 1415 servile
852 1387 883 1415 et
898 1384 936 1415 li-

155 1439 271 1477 berale,
282 1438 496 1469 ministerium
505 1439 685 1470 humanum
696 1441 726 1470 et
734 1448 772 1469 an
778 1439 918 1478 gelicum
928 1450 935 1477 ;

154 1492 200 1523 sic
222 1492 360 1524 multum
385 1493 491 1524 differt
511 1494 623 1524 utrum
648 1493 701 1524 ille
730 1493 938 1523 intermedius

154 1546 287 1578 nuntius
309 1554 477 1586 personam
504 1548 611 1578 teneat
633 1547 748 1585 dantis,
776 1546 828 1578 vel
853 1547 935 1577 acci-

154 1599 280 1640 pientis.
298 1599 482 1631 Secundum
497 1601 593 1631 etiam
605 1601 660 1641 jus
682 1600 776 1631 civile
797 1600 937 1631 multum

155 1653 273 1693 differt,
295 1663 369 1685 cum
388 1655 535 1686 creditori
554 1655 677 1686 debitor
699 1655 868 1695 pecuniam
886 1664 938 1685 so-

155 1707 293 1747 luturus,
310 1708 410 1749 aliqui
426 1709 623 1740 intermediae
637 1718 780 1749 personae
788 1709 936 1739 commit-

155 1762 204 1800 tit,
221 1764 332 1793 utrum
350 1763 402 1793 ille
424 1763 550 1794 medius
569 1764 608 1794 sit
631 1765 818 1803 procurator
847 1762 935 1793 debi-

156 1816 245 1855 toris,
274 1826 315 1847 an
330 1817 504 1848 creditoris
528 1816 562 1848 Si
575 1817 661 1848 enim
686 1819 875 1857 procurator
891 1818 939 1846 est

160 1869 333 1908 creditoris,
348 1873 378 1902 et
395 1871 529 1911 pecunia
547 1870 700 1911 perdatur
715 1873 788 1901 ante
805 1870 936 1900 solutio-

160 1932 248 1961 nem,
265 1923 324 1963 ipsi
340 1924 486 1955 creditori
505 1924 658 1964 perditur,
679 1927 709 1954 et
725 1925 794 1963 J'am
818 1933 876 1964 pro
891 1933 938 1954 so-

157 1977 226 2009 luta
240 1979 393 2018 habetur5
410 1980 435 2010 si
451 1981 560 2011 autem
574 1980 762 2019 procurator
786 1978 827 2009 sit
849 1978 937 2008 debi-

157 2032 246 2070 toris,
268 2033 328 2073 ipsi
351 2034 508 2073 perditur,
529 2034 560 2064 et
579 2032 685 2063 adhuc
704 2032 856 2062 solvenda
872 2033 936 2069 est,

158 2094 224 2116 non
238 2096 296 2126 pro
313 2087 415 2118 soluta
427 2087 583 2118 habenda.
595 2086 692 2118 Juxta
705 2085 792 2116 hunc
806 2085 938 2116 modum

159 2137 313 2171 Dominus
324 2140 499 2181 Gregorius
515 2139 565 2178 lX,
583 2140 633 2170 vir
648 2139 760 2179 utique
774 2141 841 2169 tam
857 2139 938 2170 divi-

158 2201 211 2231 no,
231 2203 328 2233 quam
344 2196 569 2235 humanojure
585 2194 718 2235 peritus,
730 2194 786 2234 (1111
799 2195 937 2224 mentem

159 2246 243 2279 beati
260 2249 416 2280 Francisci
443 2250 567 2290 plenius
588 2250 733 2286 noverat,
761 2248 936 2278 5101111111ιί-

160 2306 226 2337 tive
243 2303 411 2343 respondet
427 2312 435 2334 :
456 2315 470 2333 «
487 2303 575 2340 Quod
591 2303 618 2333 si
633 2311 703 2333 rem
720 2302 779 2332 sibi
794 2311 938 2332 necessa-

161 2359 244 2390 riam
264 2357 363 2388 velint
386 2357 498 2387 fratres
521 2366 646 2393 emere,
669 2356 721 2387 vel
749 2356 940 2386 solutionem

162 2413 264 2444 facere
279 2419 337 2451 pro
349 2411 418 2450 jam
435 2412 553 2450 empta,
569 2411 703 2450 possunt
718 2409 769 2440 vel
790 2410 940 2440 nuntium

163 2468 235 2507 ejus
256 2474 275 2495 a
294 2474 358 2504 quo
382 2473 433 2494 res
457 2464 587 2501 emitur,
611 2463 662 2494 vel
682 2463 822 2503 aliquem
842 2464 941 2494 alium

164 2520 347 2553 volentibus
371 2519 431 2549 sibi
453 2519 688 2558 eleemosynam
715 2518 835 2556 facere,
858 2528 940 2558 prae-

166 2577 301 2612 sentare,
319 2574 375 2614 qui
390 2574 494 2604 taliter
511 2574 721 2612 praesentatus
736 2581 754 2602 a
774 2572 942 2611 fratribus,

166 2637 231 2658 non
246 2629 292 2658 est
306 2637 419 2658 eornm
434 2627 578 2665 nuntius,
596 2627 650 2657 sed
665 2626 750 2656 illius
766 2627 881 2666 potius,
893 2636 945 2657 cu-

164 2683 221 2723 jus
238 2681 387 2712 mandato
402 2681 593 2712 solutionem
610 2680 694 2719 facit,
711 2689 768 2710 seu
790 2680 946 2720 recipien-

169 2736 211 2767 tis
231 2735 388 2776 eamdem,
406 2736 462 2776 qui
480 2736 698 2776 elemosynam
714 2734 773 2765 sibi
797 2736 947 2768 commis-

1716 244 1774 275 503

990 316 1058 339 sam
1074 310 1185 349 potest,
1205 308 1287 339 sicut
1307 309 1337 339 et
1358 308 1522 348 dominus,
1546 310 1631 350 apud
1653 310 1775 351 specia-

990 359 1053 391 lem
1070 361 1121 391 vel
1144 361 1335 391 familiarem
1363 360 1497 391 fratrum
1515 361 1656 393 amicum
1673 363 1775 403 depo-

991 422 1067 445 nere
1080 423 1136 455 per
1151 414 1268 454 ipsum,
1280 414 1349 446 10οο
1359 416 1390 445 et
1401 417 1542 455 tempore
1555 424 1612 455 pro
1627 416 1772 456 ipsorum

991 467 1243 506 necessitatibus,
1257 468 1339 499 sicut
1349 468 1498 508 expedire
1509 469 1635 507 viderit,
1648 470 1773 510 dispen-

992 522 1136 553 sandam.
1155 532 1170 550 n
1196 522 1271 553 Haec
1286 523 1385 553 verba
1405 523 1549 563 rescripti
1571 523 1708 564 papalis;
1732 533 1774 556 ex

992 575 1108 615 quibus
1124 577 1267 616 patenter
1282 576 1395 615 elucet,
1419 577 1505 617 quod
1520 577 1657 608 fratrum
1673 577 1773 609 Mino-

992 638 1065 660 rum
1081 630 1195 669 regula
1215 639 1278 661 non
1300 630 1458 661 discordat
1479 639 1497 660 a
1516 631 1593 669 vita,
1610 640 1668 662 nec
1683 640 1774 662 com-

993 684 1101 715 munis
1126 684 1271 725 ipsorum
1297 685 1412 716 modus
1433 685 1562 717 vivendi
1583 685 1741 717 discordat
1756 696 1775 718 a

991 738 1117 777 regula.
1135 738 1346 779 Nequaquam
1360 739 1461 778 igitur
1472 739 1674 779 profitentur,
1689 739 1775 780 quod

991 792 1100 823 nullus
1116 792 1160 823 eis
1181 793 1358 833 provideat,
1376 794 1406 824 et
1428 792 1665 833 eleemosynam
1682 794 1774 825 faciat

993 855 1050 886 per
1064 855 1108 885 se,
1125 847 1177 878 vel
1192 857 1248 887 per
1260 847 1481 887 interpositam
1497 857 1682 888 personam,
1700 848 1776 889 quia

992 900 1054 930 hoc
1078 900 1215 940 collegio
1239 901 1493 932 mendicantium
1523 911 1714 942 pauperum,
1745 903 1777 933 et

992 954 1191 994 impossihile
1204 955 1296 993 foret,
1313 957 1343 986 et
1357 955 1510 994 stultum;
1529 956 1582 986 sed
1599 956 1684 996 quod
1701 956 1775 996 ipsi,

989 1009 1086 1049 juxta
1106 1009 1244 1040 formam
1259 1010 1294 1040 in
1311 1009 1488 1049 Evangelio
1511 1010 1662 1041 traditam
1676 1020 1775 1042 evan-

993 1063 1104 1103 gelicis
1127 1063 1218 1101 viris,
1243 1063 1414 1103 pecuniam
1437 1064 1526 1095 nullo
1551 1064 1647 1095 modo
1673 1065 1777 1105 possi-

993 1117 1096 1148 deant.
1112 1116 1146 1149 Si
1159 1118 1238 1148 forte
1251 1117 1325 1158 quis
1339 1118 1424 1149 dicat
1438 1118 1470 1148 in
1483 1118 1622 1149 carentia
1632 1119 1776 1158 pecuniae

993 1170 1115 1201 nullam
1141 1180 1274 1211 prorsus
1294 1181 1362 1202 esse
1383 1172 1581 1203 sanctitatem
1594 1197 1602 1211 ,
1624 1182 1691 1203 non
1710 1174 1777 1204 tam

993 1224 1089 1255 infert
1108 1224 1302 1256 calumniam
1325 1226 1452 1265 regulae
1468 1235 1660 1266 pauperum,
1677 1236 1776 1266 quam

993 1278 1169 1318 Evangelio
1181 1279 1306 1317 Christi,
1318 1279 1351 1310 in
1365 1289 1429 1319 quo
1439 1280 1590 1320 apostolis
1606 1280 1776 1312 inhibitam

993 1333 1091 1364 fuisse
1125 1336 1248 1365 constat
1279 1334 1467 1374 pecuniam,
1503 1335 1585 1365 sicut
1611 1337 1643 1366 et
1670 1337 1777 1366 textus

993 1397 1142 1428 expresse
1159 1388 1243 1427 dicit,
1261 1390 1290 1419 et
1307 1390 1491 1419 sanctorum
1515 1389 1700 1420 testimonia
1724 1398 1775 1420 as-

993 1444 1118 1473 truunt.
1136 1442 1224 1480 Quod
1242 1442 1371 1482 quidem
1386 1442 1570 1474 nullatenus
1584 1453 1603 1474 a
1616 1443 1774 1483 magistro

993 1496 1136 1528 veritatis
1158 1496 1353 1527 credendum
1373 1498 1420 1527 est
1443 1497 1680 1536 perfectissimis
1694 1497 1774 1528 viris

993 1550 1090 1581 fuisse
1106 1550 1318 1590 propositum,
1335 1550 1397 1581 nisi
1408 1551 1549 1581 scivisset
1563 1560 1619 1591 per
1635 1551 1694 1582 hoc
1710 1560 1773 1582 me-

993 1603 1092 1634 ritum
1121 1604 1167 1634 eis
1193 1614 1371 1635 accrescere
1400 1605 1545 1644 perfectae
1569 1605 1718 1644 virtutis,
1746 1607 1778 1636 et

993 1658 1166 1698 praecipuae
1183 1659 1369 1690 sanctitatis.
1393 1659 1471 1690 Cum
1491 1659 1576 1690 enim
1593 1669 1723 1699 magnae
1735 1660 1777 1691 sit

994 1712 1186 1743 difficultatis
1205 1713 1335 1752 ignotas
1359 1715 1519 1753 regiones,
1545 1716 1576 1745 et
1590 1714 1696 1744 aridas
1711 1716 1776 1745 ter-

995 1775 1057 1804 ras,
1067 1767 1135 1797 sine
1146 1767 1335 1798 sufficientia
1344 1768 1576 1807 stipendiorum
1589 1777 1776 1808 peragrare,

996 1820 1071 1860 quia
1111 1821 1189 1851 tales
1227 1830 1355 1852 necesse
1392 1821 1511 1852 habent
1544 1822 1644 1852 vitam
1683 1822 1777 1853 istam

995 1875 1176 1914 transigere
1190 1874 1223 1904 in
1239 1875 1333 1913 fame,
1350 1874 1411 1913 siti,
1433 1875 1553 1915 frigore
1568 1877 1599 1906 et
1612 1876 1775 1915 nudidate,

994 1928 1208 1968 omniumque
1230 1937 1340 1959 rernm
1362 1929 1510 1968 penuria,
1526 1929 1553 1959 si
1567 1929 1694 1959 nullum
1717 1930 1778 1960 hoc

995 1982 1089 2013 modo
1117 1982 1300 2013 viventibus
1332 1982 1486 2012 meritum
1520 1983 1696 2013 sanctitatis
1724 1992 1777 2014 ac-

995 2038 1158 2075 cresceret,
1182 2036 1242 2067 hoc
1261 2036 1376 2073 dicere,
1399 2036 1459 2066 1100
1480 2037 1633 2076 profiteri,
1659 2036 1703 2067 sic
1726 2037 1775 2068 vi-

995 2101 1081 2130 vere,
1099 2091 1180 2122 nihil
1196 2091 1281 2121 aliud
1304 2092 1397 2128 esset,
1423 2100 1521 2130 quam
1544 2091 1697 2122 insanire.
1714 2091 1775 2122 Ve-

994 2156 1081 2185 rum,
1097 2146 1180 2176 sicut
1195 2155 1236 2176 ex
1252 2146 1363 2176 ultima
1380 2146 1585 2185 praecedeutis
1600 2147 1777 2186 responsio-

995 2200 1045 2230 nis
1068 2199 1224 2240 particula
1249 2201 1345 2239 patet,
1372 2199 1553 2238 penuriosae
1582 2200 1778 2240 paupertatis

995 2254 1191 2285 duodenario
1218 2253 1435 2293 apostolorum
1465 2253 1568 2293 primo
1597 2254 1775 2294 impositae,

997 2308 1164 2339 duodecim
1193 2310 1267 2338 sunt
1292 2307 1443 2337 utilitates
1466 2307 1616 2345 eximiae,
1640 2308 1778 2348 mirique

997 2362 1125 2400 valoris,
1150 2370 1229 2401 quas
1251 2360 1349 2401 typici
1364 2360 1528 2391 rationalis
1544 2361 1712 2391 duodecim
1728 2362 1778 2391 la-

998 2415 1085 2455 pides
1101 2415 1231 2454 pretiosi
1247 2415 1428 2454 designant.
1446 2414 1483 2445 Et
1503 2415 1579 2454 quia
1593 2415 1664 2445 illos
1677 2415 1778 2446 hostis

998 2469 1051 2499 1110
1062 2478 1241 2509 pauperum
1256 2469 1474 2509 ignoraverat,
1493 2468 1562 2499 ideo
1585 2470 1779 2509 margaritas

999 2523 1058 2553 has
1074 2532 1245 2562 porcorum
1262 2533 1349 2554 more
1365 2522 1565 2560 conculcans,
1584 2532 1639 2554 ore
1655 2524 1778 2563 polluto

1001 2577 1034 2606 in
1046 2577 1113 2607 11ωο
1125 2577 1331 2617 blasphemiae
1344 2577 1440 2607 verba
1457 2577 1636 2616 prorumpit
1654 2588 1660 2607 :
1679 2589 1693 2606 «
1709 2570 1784 2615 Si,1›v

1001 2631 1116 2671 inquit,
1137 2643 1151 2660 «
1173 2632 1205 2662 in
1228 2632 1371 2671 pecuniae
1394 2631 1545 2667 carentia,
1569 2631 1637 2661 sive
1662 2633 1780 2661 utnon

1001 2687 1200 2724 tangeretur,
1221 2685 1253 2717 S.
1279 2685 1466 2716 Franciscus
1488 2685 1688 2715 sanctitatem
1712 2693 1779 2715 cre-

1003 2738 1092 2775 didit,
1111 2739 1161 2770 vel
1177 2739 1322 2779 perfectis
1340 2748 1359 2769 a
1374 2738 1507 2769 Domino
1524 2738 1692 2770 inhibitam
1706 2747 1780 2770 san-
