2029 3052
674 200 787 234 ClRCA
807 201 998 234 REGULAM
1020 203 1052 234 S.
1079 203 1296 238 FRANCISCI.

176 268 283 309 gratia
313 268 530 310 spiritualium
555 269 727 302 donorum.
762 268 847 302 Velle
874 269 956 302 minz·

176 322 315 363 adjacet,
324 323 474 363 perficere
485 325 591 357 autem
604 323 719 356 bonum
731 330 797 356 non
807 323 952 362 invenio,

174 377 219 408 ait
224 376 424 418 Apostolus¹.
432 377 550 416 Quinta
562 386 660 409 causa
667 379 714 409 est
727 377 876 418 voluptas
885 386 955 418 pro-

174 430 255 471 pria,
276 433 308 462 et
322 431 348 461 si
362 440 428 462 non
443 431 553 463 omnia
573 431 678 463 adsint
692 431 856 472 praedicta,
875 431 954 463 dum

173 483 246 524 quis
267 484 323 515 diu
348 484 434 516 stetit
461 485 494 516 in
516 484 704 525 Religione,
733 486 765 517 et
793 485 952 517 bonorum

173 537 321 578 exempla
339 538 502 578 despexit,
519 538 697 570 doctrinam
721 547 788 570 non
813 539 951 578 curavit,

173 591 312 631 gratiam
336 592 466 632 abjecit,
489 592 602 625 virtuti
620 601 688 624 non
708 593 842 632 studuit,
867 593 954 625 vitiis

171 653 205 676 se
219 645 369 685 subdidit,
386 646 484 685 sicut,
500 646 565 678 heu
580 648 587 678 l
604 647 713 688 plures
731 647 792 678 sub
811 646 952 687 Religio-

170 698 220 730 nis
235 698 348 731 habitu
361 699 451 732 velut
465 699 610 731 dealbata
623 700 794 741 sepulchra
808 700 843 731 in
859 710 952 732 scan-

170 754 279 786 dalum
294 755 364 786 aliis
378 757 608 796 conteguntur.
631 756 687 789 Voe
701 756 802 796 vobis,
820 756 950 796 Scriboe,

169 811 198 841 et
215 809 375 842 Pharisoei
398 809 588 850 hypocritae,
604 812 663 851 qui
681 811 759 844 estis
782 812 871 845 sicut
891 811 944 852 (a),

168 864 240 904 etc.,
264 863 308 895 ait
321 863 478 896 Dominus
489 865 511 896 ².

383 974 588 1021 QUAESTIO
616 974 724 1010 XVII.

195 1055 250 1082 Cur
267 1062 321 1083 non
340 1062 429 1083 omnes
448 1055 551 1090 dyscoli
569 1064 582 1083 e
600 1056 740 1091 Reliqione
760 1056 916 1091 ejiciantur.

206 1133 284 1165 Item
311 1142 422 1174 quaero
445 1145 452 1165 :
480 1134 560 1166 Cum
587 1134 702 1174 religio
729 1134 858 1166 deberet
878 1144 946 1167 esse

163 1188 247 1219 sicut
261 1187 428 1228 speculum
442 1187 475 1218 in
490 1188 604 1226 domo,
620 1188 654 1220 in
671 1197 735 1229 quo
751 1189 873 1220 discant
894 1189 943 1220 in-

162 1244 283 1274 trantes
306 1252 480 1283 agnoscere
497 1243 712 1276 deformitates
727 1254 815 1283 suas,
840 1247 878 1277 ut
891 1255 945 1277 eas

161 1297 361 1337 abstergant,
371 1306 471 1338 quare
481 1307 547 1329 non
562 1307 674 1329 omnes
691 1299 838 1340 dyscolos
852 1299 942 1339 eJici-

160 1349 212 1390 tis,
220 1359 277 1391 per
286 1359 366 1391 quos
377 1351 554 1391 Religionis
563 1353 685 1392 puritas
698 1352 907 1391 deformatur,
916 1354 942 1384 si

161 1405 269 1435 tamen
277 1413 343 1435 non
353 1405 427 1436 estis
438 1404 517 1436 tales
527 1414 649 1445 omnm,
661 1406 716 1446 qui
728 1405 797 1436 illos
805 1406 918 1437 fovetis
926 1406 941 1436 ¹?

201 1457 406 1498 Respondeo:
424 1458 512 1490 Bona
527 1458 642 1499 religio
657 1459 758 1490 malos
780 1459 856 1498 odit,
875 1469 941 1491 non

159 1512 264 1550 fovet;
293 1521 352 1543 nec
374 1514 484 1544 tamen
508 1522 619 1544 omnes
646 1522 763 1553 pravos
784 1513 879 1553 ejicit,
910 1517 941 1546 et

159 1565 219 1596 hoc
233 1565 284 1596 his
296 1565 334 1597 de
345 1565 459 1597 causis.
476 1565 556 1603 Una,
572 1567 701 1606 propter
715 1575 805 1606 spem
819 1576 940 1598 correc-

158 1618 267 1657 tionis,
282 1619 364 1650 sicut
377 1620 540 1659 aegrotans
554 1628 620 1650 non
642 1619 771 1659 ejicitur
784 1620 818 1651 in
836 1629 936 1659 mare,

158 1672 315 1713 quamdiu
329 1681 401 1713 spes
417 1673 494 1704 vitae
508 1673 616 1704 fuerit.
634 1672 680 1704 Ita
693 1675 724 1704 et
739 1673 778 1705 de
792 1674 889 1714 lapsis
904 1675 938 1705 in

157 1726 273 1758 Ordine
287 1726 442 1766 intellige,
460 1735 534 1757 cum
549 1726 646 1757 multi
659 1726 750 1767 lapsi,
765 1737 822 1767 per
837 1728 936 1769 poeni-

158 1780 289 1811 tentiam
305 1781 489 1819 surgentes,
510 1780 714 1820 postmodum
738 1781 808 1811 sani
828 1790 934 1821 perse-

157 1835 281 1871 verant,
307 1835 338 1864 et
363 1833 530 1873 aliquoties
551 1833 699 1865 meliores
718 1834 810 1873 fiunt,
836 1844 935 1875 quam

156 1888 212 1927 qui
235 1887 314 1928 lapsi
336 1896 401 1918 non
424 1887 553 1926 fuerint,
584 1887 666 1918 sicut
691 1887 801 1926 David,
829 1890 860 1919 et
880 1889 935 1919 alii

155 1941 276 1982 plures.
292 1940 449 1979 Secunda,
465 1944 594 1980 propter
606 1940 764 1972 defectum
777 1941 935 1980 probatio-

155 1995 216 2034 nis,
239 1995 316 2036 quia
339 1995 414 2026 licet
437 2004 477 2026 ex
498 1995 659 2035 aliquibus
682 1997 873 2036 conjecturis
892 1997 931 2028 ti-

155 2050 280 2080 meatur
294 2048 410 2089 aliquis
425 2049 541 2088 malus,
558 2051 667 2080 tamen
682 2051 790 2090 aperte
806 2060 872 2081 non
887 2051 933 2082 vi-

154 2103 248 2134 detur
261 2102 505 2134 communitati:
523 2102 604 2134 sicut
626 2103 653 2133 si
677 2103 793 2143 aliquis
818 2104 930 2136 timea-

153 2158 207 2188 tur
221 2156 369 2196 leprosus
383 2164 451 2186 esse
461 2164 502 2186 ex
514 2155 676 2195 aliquibus
690 2156 805 2196 signis,
822 2159 852 2188 et
865 2167 930 2189 non

152 2212 256 2251 potest
269 2210 373 2241 adhuc
385 2209 477 2250 plene
495 2209 645 2250 Judicari‚
670 2211 725 2241 sed
749 2210 824 2242 latet
843 2221 930 2243 mor-

152 2263 225 2301 bus,
255 2265 286 2294 et
314 2263 384 2294 ideo
410 2263 494 2294 inter
517 2272 611 2294 sanos
633 2263 738 2295 adhuc
759 2263 928 2296 toleratur.

152 2316 268 2355 Terti0,
286 2318 416 2357 propter
441 2317 639 2356 scandalum,
657 2318 812 2358 quoniam
828 2318 929 2349 fratri-

150 2370 212 2402 bus
240 2371 366 2401 tantum
388 2372 502 2402 notum
527 2372 574 2402 est
597 2371 718 2402 crimen
747 2371 845 2409 illius,
874 2373 928 2403 sed

150 2424 236 2465 apud
259 2428 427 2455 extraneos
451 2426 620 2465 reputatur
644 2425 817 2456 honestus:
833 2426 927 2466 quisi

149 2478 295 2510 viderent
311 2487 387 2509 eum
402 2478 485 2518 ejici,
508 2480 538 2509 et
552 2480 661 2510 tamen
679 2479 835 2510 nescirent
857 2489 928 2511 cau-

149 2540 231 2570 sam,
246 2533 397 2572 putarent
420 2541 460 2562 ex
487 2532 608 2564 invidia
628 2533 710 2571 fieri,
737 2533 789 2565 vel
804 2534 924 2573 cogita-

149 2586 221 2616 rent
235 2585 374 2625 reliquos
388 2594 500 2617 omnes
515 2595 583 2617 esse
602 2586 693 2625 tales,
711 2596 785 2618 cum
800 2587 869 2626 iste,
887 2588 926 2619 de

181 2666 189 2682 ¹
205 2666 284 2696 Rom„
304 2672 350 2697 vii,
367 2668 406 2691 18.
420 2681 450 2686 —-
467 2668 474 2681 ²
491 2668 592 2698 Mami„
610 2675 686 2698 xxm,
702 2671 740 2693 27.
758 2683 788 2687 —
810 2670 819 2686 3
837 2671 924 2699 Eccli..

151 2707 206 2733 xix,
224 2704 245 2726 l.

1732 213 1790 242 613

1011 279 1075 311 quo
1090 273 1216 304 tantum
1232 275 1482 315 praesumebant,
1494 277 1616 309 occulte
1632 278 1729 310 fuerit
1740 279 1790 311 vi-

1011 324 1120 356 tiosus.
1147 325 1228 358 Nam
1250 327 1406 360 Dominus
1420 330 1575 370 cognovit
1589 330 1606 362 J
1610 332 1706 363 udam
1720 341 1790 364 esse

1010 378 1174 419 vitiosum,
1205 383 1235 412 et
1255 381 1289 412 in
1316 382 1501 424 exemplum
1526 384 1618 416 nobis
1641 385 1790 418 toleravit

1008 441 1096 471 eum,
1114 442 1188 465 cum
1201 434 1322 467 crimen
1336 437 1407 476 ejus
1421 437 1491 468 aliis
1514 438 1595 470 foret
1609 439 1784 479 occultum,

1008 486 1107 518 donec
1128 496 1184 527 per
1204 490 1348 529 apertam
1369 490 1570 532 iniquitatem
1587 492 1726 533 prodidit
1738 502 1787 524 se-

1010 541 1196 581 metipsum,
1214 544 1273 574 etc.

1220 655 1422 696 QUAESTIO
1445 657 1568 692 XVIII.

1006 738 1039 765 In
1058 738 1156 773 quibus
1175 739 1243 767 bona
1260 740 1357 775 religio
1376 743 1563 776 cognoscatur,
1578 744 1604 770 et
1617 750 1674 771 una
1688 744 1785 771 melior

1271 786 1358 814 altera
1373 786 1523 821 Judicetur.

1044 863 1124 894 Item
1139 873 1267 905 quaero:
1285 865 1365 897 Cum
1387 866 1539 908 quaelibet
1561 867 1678 908 religio
1704 868 1783 900 sibi-

1004 918 1070 947 met
1081 917 1214 957 placeat,
1230 920 1261 950 et
1283 919 1355 951 aliis
1379 929 1413 952 se
1431 921 1591 961 praeferat,
1617 931 1690 962 quae
1708 925 1784 953 sunt

1005 970 1146 1002 maxime
1168 972 1203 1003 in
1223 973 1342 1013 quihus
1364 974 1449 1006 bona
1471 975 1598 1015 Religio
1621 984 1782 1015 agnosca-

1002 1025 1067 1063 tur,
1084 1026 1116 1056 et
1134 1025 1168 1056 in
1182 1026 1300 1066 quibus
1320 1027 1383 1058 alia
1403 1028 1516 1060 melior
1529 1029 1629 1061 altera
1643 1030 1783 1061 aestime-

1002 1079 1055 1109 tur
1071 1078 1108 1119 (b)
1118 1080 1133 1109 ‘?

1043 1131 1247 1173 Respondeo:
1265 1133 1356 1174 Saepe
1372 1135 1405 1166 in
1420 1144 1498 1175 uno,
1517 1137 1548 1167 et
1569 1136 1604 1167 in
1619 1136 1782 1177 aliquibus

1000 1187 1152 1227 praecellit
1167 1197 1252 1219 unus
1265 1189 1340 1220 ordo
1355 1190 1506 1226 alterum,
1536 1192 1572 1222 ut
1596 1190 1655 1222 iste
1675 1191 1709 1221 in
1730 1191 1777 1222 la-

999 1241 1087 1281 bore,
1104 1243 1184 1274 alter
1203 1243 1237 1274 in
1257 1243 1393 1282 silentio,
1409 1245 1492 1276 alius
1514 1246 1548 1276 in
1574 1246 1778 1286 abstinentia,

999 1295 1071 1326 etin
1079 1296 1250 1328 similibus.
1262 1297 1323 1328 Sed
1334 1299 1528 1338 generaliter
1537 1299 1571 1330 in
1581 1299 1651 1330 istis
1662 1309 1779 1340 agnos-

998 1349 1092 1387 citur,
1108 1350 1181 1390 quis
1195 1350 1235 1380 sit
1250 1351 1372 1384 melior.
1390 1352 1480 1384 Unde
1495 1353 1521 1383 si
1536 1353 1570 1383 in
1584 1353 1689 1385 studio
1705 1363 1778 1385 om-

998 1402 1049 1433 nis
1062 1403 1191 1434 virtutis
1202 1406 1415 1437 communiter
1429 1415 1575 1446 personae
1595 1407 1682 1438 illius
1695 1407 1779 1439 ordi-

997 1457 1046 1488 nis
1076 1458 1265 1499 ferventius,
1287 1462 1318 1491 et
1340 1461 1538 1501 frequentius
1563 1464 1775 1502 exercentur,

996 1512 1138 1543 maxime
1152 1513 1325 1552 charitatis,
1338 1516 1368 1546 et
1379 1515 1582 1554 humilitaffis,
1595 1517 1626 1546 et
1641 1516 1777 1548 internae

995 1565 1185 1605 devotionis,
1199 1568 1246 1598 est
1262 1568 1393 1608 signum
1414 1568 1536 1600 bonum
1552 1570 1777 1609 praecellentiae

995 1621 1026 1650 et
1039 1620 1248 1659 perfectionis.
1266 1621 1466 1661 Secundum,
1483 1623 1508 1653 si
1524 1623 1633 1654 omnia
1651 1624 1731 1656 vitia
1744 1628 1776 1657 et

994 1673 1141 1705 scandala
1156 1674 1229 1706 odio
1251 1675 1382 1714 habent,
1408 1678 1439 1707 et
1458 1676 1588 1708 sollicite
1604 1681 1728 1717 cavent,
1745 1683 1776 1711 et

993 1727 1174 1759 occasiones
1196 1731 1400 1768 peccatorum
1423 1732 1604 1770 amputant,
1625 1734 1656 1762 et
1670 1733 1774 1764 extir-

993 1783 1081 1820 pant,
1104 1783 1135 1812 et
1152 1782 1342 1814 munditiam
1366 1783 1507 1823 diligunt
1522 1786 1553 1815 et
1568 1789 1772 1819 conservant.

992 1834 1135 1866 Tertium
1154 1838 1212 1874 est,
1228 1836 1254 1866 si
1272 1836 1347 1867 boni
1362 1837 1448 1877 apud
1463 1847 1517 1869 eos
1539 1838 1723 1879 diliguntur
1742 1844 1774 1872 et

992 1889 1151 1928 foventur,
1165 1892 1196 1921 et
1211 1890 1365 1930 despectis
1380 1891 1462 1930 aliis,
1481 1892 1515 1922 in
1530 1894 1690 1933 regimine
1705 1895 1773 1926 ani-

992 1952 1120 1973 marum
1135 1943 1193 1974 soli
1214 1947 1432 1984 assumuntur,
1445 1948 1476 1976 et
1492 1956 1547 1986 per
1562 1956 1616 1978 eos
1630 1950 1772 1980 maxime

990 1997 1192 2036 gubernatur
1217 1998 1310 2030 Ordo.
1336 1999 1396 2035 Qui
1416 2001 1551 2041 neqlz'yz't
1572 2001 1607 2042 (c)
1631 2002 1769 2043 modica,

988 2051 1148 2091 paulatim
1169 2051 1325 2085 decideffi.
1344 2053 1512 2093 Quartum,
1537 2055 1564 2085 si
1587 2065 1606 2086 a
1623 2056 1771 2088 saeculari

988 2104 1168 2145 frequentia
1177 2114 1210 2137 se
1222 2106 1425 2145 subtrahunt,
1436 2110 1467 2139 et
1476 2108 1614 2140 honores
1624 2110 1766 2150 fugiunt,

987 2159 1114 2190 divitias
1129 2169 1193 2190 non
1205 2160 1363 2200 ambiunt,
1378 2163 1408 2192 et
1420 2163 1613 2194 conformari
1624 2164 1701 2196 huic
1711 2174 1768 2196 sae-

987 2212 1059 2243 culo
1074 2214 1139 2243 tam
1155 2213 1188 2243 in
1203 2214 1358 2253 moribuS,
1376 2225 1474 2255 quain
1490 2217 1591 2256 sactis,
1610 2227 1667 2248 seu
1682 2227 1766 2258 qua-

986 2265 1063 2296 libet
1083 2267 1278 2307 apparentia,
1301 2269 1506 2301 erubescunt.
1542 2271 1708 2310 Quintum,
1740 2273 1766 2303 si

985 2319 1151 2358 damnum,
1168 2322 1198 2351 et
1209 2321 1344 2360 injurias
1358 2322 1472 2362 illatas,
1489 2333 1525 2355 ac
1548 2324 1765 2364 despectiones

985 2374 1078 2405 tacite
1093 2375 1261 2413 sufferunt,
1278 2385 1336 2407 nec
1351 2386 1407 2417 per
1422 2378 1642 2418 querimonias
1661 2379 1764 2411 vindi-

984 2437 1056 2459 care
1071 2438 1104 2459 se
1119 2429 1263 2469 cupiunt,
1279 2431 1332 2462 sed
1348 2430 1449 2462 Deum
1470 2433 1618 2463 omnium
1634 2433 1761 2473 inspec-

983 2484 1087 2513 torem
1101 2483 1278 2522 attendunt,
1296 2485 1351 2524 qui
1366 2494 1452 2523 suos,
1469 2495 1543 2516 cum
1559 2486 1640 2524 vult,
1660 2489 1763 2526 potest

984 2535 1167 2574 defendere;
1184 2545 1258 2567 cum
1282 2547 1358 2568 vero
1380 2539 1530 2578 expedire
1553 2539 1598 2570 eis
1621 2540 1759 2579 noverit,

983 2590 1136 2630 permittit
1157 2599 1210 2621 eos
1229 2600 1286 2630 pro
1310 2592 1413 2623 altiori
1435 2593 1569 2633 praemio
1588 2593 1757 2632 tribulari;

1017 2671 1049 2701 (α)
1064 2670 1139 2701 Vulg.
1156 2671 1199 2702 qui
1214 2672 1310 2695 similes
1325 2673 1392 2697 estis
1407 2686 1437 2691 --
1452 2674 1485 2704 (h)
1503 2674 1563 2698 Coet.
1580 2675 1639 2699 edit.
1653 2674 1760 2699 aestima-

985 2709 1034 2730 tur.
1052 2720 1078 2723 -
1099 2707 1126 2736 (c)
1143 2707 1217 2738 Vulg.
1234 2710 1337 2738 spernit„
