2029 3052
103 1418 164 1439 Vin.

112 1744 150 1766 lx.

674 208 832 241 CONTRA
854 208 1091 241 MAGISTRUM
1113 208 1362 245 GUlLELMUM.

210 272 364 319 quoniam
377 278 408 311 si
424 277 498 318 quis
512 284 578 310 non
592 276 660 310 vult
670 277 810 317 operari,
826 285 892 310 non
901 285 990 309 man-

210 331 315 364 ducet.
332 331 394 363 Sed
409 332 541 369 constat,
564 331 650 372 quod
671 340 736 362 non
757 331 910 372 loquitur,
926 330 989 361 nisi

210 385 248 416 de
262 385 324 424 his,
351 385 408 426 qui
430 385 575 424 indigent
598 384 769 416 resectione
789 396 796 416 :
819 393 908 425 ergo,
928 386 986 416 etc.

210 439 244 471 Si
254 439 351 478 dicas,
368 438 453 480 quod
468 447 532 470 non
543 438 735 478 intelligitur
749 438 787 470 de
801 438 909 470 labore
922 448 989 470 cor-

210 493 328 534 porali;
341 495 451 525 contra
460 493 531 533 hoc,
547 492 633 534 quod
644 492 762 524 ibidem
776 492 850 524 dicit
861 493 986 525 Glossa:

213 558 228 577 α
246 546 361 579 Dicunt
383 546 513 588 quidam
535 547 573 578 de
595 546 745 587 operibus
768 547 988 587 spiritualibus

208 601 269 633 hoc
279 601 467 642 Apostolum
481 601 671 642 praecepisse
677 610 686 640 3
700 601 754 632 sed
764 601 925 641 superflue
935 610 988 633 co-

207 657 326 686 uantur
333 656 364 686 et
372 655 443 694 sibi,
455 657 486 686 et
497 655 620 686 caeteris
633 654 806 694 caliginem
816 655 986 693 obducere,

207 711 243 740 ut
266 709 352 750 quod
376 709 567 749 intelligitur
587 709 726 740 charitas
751 718 898 747 monere,
922 719 988 741 non

207 762 312 794 solum
322 762 424 794 tacere
439 762 541 794 nolint
557 762 609 802 (a),
626 762 680 794 sed
690 771 749 799 nec
763 762 954 803 intelligere.
969 774 983 792 n

206 815 267 847 Sed
282 816 361 847 forte
376 815 470 854 dices,
492 815 578 856 quod
597 816 694 847 verba
712 815 854 856 Apostoli
868 816 986 847 intelli-

206 871 329 909 guntur
346 869 408 901 dici
429 869 468 900 ad
492 869 646 909 curiOSOS,
671 879 774 910 vagos
799 871 830 901 et
855 870 985 909 otiosos,

204 932 270 955 non
284 923 322 955 ad
338 923 453 954 Christi
477 932 586 955 servos
609 923 832 964 spiritualibus
851 933 985 965 occupa-

204 979 264 1009 tos.
280 977 405 1015 Contra,
423 986 521 1018 super
535 977 636 1008 illud¹
655 987 662 1008 ι
681 977 741 1013 Quz·
766 985 830 1010 non
852 978 984 1017 laborat,

206 1030 316 1062 Glossa
332 1042 338 1061 :
361 1030 462 1063 «Vult
478 1031 649 1071 Apostolus
664 1040 773 1063 servos
793 1031 848 1062 Dei
870 1041 985 1072 corpo-

205 1084 313 1116 raliter
327 1085 462 1126 operari,
485 1086 522 1116 ut
543 1085 682 1116 habeant
697 1085 782 1116 unde
797 1085 920 1125 vivant,
949 1087 986 1117 ut

204 1147 270 1170 non
294 1138 528 1179 compellantur
554 1140 698 1179 egestate
724 1140 902 1170 necessaria
928 1149 985 1180 pe-

204 1193 282 1224 tere.
304 1203 318 1221 n
342 1192 404 1224 Sed
424 1193 508 1224 servi
535 1192 573 1232 (b)
599 1192 750 1224 dicuntur
764 1193 827 1224 viri
854 1193 930 1224 boni
954 1197 985 1225 et

201 1246 296 1287 justi;
322 1248 353 1278 et
375 1246 493 1278 talibus
515 1247 659 1287 praecipit
684 1247 826 1287 operari,
856 1249 892 1278 ut
919 1256 984 1278 non

203 1300 434 1341 compellantur
464 1301 647 1332 mendicare
671 1309 680 1331 :
716 1309 797 1340 ergo
828 1310 984 1341 pauperes

203 1354 311 1394 validi,
329 1356 387 1386 etc.

244 1408 309 1439 Hoc
323 1409 432 1449 ipsum
448 1409 626 1440 ostenditur
637 1409 761 1440 ratione
776 1410 983 1450 professionis

203 1462 396 1494 monasticae.
415 1462 522 1493 Primo
545 1472 600 1502 per
621 1462 656 1493 B.
674 1463 906 1502 Augustinum,
926 1464 983 1505 qui

201 1525 259 1555 per
272 1517 376 1547 totum
391 1516 511 1547 librum
528 1516 570 1548 De
586 1524 678 1556 opere
690 1517 917 1549 Monachorum
933 1518 981 1549 in-

201 1569 301 1601 tendit
316 1571 469 1610 tanquam
483 1570 572 1601 finali
586 1570 789 1602 conclusione
804 1571 980 1611 ostendere,

200 1624 286 1663 quod
307 1623 450 1655 Monachi
481 1624 601 1655 astricti
626 1626 702 1655 sunt
730 1624 770 1655 ad
795 1634 892 1665 opera
916 1635 982 1657 ma-

199 1677 321 1708 nualia.

240 1731 319 1762 Item
339 1731 446 1762 Glossa
470 1741 567 1772 super
587 1731 665 1763 illud
685 1731 779 1764 Lucae
794 1735 817 1772 ²,
844 1733 980 1767 Vemlz'te

199 1793 270 1825 quoe
283 1785 469 1825 possidetis,
486 1788 515 1818 et
531 1785 608 1818 date
623 1786 864 1827 eleemosynam,
878 1790 936 1819 etc.
950 1789 977 1819 ⁸:

204 1850 219 1868 «
234 1838 274 1870 Ut
288 1839 438 1870 omnibus
453 1839 566 1878 spretis
580 1848 639 1879 pro
652 1839 726 1878 Deo,
748 1843 856 1880 postea
872 1841 980 1873 labore

198 1901 357 1923 manuum
372 1892 550 1932 operemini
563 1892 645 1923 unde
664 1893 793 1932 vivatis,
819 1894 870 1925 vel
894 1895 975 1926 elee-

199 1954 369 1986 mosynam
392 1945 523 1976 faciatis.
550 1956 565 1974 ))
591 1945 652 1976 Sed
676 1955 787 1977 omnes
809 1948 975 1988 regulares

198 2008 239 2030 ex
253 2001 328 2031 voto
343 2001 492 2031 tenentur
507 2000 547 2030 ad
571 1999 741 2031 consilium
757 2003 951 2041 paupertatis
968 2015 975 2034 :

197 2062 276 2093 ergo
284 2054 461 2085 secundum
470 2054 610 2085 Glossam
617 2054 709 2086 labor
717 2057 877 2087 manualis
886 2057 979 2089 debet

198 2107 290 2147 sequi
305 2107 614 2139 abrenuntiationem
629 2119 635 2140 :
653 2118 733 2148 ergo
746 2119 856 2142 omnes
873 2113 978 2143 tenen-

198 2161 252 2190 tur
266 2161 304 2191 ad
320 2161 515 2201 corporalem
530 2162 759 2202 operationem.

240 2213 319 2244 Item
344 2214 559 2254 Hieronymus
588 2215 631 2247 ad
663 2216 831 2248 Rusticum
863 2217 907 2248 ait
927 2219 938 2234 ‘⁴
967 2229 974 2248 :

204 2278 219 2296 (t
233 2267 366 2307 Semper
381 2268 501 2308 aliquid
515 2268 591 2299 boni
613 2269 717 2308 facito⁷
737 2272 773 2300 ut
788 2272 818 2300 te
833 2270 976 2302 diabolus

198 2321 343 2352 inveniat
357 2324 560 2361 occupatum.
578 2322 612 2353 Si
633 2322 795 2361 Apostoli,
822 2324 976 2355 habentes

197 2376 386 2414 potestatem
404 2375 442 2406 de
461 2375 639 2415 Evangelio
653 2376 774 2415 vivere,
790 2377 976 2408 laborabant

197 2428 346 2460 manibus
361 2428 441 2467 suis,
464 2437 504 2459 ne
524 2438 722 2470 quemquam
744 2434 972 2470 aggravarent;

196 2491 254 2513 cur
268 2484 304 2513 tu
318 2482 352 2512 in
367 2491 445 2513 usus
456 2483 528 2513 tuos
539 2492 740 2514 successuras
750 2493 802 2515 res
816 2494 882 2516 non
895 2495 975 2525 prae—

196 2537 313 2575 paras?
339 2535 395 2568 Vel
415 2536 567 2567 fiscellam
590 2539 661 2568 texe
681 2537 789 2577 junco,
814 2539 865 2570 vel
885 2540 974 2570 cani-

229 2635 236 2651 ¹
257 2636 275 2659 ll
298 2636 388 2666 Thess„
405 2642 448 2665 111y
468 2637 511 2666 10,
527 2636 612 2666 quoad
628 2641 742 2659 sensum.
760 2650 787 2653 —
808 2638 817 2652 2
837 2638 902 2665 Luc„
925 2644 971 2669 xil,

197 2672 235 2695 33.
250 2684 279 2688 -
294 2671 304 2688 3
318 2672 401 2696 Gloss.
414 2672 439 2695 iu
454 2672 524 2695 hunc
540 2672 598 2701 loc„
619 2678 650 2695 ex
668 2672 727 2695 ΒΜ.
751 2673 775 2695 ia
792 2673 857 2702 Luc„
870 2673 912 2696 lib.
930 2675 971 2703 IV,

197 2713 219 2731 e.
235 2708 274 2732 54.
292 2719 321 2725 —
340 2706 350 2723 ἢ
367 2707 482 2738 Hieron„
501 2707 535 2730 ad
553 2708 656 2737 Rustic„
676 2707 748 2738 epist.
766 2713 800 2738 ιν,
815 2708 865 2732 col.
881 2716 916 2734 m.
932 2711 970 2734 45.

357 2761 431 2783 TOM.
454 2760 521 2784 le.

1766 219 1821 249 401

1048 279 1151 308 strum
1178 278 1271 310 lentis
1292 279 1392 320 plecte
1417 279 1604 312 viminibus.
1630 292 1644 310 ι)
1669 281 1707 313 Et
1730 286 1825 323 post:

1050 342 1065 359 «
1080 331 1268 364 scribantur
1289 333 1375 373 libri,
1400 335 1434 365 ut
1458 335 1490 364 et
1514 343 1629 366 manus
1653 339 1828 376 operentur

1046 385 1144 424 cibos,
1171 388 1202 417 et
1224 387 1332 418 anima
1357 390 1520 420 saturetur
1543 389 1688 421 lectione.
1713 402 1727 419 n
1749 391 1827 422 Item

1045 438 1158 470 beatus
1178 439 1367 472 Benedictus
1383 442 1416 473 ln
1435 442 1558 483 Regula
1573 452 1632 474 sua
1646 444 1655 461 ⁶
1677 455 1684 474 :
1707 455 1721 473 (ι
1736 443 1827 476 Tunc

1045 493 1113 523 veri
1128 494 1277 525 monachi
1291 499 1375 535 sunt,
1387 496 1413 527 si
1426 496 1464 528 de
1479 506 1574 537 opere
1585 507 1741 529 manuum
1757 508 1827 530 sua-

1045 555 1118 577 rum
1134 548 1256 588 vivant,
1274 549 1356 581 sicut
1376 552 1481 591 patres
1503 552 1604 583 nostri
1626 554 1656 584 et
1682 553 1719 593 (c)
1738 553 1827 594 Apo-

1045 600 1127 632 stoli.
1144 611 1158 630 »
1178 601 1266 642 Ergo
1281 603 1306 633 si
1322 603 1383 635 hoc
1393 605 1467 636 facit
1481 615 1540 637 nos
1554 606 1731 638 imitatores
1745 607 1827 648 Apo-

1045 654 1220 694 stolorum,
1249 658 1281 687 et
1306 666 1417 689 omnes
1443 659 1595 699 Religiosi
1622 661 1737 692 debent
1760 670 1828 693 esse

1044 708 1133 746 tales,
1150 718 1230 749 ergo
1245 713 1276 741 et
1285 712 1410 752 operari
1421 713 1623 753 manualiter,
1640 723 1715 746 cum
1729 724 1827 755 opera

1043 765 1338 804 supererogationis
1346 775 1411 797 non
1419 766 1613 806 diminuant,
1626 769 1679 799 sed
1690 769 1826 809 implere

1043 815 1179 848 debeant
1193 827 1290 858 opera
1305 822 1550 860 praeceptorum.

1084 869 1163 901 Item
1183 871 1294 903 beatus
1319 872 1508 905 Franciscus
1535 875 1569 906 in
1590 875 1716 915 Regula
1740 885 1823 908 sua:

1047 922 1208 964 «Fratres,
1222 925 1337 966 inquit,
1348 927 1466 967 quibus
1481 927 1565 959 dedit
1583 928 1735 960 Dominus
1750 939 1825 970 gra-

1041 977 1119 1007 tiam
1134 977 1312 1018 laborandi⁷
1329 990 1342 1008 >³
1355 983 1414 1011 etc.
1431 980 1468 1012 Et
1482 982 1568 1021 quod
1580 982 1619 1013 de
1634 982 1742 1014 labore
1754 993 1823 1015 cor-

1041 1030 1143 1070 porali
1157 1031 1329 1072 intelligat,
1356 1036 1442 1074 patet
1457 1044 1513 1075 per
1532 1035 1594 1066 hoc
1614 1035 1700 1076 quod
1715 1037 1822 1077 sequi-

1041 1085 1095 1114 tur
1113 1094 1119 1115 :
1138 1096 1154 1115 «
1170 1085 1212 1117 De
1228 1087 1373 1118 mercede
1384 1097 1460 1120 vero
1473 1089 1602 1122 laboris.
1620 1102 1635 1120 ι)

1233 1187 1367 1210 SANCTUS
1389 1188 1624 1214 BONAVENTURA.

1082 1247 1207 1288 Contra,
1226 1251 1310 1290 quod
1330 1260 1396 1282 non
1413 1261 1524 1284 omnes
1546 1254 1643 1286 validi
1666 1265 1823 1297 pauperes

1041 1301 1079 1332 ad
1096 1311 1192 1342 opera
1209 1305 1373 1336 manualia
1391 1307 1454 1337 sint
1470 1308 1600 1346 astricti,
1621 1309 1750 1341 videtur
1765 1321 1822 1351 pro

1040 1356 1164 1387 ratione
1190 1359 1476 1399 contemplationis.
1506 1360 1588 1392 Nam
1608 1362 1755 1395 Salvator
1774 1365 1821 1396 di-

1040 1409 1082 1439 cit
1095 1412 1104 1429 1³
1121 1421 1127 1440 :
1144 1411 1284 1451 Martha,
1297 1413 1438 1446 sollicita
1452 1422 1494 1452 es,
1509 1417 1581 1454 etc„
1600 1426 1704 1457 usque
1717 1417 1819 1459 eleyz‘t.

1040 1461 1153 1494 Melius
1177 1473 1256 1505 ergo
1282 1466 1415 1498 faciebat
1440 1468 1538 1499 Maria
1560 1469 1726 1502 intendens
1745 1482 1820 1504 con-

1039 1517 1250 1558 templationi,
1266 1530 1363 1560 quam
1380 1521 1504 1553 Martha
1517 1525 1673 1563 corporali
1689 1535 1822 1566 occupa-

1038 1569 1129 1602 tioni.
1151 1571 1212 1603 Sed
1234 1582 1299 1604 non
1323 1575 1437 1606 melius
1461 1578 1587 1615 ageret,
1611 1577 1638 1607 si
1659 1579 1821 1610 omitteret

1037 1623 1115 1655 illud
1141 1625 1180 1656 ad
1203 1628 1289 1666 quod
1316 1629 1485 1660 tenebatur
1514 1638 1521 1660 :
1547 1639 1626 1671 ergo
1651 1631 1820 1664 intendens

1037 1679 1321 1719 contemplationi,
1346 1682 1523 1714 absolvitur
1554 1684 1594 1715 ab
1620 1693 1716 1725 opere
1745 1695 1818 1717 cor-

1036 1732 1149 1771 porali.

1077 1787 1168 1827 Item,
1185 1798 1283 1829 super
1302 1789 1381 1821 illud
1405 1790 1534 1822 Genesis
1547 1792 1579 1823 ⁷:
1602 1792 1818 1832 Confirmant-9

1038 1845 1084 1874 est
1094 1850 1181 1882 czqer,
1197 1842 1301 1874 Glossa
1319 1855 1325 1874 :
1348 1856 1362 1873 «
1379 1844 1631 1885 Contemplativa
1644 1847 1714 1878 vita
1727 1857 1746 1878 a
1760 1858 1818 1880 sae-

1037 1896 1200 1927 cularibus
1228 1897 1406 1929 actionibus
1435 1898 1577 1930 funditus
1604 1900 1734 1939 dividit3
1763 1902 1816 1933 sed

1037 1959 1103 1980 non
1127 1950 1167 1980 ab
1191 1950 1370 1982 actionibus
1393 1952 1623 1992 spiritualibus.
1649 1965 1664 1983 ›>
1691 1956 1780 1995 Ergo
1799 1965 1817 1987 a

1036 2003 1267 2044 corporalibus.
1307 2005 1370 2036 Nec
1409 2006 1522 2037 dividit
1563 2009 1674 2039 contra
1709 2009 1815 2049 legem

1033 2057 1089 2088 Dei
1107 2068 1113 2088 :
1142 2067 1220 2098 ergo
1245 2059 1492 2100 contemplantes
1514 2070 1579 2092 non
1598 2065 1673 2093 sunt
1696 2064 1815 2096 astricti

1031 2111 1071 2142 ad
1086 2111 1158 2142 hoc.

1075 2165 1154 2196 Item
1169 2165 1259 2197 labor
1280 2167 1438 2198 manualis
1453 2177 1517 2199 non
1540 2171 1588 2200 est
1608 2172 1698 2201 actus
1716 2173 1814 2213 respi-

1031 2218 1118 2250 ciens
1140 2219 1362 2250 universaliter
1382 2222 1493 2252 onmia
1512 2223 1660 2255 membra
1679 2225 1810 2265 Christi3

1031 2271 1173 2312 alioquin
1189 2272 1298 2303 nullus
1321 2273 1389 2304 sine
1404 2283 1441 2305 eo
1460 2279 1566 2315 posset
1580 2277 1697 2308 salvari
1715 2287 1722 2309 :
1746 2288 1813 2310 res—

1030 2325 1106 2365 picit
1130 2334 1209 2364 ergo
1235 2326 1378 2357 officium
1408 2328 1545 2369 alicujus
1577 2332 1723 2363 membri.
1750 2333 1810 2363 Sed

1030 2379 1214 2409 membrum
1230 2378 1350 2410 habens
1373 2381 1516 2413 officium
1543 2383 1676 2423 dignius
1691 2394 1755 2416 non
1769 2388 1811 2417 te-

1029 2434 1123 2463 netur
1145 2432 1184 2463 ad
1205 2435 1313 2464 actum
1338 2435 1474 2466 membri
1497 2436 1700 2476 indignioris.
1723 2438 1810 2479 Ergo

1029 2486 1055 2516 si
1070 2486 1218 2525 digniora
1233 2489 1308 2518 sunt
1326 2489 1483 2528 membra,
1499 2499 1572 2530 quae
1591 2491 1711 2523 habent
1733 2502 1808 2532 gra-

1028 2540 1106 2570 tiam
1132 2541 1387 2580 contemplandi,
1420 2552 1485 2573 non
1516 2545 1744 2584 astringuntur
1769 2548 1816 2579 ad.

1028 2612 1058 2615 —
1075 2599 1084 2615 5
1105 2599 1129 2622 S.
1151 2598 1245 2623 Beued.
1265 2599 1361 2630 Reyul„
1379 2608 1400 2623 c.
1418 2606 1508 2627 XLv111.
1525 2615 1554 2620 —
1571 2603 1580 2618 ⁰
1594 2604 1662 2635 Lunx,
1681 2611 1706 2636 x,
1727 2607 1806 2630 41-42.

1029 2648 1055 2651 -
1071 2635 1080 2650 7
1095 2634 1144 2657 Gen
1159 2653 1166 2664 ,
1183 2640 1259 2664 xvii,
1280 2637 1314 2658 Π.

1061 2675 1095 2702 (a)
1111 2675 1170 2698 Cat.
1183 2674 1243 2699 edet.
1257 2676 1326 2699 nolit.
1342 2689 1372 2693 —
1387 2676 1421 2705 ’.Ἰη
1442 2679 1528 2709 suppl.
1547 2680 1600 2704 Dei.
1616 2695 1647 2698 —
1665 2682 1692 2712 (r)
1714 2682 1747 2706 lta
1762 2683 1804 2706 Bi-

1028 2710 1116 2733 ble'etlz.
1129 2711 1210 2740 Pam,
1227 2711 1286 2734 edit.
1300 2712 1361 2742 Lug.
1383 2714 1447 2736 ἰῦΠ.
1465 2715 1525 2739 Coet.
1541 2716 1601 2739 edit.
1617 2717 1683 2740 deest
1698 2720 1730 2742 et.

1627 2764 1666 2793 26

1875 883 1912 903 XI.
