2029 3052
669 216 856 251 OFFICIUM
877 218 928 251 DE
952 220 1145 254 PASSlONE
1168 221 1320 255 DOMINI.
1746 230 1799 261 161

186 287 258 316 n0s;
275 281 418 312 auxiliare
431 283 533 320 nobis;
549 285 577 313 te
592 284 799 322 deprecamur,
815 288 890 316 Deus
913 295 968 316 no-

187 329 254 356 ster.
267 329 364 365 Kyrie,
375 330 496 359 eleison.
512 331 632 366 Christe,
647 332 768 362 eleison.
784 334 882 371 Kyrie,
894 334 967 363 elei-

187 382 252 404 son.
269 377 351 405 Pater
365 378 473 406 noster.
490 378 515 412 it,
534 379 665 414 Domine,
678 381 787 409 exaudi
801 382 966 410 orationem

187 430 296 452 meam.
312 425 341 460 ii).
354 425 507 454 Etclamor
521 433 605 455 meus
619 427 659 456 ad
673 428 700 456 te
714 428 824 458 veniat,

521 506 628 536 Oratio.

222 565 344 595 Domine
359 567 426 596 Jesu
440 568 563 605 Christe,
578 570 663 606 cujus
678 571 770 600 sudor
785 572 862 601 hora
878 574 964 602 Com-

315 2753 390 2777 Tou.
411 2754 479 2779 XIV.

1023 288 1140 325 pletorii
1151 298 1211 326 prae
1220 290 1333 320 tristitia
1342 291 1450 321 animoe
1459 292 1552 322 faetus
1562 296 1605 322 est
1614 295 1804 331 sanguineus,

1025 338 1053 365 et
1065 345 1096 366 es
1110 338 1252 375 sepultus,
1272 347 1290 368 a
1304 340 1480 370 mulieribus
1502 349 1534 370 es
1551 342 1739 380 lamentatus,
1755 352 1805 373 au-

1024 383 1067 412 fer
1081 393 1099 412 a
1113 385 1200 414 nobis
1221 386 1377 423 tristitiam,
1397 389 1424 417 et
1439 389 1478 417 da
1496 397 1599 418 veram
1620 391 1761 426 laetitiam,
1778 394 1806 420 et

1024 439 1042 459 a
1055 432 1184 460 vanitate
1205 434 1302 462 soeculi
1322 442 1377 463 nos
1396 436 1539 465 veraciter
1552 437 1644 474 sepeli
1660 447 1667 466 ε
1686 440 1713 466 et
1728 438 1804 467 educ

1023 477 1061 506 de
1075 479 1170 507 oeulis
1182 481 1288 509 nostris
1303 481 1450 519 lacrymas
1463 483 1520 520 piae
1533 485 1759 521 compassionis,
1773 487 1805 513 ut

1022 526 1096 554 dum
1111 526 1256 556 deflemus
1268 530 1328 563 tua,
1340 538 1357 558 a
1373 531 1398 558 te
1411 531 1560 560 consolari
1575 540 1745 561 mereamur
1755 532 1803 561 hjc

1021 575 1050 602 et
1066 573 1097 602 in
1110 574 1220 603 coelesti
1231 575 1322 605 curia.
1338 577 1392 610 Qui
1407 577 1495 614 vivis,
1511 580 1539 607 et
1553 587 1671 615 regnas,
1688 581 1742 608 etc.

1603 2764 1637 2793 11
