2029 3052
624 214 674 247 DE
697 212 774 247 UNO
798 212 830 245 S.
857 211 1043 245 DOCTORE.
1067 209 1200 242 SERMO
1221 209 1244 240 1.
1692 208 1731 239 85

109 289 181 316 Nam
194 288 222 315 et
241 286 265 315 si
281 286 386 315 oculus
399 286 499 314 noster
518 291 580 313 non
595 283 703 312 audeat
724 281 820 310 solem
831 289 890 309 res-

108 335 207 372 picere
221 334 251 362 in
267 335 344 368 rota,
360 341 448 361 causa
465 333 508 360 est
521 330 659 360 debilitas
673 330 703 358 in
724 329 830 357 virtute
843 328 888 356 vi-

109 382 190 417 siva,
212 381 287 409 sicut
307 380 444 409 videmus
465 379 504 407 ad
525 385 660 412 sensum,
677 376 762 413 qnod
784 375 889 404 oculus

110 431 210 467 lippus
225 429 273 458 vel
287 428 422 457 infirmus
433 426 540 463 refugit
553 426 655 454 lumen
670 425 752 458 solis,
768 433 822 452 nec
837 432 890 460 po-

111 479 165 506 test
177 477 318 505 sustinere
339 474 530 512 splendorem
546 473 631 502 aeris.
648 472 704 501 Sed
724 472 774 500 ubi
792 471 892 499 deficit

111 526 210 553 noster
238 523 342 552 oculus
354 545 361 558 ,
392 522 432 550 ibi
457 530 547 558 supra
574 521 700 549 modum
729 519 891 547 delectatur

112 571 215 601 oculus
227 570 376 608 aquilinus
386 579 394 605 3
415 569 445 597 in
461 577 521 606 quo
540 568 627 596 etiam
643 567 744 604 aquila
759 568 801 595 est
815 566 892 594 filio-

111 627 177 648 rum
192 626 314 646 suorum
328 617 496 653 probativa,
513 616 588 644 sicut
607 615 668 643 dixi
684 622 782 651 supra.
805 613 849 642 Sic
865 615 892 641 et

111 667 159 695 hic
174 667 280 694 Doctor
294 664 430 701 egregius
446 665 522 692 totus
540 663 594 690 fuit
609 662 761 698 speciosus
778 669 832 698 per
846 669 892 688 sa-

111 713 229 751 pientiae
246 712 408 741 veritatem.
433 710 503 739 Miro
529 710 607 738 enim
632 709 723 737 modo
748 709 893 745 sapientia

112 761 181 789 facit
190 759 342 788 hominem
353 757 532 795 speciosum,
548 758 576 785 et
587 758 656 791 Deo,
668 758 695 784 et
708 755 892 790 hominibus,

114 808 186 836 dum
200 815 254 843 per
268 814 334 835 eam
348 805 381 833 fit
393 805 485 833 homo
502 805 731 840 circumspectus
745 804 775 831 in
791 803 892 838 corde,

113 854 265 883 modestus
279 853 310 881 in
325 861 386 887 ore,
403 853 431 880 et
450 852 591 880 honestus
610 852 688 880 totus
704 851 733 878 in
749 858 850 886 opere,
867 851 895 877 et

114 908 248 938 corpore.
268 902 341 929 Nam
364 899 501 927 videmus
521 898 560 927 ad
578 907 715 932 sensum,
733 897 816 934 quod
835 897 895 932 illi,

114 948 165 985 qui
185 949 268 976 erant
287 946 377 975 valde
400 946 547 979 dissoluti,
571 946 643 974 dum
666 945 802 973 scientias
824 944 896 972 infe-

114 996 207 1024 riores
225 994 352 1023 audiunt
373 994 422 1029 (a),
445 993 521 1021 miro
544 993 636 1021 modo
660 993 690 1020 in
713 992 848 1020 moribus
865 1000 895 1020 se

115 1043 309 1079 componunt,
326 1041 399 1069 dum
414 1041 452 1069 ad
471 1042 571 1076 Leges,
586 1040 635 1068 vel
660 1039 832 1073 Decretales‚
850 1039 896 1066 vel

113 1089 306 1124 Theologiam
326 1090 487 1116 transeunt.
504 1088 586 1115 Unde
602 1087 718 1115 Doctori
734 1089 834 1114 nostro
853 1088 896 1114 to-

114 1137 210 1165 taliter
222 1135 348 1172 pulchro
367 1137 463 1172 potest
478 1135 536 1162 dici
550 1134 626 1162 illud
643 1136 650 1152 ¹
670 1144 676 1162 z
697 1145 708 1159 ιι
728 1136 815 1161 Totus
829 1133 896 1169 pul-

115 1184 184 1212 cher
198 1191 239 1218 eS,
256 1183 361 1210 dilecte
375 1182 427 1210 mi.
443 1193 453 1207 n
474 1182 522 1209 llic
536 1182 666 1216 signatus
681 1181 735 1208 fuit
756 1181 785 1208 in
804 1180 896 1208 Abszin

115 1231 195 1265 lone,
215 1230 252 1257 de
266 1237 326 1266 quo
348 1229 454 1257 dicitur
475 1230 485 1245 “⁵
510 1228 594 1264 quod
611 1238 623 1254 «
650 1236 667 1256 a
691 1227 792 1264 planta
812 1227 898 1263 pedis

115 1285 210 1314 usque
224 1277 262 1305 ad
276 1276 417 1304 verticem
431 1284 493 1303 non
508 1275 563 1302 fuit
574 1275 603 1302 in
616 1283 651 1302 eo
662 1275 724 1302 ulla
736 1274 870 1302 macula:
882 1284 895 1299 >³

116 1325 157 1353 sic
172 1326 199 1352 et
214 1324 266 1352 iste
284 1325 390 1351 Doctor
405 1324 466 1350 erat
486 1322 610 1359 pulcher
625 1322 654 1349 in
674 1321 774 1356 corde,
792 1321 852 1348 sive
868 1321 898 1349 in

116 1372 239 1407 affectu3
256 1372 318 1398 erat
338 1370 464 1407 pulcher
485 1369 612 1397 exterius
628 1369 658 1396 in
679 1368 780 1403 affatu,
801 1369 899 1402 gravis

116 1419 148 1446 in
162 1419 288 1452 incessu,
303 1418 446 1445 honestus
461 1416 490 1444 in
506 1417 583 1450 visu,
599 1418 627 1444 et
648 1416 782 1443 similiter
804 1416 834 1443 in
850 1424 900 1444 au-

118 1465 191 1500 ditu,
207 1466 385 1500 temperatus
400 1464 428 1491 in
442 1464 560 1498 habitu,
584 1465 610 1490 et
630 1463 660 1490 in
680 1463 746 1490 cibo
767 1463 900 1490 similiter

118 1514 146 1540 et
166 1512 196 1539 in
211 1513 293 1548 potu.
310 1511 367 1539 Sed
383 1511 449 1547 quis
471 1510 560 1538 hodic
586 1510 758 1546 speciosus?
779 1509 845 1544 quis
870 1509 900 1536 in

117 1560 228 1593 verbo,
261 1559 327 1595 quis
349 1558 379 1585 in
404 1558 469 1585 visu
492 1560 520 1585 et
548 1558 652 1585 auditu
676 1558 719 1585 est
740 1557 901 1584 honestus?

119 1606 185 1643 quis
199 1605 231 1633 in
243 1605 358 1640 vestitu,
381 1605 447 1633 cibo
472 1607 499 1633 et
520 1607 592 1640 potu
607 1604 745 1632 sobrius?
763 1605 832 1632 Vere
856 1603 901 1631 sol

118 1653 207 1682 hodie
223 1653 396 1681 obscuratus
410 1654 462 1687 est,
480 1654 507 1680 et
522 1660 582 1679 non
598 1652 676 1679 lucet
690 1661 696 1678 ε
711 1659 770 1679 non
787 1653 828 1679 est
838 1651 902 1686 pul-

119 1701 199 1735 cher,
214 1700 266 1728 sed
284 1702 362 1728 totus
382 1700 424 1727 est
443 1699 527 1734 niger
549 1699 650 1726 tetus.
673 1698 752 1726 Sicut
777 1698 856 1725 enim
872 1698 902 1725 in

119 1749 285 1784 Apocalypsi
306 1748 392 1775 docet
413 1749 540 1775 Joannes
562 1748 583 1782 ³,
607 1749 634 1774 et
652 1746 713 1774 Joel
732 1746 801 1773 dicit
822 1745 841 1779 ἢ,
858 1745 903 1773 sol

120 1795 339 1829 obscurabitur,
355 1795 472 1822 ‹et-luna
493 1803 553 1822 non
573 1795 656 1822 dabit
679 1795 781 1822 lumen
799 1802 901 1828 suum3

120 1843 209 1871 stellae
223 1843 329 1871 eadent
345 1843 381 1870 de
398 1843 482 1870 coelo.
507 1843 611 1879 Accipe
633 1851 684 1878 per
709 1843 803 1870 solem
819 1842 904 1869 intel-

120 1891 244 1925 lectum3
262 1898 313 1926 per
336 1890 450 1923 lunam,
477 1890 678 1924 voluntatem3
700 1891 726 1916 et
743 1898 795 1925 per
807 1889 904 1918 stellas

122 1938 223 1973 accipe
239 1937 424 1970 affectiones,
449 1937 497 1964 vel
519 1936 717 1972 operationes,
734 1939 760 1964 et
776 1945 902 1972 expone.

158 1984 263 2019 Tertio,
280 1984 325 2012 sol
338 1986 379 2011 est
392 1983 487 2018 figura
497 1983 726 2011 rotundissimus
754 1986 826 2011 Nam
838 1992 906 2011 con-

123 2034 178 2060 stat
193 2031 430 2064 firmamentum,
446 2030 477 2057 in
501 2038 561 2066 quo
579 2038 686 2066 corpus
705 2030 775 2058 solis
792 2033 834 2058 est
850 2040 905 2066 po-

124 2079 224 2113 situm,
240 2079 269 2106 et
283 2078 366 2112 cujus
380 2079 463 2104 motu
479 2077 607 2110 ducitur,
623 2077 737 2105 moveri
751 2077 904 2113 sphaeriee,

125 2126 198 2153 sicut
213 2125 252 2153 ad
267 2133 384 2152 sensnm
401 2124 530 2160 probant
548 2124 606 2152 illae
621 2124 721 2158 stellee,
739 2133 813 2160 quas
829 2125 906 2153 eirca

125 2172 231 2209 polum
259 2171 401 2199 arcticum
423 2171 538 2199 moveri
566 2171 774 2207 conspicimus.
800 2173 907 2199 Verum

127 2219 183 2253 sol,
202 2218 275 2245 sieut
291 2220 400 2246 caeterae
426 2217 528 2252 stellce,
557 2218 737 2254 Philosopho
760 2218 817 2245 hoc
838 2226 909 2254 pro-

128 2266 216 2294 bante
225 2265 245 2299 ⁵,
259 2266 287 2292 et
298 2265 337 2292 ad
348 2264 587 2292 inconvenientia
597 2265 727 2300 plurima
739 2265 907 2300 inducente,

129 2320 190 2340 non
209 2313 346 2339 movetur
370 2313 452 2338 motu
472 2312 609 2346 proprio,
633 2312 686 2339 scd
705 2313 803 2347 potius
826 2314 909 2340 motu

131 2359 212 2387 orbis
227 2359 282 2386 sui.
305 2360 392 2393 Ergo,
410 2366 478 2385 cum
494 2366 563 2385 suus
586 2359 666 2386 orbis
688 2359 827 2394 splizerice
848 2368 911 2386 mo-

131 2408 246 2440 veatur,
262 2405 334 2441 quia
356 2405 386 2432 in
401 2405 438 2440 (b)
461 2406 527 2432 ortu
553 2405 731 2433 firmamenti
755 2407 912 2434 deducitur

133 2453 171 2481 ad
192 2453 365 2487 meridiem,
392 2454 419 2479 et
446 2452 514 2479 hinc
538 2452 576 2479 ad
601 2452 799 2488 occidentem5
824 2456 913 2481 restat

134 2500 214 2536 quod
229 2499 273 2527 sol
288 2499 427 2535 sphoerice
443 2500 607 2526 moveatur.
627 2499 683 2527 Sed
699 2502 806 2534 motus,
823 2503 855 2528 ut
871 2501 914 2527 di-

169 2586 173 2599 ¹
192 2585 277 2614 Cant„
295 2591 313 2614 1,
336 2586 372 2608 15.
388 2598 414 2601 —
432 2584 441 2599 2
459 2585 478 2608 tl
494 2585 562 2615 Regu,
579 2589 631 2614 mv,
653 2586 690 2608 25.
707 2599 733 2602 —
750 2585 760 2602 ³
775 2586 913 2617 Apoc.,1x,

137 2620 160 2645 2.
182 2634 212 2639 —-
233 2621 242 2637 '·
264 2620 339 2652 Joel„
364 2627 398 2650 11,
421 2622 458 2644 lo.
481 2633 511 2638 —
533 2621 540 2634 ὃ
567 2620 652 2649 Arist,
677 2620 706 2643 de
727 2621 798 2651 Coel.,
819 2622 862 2645 lili.
885 2623 915 2650 tl,

138 2659 200 2681 text.
224 2657 263 2681 44.
286 2670 314 2674 —
341 2657 349 2670 ‘⁵
369 2656 461 2685 Eccle„
482 2662 503 2686 1,
528 2657 580 2680 5-6.
606 2670 632 2673 —
655 2657 662 2670 ⁷
684 2656 769 2686 Arist.,
789 2657 818 2680 de
843 2658 916 2688 c'oel„

138 2693 182 2717 lib.
201 2693 242 2724 ΙΙΙ,
258 2695 318 2717 text.
336 2693 373 2716 69.
387 2706 417 2710 ·—
433 2693 440 2706 ⁸
454 2692 558 2723 Philip„
576 2698 618 2723 111,
637 2693 660 2717 8.
674 2706 703 2710 —
719 2694 727 2706 '³
741 2693 842 2723 Mami„
861 2699 914 2723 xix,

946 279 985 308 cit
1004 277 1212 314 Philosophus,
1228 278 1379 306 attestatur
1391 277 1536 314 figuram:
1553 284 1624 313 ergo
1639 276 1732 305 habet

946 326 1124 363 sphaericam
1137 325 1274 361 figuram.
1287 326 1357 355 Item
1369 324 1567 359 nobilissimo,
1577 323 1733 360 speciosis-

946 375 1022 403 simo
1038 374 1291 410 etsimplicissimo
1305 373 1436 410 corpori,
1448 372 1648 407 nobilissima,
1661 380 1730 408 spe-

951 422 1117 450 ciosissima
1127 423 1154 450 et
1166 421 1385 457 simplicissima
1398 421 1493 456 figura
1505 420 1630 447 debetur
1642 428 1648 447 ε
1661 427 1732 455 ergo

948 478 1016 498 cum
1029 477 1138 505 corpus
1146 468 1216 496 solis
1226 469 1261 496 sit
1269 469 1338 504 tale,
1348 468 1391 496 sol
1399 467 1542 504 sphericoe
1551 467 1654 501 figurae
1663 467 1735 494 exis-

947 517 990 544 tit.
1003 518 1035 544 Et
1048 515 1116 544 satis
1131 516 1231 550 claret,
1248 515 1298 543 uhi
1315 515 1356 543 sic
1372 515 1479 543 dicitur
1494 515 1522 543 ὅτ
1540 525 1553 540 (ι
1564 514 1660 543 Oritur
1676 514 1734 549 sol,

949 566 976 592 et
985 563 1103 595 occidit,
1114 563 1186 591 etad
1195 563 1295 591 locum
1305 571 1392 590 suum
1401 561 1558 590 revertitur
1569 562 1670 598 :gyrat
1680 569 1734 597 per

948 610 1116 645 meridiem,
1141 611 1169 638 et
1191 610 1316 638 flectitur
1337 609 1377 638 ad
1399 609 1584 645 aquilonem,
1605 608 1735 636 lustrans

949 658 1087 686 universa
1102 665 1156 693 per
1170 657 1336 685 circuitum.
1351 667 1365 683 »
1379 659 1450 685 Ecce
1462 656 1545 692 quod
1557 655 1732 684 circularem

948 706 1039 733 habet
1054 707 1178 732 motum.
1195 704 1239 733 Sic
1255 705 1283 732 et
1296 704 1344 732 hic
1359 703 1539 732 venerabilis
1550 704 1672 731 Sanctus
1688 705 1733 731 to-

949 754 995 780 tus
1010 752 1064 780 fuit
1083 752 1243 788 sphaericus
1264 753 1291 780 et
1312 751 1458 779 rotundus
1481 758 1534 786 per
1562 750 1735 778 altissimam

949 801 1166 837 paupertatem.
1192 801 1264 828 Nam
1284 807 1392 835 corpus
1407 799 1595 835 sphaericum,
1620 798 1644 826 si
1668 806 1733 826 mo-

949 849 1054 875 veatur
1068 855 1157 883 super
1176 847 1313 882 planum,
1337 848 1408 874 teste
1433 846 1613 882 Philosopho
1627 846 1651 881 ⁷,
1674 854 1736 874 non

950 894 1046 930 tangit
1059 894 1184 930 planum
1199 894 1254 921 nisi
1275 894 1304 921 in
1317 895 1444 930 puncto,
1465 901 1501 921 eo
1517 895 1578 921 toto
1595 893 1654 921 alio
1671 901 1738 921 cor-

951 950 1025 977 pore
1041 941 1168 969 elevato.
1183 941 1228 969 Sic
1244 942 1272 969 et
1286 941 1331 968 vir
1347 942 1465 968 sanctus
1480 943 1588 968 terram
1603 949 1665 969 non
1681 940 1738 968 nisi

952 989 983 1017 in
994 991 1103 1026 puncto
1114 989 1215 1024 tetigit,
1228 988 1350 1024 quando
1362 988 1457 1016 solam
1469 988 1507 1016 ab
1520 996 1555 1016 eo
1571 987 1738 1024 (c)necessi-

953 1038 1042 1064 tatem
1060 1036 1173 1072 accepit
1188 1045 1194 1063 :
1212 1035 1253 1063 sic
1269 1037 1345 1063 totus
1359 1035 1397 1063 ab
1413 1043 1449 1063 ea
1466 1035 1611 1063 alienatus
1635 1035 1738 1069 extitit,

954 1084 1027 1111 dum
1043 1083 1144 1111 omnia
1163 1082 1314 1119 superflua
1336 1082 1504 1118 dereliquit.
1527 1082 1608 1109 Unde
1623 1084 1740 1118 poterat

955 1131 1053 1158 dicere
1066 1139 1134 1158 cum
1147 1130 1289 1166 Apostolo
1300 1130 1310 1146 ⁸
1325 1139 1330 1157 :
1349 1139 1362 1156 α
1378 1129 1484 1158 Omnia
1499 1129 1657 1157 arbitratus
1672 1137 1738 1157 sum

955 1180 986 1206 ut
1005 1180 1144 1205 stercora.
1168 1188 1180 1203 »
1206 1179 1269 1212 lpse
1295 1177 1384 1204 etiam
1407 1177 1506 1204 dicere
1530 1178 1646 1212 poterat
1672 1185 1740 1204 cum

955 1225 1102 1261 Apostolis
1116 1225 1147 1252 ⁹:
1170 1235 1182 1250 (ι
1204 1227 1275 1252 Ecce
1299 1233 1352 1252 nos
1373 1224 1550 1260 reliquimus
1575 1223 1687 1258 omnia,
1714 1225 1741 1250 et

955 1272 1046 1300 secuti
1062 1280 1164 1300 sumus
1176 1274 1212 1300 te.
1228 1283 1240 1297 n
1257 1272 1315 1299 Sed
1331 1271 1397 1307 quis
1409 1273 1451 1299 est
1464 1271 1555 1298 hodie
1570 1270 1656 1299 talis?
1670 1270 1739 1304 Quis

956 1321 1007 1354 est,
1025 1319 1077 1355 qui
1092 1319 1240 1355 relinquat
1262 1319 1373 1353 omnia,
1394 1320 1445 1346 aut
1466 1318 1570 1346 saltem
1590 1317 1741 1353 superflua

955 1367 1125 1403 relinquat?
1138 1366 1207 1400 Quis
1217 1374 1279 1393 non
1293 1366 1392 1401 potius
1408 1365 1543 1401 dispersa
1559 1365 1741 1400 congregat?

956 1415 1041 1442 Recte
1056 1413 1147 1441 hodie
1162 1414 1206 1441 sol
1222 1414 1277 1441 sub
1293 1415 1370 1441 terra
1384 1413 1463 1445 latet,
1481 1414 1508 1440 et
1522 1412 1630 1439 umbra
1645 1413 1741 1446 terrie,

957 1469 1049 1496 quam
1063 1460 1192 1496 projicit,
1207 1460 1286 1488 hunc
1302 1459 1450 1487 mundum
1470 1459 1613 1487 miserum
1636 1459 1743 1486 obscu-

956 1508 1042 1541 ravit,
1056 1510 1087 1535 ut
1101 1507 1146 1535 sol
1162 1515 1247 1535 verus
1259 1507 1353 1534 videri
1369 1514 1429 1534 non
1445 1506 1538 1542 possit
1553 1506 1591 1534 ¹⁰:
1614 1516 1626 1531 «
1637 1507 1743 1542 Super-

958 1556 1063 1584 cecidit
1079 1556 1166 1592 ignis,
1183 1558 1210 1583 et
1225 1563 1285 1583 non
1300 1555 1440 1582 viderunt
1455 1555 1558 1582 solem.
1579 1565 1591 1580 »
1609 1554 1679 1588 Quis
1694 1553 1742 1581 hic

957 1603 1044 1639 ignis,
1059 1603 1109 1639 qui
1124 1603 1270 1630 consumit
1285 1601 1405 1635 omnia,
1430 1603 1457 1629 et
1476 1609 1633 1637 nunquam
1650 1600 1720 1628 dicit
1735 1610 1741 1628 :

959 1651 1063 1685 Sufficit
1079 1650 1108 1685 ¹¹,
1124 1652 1152 1678 et
1173 1649 1268 1677 solem
1289 1649 1377 1676 nobis
1392 1648 1558 1683 abscondit,
1580 1648 1636 1675 nisi
1658 1656 1743 1676 amor

959 1697 1146 1734 cupiditatis?
1161 1698 1234 1724 Nam
1249 1696 1322 1724 dum
1343 1695 1415 1723 luna
1429 1695 1504 1722 inter
1517 1703 1582 1728 nos,
1606 1697 1634 1722 et
1648 1695 1743 1722 solem

958 1745 1115 1777 intercidit,
1133 1745 1227 1771 solem
1244 1752 1261 1771 a
1282 1743 1370 1771 nobis
1387 1742 1559 1777 abscondit,
1583 1744 1610 1770 et
1633 1742 1672 1769 ad
1688 1750 1743 1769 nos

958 1792 1059 1820 radios
1083 1791 1195 1819 solares
1218 1790 1320 1818 venire
1352 1798 1413 1818 non
1438 1790 1522 1823 sinit,
1547 1789 1599 1817 sed
1626 1791 1743 1817 noctem

960 1839 1074 1867 mundo
1099 1837 1229 1872 inducit,
1255 1838 1330 1864 sicut
1357 1837 1467 1864 factum
1492 1838 1533 1864 est
1558 1836 1744 1872 temporibus

960 1887 1079 1920 nostris,
1107 1886 1179 1913 dum
1202 1885 1247 1912 sol
1274 1884 1485 1912 obscuritatem
1509 1884 1640 1910 incurrit.
1668 1883 1744 1917 Quid

961 1934 1032 1961 luna
1047 1941 1100 1968 per
1115 1933 1159 1959 sui
1177 1933 1267 1958 status
1289 1930 1461 1958 continuam
1486 1930 1681 1957 mutationem
1705 1930 1744 1957 si-

961 1983 1041 2016 gnat,
1058 1980 1114 2007 nisi
1130 1978 1315 2006 mundialem
1331 1977 1515 2011 machinam,
1532 1977 1593 2004 sive
1614 1977 1744 2004 munda-

962 2036 1030 2055 nam
1046 2026 1216 2063 pecuuiam,
1237 2034 1303 2061 quae
1316 2024 1447 2052 volvitur
1466 2025 1627 2052 mutatione
1652 2025 1746 2052 conti-

961 2082 1034 2108 nua,
1050 2076 1077 2101 ct
1091 2074 1129 2101 ab
1145 2081 1205 2100 una
1224 2080 1353 2108 persona
1373 2071 1474 2099 transit
1496 2071 1535 2099 ad
1556 2071 1656 2105 aliam,
1680 2079 1746 2107 quae

963 2121 1001 2149 ab
1018 2122 1136 2156 aspectu
1156 2121 1254 2147 nostro
1277 2119 1347 2146 solis
1376 2120 1418 2146 est
1441 2118 1596 2146 ablativa?
1618 2118 1645 2146 Si
1668 2118 1748 2145 enim

964 2168 1118 2196 modicum
1132 2167 1230 2203 pulvis
1245 2166 1285 2193 sic
1301 2165 1422 2193 oculum
1437 2165 1528 2199 laedit,
1546 2167 1576 2192 ut
1591 2165 1686 2192 solem
1700 2165 1746 2192 in-

964 2216 1038 2244 tueri
1054 2223 1115 2243 non
1137 2214 1243 2250 possit,
1265 2213 1420 2248 quomodo
1447 2221 1565 2246 avarus,
1587 2212 1638 2248 qui
1660 2212 1749 2240 habet

965 2265 1007 2291 tot
1023 2263 1141 2296 domos,
1158 2263 1199 2289 tot
1213 2269 1312 2296 agros,
1323 2262 1365 2288 tot
1377 2268 1517 2287 nummos
1533 2259 1563 2287 in
1579 2259 1684 2293 oculis,
1700 2267 1749 2286 ve-

968 2319 1035 2338 rum
1056 2310 1151 2337 solem
1166 2308 1267 2335 videre
1284 2307 1412 2343 poterit?
1434 2307 1513 2333 Unde
1534 2308 1636 2334 contra
1651 2305 1749 2334 avari-

967 2358 1039 2385 tiam
1054 2358 1149 2392 potest
1163 2355 1272 2391 exponi
1287 2354 1363 2382 illud
1379 2353 1400 2371 ¹²
1413 2363 1418 2381 :
1434 2364 1447 2379 α
1458 2353 1694 2381 Obtenebrentur
1709 2353 1748 2387 (d)

967 2404 1059 2432 stellae
1075 2403 1201 2438 caligine
1217 2403 1290 2437 ejus,
1303 2413 1315 2428 u
1335 2401 1444 2429 scilicet
1458 2401 1590 2428 avaritia.
1611 2411 1623 2424 «
1639 2402 1750 2435 Expec-

968 2454 1008 2479 tet
1023 2451 1131 2484 lucem,
1151 2453 1178 2477 et
1196 2457 1257 2477 non
1278 2449 1392 2482 videat,
1412 2456 1465 2475 nec
1488 2450 1585 2475 ortum
1606 2446 1752 2482 surgentis

971 2506 1095 2526 aurorae.
1112 2507 1125 2523 »
1145 2497 1221 2530 Quid
1241 2496 1433 2530 intelligimus
1448 2502 1501 2530 per
1522 2494 1620 2521 sidera
1643 2494 1752 2521 coelum

974 2577 1012 2599 27.
1030 2588 1059 2591 —
1075 2575 1094 2590 ¹⁰
1107 2574 1177 2598 Psal.
1196 2576 1293 2601 Lx‘11,!¹.
1310 2586 1338 2589 —
1354 2573 1370 2588 ¹¹
1390 2573 1472 2601 Pron,
1488 2571 1752 2601 xxx,15.-¹2.10b‚
1793 2580 1796 2582 ·

975 2618 1020 2642 111,
1038 2612 1061 2635 9.

1007 2656 1041 2687 (u)
1064 2656 1120 2686 Leq.
1137 2655 1263 2679 audirent.
1282 2668 1306 2671 —
1321 2654 1351 2684 (b)
1370 2654 1425 2683 Lea.
1444 2653 1484 2677 ab.
1501 2666 1528 2670 —-
1547 2653 1577 2684 (rs)
1594 2653 1648 2683 Leq.
1669 2659 1707 2676 ea.
1723 2665 1753 2669 —-

977 2692 1012 2721 (sl)
1029 2692 1090 2716 Coet.
1102 2691 1161 2716 edit.
1178 2690 1388 2715 obtenebrantur.
