2029 3052
272 241 333 269 474

273 315 339 337 non
363 306 496 344 habuit,
512 306 569 347 qui
589 308 745 346 tanquam
765 312 863 337 verus
882 302 965 334 Deus
979 310 1050 333 om-

272 359 363 390 nium
378 359 562 392 Levitarnm
575 361 660 391 bona
673 358 822 399 possedit.
839 357 875 388 In
887 365 952 397 quo
967 355 1050 387 miro

273 413 368 444 modo
383 423 416 444 se
430 413 567 445 ostendit
579 413 668 444 omni
685 412 828 444 veritatis
837 409 1051 450 intelligentia

273 467 399 498 nudum
410 491 418 504 ,
433 467 523 507 quasi
545 467 740 498 nescientem
754 465 952 504 distinguere
966 463 1051 495 inter

273 529 322 559 ea,
338 529 411 561 quae
422 520 537 551 Christi
550 520 762 558 divinitatem,
779 521 810 550 et
824 518 924 559 ipsius
940 518 1052 549 huma-

273 575 407 606 nitatem
441 575 627 616 respiciunt.
654 574 744 613 Quod
773 574 860 605 enim
889 573 1051 605 Christum

273 629 410 660 dicimus
429 629 525 660 fuisse
549 637 723 670 pauperem
735 652 743 667 ,
765 628 805 659 ad
826 628 898 668 ejus
916 627 1052 658 refertur

272 683 506 715 humanitatem
528 685 748 724 assumptam,
774 683 807 713 in
828 691 893 722 qua
916 682 1052 722 perfecte

272 737 403 770 vivendi
417 738 509 769 nobis
525 737 717 769 monstravit
733 736 891 776 exempla,
912 744 978 767 non
993 744 1051 766 au-

272 795 337 825 tem
352 794 391 826 ad
404 794 577 826 divinitatis
593 795 663 834 eJus
674 793 861 834 potentiam,
873 791 1052 823 secundnm

273 857 371 889 quam
397 857 460 879 non
485 848 588 879 solum
612 847 769 888 templum
783 848 815 877 et
828 846 912 877 bona
927 845 1053 877 levitica

273 903 344 942 ejus
362 902 503 933 dominio
527 902 712 943 subiacent,
734 910 849 932 verum
869 900 965 931 etiam
985 909 1051 931 coe-

273 957 362 995 lum,
378 958 410 987 et
428 957 530 994 terra,
555 958 587 987 et
608 955 717 986 omnia
739 964 812 995 quae
839 954 909 985 coeli
928 954 1053 985 ambitu

273 1011 489 1049 continentur,
503 1011 627 1042 dicente
644 1009 821 1050 Propheta¹
841 1020 847 1040 :
865 1009 996 1041 Domini
1006 1012 1054 1042 est

274 1067 358 1097 terra
381 1068 412 1097 et
433 1064 598 1104 plenitudo
625 1064 704 1104 ejus.
731 1063 767 1094 Ei
788 1072 877 1101 ver0,
894 1063 950 1103 qui
965 1063 1050 1102 dicit,

274 1118 358 1159 quod
375 1118 498 1149 Christo
522 1121 675 1158 tanquam
697 1125 774 1149 vero
792 1116 944 1147 sacerdoti
961 1115 1053 1147 Pater

274 1172 309 1202 in
325 1180 423 1202 manu
439 1172 546 1202 omnia
559 1171 654 1209 dedit,
667 1173 697 1201 et
708 1170 792 1211 quod
804 1169 970 1200 sacerdotii
983 1171 1052 1209 jure

274 1225 460 1257 Levitarum
473 1225 556 1256 bona
572 1225 721 1265 possedit,
734 1225 867 1264 ipsemet
878 1223 973 1263 paulo
984 1227 1054 1264 post

275 1281 383 1319 aperte
407 1278 609 1316 contradicit,
627 1287 699 1309 cum
720 1277 848 1315 subdit,
864 1277 948 1317 qnod
972 1287 1052 1309 non-

275 1333 353 1364 dum
361 1333 512 1364 translato
518 1332 634 1363 sacerd(
641 1332 704 1369 ›ti0,
713 1331 841 1361 necdeci
848 1340 986 1369 inarum,
996 1340 1054 1362 nec

276 1387 510 1427 possessionum
526 1386 635 1417 debuit
650 1384 814 1416 translatio
828 1385 907 1415 fiori.
922 1384 953 1415 Si
968 1385 1053 1416 enim

277 1441 490 1472 sacerdotium
510 1439 676 1471 leviticum
697 1441 770 1469 ante
792 1438 905 1469 Christi
931 1440 1052 1479 passio-

276 1504 350 1526 nem
365 1498 396 1526 et
410 1494 676 1526 resurrectionem
697 1493 885 1524 translatum
904 1503 966 1525 non
984 1495 1053 1533 fnit,

277 1549 442 1580 manifeste
461 1549 635 1588 colligitur,
653 1549 737 1588 quod
755 1548 897 1579 Christus
914 1549 989 1588 jure
1004 1558 1054 1579 sa-

278 1604 407 1635 cerdotii
423 1613 546 1641 eorum,
565 1613 638 1643 quae
661 1603 700 1633 ad
720 1602 845 1633 chitas
861 1603 1054 1642 spectabant,

278 1659 322 1689 nil
349 1659 481 1689 omnino
510 1657 658 1698 possedit.
689 1657 791 1696 igitur
818 1658 883 1686 tam
909 1657 1055 1695 veritati,

278 1722 377 1753 quam
399 1712 459 1743 sibi
486 1712 543 1752 ipsi
571 1711 806 1747 contradicerw,
833 1710 930 1750 quia,
960 1711 1058 1741 instar

278 1767 431 1808 principis
454 1766 566 1797 mnndi
589 1766 687 1805 hujus
700 1790 708 1802 ,
726 1765 758 1795 in
782 1764 988 1804 pauperrimo
1005 1774 1057 1795 ca-

281 1822 342 1862 pite
364 1821 488 1851 Christo
508 1821 553 1850 nil
574 1819 798 1859 temporalium
822 1819 1056 1858 posscssionum

279 1875 424 1906 invenire
454 1874 576 1914 potnit,
602 1873 640 1904 ad
667 1882 783 1912 corpus
808 1872 927 1912 ipsius,
944 1872 1060 1904 scilicet

281 1931 415 1959 matrem
432 1927 616 1959 Ecclesiam.
633 1935 813 1957 sermonem
830 1925 998 1956 convertit.
1019 1926 1060 1957 Dc

281 1992 362 2023 qua,
380 1982 503 2013 frivolis
525 1981 719 2021 quibusdan]
744 1980 931 2020 praemissis,
951 1983 1060 2011 ancto-

282 2038 373 2067 ritate
391 2036 526 2067 Canonis
550 2035 673 2072 astruit,
693 2034 776 2074 qnod
792 2034 915 2064 ratione
933 2035 1061 2073 niaJoris

282 2091 427 2122 utilitatis
440 2099 536 2129 agros
551 2092 579 2119 et
596 2088 731 2128 pratilia,
750 2097 822 2127 qna*
839 2087 975 2118 vendere
991 2097 1062 2118 con-

284 2147 443 2182 sueverat,
461 2144 618 2184 possidere
634 2142 739 2181 erepit.
758 2141 805 2172 Ex
821 2142 938 2181 quibus
954 2151 1063 2171 conse-

284 2202 418 2240 quenter
443 2199 487 2229 sic.
511 2198 619 2237 arguit
641 2209 647 2227 z
671 2198 748 2228 Cum
772 2197 856 2227 idem
880 2197 919 2226 sit
942 2196 1063 2227 ntilcct

284 2254 466 2290 honestum,
483 2256 518 2283 ut
532 2253 606 2283 dicit
621 2250 810 2281 Ambrosius
822 2251 843 2286 ²,
865 2253 894 2280 et
911 2250 994 2289 qnod
1015 2252 1061 2280 est

285 2306 551 2347 imperfectionis,
570 2306 601 2335 in
618 2307 775 2345 qnantum
794 2304 990 2342 hujusmodi,
1008 2304 1061 2334 de-

286 2361 379 2392 clinet
394 2361 434 2391 ab
450 2360 631 2395 honestate,
655 2360 685 2387 ct
709 2357 793 2397 quod
817 2359 863 2387 cst
890 2357 1064 2388 honestatis

286 2417 333 2445 est
347 2413 563 2454 perfectionis,
588 2411 707 2450 praedia
732 2410 876 2441 lacios-im
900 2411 976 2440 viris
996 2420 1065 2450 pcr-

287 2467 373 2498 fectis
389 2468 463 2497 snut
479 2465 510 2496 in
532 2463 730 2505 perfectionis
750 2465 934 2502 cananum,
952 2474 1015 2494 non
1032 2465 1063 2495 in

288 2523 358 2560 ejus
382 2520 621 2550 detrimentum.
651 2517 724 2547 llaec
759 2518 838 2548 ratio
862 2518 974 2558 ipsius,
996 2519 1065 2549 hsce

288 2574 401 2611 verba3
425 2574 517 2611 cnjus
541 2571 670 2602 rationis
696 2571 856 2601 conclusio
880 2573 995 2610 partim
1019 2575 1065 2603 est

321 2637 326 2652 ¹
345 2636 412 2659 I'stel.
436 2642 518 2661 xxiii.
547 2637 564 2657 1.
586 2647 615 2651 --
634 2634 641 2648 ²
662 2634 789 2663 Amin-os,
812 2634 840 2654 ιΙι·
863 2634 943 2664 (tffirx,
959 2635 1002 2658 lib.
1024 2636 1064 2663 ill,

290 2679 312 2696 e.
330 2678 358 2700 11,
375 2678 399 2694 n.
417 2674 438 2695 9.
459 2684 489 2688 -
505 2672 512 2683 ³
529 2670 643 2697 hivi-on,
665 2670 711 2693 rit.
735 2669 836 2695 Malrli..
852 2671 899 2693 cul,
918 2678 951 2693 ni.
969 2672 1022 2694 :2¹15st
1036 2684 1065 2688 —

292 2708 297 2721 i
318 2707 365 2733 hl.‚
381 2707 415 2729 ffll
437 2707 579 2736 Nepotiani..
602 2705 674 2735 ιῚΙίΞῑ.
697 2711 728 2733 ΙΙ,
753 2705 802 2728 col.
827 2707 862 2728 13.
882 2719 910 2723 —
935 2707 944 2722 5
967 2706 1011 2736 ld„
1035 2706 1068 2729 ml

292 2742 455 2771 liemon-imi,
472 2742 532 2772 epist
562 2747 615 2768 vin,
633 2741 682 2764 (ol.
699 2742 735 2764 7¹..

845 232 1057 267 APOLOGIAE
1080 232 1299 266 PAUPERUM

1106 310 1195 341 vera,
1211 303 1243 333 et
1256 301 1372 342 partim
1385 310 1529 334 erronea.
1546 301 1667 334 Verum
1680 303 1728 334 est
1739 303 1881 344 quidem,

1107 355 1193 396 quod
1218 355 1427 386 ecclesiastiea
1455 355 1574 396 praedia
1599 356 1669 388 sine
1692 356 1884 389 detrimento

1107 409 1308 450 perfectionis
1330 409 1442 441 haberi
1471 412 1606 450 possunt
1619 419 1629 449 ;
1659 410 1747 451 quod
1774 412 1884 442 autem

1108 463 1172 494 sint
1193 463 1232 494 ad
1256 463 1457 504 perfeetionis
1481 463 1670 503 cumulum,
1695 464 1811 496 sentire
1833 464 1885 496 vel

1107 516 1212 547 dicere
1225 517 1304 548 adeo
1318 517 1496 549 absurdum
1519 519 1579 556 est,
1597 520 1635 549 ut
1647 527 1688 549 ex
1705 517 1766 549 hoc
1785 519 1886 549 status

1109 570 1287 611 modusque
1310 570 1439 602 vivendi
1466 571 1673 612 praesentium
1700 573 1885 611 temporum

1108 623 1184 655 vitae
1208 623 1325 655 Christi
1348 624 1556 665 praeferatur,
1587 627 1618 656 et
1645 624 1884 665 Apostolorum,

1109 678 1195 719 quod
1210 680 1257 710 est
1271 679 1468 719 apertissime
1482 679 1609 710 falsum.
1626 679 1715 710 Unde
1730 679 1888 720 Hierony-

1109 742 1183 764 mus
1198 732 1312 764 Malchi
1327 733 1474 764 Monachi
1486 733 1586 764 vitam
1596 733 1788 772 describens,
1800 733 1885 764 ait⁸z

1114 786 1288 818 «Scribere
1310 787 1460 828 proposui
1484 787 1524 818 ab
1549 787 1690 818 adventu
1713 786 1888 818 salvatoris

1109 850 1211 881 usque
1227 841 1267 872 ad
1280 844 1422 872 nostram
1441 843 1583 880 aetatem,
1601 841 1633 872 id
1655 843 1716 880 est,
1742 841 1782 872 ab
1799 841 1885 882 Apo-

1109 894 1198 925 stolis
1213 904 1316 936 usque
1331 895 1370 926 ad
1387 895 1488 935 hujus
1504 895 1656 935 temporis
1670 895 1791 934 faecem,
1809 904 1888 936 quo-

1111 949 1205 980 modo
1220 951 1251 980 et
1262 958 1318 989 per
1332 958 1412 989 quos
1420 948 1534 980 Christi
1547 949 1684 980 Ecclesia
1698 953 1773 980 nata
1787 949 1838 986 sit,
1854 951 1886 980 et,

1109 1002 1218 1033 adulta
1260 1002 1534 1042 persecutionibus
1566 1002 1668 1032 crevit
1688 1026 1695 1038 ,
1725 1002 1888 1042 martyriis

1109 1058 1269 1094 coronata,
1285 1058 1317 1087 et
1330 1058 1499 1096 postquam
1521 1055 1562 1087 ad
1585 1055 1778 1086 christianos
1795 1055 1888 1095 prin-

1109 1109 1194 1149 cipes
1210 1110 1344 1147 venerit,
1360 1110 1500 1150 potentia
1521 1112 1551 1140 et
1568 1109 1686 1140 divitiis
1703 1110 1815 1149 major,
1833 1109 1888 1140 sed

1109 1164 1283 1194 virtutibus
1295 1164 1334 1194 sit
1347 1165 1453 1194 minor
1467 1164 1588 1194 effecta.
1602 1174 1616 1192 n
1636 1163 1808 1204 Hucusque
1819 1163 1890 1194 Hie-

1110 1226 1277 1257 ronymus.
1295 1217 1439 1258 Insuper,
1457 1218 1483 1248 si
1499 1218 1616 1257 praedia
1631 1217 1751 1248 faciunt
1765 1217 1804 1248 ad
1821 1226 1890 1258 per-

1111 1271 1252 1302 fectionis
1271 1272 1438 1302 cumulum
1450 1296 1458 1310 ,
1486 1274 1562 1302 tunc
1590 1273 1710 1311 quanto
1740 1271 1890 1303 Ecclesiae

1111 1325 1202 1366 plura
1218 1326 1337 1366 praedia
1353 1325 1524 1365 possident,
1542 1327 1628 1356 tauto
1642 1325 1698 1364 qui
1718 1325 1751 1355 in
1772 1325 1818 1356 eis
1837 1325 1890 1356 de-

1112 1382 1206 1420 gunt,
1219 1380 1421 1420 perfectiores
1430 1379 1630 1416 existuntsac
1641 1388 1697 1419 per
1708 1378 1768 1410 hoc
1781 1379 1889 1410 nullus

1109 1434 1149 1464 ab
1185 1432 1321 1464 Ecclesia
1360 1433 1497 1464 habente
1533 1433 1657 1472 copiam
1687 1432 1886 1472 praediorum

1111 1487 1230 1527 absque
1246 1486 1434 1518 detrimento
1452 1486 1649 1526 perfectionis
1665 1485 1705 1517 ad
1718 1486 1891 1526 religiones

1113 1551 1146 1571 se
1159 1541 1328 1571 transferre
1354 1543 1470 1581 potest;
1487 1540 1565 1580 quin
1581 1540 1688 1580 potius
1705 1550 1722 1570 e
1737 1549 1892 1572 converso

1115 1596 1307 1636 paupertatis
1316 1604 1478 1626 aerumnas
1486 1595 1633 1635 abjicere,
1644 1597 1675 1625 et
1683 1594 1721 1624 ad
1729 1594 1892 1625 facultates

1113 1650 1336 1680 ecclesiasticas
1342 1649 1494 1688 aspirare,
1503 1650 1647 1678 sanctum
1654 1648 1713 1678 erit
1722 1650 1815 1687 atque
1822 1656 1892 1687 per-

1114 1704 1244 1734 fectum.
1263 1703 1340 1742 Elius
1354 1702 1520 1732 scntentiae
1536 1701 1719 1732 facultatem
1738 1701 1892 1741 Hierony-

1118 1767 1190 1788 mus
1204 1757 1242 1787 ad
1260 1756 1470 1796 Nepotianum
1485 1755 1664 1793 eliminans,
1677 1755 1797 1786 ironice
1811 1754 1887 1785 ait‘:

1119 1823 1133 1840 (ι
1149 1811 1229 1842 Sunt
1247 1811 1375 1841 ditiores
1391 1809 1550 1847 monachi,
1571 1818 1668 1849 quam
1683 1811 1756 1840 ante
1767 1809 1893 1840 fuerant.

1115 1865 1297 1902 sa·cula1·es;
1322 1867 1353 1895 et
1365 1864 1479 1902 clerici,
1495 1864 1548 1904 qui
1565 1864 1606 1903 (a)
1623 1863 1802 1903 possideant
1817 1871 1893 1903 opes

1116 1920 1310 1951 sanhristo
1322 1928 1470 1959 paupere,
1489 1928 1567 1959 quas
1586 1918 1811 1958 snblocuplete
1824 1917 1893 1949 dia-

1117 1975 1188 2005 bolo
1216 1984 1279 2004 non
1306 1973 1490 2004 habuerunt
1517 1984 1523 2003 :
1555 1975 1591 2003 ut
1618 1972 1653 2011 (b)
1683 1971 1821 2011 suspiret
1839 1980 1892 2002 eos

1119 2028 1255 2059 Ecclesia
1270 2027 1404 2064 divites,
1429 2035 1509 2066 qnos
1531 2026 1634 2056 tenuit
1651 2025 1791 2056 mundus
1818 2027 1893 2055 aute

1118 2084 1291 2115 mendicos.
1309 2094 1322 2111 >³
1342 2082 1498 2122 AmpliuS,
1513 2082 1538 2112 si
1555 2081 1761 2111 ecclesiastica
1775 2080 1894 2120 praedia

1119 2138 1239 2168 faciunt
1259 2136 1296 2167 ad
1317 2136 1516 2176 perfectionis
1537 2134 1722 2171 cumulum,
1738 2133 1819 2164 nihil
1834 2135 1892 2172 est,

1119 2191 1295 2222 secundum
1320 2189 1434 2220 Christi
1464 2189 1629 2219 consilium
1642 2212 1651 2226 ,
1678 2187 1894 2225 vendendum,

1119 2246 1325 2284 dandunn‘pw
1342 2243 1547 2283 pauperibus,
1563 2242 1616 2273 sed
1631 2244 1734 2272 totum
1750 2240 1893 2272 Ecclesiae

1119 2299 1217 2338 agris,
1234 2307 1290 2328 seu
1298 2298 1412 2337 opibus
1427 2296 1688 2336 aggregandum,
1702 2304 1776 2325 cum
1787 2303 1898 2325 secun-

1120 2354 1196 2384 dum
1218 2352 1277 2382 hoe
1296 2351 1414 2390 dogma
1434 2351 1619 2390 profanum,
1636 2348 1811 2380 cumulatio
1827 2356 1896 2387 pos-

1120 2406 1295 2437 sessionum
1322 2406 1353 2435 in
1376 2404 1512 2435 Ecclesia
1534 2403 1649 2434 Christi
1671 2403 1708 2433 ad
1730 2401 1897 2432 cumulum

1119 2461 1211 2491 saciat
1228 2460 1373 2500 perfecta²
1388 2459 1572 2489 sanctitatis.
1593 2458 1705 2488 Contra
1720 2454 1803 2495 quod
1823 2453 1896 2483 Ilie-

1120 2505 1276 2554 1·on}'1uus
1288 2514 1350 2544 aith
1365 2525 1371 2544 1
1389 2525 1402 2542 (ι
1418 2512 1479 2543 Alii
1495 2512 1651 2542 aedificent
1669 2508 1824 2545 ecclesias,
1839 2517 1898 2538 ve-

1121 2571 1217 2601 stiant
1241 2570 1376 2610 parietes
1398 2575 1597 2598 marmorum
1626 2564 1750 2601 crustis,
1780 2563 1899 2593 colum-

1121 2634 1237 2655 narum
1266 2623 1364 2654 moles
1395 2621 1573 2658 advehant,
1603 2626 1778 2657 earumque
1805 2616 1900 2647 deau-

1154 2705 1189 2735 (n)
1205 2705 1265 2728 coet.
1282 2703 1342 2726 mitt.
1357 2710 1401 2726 11011
1419 2701 1508 2725 habent
1526 2702 1549 2724 et
1565 2699 1659 2729 clerici,
1676 2698 1732 2729 qui3
1748 2704 1803 2729 quae
1817 2698 1898 2720 tamen

1123 2741 1241 2770 lvfluntm·
1257 2739 1324 2771 apia!
1339 2739 1439 2762 weron.
1450 2750 1478 2754 —
1495 2736 1528 2767 (b)
1547 2736 1606 2759 Cast.
1622 2734 1684 2758 edet.
1699 2736 1733 2758 et.
